4076 6348
259 405 361 463 6-H

1809 392 1991 455 VITA.

3437 395 3544 452 642

262 515 658 576 xenodochium
693 514 829 570 ultra
859 514 1068 572 Sartam
1097 515 1316 583 ﬁumen,
1351 514 1404 570 in
1436 514 1697 571 honorem
1719 514 1844 571 bea-
1874 514 1928 577 Α
1949 510 2420 585 latamque'aquam
2448 513 2693 570 minister
2723 513 2776 569 in
2794 511 2912 584 ejus
2940 511 3545 580 manusinfunderet,et

257 609 481 664 tissimae
513 608 698 662 matris
731 607 824 662 Dei
853 618 906 662 et
931 606 1165 679 Virginis
1211 607 1390 663 Marias
1413 609 1687 680 sapienter
1710 607 1842 663 aedi-

257 701 438 757 ﬁcavit
481 711 640 769 atque
682 715 792 756 suae
841 701 1082 756 ecclesia:
1122 701 1283 757 rebus
1326 701 1566 769 dotavit,
1599 709 1847 758 accurate

149 807 170 872 ;
253 795 591 851 constituens
624 802 677 848 ιιι
704 794 811 848 illic
836 809 1102 864 pauperes
1129 803 1184 851 et
1215 796 1484 866 peregrini
1510 806 1842 868 egentesque

254 905 478 954 omnes,
525 891 611 958 qui
644 887 782 943 intra
815 889 1002 944 urbem
1036 899 1254 960 propter
1285 890 1404 960 ejus
1431 891 1614 962 jugem
1656 900 1841 946 custo-

254 983 402 1039 diam
445 982 654 1038 admitti
688 998 793 1038 non
823 992 1062 1053 possent,
1094 985 1491 1055 reciperentur.
1529 985 1696 1040 Porro
1725 999 1844 1038 mo-

253 1077 462 1132 nachos
509 1075 694 1146 viginti
745 1087 972 1147 quatuor
1022 1077 1130 1133 illic
1174 1079 1239 1133 ad
1288 1080 1487 1150 regulae
1536 1079 1846 1134 monasticae

254 1169 628 1240 praescriptum
661 1167 841 1226 vivere
871 1171 1041 1225 voluit
1068 1171 1156 1242 qui
1182 1181 1235 1228 et
1268 1173 1532 1243 perpetim
1581 1173 1848 1230 servirent

254 1260 369 1317 Deo
420 1270 472 1317 et
501 1261 853 1317 adventantes
884 1278 1146 1333 pauperes
1174 1273 1483 1320 recrearent
1503 1308 1517 1332 ,
1559 1275 1718 1337 atque
1749 1267 1846 1320 ho-

250 1357 424 1430 spites
453 1358 679 1412 comiter
711 1368 764 1414 et
791 1368 1150 1429 congruenter
1181 1360 1511 1430 acciperent.
1563 1361 1629 1415 lis
1661 1370 1840 1416 autem

251 1450 539 1505 monachis
568 1451 856 1521 quemdam
887 1467 918 1507 e
947 1452 1058 1508 suis
1085 1452 1477 1522 probatissima:
1502 1455 1624 1509 vita:
1647 1455 1843 1524 virum,

251 1541 552 1599 Paduinum
576 1546 651 1616 (a)
674 1545 908 1610 nomine,
930 1547 1176 1602 ecclesia:
1196 1549 1472 1604 beatorum
1497 1549 1763 1604 Vincentii
1790 1559 1842 1604 et

250 1633 530 1692 Laurentii
563 1654 657 1706 per
685 1639 738 1693 id
767 1648 976 1709 tempus
1007 1640 1351 1710 praepositum
1377 1682 1392 1706 ,
1427 1642 1676 1698 abbatem
1709 1658 1848 1712 prat-

249 1729 380 1786 fecit
410 1750 421 1784 :
452 1731 734 1803 locumque
766 1735 938 1802 ipsum
967 1743 1022 1790 et
1051 1736 1150 1790 sibi
1191 1747 1246 1792 et
1288 1739 1698 1794 successoribus
1733 1739 1847 1794 suis

252 1823 530 1879 subditum
576 1840 696 1882 esse
745 1825 944 1882 debere
986 1827 1246 1895 decrevit,
1297 1829 1533 1908 adhibita
1565 1832 1724 1886 etiam
1757 1831 1847 1885 ad-

1949 603 2073 660 lotis
2106 605 2352 662 manibus
2395 603 2707 661 malluvium
2756 615 3087 677 asportaret,
3123 621 3296 662 caecus
3325 605 3543 677 quidam

1950 695 2191 768 Siagrius
2221 696 2437 752 nomine
2484 697 2534 752 ei
2563 698 2705 752 venit
2732 698 2966 763 obviam,
2997 707 3052 754 et
3088 713 3288 769 aquam
3317 713 3435 768 quae
3473 697 3543 754 de

1948 789 2196 844 manibus
2229 789 2495 861 pontiﬁcis
2517 791 2814 847 deﬂuxerat
2836 793 2933 848 sibi
2967 792 3081 848 d'ari
3116 793 3287 862 petiit,
3320 808 3383 848 ea
3412 807 3541 849 suos

1939 885 2132 941 oculos
2154 885 2455 942 abluturus.
2487 886 2728 942 Minister
2755 887 2806 942 id
2840 889 2985 957 parvi
3024 888 3280 958 pendens,
3320 887 3467 943 dedit
3493 888 3543 944 ei

1947 994 2162 1050 aquam,
2192 989 2249 1035 ut
2282 980 2525 1050 petierat.
2574 981 2645 1035 Ea
2675 996 2849 1036 caecus
2890 997 3015 1036 suos
3061 981 3292 1050 perfudit
3331 979 3540 1047 oculos,

1946 1079 2001 1126 et
2027 1069 2079 1124 in
2110 1070 2307 1126 Chrisﬁ
2343 1070 2581 1138 nomine,
2619 1072 2821 1127 meritis
2844 1073 3015 1128 sancti
3044 1074 3284 1128 Domnoli
3309 1087 3437 1127 mox
3461 1087 3542 1128 re-

1945 1163 2134 1218 stituto
2163 1163 2278 1219 visu
2300 1205 2316 1230 ,
2366 1164 2518 1218 laetus
2547 1164 2829 1220 abscessit.
2872 1165 3042 1232 Quem
3074 1165 3289 1236 quidem
3337 1180 3543 1221 caecum

1947 1257 2145 1328 saepius
2177 1273 2276 1328 ego
2305 1257 2438 1322 vidi,
2473 1257 2734 1328 multique
2762 1275 2792 1314 e
2821 1259 2982 1314 sociis
3027 1260 3243 1326 nostris,
3276 1269 3437 1328 atque
3473 1257 3544 1314 ab

1947 1349 2041 1404 illo
2073 1360 2183 1405 tum
2211 1350 2352 1407 istud
2384 1362 2493 1406 tum
2525 1352 2676 1421 plura
2707 1353 2806 1406 alia
2840 1351 3009 1407 sancti
3043 1351 3139 1408 viri
3169 1352 3424 1408 miracula
3453 1351 3543 1407 di-

1947 1442 2072 1498 dici.
2091 1443 2298 1499 Perlata
2312 1455 2396 1500 est
2417 1455 2593 1500 autem
2613 1444 2769 1515 hujus
2783 1446 2859 1501 rei
2885 1445 3025 1500 fama
3056 1445 3120 1500 ad
3139 1447 3425 1502 multorum
3443 1462 3544 1502 au-

1948 1551 2055 1600 res,
2073 1547 2129 1594 et
2146 1538 2313 1593 invito
2346 1539 2594 1608 pontiﬁce
2609 1539 2765 1609 longe
2783 1540 2993 1611 lateque
3014 1539 3202 1595 diffusa
3223 1583 3238 1596 .
3268 1549 3384 1595 erat
3401 1541 3544 1596 enim

1947 1630 2323 1686 sanctissimus
2346 1631 2434 1686 ille
2457 1647 2620 1687 senex
2641 1631 2899 1702 singulari
2925 1633 3181 1702 praeditus
3204 1633 3365 1688 animi
3392 1648 3547 1689 mun-

1948 1723 2075 1779 ditia
2122 1734 2175 1779 et
2207 1725 2531 1782 humilitate.
2561 1725 2670 1782 Nec
2700 1726 2917 1781 dubium
2961 1726 3086 1797 quin
3133 1727 3272 1797 apud
3301 1726 3548 1798 omnipo-

1950 1819 2112 1873 tentis
2143 1819 2235 1875 Dei
2263 1820 2586 1890 singularem
2638 1821 3060 1878 misericordiam
3113 1824 3336 1878 multum
3369 1823 3548 1881 valeat

248 1915 525 1987 iuratione
576 1928 630 1973 ei
681 1918 1058 1990 detestatione,
1113 1931 1170 1976 υι
1221 1924 1482 1992 hospitale
1533 1923 1651 1994 eius
1700 1924 1846 1980 urbis
1880 1913 2168 1972 Bhumani
2221 1913 2402 1969 cordis
2434 1915 2638 1983 puritas
2668 1926 2722 1970 et
2770 1915 3116 1986 simplicitas,
3150 1918 3546 1975 convenienter

255 2011 533 2078 perpetuis
589 2012 916 2082 temporibus
966 2014 1018 2068 in
1072 2016 1382 2084 pontiﬁcum
1432 2017 1635 2073 ditioue
1680 2027 1844 2073 esset.

330 2104 381 2156 6.
428 2104 632 2172 Quanta
683 2115 858 2161 autem
912 2108 1052 2178 apud
1097 2123 1192 2162 vos
1247 2108 1449 2180 degens
1497 2111 1578 2166 vir
1628 2124 1848 2168 sanctus

256 2208 456 2265 corpus
483 2211 638 2250 suum
663 2196 985 2253 abstinentia
1045 2198 1283 2255 aﬁecerit
1307 2242 1322 2266 ,
1373 2217 1532 2271 quam
1564 2218 1623 2258 se
1656 2218 1847 2273 perpe-

261 2290 367 2345 tuis
396 2292 690 2346 conl‘ecerit
719 2291 934 2360 vigiliis,
979 2309 1137 2362 quam
1170 2295 1219 2348 in
1265 2295 1582 2363 praastandis
1614 2297 1848 2353 eleemo-

259 2381 409 2454 synis
471 2381 710 2438 liberalis
767 2394 822 2440 et
884 2386 1133 2454 profusus
1198 2386 1390 2452 fuerit,
1436 2389 1580 2444 solus
1640 2390 1729 2444 ille
1784 2390 1849 2446 ad

261 2475 476 2546 plenum
539 2478 684 2530 novit
729 2476 816 2532 cui
863 2479 1073 2548 cognita
1119 2489 1242 2534 sunt
1284 2481 1497 2547 omnia;
1561 2497 1658 2537 nec
1723 2491 1850 2554 puto

262 2567 546 2638 quemdam
609 2569 915 2624 mortalium
983 2570 1140 2626 facile
1208 2573 1384 2627 omnia
1446 2575 1732 2645 explorare
1796 2589 1849 2632 et

262 2659 520 2731 indagare
548 2661 810 2730 potuisse,
841 2663 1274 2734 quandoquidem
1297 2659 1562 2736 ejusmodi
1595 2669 1684 2725 ille
1710 2669 1848 2724 clam

268 2756 447 2826 potius
474 2773 630 2829 quam
660 2760 833 2828 palam
863 2759 1110 2817 faciebat.
1156 2761 1241 2828 Et,
1277 2771 1332 2816 ut
1352 2764 1534 2831 paucis
1557 2765 1727 2819 multa
1751 2781 1850 2820 ex-

260 2849 560 2919 pediamus,
583 2852 755 2920 qualis
779 2864 1115 2922 quantusque
1131 2853 1307 2923 fuerit,
1328 2870 1447 2925 qua:
1466 2866 1730 2927 etquanta
1744 2874 1852 2929 ges-

264 2942 419 3012 seiit,
469 2959 574 2999 non
610 2931 782 3015 potest
833 2945 1077 3001 mortalis
1126 2947 1303 3017 lingua
1345 2949 1654 3016 ettplicare,
1707 2951 1850 3022 quod

263 3052 429 3107 supra
460 3039 735 3096 hominem
783 3040 940 3095 fuerit
969 3039 1225 3112 quidquid
1271 3040 1385 3098 fere
1428 3051 1634 3114 gestum
1666 3045 1734 3099 ab
1762 3060 1850 3101 eo.

261 3131 566 3188 Macerabat
609 3148 668 3189 se
694 3143 748 3190 et
775 3134 968 3205 vigiliis
999 3143 1054 3190 et
1081 3134 1333 3190 continua
1367 3135 1546 3191 inedia
1567 3178 1582 3203 ,
1616 3136 1752 3192 adeo
1797 3146 1856 3192 ut

262 3229 423 3286 etiam
462 3227 744 3285 fortissimi
766 3229 993 3300 juvenes
1019 3228 1135 3300 ejus
1167 3231 1548 3301 parcitnoniam
1576 3231 1718 3288 ferre
1743 3249 1850 3289 non

1951 2003 2024 2059 illi
2055 2007 2336 2060 sententiae
2388 2007 2684 2063 Salvatoris
2729 2025 2746 2063 :
2789 2007 2938 2064 Beati
2989 2010 3178 2065 mundo
3208 2012 3379 2078 corde,
3423 2029 3545 2083 quo-

1951 2099 2090 2152 niam
2115 2098 2214 2166 ipsi
2245 2097 2408 2151 Deum
2435 2099 2696 2153 videbunt.

2023 2191 2076 2246 8.
2114 2190 2204 2245 Vir
2242 2193 2457 2261 quidam
2490 2192 2704 2259 nobilis,
2738 2207 2936 2263 genere
2967 2202 3021 2249 et
3050 2195 3242 2265 opibus
3285 2197 3546 2266 praadives

1953 2285 2235 2355 regiusque
2282 2285 2656 2353 consiliarius,
2705 2287 2756 2342 in
2807 2286 2989 2342 villam
3046 2288 3299 2344 Ecclesia:
3336 2291 3420 2345 cui
3467 2290 3547 2345 vir

1957 2375 2049 2430 Dei
2084 2386 2329 2445 prmerat,
2366 2376 2676 2434 Tridentem
2711 2379 2991 2446 vocabulo,
3027 2380 3184 2436 sitam
3236 2381 3286 2436 in
3327 2381 3543 2438 condita

1955 2470 2282 2527 Diablentica
2325 2472 2398 2542 (c)
2431 2473 2698 2529 obstinato
2747 2475 2928 2530 animo
2995 2476 3218 2542 invasit,
3273 2493 3391 2532 eain
3442 2477 3544 2533 sibi

1952 2566 2250 2622 vindicans.
2283 2568 2485 2624 Crebro
2516 2580 2692 2624 autem
2727 2569 2876 2624 illum
2907 2570 3187 2627 admonuit
3212 2572 3294 2628 vir
3331 2584 3548 2631 sanctus

1955 2670 2011 2715 ut
2039 2677 2068 2715 a
2100 2663 2212 2718 suis
2241 2663 2521 2721 maleﬁciis
2549 2665 2907 2734 resipiscerct,
2940 2677 2992 2721 et
3020 2666 3086 2721 ad
3117 2669 3393 2724 meliorem
3437 2671 3548 2727 fru-

1954 2770 2076 2825 gem
2105 2769 2161 2811 se
2194 2757 2481 2828 reciperet.
2510 2756 2709 2813 Videns
2735 2768 2913 2814 autem
2939 2775 2998 2814 se
3028 2761 3158 2815 nihil
3189 2762 3396 2818 ratione
3428 2779 3549 2833 pro-

1955 2847 2136 2915 ficere,
2169 2849 2233 2901 ad
2284 2849 2608 2920 precandum
2662 2851 2945 2907 Dominum
2996 2868 3055 2908 se
3084 2854 3327 2924 contulit,
3363 2866 3419 2912 ut
3461 2873 3550 2914 res

1955 2955 2051 3010 pro
2082 2940 2362 3011 expiandis
2409 2944 2639 3012 peccatis
2669 2945 2796 3000 olim
2840 2961 2866 2999 a
2904 2947 3149 3004 ﬁdelibus
3179 2953 3422 3008 ecclesia:
3451 2953 3550 3009 do-

1956 3043 2108 3090 natas
2140 3036 2240 3104 ipsi
2275 3037 2601 3092 restitueret.
2649 3037 2864 3094 Interim
2898 3043 3186 3114 sacrilegus
3216 3061 3395 3101 rerum
3437 3047 3549 3104 Deo

1955 3129 2250 3184 dicatarum
2286 3141 2595 3201 occupator,
2625 3132 2804 3187 divina
2839 3135 3037 3191 ultione
3071 3138 3122 3191 in
3154 3153 3276 3194 eum
3306 3140 3548 3197 animad-

1958 3232 2199 3278 vertente
2246 3222 2396 3279 febre
2441 3225 2747 3294 corripitur,
2780 3227 3075 3299 eademque
3105 3232 3440 3290 continenter
3467 3235 3549 3292 la-

266 3331 506 3393 possem.
559 3321 634 3377 lla
661 3298 855 3395 corpus
882 3298 1344 3396 suumiredigebat
1369 3327 1420 3380 in
1444 3326 1662 3396 spiritus
1687 3329 1858 3384 servi-
1882 3298 1930 3363 ο
1961 3316 2136 3373 borat.
2169 3315 2272 3372 Sed
2303 3332 2476 3388 neque
2503 3318 2580 3373 sic
2611 3328 2785 3374 tamen
2817 3335 2904 3375 res
2935 3323 3072 3377 male
3102 3335 3381 3395 usurpatas
3424 3327 3548 3384 red-

265 3424 457 3485 tutem,
509 3418 753 3488 adeoque
784 3418 911 3474 illud
960 3419 1339 3492 mortiﬁcibat,
1388 3431 1446 3478 ut
1492 3434 1674 3492 posset
1718 3424 1851 3480 illud

271 3512 625 3582 apostolicum
659 3529 764 3568 non
817 3513 1088 3570 immerito
1132 3514 1209 3568 illi
1255 3518 1692 3572 accommodari:
1736 3517 1856 3574 Vivo

265 3615 437 3661 autem
471 3609 585 3678 jam
614 3623 716 3662 non
744 3624 860 3678 ego,
910 3607 1030 3662 vivit
1072 3625 1186 3663 vero
1231 3608 1284 3662 in
1314 3626 1392 3665 me
1433 3609 1689 3666 Christus.
1723 3611 1856 3668 Cum

265 3698 530 3768 equitaret
561 3699 613 3753 in
647 3698 868 3766 itinere,
901 3714 1116 3770 semper
1143 3699 1212 3755 de
1237 3700 1347 3757 Deo
1377 3713 1467 3758 aut
1513 3704 1855 3772 loquebatur,

266 3802 359 3848 aut
389 3794 633 3849 canebat.
662 3793 893 3850 Cursum
940 3793 1018 3866 (b)
1050 3810 1175 3851 vero
1220 3811 1372 3851 suum
1409 3796 1482 3869 (id
1524 3808 1607 3853 est
1636 3812 1856 3868 pensum

272 3902 490 3957 precum
514 3887 922 3958 canonicarum)
956 3902 1051 3959 per
1076 3887 1235 3944 horas
1264 3888 1528 3961 legitimas
1551 3890 1859 3960 persolvens

272 3980 484 4052 reliquo
529 3980 633 4036 diei
670 3991 945 4052 tempore,
978 3982 1192 4051 quando
1237 3991 1599 4052 opportunum
1634 3983 1858 4038 videba-

276 4080 382 4140 tur,
418 4073 651 4129 studium
686 4074 944 4143 psallendi
973 4073 1151 4130 divina
1177 4075 1411 4147 eloquia,
1440 4086 1534 4132 aut
1560 4076 1856 4144 lectitandi,

277 4178 373 4226 aut
403 4171 455 4225 in
483 4183 668 4240 preces
695 4169 1033 4225 incumbendi
1059 4185 1164 4225 non
1189 4171 1488 4226 omittebat.
1518 4171 1597 4226 Ad
1619 4187 1857 4228 mensam

274 4265 391 4336 ipso
413 4264 723 4333 accedente,
743 4279 864 4320 mox
889 4263 1075 4321 aderat
1105 4265 1276 4321 lector
1298 4265 1525 4322 recitans
1551 4265 1730 4322 divina
1753 4267 1862 4322 elo-

271 4356 394 4428 quia
428 4374 440 4410 :
471 4366 528 4412 ut
555 4358 694 4413 inter
722 4357 908 4428 epulas
936 4357 1129 4428 quibus
1168 4373 1297 4414 caro
1337 4357 1648 4427 fovebatur,
1705 4359 1862 4429 spiri-

285 4451 514 4508 tualibus
540 4451 811 4509 alimoniis
841 4453 1018 4524 potius
1045 4454 1292 4509 conviva:
1336 4455 1708 4526 explerentur.
1739 4454 1864 4510 Nul-

278 4542 384 4599 lunt
413 4544 634 4601 omnino
665 4545 766 4602 sibi
800 4557 1008 4616 tempus
1041 4547 1346 4616 pratcrlabi
1370 4549 1602 4616 sinebat,
1627 4565 1733 4620 quo
1757 4565 1861 4604 non

231 4637 245 4648 '
281 4646 372 4692 aut
399 4637 676 4706 prodesset
697 4637 837 4708 aliis,
868 4648 958 4694 ant
986 4638 1051 4694 ad
1084 4653 1212 4695 suos
1235 4638 1507 4710 profectus
1537 4640 1736 4711 aliquid
1769 4641 1865 4696 ad-

1959 3408 2088 3465 dere
2115 3409 2304 3476 voluit,
2339 3421 2395 3463 ut
2421 3409 2536 3479 ejus
2565 3425 2718 3480 pinna
2751 3412 2904 3468 ﬁeret
2926 3416 3269 3472 cumulatior.
3303 3418 3434 3476 Cum
3450 3423 3550 3482 att-3,

1961 3509 2067 3556 tem
2099 3516 2160 3556 ea
2195 3500 2342 3557 febre
2369 3501 2486 3557 dire
2529 3501 2896 3569 afflictaretur,
2929 3504 3068 3561 lecto
3098 3507 3446 3576 decumbens,
3470 3509 3549 3568 vi~

1959 3607 2051 3648 sus
2080 3601 2163 3649 est
2183 3594 2282 3650 sibi
2300 3594 2528 3664 quadam
2553 3604 2711 3652 nocte
2742 3597 2922 3653 videre
2949 3599 3166 3655 Matrem
3205 3603 3410 3660 Domini
3433 3607 3548 3674 (cui

1960 3703 2047 3742 res
2077 3687 2145 3742 ab
2168 3689 2284 3758 ipso
2307 3699 2596 3759 usurpatae,
2634 3707 2842 3762 unaque
2871 3692 3042 3748 beatis
3074 3699 3396 3769 martyribus
3416 3701 3550 3758 Ger-

1962 3781 2108 3835 vasio
2137 3790 2192 3837 et
2220 3781 2462 3837 l’rotasio
2494 3783 2681 3838 dicata:
2712 3788 2886 3856 erant)
2936 3787 3111 3844 ft-rreo
3155 3792 3346 3847 malleo
3379 3795 3549 3864 ipsum

1963 3876 2014 3930 in
2067 3876 2241 3932 fronte
2292 3877 2698 3947 percutientem.
2751 3881 2868 3935 Mox
2921 3883 3081 3953 igitur
3132 3887 3298 3944 multo
3347 3899 3550 3950 terrore

1963 3983 2266 4041 correptus,
2303 3973 2369 4027 ad
2401 3983 2644 4029 sanctum
2679 3975 2996 4032 Domnolum
3031 3980 3176 4035 misit
3205 3982 3295 4051 qui
3321 3999 3549 4040 eumro-

1963 4071 2151 4134 garent
2177 4074 2232 4120 ut
2264 4079 2350 4120 res
2379 4067 2476 4136 ipsi
2505 4067 2708 4122 ablatas
2738 4081 2858 4122 cum
2891 4069 3073 4125 fenore
3105 4075 3388 4144 reciperet.
3440 4075 3550 4132 Nec

1964 4165 2139 4213 tamen
2174 4159 2344 4228 potuit
2369 4159 2582 4214 sanitati
2610 4161 2837 4228 restitui,
2871 4163 3043 4219 donec
3070 4178 3284 4222 sanctus
3316 4170 3550 4226 Domno-

1967 4251 2047 4306 lus
2094 4250 2158 4306 ad
2191 4267 2313 4306 eum
2345 4254 2572 4309 veniret.
2605 4252 2705 4310 Ubi
2739 4265 2915 4310 autem
2961 4257 3051 4314 ille
3093 4260 3326 4325 advenit,
3375 4265 3552 4320 omnia

1965 4343 2018 4398 in
2070 4342 2288 4414 duplum
2336 4347 2572 4401 restituit
2613 4349 2855 4404 ecclesiae
2903 4349 3179 4419 ministris,
3210 4361 3264 4408 et
3291 4367 3409 4424 post
3438 4356 3552 4414 dies

1967 4454 2161 4508 paucos
2196 4441 2442 4510 precibus
2470 4451 2521 4496 et
2550 4444 2754 4500 meritis
2784 4445 2928 4499 beati
2960 4447 3058 4502 viri
3095 4448 3241 4504 salus
3263 4451 3311 4505 ei
3347 4452 3548 4508 reddita

1965 4543 2076 4600 est;
2109 4535 2201 4588 scd
2232 4534 2469 4590 vulneris
2500 4534 2617 4605 ejus
2651 4536 2810 4592 fronti
2841 4539 3036 4594 malleo
3064 4540 3330 4610 impressi,
3376 4545 3552 4614 quoad

1966 4631 2119 4698 vixit,
2154 4631 2380 4704 vestigia
2413 4648 2778 4703 permansere.
2812 4635 2961 4701 Quod
2997 4634 3195 4691 idcirco
3222 4637 3418 4694 factum
3449 4651 3551 4708 est,

277 4728 502 4800 jicerct,
534 4730 677 4800 qttod
713 4729 758 4786 si
792 4731 912 4802 quis
951 4730 1067 4801 ejus
1106 4731 1244 4787 facta
1272 4732 1534 4789 curiosius
1565 4734 1864 4805 inqttisicrit
1895 4719 1946 4781 D
1971 4731 2026 4777 ut
2079 4723 2168 4778 ille
2218 4737 2317 4779 suo
2346 4725 2591 4794 exemplo
2629 4741 2661 4779 a
2713 4724 2871 4779 simili
2906 4725 3140 4782 facinore
3167 4728 3302 4784 alios
3341 4731 3552 4787 abster-

284 4822 566 4880 lnnumera
597 4839 908 4896 magnarum
959 4825 1212 4881 virtutum
1243 4827 1498 4883 miracula
1546 4825 1800 4896 inveniet,
1834 4844 1864 4883 e

283 4919 478 4989 quibus
509 4935 607 4976 nos
636 4919 719 4976 vel
745 4934 912 4991 pauca
947 4935 1277 4992 promcmus.

921 5060 1149 5118 CAPUT
1189 5061 1252 5118 li.

625 5173 784 5230 Varia
811 5174 1063 5229 miracula
1087 5176 1139 5229 in
1169 5176 1269 5229 vita
1298 5180 1521 5245 patrata.

353 5290 406 5345 7.
439 5289 679 5359 Quodam
710 5289 798 5346 die
841 5288 1136 5357 Dominico,
1180 5304 1302 5345 cum
1336 5299 1551 5360 peracto
1579 5286 1758 5343 ofﬁcio
1784 5302 1872 5344 so-

283 5387 448 5444 lemni
476 5387 542 5443 ad
574 5401 812 5444 mensam
845 5400 1137 5457 pransurus
1179 5400 1247 5441 ex
1286 5400 1437 5441 more
1475 5385 1776 5451 accederet,
1812 5383 1873 5438 il-

358 5553 436 5614 in)
458 5548 568 5603 sub
591 5543 804 5600 nomine
825 5541 1261 5611 sancti-,Paduini,
1286 5543 1444 5612 vulgo
1465 5543 1635 5597 sancti
1664 5541 1870 5614 Pavini,

289 5613 374 5672 est
408 5613 657 5682 parochia
699 5619 752 5670 in
779 5615 998 5671 dioecesi
1028 5615 1422 5670 Cenomanensi
1455 5614 1543 5668 ubi
1575 5615 1766 5668 colitur
1807 5613 1874 5667 15

290 5690 628 5745 Novembris.
656 5687 772 5743 Vita
800 5688 973 5758 aliqua
998 5687 1116 5754 ejus
1143 5696 1320 5741 exstat
1352 5689 1490 5758 inter
1516 5689 1641 5741 Acta
1672 5695 1880 5740 sancto-

297 5777 412 5815 rum
443 5761 648 5816 ordinis
681 5757 1016 5814 Benedictini
1050 5759 1232 5813 saeculi
1268 5757 1444 5826 primi.

364 5835 438 5903 (ὁ)
465 5833 686 5896 Cursus,
711 5840 780 5903 ut
810 5832 894 5903 hic
916 5831 1286 5903 explicationis
1314 5845 1473 5885 causa
1493 5828 1731 5903 additur,
1760 5845 1880 5899 pas-

297 5911 398 5959 sim
421 5901 522 5974 ’prn
557 5902 751 5958 divinis
782 5901 1091 5974 ofﬁciisraut
1124 5902 1272 5958 horis
1311 5901 1586 5958 canonicis
1626 5903 1877 5974 sumitur.

298 5977 372 6035 ita
395 5973 721 6034 memoratur
749 5983 961 6030 sanctus
977 5973 1276 6030 Germanus
1288 5974 1476 6030 solitus
1497 5987 1713 6030 cursum
1740 5973 1882 6029 nudo

1970 4823 2133 4870 reret.
2163 4815 2305 4881 Quas
2335 4824 2512 4870 autem
2541 4831 2628 4871 res
2661 4817 2750 4871 ille
2773 4816 3067 4886 duplicatas
3097 4829 3205 4874 tum
3232 4831 3417 4878 sancto
3441 4822 3552 4880 viro

1972 4909 2223 4972 restituit,
2254 4924 2346 4963 eas
2373 4909 2600 4964 ecclesia
2629 4919 2811 4966 nostra
2839 4911 3096 4969 hactenus
3124 4915 3376 4983 possidet.

2042 5008 2094 5063 9.
2130 5009 2371 5075 Quodam
2402 5009 2824 5081 quadragesima:
2854 5022 3093 5084 tempore
3120 5014 3173 5070 in
3203 5019 3390 5072 cellam
3423 5017 3554 5073 Ani-

1975 5101 2102 5156 δοιαὶ
2129 5103 2207 5171 ((1)
2243 5103 2550 5158 monasterii
2584 5106 2664 5159 vir
2691 5117 2908 5162 sanctus
2947 5122 3067 5166 sese
3115 5110 3415 5178 abdiderat,
3450 5112 3554 5169 Do-

1976 5196 2122 5250 mino
2147 5195 2198 5249 in
2223 5195 2436 5250 silentio
2464 5205 2520 5253 et
2552 5197 2844 5255 solitudine
2873 5210 3177 5258 vacaturus.
3211 5204 3349 5259 Ecce
3377 5213 3555 5260 autent

1975 5285 2216 5343 Francus
2261 5289 2474 5360 quidam
2523 5291 2717 5347 nobilis
2747 5309 2964 5363 genere,
2997 5295 3106 5365 regi
3146 5296 3296 5352 valde
3327 5296 3554 5352 familia-

1977 5380 2071 5448 ris,
2101 5383 2398 5453 quamdam
2447 5385 2564 5454 ejus
2606 5384 2860 5442 Ecclesia:
2909 5387 3110 5455 villam,
3140 5387 3412 5445 Bouallam
3461 5405 3558 5448 no-

1979 5543 2156 5614 capite
2180 5542 2393 5611 dicere,
2423 5545 2495 5599 uti
2527 5544 2578 5598 iu
2609 5543 2726 5613 ejus
2757 5545 2875 5600 Vita
2906 5544 3253 5601 Fortunatus.

1999 5628 2002 5630 ·
2054 5617 2127 5684 (c)
2156 5615 2382 5670 Condita
2415 5616 2963 5671 Diablenticavidetur
2989 5632 3108 5673 esse
3140 5618 3271 5673 ditio
3293 5617 3558 5676 Cenoma-

1983 5700 2064 5762 ιρις
2085 5688 2334 5762 contigua
2363 5687 2678 5742 Perchensis
2703 5691 3017 5762 comitatus,
3044 5704 3231 5744 versus
3257 5689 3554 5762 Nogentum

1985 5759 2240 5814 Rotrudis
2270 5777 2281 5812 :
2328 5769 2380 5831 et
2410 5774 2474 5814 ex
2503 5760 2872 5831 voceicoudila
2904 5777 3032 5828 pro,
3065 5759 3389 5831 regiuncula,
3418 5782 3559 5819 tuan-

1984 5832 2119 5903 sis-se
2155 5829 2372 5885 Francis
2402 5847 2597 5885 nomen
2629 5830 2829 5896 Coudé,
2861 5833 3019 5888 etiam
3046 5829 3203 5889 hodie
3238 5836 3476 5903 pluribus
3506 5839 3557 5890 in

1985 5900 2156 5957 Gallia
2182 5904 2307 5958 locis
2331 5919 2634 5958 commune.
3239 5900 3250 5903 ’
3597 5927 3602 5930 ·

2061 5973 2138 6043 (τι)
2186 5975 2430 6044 Anisola,
2475 5976 2584 6032 sivc
2621 5975 2880 6033 Aninsula
2905 5977 3118 6034 celebre
3148 5979 3552 6047 monasterium,
