4076 6348
538 319 643 381 645

1397 308 1643 374 SANCTI
1681 312 1982 373 DOMNOLI
2019 355 2034 382 ,
2073 310 2604 397 CMANENSIS
2646 314 2947 374 FPISCOPl
2982 364 2996 387 ,

3749 307 3842 376 (Ἅι

537 440 704 506 mine,
734 439 788 493 in
806 450 943 509 pago
965 432 1216 493 Stadinse
1245 432 1421 500 sitam,
1446 434 1511 487 ad
1553 448 1613 489 se
1642 435 1835 504 rapuit.
1874 433 1971 491 Ubi
2002 448 2119 503 [ηις-
2147 432 2202 492 A
2225 435 2315 495 die
2353 437 2407 492 in
2437 436 2559 492 villa
2607 443 2800 490 nostrae
2831 433 3088 490 ecclesiae
3107 472 3125 503 ,
3154 446 3322 504 quam
3383 429 3723 488 Baiadonem
3760 450 3836 491 ro-

536 535 711 592 ciialis
736 532 1049 588 solemnitas
1082 529 1360 599 prieteriit,
1405 544 1523 584 eam
1558 529 1890 599 iniquitatem
1922 520 1998 583 vir
2031 527 2124 581 Dei

536 629 761 699 moleste
784 624 982 693 ferens,
1010 622 1304 691 dolensque
1334 636 1392 676 se
1419 622 1629 677 vivente
1657 636 1809 676 suam
1838 620 2124 678 ecclesiam

536 722 724 795 nudari
777 718 1116 776 facultatibus
1163 717 1304 782 suis,
1362 714 1498 771 duos
1547 716 1805 791 diaconos
1853 714 2003 769 misit
2057 711 2127 768 ad

537 818 802 873 Francum
834 815 980 869 illum
1018 811 1363 880 sacrilegum,
1395 821 1447 864 et
1478 812 1612 865 mire
1638 811 1745 879 jam
1770 810 2117 864 obstinatum.
2152 864 2159 871 ,

540 913 647 969 Sed
678 909 888 966 diaconi
920 910 1122 964 nullum
1152 906 1219 962 ab
1252 922 1318 963 eo
1346 908 1505 976 quale
1536 907 1733 961 vellent
1760 906 1993 961 retulere
2016 921 2127 960 res-

536 1018 786 1076 ponsum.
820 1002 955 1057 Tum
995 1015 1123 1057 vero
1152 1005 1373 1055 sanctus
1400 999 1502 1067 vir,
1536 998 1700 1055 corde
1744 1007 2125 1067 compunctus,

537 1100 717 1154 animo
764 1095 1081 1166 intrepidus,
1130 1108 1197 1149 eo
1242 1109 1301 1147 se
1336 1092 1577 1156 "ontulit,
1608 1100 1667 1146 ut
1704 1108 1803 1163 res
1838 1106 1951 1146 sua
2006 1091 2127 1148 ﬁdei

535 1192 765 1248 creditas
789 1195 1154 1265 recuperaret,
1189 1176 1353 1241 fretus
1383 1187 1586 1239 auxilio
1625 1201 1686 1253 pr
1704 1186 1977 1254 epotentis
2009 1185 2126 1241 Dei.

535 1285 667 1341 Cum
709 1285 868 1355 igitur
896 1282 982 1337 die
1011 1280 1241 1352 quodam
1289 1278 1524 1334 Francus
1558 1279 1646 1333 ille
1688 1278 1958 1333 solemnes
1988 1278 2127 1334 cele-

536 1379 717 1436 braret
751 1376 937 1447 epulas
982 1376 1035 1429 in
1067 1374 1189 1428 villa
1221 1390 1317 1443 per
1347 1373 1686 1443 sacrilegium
1734 1372 1928 1436 ablata,
1961 1371 2131 1428 babe-

536 1482 722 1541 retque
751 1470 889 1538 apud
919 1484 979 1524 se
1015 1476 1265 1535 parentes
1291 1476 1344 1520 et
1372 1468 1603 1529 amicos,
1637 1466 1937 1520 nuntiatum
1966 1475 2051 1519 est
2081 1465 2131 1521 ei

536 1580 645 1636 prae
672 1562 871 1633 foribus
895 1560 1088 1617 adesse
1119 1570 1364 1615 sanctum
1414 1558 1759 1627 episcopum,
1806 1572 2002 1628 resque
2032 1553 2132 1623 ipsi

536 1674 566 1715 a
598 1638 823 1712 Domino
848 1655 1248 1710 commendatus
1282 1662 1547 1723 repeteret
1581 1652 1634 1707 id
1683 1660 1739 1707 ut
1767 1652 1973 1706 audivit
2013 1653 2128 1714 ille,
2158 1702 2163 1709 .

536 1736 689 1806 valde
716 1750 901 1804 animo
925 1759 1249 1811 commotus,
1279 1746 1438 1813 jussit
1458 1761 1581 1801 eum
1615 1763 1640 1797 a
1677 1754 1785 1801 tota
1812 1746 1936 1815 villa
1971 1744 2128 1814 prof-

537 1824 629 1899 sus
658 1824 869 1897 excludi
909 1848 962 1895 et
1008 1839 1151 1908 ejici.
1188 1839 1251 1893 At
1284 1838 1567 1907 episcopus
1598 1854 1702 1891 non
1753 1836 2130 1904 recalcitrans,

538 1932 987 2006 quemadmodum
1019 1931 1294 2000 apostolus
1343 1942 1543 2006 monet,
1594 1929 1739 1984 dedit
1788 1930 1961 1984 locum
2004 1929 2101 1984 ira:

538 2028 627 2084 sed
657 2027 725 2081 ita
755 2010 882 2080 ultio
912 2024 1088 2079 divina
1118 2025 1168 2077 in
1199 2002 1514 2092 sacrilegum
1547 2024 1776 2077 excitata
1803 2030 1908 2077 est.

614 2123 695 2177 lt).
728 2118 860 2175 Cum
887 2119 1029 2174 enim
1064 2125 1219 2172 nocte
1249 2117 1334 2170 illa
1362 2116 1510 2185 jmta
1542 2130 1746 2171 morem
1783 2125 2003 2169 sanctus
2023 2114 2136 2183 epi-

538 2229 731 2283 scopus
758 2215 808 2266 in
837 2213 1080 2267 oratione
1112 2211 1443 2279 persisteret,
1492 2208 1810 2279 sacrilegum
1844 2210 2017 2264 virum
2054 2208 2133 2261 iu-

538 2308 679 2362 vasit
724 2306 905 2370 febris,
932 2320 1052 2376 quae
1084 2304 1349 2360 infelicem
1384 2290 1616 2358 animam
1647 2304 1817 2359 altern
1846 2319 2006 2359 mane
2045 2319 2136 2357 ex-

538 2403 696 2458 torsit
716 2402 782 2456 ab
813 2401 931 2464 illo;
963 2390 1147 2469 sicque
1174 2400 1476 2456 miserrime
1506 2399 1775 2454 excedens
1800 2414 1829 2453 c
1858 2398 1986 2463 vita,
2015 2398 2136 2452 abs-

538 2511 643 2571 que
672 2496 817 2549 luctu
839 2502 895 2550 et
922 2493 1037 2548 sine
1086 2492 1335 2561 precibus
1368 2493 1418 2546 in
1466 2492 1609 2546 bivio
1640 2493 1886 2560 sepultus
1917 2499 2021 2545 est.
2073 2491 2140 2544 Et

540 2588 757 2663 quidem
788 2586 979 2656 dignus
1011 2596 1125 2639 erat
1172 2586 1260 2638 tali
1306 2595 1478 2639 morte
1501 2628 1515 2648 ,
1548 2586 1638 2655 qui
1672 2595 1916 2639 sanctum
1966 2585 2137 2640 virum

542 2695 708 2735 ausus
741 2676 841 2733 fuit
875 2678 1219 2747 contristare,
1262 2686 1317 2732 et
1347 2677 1651 2732 oblationes
1683 2678 1920 2733 ﬁdelium
1951 2693 2140 2750 resque

542 2768 657 2829 Deo
703 2762 906 2825 dicatas
952 2766 1051 2822 sibi
1087 2758 1381 2823 vindicare.
1418 2768 1636 2823 Factum
1667 2778 1749 2824 est
1789 2764 1889 2824 illic
1935 2770 2141 2825 meritis

544 2848 691 2923 beati
740 2865 1016 2930 antistitis,
1068 2874 1125 2916 nt
1178 2864 1357 2917 czrteri
1409 2848 1476 2917 ab
1523 2863 1827 2932 hujnsmodi
1878 2862 2141 2918 maleﬁcio

549 2952 973 3033 absierreantur,
1001 2971 1067 3011 ne
1089 2955 1281 3012 similia
1308 2957 1437 3019 ipsis
1466 2957 1742 3012 accedant.
1769 2959 1904 3013 Cum
1938 2960 2016 3014 sic
2046 2974 2142 3013 au-

548 3032 769 3106 temiiie
791 3033 1055 3119 periisset.
1077 3048 1257 3103 multis
1270 3049 1511 3104 ecclesiis
1530 3064 1613 3104 res
1630 3050 1862 3118 ipsarum
1882 3050 2141 3105 restituta:

551 3134 700 3206 sunt,
733 3136 867 3216 quas
899 3134 1109 3213 lyranni
1150 3129 1471 3212 jampridem
1528 3160 1621 3211 per
1652 3145 2008 3199 temeritatem
2059 3144 2159 3200 in-

546 3232 816 3292 vaserant.
846 3218 977 3288 Nam
1005 3235 1197 3289 timere
1235 3234 1488 3302 perculsi,
1524 3250 1628 3289 non
1654 3218 1870 3291 fuerunt
1911 3236 2026 3291 ausi
2053 3251 2144 3293 re-
2171 3240 2218 3305 ο

546 3315 717 3386 tinerc
746 3320 898 3396 illas;
926 3326 1083 3398 atque
1116 3329 1186 3383 ita
1214 3314 1373 3385 unius
1405 3332 1669 3387 horrenda
1702 3320 1975 3387 damnatio
2006 3335 2143 3388 inul-

546 3409 614 3479 tis’
641 3410 835 3495 prefuit
857 3410 921 3477 ad
954 3422 1403 3494 resipiscentiam,
1444 3424 1789 3498 reddiditque
1828 3430 2144 3499 paenitentia

547 3500 877 3575 emendatos.
924 3517 1011 3572 Sic
1044 3519 1294 3573 nimirum
1336 3520 1683 3589 omnipotens
1714 3519 1854 3576 Deus
1888 3538 1981 3592 per
2011 3523 2145 3578 iide-

547 3604 653 3667 iém
682 3610 896 3664 servum
928 3624 1081 3665 suum
1116 3626 1243 3665 snas
1271 3612 1595 3667 restauravit
1641 3614 1930 3681 ecclesias,
1964 3615 2145 3670 multi-

547 3696 651 3771 que
673 3705 811 3760 servi
830 3702 920 3759 Del
952 3704 1199 3775 ingentes
1222 3694 1449 3759 Domino
1475 3706 1661 3761 laudes
1683 3719 1737 3763 et
1759 3719 1943 3777 grates
1964 3725 2141 3778 egere,

547 3795 791 3870 iucundis
822 3798 1040 3851 vocibus
1067 3805 1344 3853 cantantes
1374 3815 1385 3849 τ
1422 3800 1643 3868 Adjutor
1688 3807 1735 3851 et
1778 3809 2032 3869 protector
2065 3801 2145 3870 [a-

547 3872 661 3945 cius
683 3890 753 3945 est
781 3882 925 3944 nobis
953 3876 1201 3943 Dominus
1230 3891 1282 3943 in
1311 3892 1550 3944 salutem.

628 3983 715 4038 ii.
747 3974 1013 4039 Pueruius
1045 3972 1283 4053 quidam,
1320 3968 1604 4039 iiainarius
1631 3987 1866 4051 nomine,
1900 4003 1928 4040 a
1959 4004 2149 4057 paren-

548 4075 693 4131 tibus
725 4072 935 4131 oblatus
982 4085 1065 4131 est
1096 4084 1283 4130 sancto
1328 4077 1463 4132 viro.
1517 4076 1563 4130 ls
1595 4093 1729 4148 puer
1752 4090 1805 4134 et
1834 4096 2041 4145 cat-cus,
2095 4093 2152 4137 ct.

551 4160 766 4232 surdus.
796 4177 851 4223 et
872 4179 1073 4233 mutus,
1105 4178 1158 4223 et
1187 4168 1407 4224 claudus
1437 4178 1572 4224 erat.
1607 4169 1767 4226 Unxit
1810 4182 1989 4228 autem
2023 4189 2147 4229 eum

551 4263 632 4319 vir
664 4260 757 4318 Dei
786 4260 907 4317 olen
937 4252 1236 4329 benedicto,
1270 4270 1322 4317 et
1350 4261 1526 4317 crucis
1555 4262 1708 4333 signo
1741 4280 1861 4318 cum
1906 4282 2148 4321 commu-

552 4359 705 4424 nivit,
723 4371 774 4413 et
797 4367 937 4416 totus
966 4358 1215 4413 revaluit.
1232 4355 1466 4412 Clericus
1488 4356 1700 4426 quidam
1719 4360 2027 4416 Oximensis
2044 4363 2147 4433 (a),

550 4448 891 4511 Eleutlierius
943 4447 1183 4516 nomine,
1238 4448 1421 4503 videns
1475 4458 1552 4503 tot
1604 4449 1914 4507 admiranda
1961 4453 2073 4507 ﬁeri
2118 4470 2147 4508 ιι

548 4540 735 4601 sancto
777 4544 922 4609 viro,
970 4540 1165 4597 Obtulit
1195 4542 1243 4595 ei
1293 4541 1457 4596 lilium
1503 4548 1678 4609 suum,
1711 4560 1868 4613 quem
1898 4547 2148 4602 diuturna

2231 543 2378 599 cant,
2430 540 2616 587 sancto
2662 531 2915 601 episcopo
2964 529 3267 599 pontiﬁcale
3309 529 3657 597 exsequenti
3702 530 3835 583 mini-

2235 632 2489 699 sterium,
2518 628 2810 701 Magnatius
2831 628 3048 701 quidam
3077 628 3289 685 oblatus
3330 637 3455 696 est,
3488 625 3587 699 qui
3625 626 3711 682 die
3751 627 3834 681 lin-

2233 726 2431 781 tuinice
2454 723 2597 781 intra
2627 725 2795 796 ipsius
2824 725 2967 782 villa
2994 725 3126 782 lues
3152 725 3221 781 ab
3243 736 3432 795 opere
3463 738 3530 779 se
3561 739 3668 779 uuu
3700 722 3839 778 abali.

2238 832 2403 885 nens,
2435 819 2546 876 Deo
2576 819 2891 885 ulciscentes,
2932 818 3221 874 luminibus
3247 817 3506 871 orbatus
3539 816 3729 869 luerat.
3771 814 3839 867 Vir

2231 919 2450 967 sanctus
2480 921 2878 971 sacrosanctam
2910 911 3166 969 invocans
3190 908 3565 973 Trinitatem,
3605 920 3836 976 expressa

2232 1005 2386 1075 signo
2415 1004 2629 1068 crucis.
2662 1007 2961 1060 cecitatem
3011 1003 3235 1075 depulit,
3274 1003 3476 1058 visum
3527 998 3836 1062 reformavit,

2233 1097 2543 1168 monuitque
2588 1096 2858 1153 hominem
2888 1111 2959 1153 ne
2997 1095 3288 1168 quidquam
3330 1094 3665 1168 huiusawdi
3698 1093 3828 1151 dein-

2234 1202 2363 1260 ceps
2392 1188 2722 1246 admitteret.

2308 1318 2393 1381 ta.
2430 1312 2573 1381 Exilt
2615 1325 2937 1395 quandoque
2976 1323 3061 1380 in
3090 1318 3281 1381 beatits
3310 1314 3488 1379 eius
3524 1321 3713 1380 urbem
3752 1314 3833 1379 ius

2234 1420 2422 1482 stram,
2456 1416 2768 1488 audivitque
2784 1417 3161 1473 damnatbrmti
3188 1416 3358 1472 Voces
3391 1418 3429 1471 ε
3450 1424 3692 1473 carcere.
3716 1402 3831 1475 Εῖςη

2236 1512 2420 1583 itaque
2446 1512 2752 1568 ministrum
2784 1520 2941 1568 suum
2969 1511 3037 1568 ad
3066 1508 3354 1568 custodem
3400 1504 3671 1577 carceris,
3697 1500 3775 1584 qui
3795 1502 3838 1571 si

2235 1604 2462 1670 dieeret,
2512 1606 2572 1660 ut
2617 1604 2826 1660 vinctos
2872 1604 2994 1661 illos
3034 1603 3310 1661 absolutos
3345 1608 3645 1675 pateretur
3688 1596 3829 1663 abire.

2238 1698 2539 1771 Respondit
2565 1702 2747 1755 cunas
2780 1702 2887 1754 hort
2920 1700 2980 1754 se
3018 1698 3069 1753 id
3090 1694 3291 1754 ausum
3319 1700 3483 1765 esse,
3519 1704 3591 1754 ne
3620 1686 3728 1768 ipse
3761 1702 3833 1755 es

2160 1828 2210 1892 Β
2237 1800 2454 1892 geretur
2476 1792 2527 1846 in
2554 1790 2968 1892 illorum-iocum
2993 1791 3308 1892 mccedere.
3342 1770 3493 1892 Tum
3519 1791 3607 1845 vir
3628 1780 3717 1892 De!
3734 1790 3831 1892 cuni

2241 1885 2491 1956 lacrymis
2522 1883 2729 1954 rogavit
2753 1883 3037 1939 ﬂuminum
3082 1890 3181 1953 pru
3203 1872 3311 1940 illis
3345 1900 3360 1937 :
3397 1880 3454 1938 et
3488 1898 3621 1939 ecce
3641 1878 3721 1938 die
3748 1882 3831 1938 ter-

2239 1980 2314 2034 tio
2365 1994 2458 2034 sua
2490 1982 2682 2050 sponte
2712 1977 2941 2049 patescit
2988 1982 3207 2047 ωηεν,
3259 1972 3590 2049 exuuntque
3626 1964 3711 2048 qui
3744 1966 3833 2033 illiti

2237 2073 2638 2138 detinebantur,
2674 2076 2727 2128 et
2774 2072 2841 2127 ad
2890 2078 3126 2128 nostram
3158 2066 3458 2128 ecclesiam
3510 2080 3633 2127 sese
3676 2058 3827 2125 conic-

2240 2175 2391 2223 rttnt.
2423 2166 2681 2236 ,Clericus
2733 2165 2946 2237 quidam
2996 2150 3306 2237 Ragnoinus
3340 2166 3579 2222 nomine
3608 2163 3741 2221 Venit
3773 2148 3827 2219 ad

2239 2245 2484 2313 sanctum
2535 2257 2874 2326 pontificem,
2912 2268 3110 2328 rogans
3150 2265 3209 2313 ut
3252 2250 3575 2314 sacerdotio
3617 2248 3823 2311 initiaie

2242 2358 2351 2407 tut‘.
2380 2352 2730 2407 Percontatus
2760 2354 2841 2407 est
2870 2355 3047 2405 autem
3074 2366 3138 2405 ex
3174 2344 3267 2406 iiio
3312 2351 3403 2406 Vir
3444 2352 3685 2418 saucius,
3724 2346 3825 2405 htim‘

2245 2454 2395 2505 caste
2426 2449 2632 2505 viveret
2676 2446 2730 2503 ei
2762 2450 2790 2502 a
2842 2446 3057 2502 fetutinis
3096 2450 3155 2503 se
3190 2448 3443 2503 servaret
3474 2434 3822 2502 incontatititti-

2250 2550 2379 2597 tttni.
2415 2541 2512 2597 lilo
2548 2543 2857 2597 conatanter
2905 2526 3287 2609 respondente,
3335 2542 3399 2594 se
3445 2538 3697 2593 hactenus
3735 2526 3813 2588 ima

2244 2636 2448 2708 polluto
2495 2644 2721 2704 corpore
2775 2608 3007 2690 Domino
3056 2624 3333 2704 seruisse,
3376 2626 3463 2689 νὴ·
3494 2608 3676 2687 beatus
3713 2624 3821 2683 "eiei

2245 2732 2440 2795 locum,
2476 2736 2531 2787 et
2561 2740 2796 2801 tempus,
2842 2739 2894 2786 et
2917 2730 3197 2785 mulierem
3226 2720 3478 2784 libidinis
3506 2721 3624 2798 eius
3651 2710 3819 2779 sociant

2243 2826 2518 2882 indicavit.
2558 2825 2798 2881 Cernens
2852 2823 3081 2879 clericus
3126 2830 3185 2878 se
3217 2816 3395 2877 latere
3439 2820 3702 2876 hominem
3740 2802 3817 2868 Dei

2246 2935 2351 2975 tton
2383 2922 2561 2991 posse,
2590 2918 2807 2989 [impria
2853 2918 3134 2973 Convictus
3176 2913 3559 2983 conscientia,
3588 2900 3651 2965 ad

2158 3026 2162 3030 Α
2245 3014 2360 3085 ejus
2386 2984 2638 3084 procidit,
2671 2984 2726 3067 ei
2769 3010 2981 3081 culpam
3014 3004 3169 3066 suam
3213 2998 3508 3065 confessus
3528 3002 3629 3061 est.
3659 2988 3708 3056 Id
3744 2984 3815 3085 ubi

2244 3076 2311 3161 ad
2337 3076 2560 3161 aliorum
2607 3076 3165 3175 notitiam-pervertit,
3211 3096 3367 3156 melii
3402 3098 3581 3156 εδει-ῖς
3608 3076 3817 3151 1111ιί1ΰῶ

2247 3200 2317 3257 ab
2344 3201 2462 3272 ejus
2490 3204 2549 3256 se
2576 3204 2869 3270 cnnspectu
2907 3196 3249 3263 sublinere;
3285 3196 3537 3265 maleque
3578 3188 3671 3272 sitit
3707 3180 3810 3241 tua:

2249 3268 2505 3360 scit'non
2556 3268 2860 3349 mare'ausi
2908 3290 3095 3348 sacros
3142 3282 3366 3346 tit-dines
3416 3280 3487 3343 ab
3529 3268 3809 3352 multum.

2248 3384 2398 3443 certo
2432 3400 2745 3458 persuasum
2772 3383 3058 3453 habentes,
3090 3382 3197 3441 tilio
3220 3388 3352 3442 eum
3384 3380 3559 3440 latere
3581 3372 3803 3435 etiame-

2248 3486 2394 3535 Creta
2424 3480 2696 3536 cordium.

2324 3615 2409 3670 15.
2441 3616 2535 3671 Est
2567 3614 2689 3669 villa
2722 3614 2968 3671 ecclesias
3010 3623 3208 3670 nostra:
3235 3628 3398 3687 quam
3428 3608 3704 3668 Crisiactnn
3733 3614 3805 3655 vo-

2248 3694 2389 3763 cant.
2425 3708 2479 3761 In
2508 3723 2571 3764 ea
2601 3722 2723 3763 cum
2752 3716 2897 3763 esset
2924 3709 3007 3762 vir
3050 3707 3143 3764 Dei
3163 3751 3178 3775 ,
3209 3704 3430 3763 adducti
3459 3712 3584 3775 sunt
3623 3698 3681 3754 ad
3707 3707 3802 3749 eum

2248 3801 2355 3858 duo
2382 3802 2727 3870 daemoniaci,
2769 3801 3138 3871 rogabantque
3175 3814 3300 3853 eum
3346 3808 3591 3868 parentes
3634 3800 3801 3847 eorum.

2250 3905 2306 3967 ut
2328 3896 2439 3951 suis
2466 3896 2713 3966 precibus
2740 3888 2864 3954 illos
2891 3904 3129 3951 sanaret.
3160 3888 3550 3951 Sciscitabatur
3578 3898 3731 3943 autem
3749 3893 3799 3934 ei

2250 3990 2329 4042 eis
2358 3998 2584 4044 sanctus
2623 3990 2871 4057 antistes,
2919 4003 3017 4044 cur
3047 3988 3097 4043 id
3129 3988 3260 4058 ipsis
3300 3988 3616 4049 accidisset;
3645 3987 3693 4035 ei
3726 3988 3800 4046 Ρθν

2250 4096 2433 4135 eorum
2465 4097 2557 4137 ora
2601 4081 3000 4151 respondebant
3044 4082 3306 4138 immundi
3346 4082 3585 4151 spiritus,
3623 4088 3676 4129 se
3712 4079 3797 4122 tor-

2250 4174 2397 4249 queri
2431 4176 2497 4231 ab
2522 4178 2659 4246 ipso,
2693 4192 2791 4232 nec
2823 4191 2984 4246 posse
3007 4192 3188 4233 coram
3218 4191 3283 4233 eo
3320 4177 3500 4233 celare
3538 4163 3793 4242 praestitiias

2250 4285 2412 4343 suas:
2449 4270 2707 4339 rogabant
2755 4281 2933 4327 autem
2966 4288 3089 4327 eum
3135 4279 3195 4327 ut
3234 4272 3280 4328 si
3329 4272 3476 4342 ipsos
3522 4268 3635 4322 inde
3673 4257 3795 4325 rell“

2250 4363 2465 4433 ejicere,
2501 4364 2690 4418 saltem
2734 4365 2942 4420 sineret
2989 4364 3224 4435 migrare
3270 4364 3323 4418 in
3355 4374 3562 4433 porcos.
3590 4344 3791 4409 Permisit

2253 4454 2353 4509 hoc
2376 4456 2454 4510 vir
2482 4464 2701 4510 sanctus
2729 4464 2783 4510 et
2810 4456 2983 4511 crucis
3013 4456 3166 4525 signo
3195 4457 3342 4510 edito
3374 4447 3654 4526 proﬂigavit
3674 4442 3787 4502 illos:

2252 4549 2323 4603 ita
2346 4557 2856 4603 utomncsastantes
2872 4549 3151 4603 laudarent
3172 4549 3456 4624 Dominum
3472 4538 3729 4600 mirabilem
3745 4530 3788 4583 iu
3816 4548 3819 4553 ί

549 4630 715 4695 febris
744 4636 1088 4693 vehementer
1131 4635 1446 4691 alilictabat.
1476 4626 1838 4692 Misericordia
1865 4649 2040 4695 motus
2067 4641 2145 4693 vir
2171 4650 2227 4713 υ
2250 4654 2448 4697 sanctis
2476 4630 2609 4697 suis.
2639 4642 2777 4697 Sunt
2814 4657 2940 4698 vero
2967 4642 3130 4697 etiam
3159 4630 3311 4697 tntilli
3341 4643 3427 4697 alii
3451 4656 3480 4694 a
3509 4626 3789 4691 damonibu‘

548 4720 847 4808 Iieiaquam
874 4731 1032 4803 jussit
1062 4728 1257 4786 aii'erri.
1295 4731 1524 4787 Ailatam
1544 4773 1559 4797 ,
1609 4738 1732 4788 eum
1767 4732 1911 4800 prius
1939 4733 2142 4789 Citriin

548 4822 743 4883 nomen
773 4827 1098 4891 invocasset,
1128 4818 1182 4881 et
1209 4840 1328 4879 eam
1361 4840 1520 4879 cruce
1548 4825 1950 4894 consignasset,
1975 4840 2143 4895 puero

547 4919 835 4981 bibendam
867 4908 1078 4972 obtulit.
1107 4916 1247 4972 Bibit
1274 4916 1385 4977 ille,
1418 4926 1470 4971 et
1498 4904 1713 4970 Christo
1751 4918 2000 4987 propitio,
2033 4935 2143 4972 me-

546 5005 664 5067 ritis
690 5004 927 5079 episcopi
952 5004 1205 5062 continuo
1235 5024 1396 5063 sanus
1425 5008 1647 5066 effectus
1676 5021 1778 5067 est.
1812 5004 1901 5067 Vir
1926 5004 2140 5085 quidam

547 5100 969 5175 Andegavensis,
1003 5098 1222 5157 Strititts
1248 5103 1484 5169 nomine,
1533 5096 1583 5158 in
1617 5106 1829 5160 maxilla
1862 5108 1996 5162 mire
2020 5123 2141 5163 cru-

549 5184 791 5251 ciabattlr
836 5196 903 5250 ’ex
941 5194 1152 5263 pustula
1201 5194 1413 5265 inagna.
1444 5192 1690 5251 Occurrit
1714 5207 1899 5253 sancto
1930 5198 2141 5268 episco-

548 5305 649 5360 po,
681 5280 835 5361 petiit
878 5286 1025 5344 tanto
1059 5289 1201 5344 malo
1234 5290 1551 5345 medicinam
1583 5308 1597 5345 :
1640 5282 1805 5346 saliva
1836 5294 1929 5348 Sua
1960 5301 2144 5362 pustu-

544 5382 653 5439 laitt
686 5374 858 5454 tetigit
882 5382 965 5437 vir
991 5372 1229 5449 sanctus,
1259 5382 1311 5437 et
1336 5382 1496 5438 homo
1524 5392 1745 5439 curatus
1774 5393 1878 5440 est.
1901 5376 2142 5452 Quodam

546 5548 577 5589 a
609 5543 793 5590 sancto
815 5524 1052 5605 caritate
1075 5538 1317 5603 tempore
1366 5526 1697 5591 Childebcrti
1728 5528 1870 5605 regis
1901 5540 2144 5593 cnnstru-

548 5607 692 5659 cluln
720 5606 773 5661 in
808 5602 1065 5661 inferiore
1109 5600 1504 5662 Cenomanensi
1543 5600 1850 5675 agrohapiid
1896 5608 2146 5667 Vindoci-

547 5691 771 5732 neusem
804 5680 987 5731 urbem
1011 5719 1024 5742 ,
1051 5678 1109 5729 tit
1129 5678 1362 5732 diximus
1384 5672 1642 5735 Kalend-is
1668 5672 1841 5733 Martii
1864 5680 1938 5735 {ad
1970 5678 2143 5738 Vitam

545 5749 717 5801 sancti
747 5748 976 5804 Slviardl
1005 5747 1218 5803 abbatis
1244 5749 1584 5805 ‘Auisblensis
1608 5790 1623 5816 ,
1657 5751 1815 5806 latius
1839 5749 2032 5807 dicturi
2074 5748 2141 5810 ad

546 5817 725 5872 Vitam
753 5820 924 5873 sancti
950 5817 1163 5873 Carilell
1198 5819 1220 5873 Ι
1257 5818 1648 5877 Julii.Videtur
1672 5821 1714 5875 is
1743 5833 1989 5880 mortuus
2020 5834 2144 5883 ante

546 5888 841 5959 adventum
874 5890 1045 5945 sancti
1078 5890 1246 5945 Mauri
1275 5889 1328 5944 in
1360 5890 1596 5961 Gallias,
1632 5898 1690 5949 ut
1717 5894 1802 5950 Vel
1839 5893 1965 5952 hinc
2007 5912 2143 5969 prae-

2249 4736 2479 4803 obsessi,
2513 4736 2581 4791 ab
2609 4752 2675 4791 eo
2705 4736 2938 4792 liberati.
2967 4736 3077 4792 Hac
3104 4746 3283 4792 autem
3305 4734 3659 4810 miraculorum
3683 4714 3786 4774 3551'

2249 4820 2455 4880 duitate
2478 4825 2614 4880 fama
2638 4826 2756 4897 ejus
2775 4828 2969 4896 ubique
2995 4812 3391 4899 divulgabatur,
3416 4826 3583 4893 etiam
3603 4812 3783 4895 quadam

2248 4915 2337 4971 die
2363 4918 2651 4972 revertenti
2691 4919 2759 4973 ab
2784 4904 3051 4986 expeditis
3083 4912 3401 4989 quibusdam
3446 4913 3667 4986 negotiis,
3690 4913 3781 4974 (Ιιίπ

2249 5009 2317 5063 ad
2362 5010 2539 5079 populi
2582 5010 2749 5079 ipsius
2790 5006 2939 5066 curre
2967 5006 3244 5068 commissi
3295 5014 3567 5068 utilitatem
3595 4999 3784 5075 pertine-

2252 5112 2392 5161 rent.
2425 5103 2588 5158 multa
2613 5104 2764 5173 plebs
2790 5108 2839 5181 ei
2865 5106 3403 5165 oceurritadduocns
3430 5107 3589 5175 euros
3610 5105 3654 5152 et
3673 5087 3777 5145 male

2246 5197 2492 5271 aITectos,
2522 5200 2858 5273 diversisque
2880 5203 3235 5273 languoribus
3262 5200 3575 5263 laborantes,
3596 5189 3671 5265 qui
3689 5196 3775 5253 ωηο

2248 5305 2344 5348 nes
2372 5292 2442 5350 ab
2466 5308 2532 5349 eo
2559 5294 2854 5352 incolumes
2876 5282 3176 5354 recessere.
3624 5332 3625 5335 η
3769 5294 3803 5303 ”

2255 5538 2392 5603 sumi
2438 5549 2644 5618 possit,
2672 5548 2816 5618 quod
2861 5548 3039 5604 eidem
3080 5547 3282 5619 regula:
3308 5588 3325 5617 ,
3364 5560 3513 5619 quam
3544 5518 3767 5619 anteiit?

2256 5602 2553 5675 servabant
2583 5602 2706 5675 sue'
2719 5602 3052 5676 monasteria
3082 5602 3397 5690 ἰδ’ὺῇώάἰῖ
3410 5602 3623 5676 iunctus
3646 5602 3766 5654 υυηι·

2256 5691 2699 5835 11Ὓιίῗυιὶιιιιιιιι
2734 5763 2991 5835 oppidum
3013 5762 3357 5835 Normannia
3380 5761 3477 5819 sub
3486 5743 3761 5830 ῇυΐὸιῧθιίουδ

2257 5826 2636 5891 Aleuconiensi
2676 5826 2833 5908 ttulit}
2856 5834 3092 5891 Hienses
3121 5826 3348 5894 dictum.
