4076 6348
201 396 316 454 645

828 500 913 568 ΕΑ
921 506 1056 569 PU'I‘
1092 508 1175 568 Illa

208 620 441 677 Virtutes
479 624 647 677 sititet:
680 622 951 691 Domnoh',
982 624 1169 692 Obitus,
1200 624 1491 696 scrutinio,
1525 622 1795 681 utrumn;

285 728 368 794 14.
402 739 514 821 Etsi
544 747 725 795 autem
754 741 965 821 celebre
991 755 1133 799 esset
1164 759 1355 801 nomen
1388 742 1504 814 ejus
1533 742 1586 799 et
1629 730 1797 798 subli-

200 832 311 901 mis
348 818 545 903 gradus
585 818 823 901 honoris,
852 832 1084 891 attamen
1116 824 1288 907 major
1314 849 1429 891 erat
1457 824 1511 891 et
1542 832 1800 905 insignior

199 923 378 979 virtus
400 908 535 992 eius.
569 912 845 979 Serviebat
872 926 988 980 sibe
1014 914 1310 983 offensione
1340 914 1387 982 ei
1418 910 1505 998 qui
1538 926 1694 995 prape
1721 928 1795 979 est

199 999 439 1070 omnibus
462 1003 815 1071 invocantibus
841 1035 953 1071 eum
981 1002 1035 1073 in
1058 1012 1284 1085 verilute,
1310 1030 1355 1074 et
1379 1020 1465 1091 qui
1494 1022 1797 1074 voluntatem

199 1094 491 1163 timentium
522 1125 575 1163 ac
616 1108 767 1177 facit,
807 1118 857 1164 et
896 1100 1307 1181 deprecationem
1348 1128 1522 1166 eorum
1564 1104 1793 1167 exaudit.
1832 1110 1833 1115 “

129 1265 133 1269 δ
198 1201 454 1257 Poteram
485 1184 697 1271 quidem
730 1185 881 1273 piura
913 1202 1029 1275 ejus
1058 1203 1484 1261 commemorai'é
1515 1202 1792 1272 mirachla,

199 1292 300 1352 sed
332 1280 494 1349 multa
529 1278 872 1364 praetermisi,
907 1313 970 1350 ne
1000 1288 1186 1353 lectori
1221 1287 1493 1353 fastidium
1528 1298 1791 1369 parerem.

198 1376 390 1462 Magna
418 1400 595 1448 autem
627 1393 676 1447 in
702 1408 767 1449 eo
807 1376 974 1449 virtus
1005 1392 1205 1463 inerat,
1234 1405 1288 1453 et
1317 1382 1480 1451 multa
1512 1384 1792 1452 verborum

198 1468 285 1538 vei
326 1471 391 1537 ex
425 1500 542 1555 ejus
588 1499 681 1540 ore
732 1480 1097 1554 premebatur.
1141 1470 1273 1542 Cum
1318 1474 1524 1557 populis
1572 1476 1792 1542 verbum

197 1573 413 1630 Domini
458 1580 834 1643 annuntiaret,
865 1580 949 1634 vix
983 1580 1261 1650 quisquam
1289 1582 1414 1651 itam
1457 1580 1633 1636 ferreo
1673 1580 1793 1636 ver-

194 1658 423 1723 sabatur
461 1668 702 1738 pectore,
749 1686 909 1741 quem
952 1654 1070 1742 eius
1105 1660 1389 1727 concienes
1428 1662 1493 1726 ad
1533 1668 1794 1744 laci'ymas

193 1775 306 1815 non
339 1756 635 1817 movereni.
667 1746 999 1819 Mirabanlur
1039 1752 1315 1820 auditof'es
1344 1764 1648 1834 spirituales‘
1680 1762 1793 1819 sbi--

193 1852 388 1907 mones
416 1840 554 1922 eius,
584 1842 672 1925 qui
718 1846 1029 1926 plerumthe
1069 1846 1203 1912 adeo
1248 1854 1536 1914 bu'manum
1581 1862 1793 1928 captum

194 1938 567 2013 excedebant,
614 1946 672 2000 ut
714 1934 785 2001 ab
828 1940 1020 2019 angelo
1070 1934 1307 2017 proferre
1356 1950 1685 2005 siderentur.
1736 1951 1791 2007 in

194 2035 541 2107 episcopatus
586 2030 860 2096 iunctione
891 2042 961 2096 ita
1006 2046 1063 2098 se
1098 2042 1291 2113 gessit,
1328 2053 1383 2098 ut
1411 2040 1650 2100 Celebres‘
1682 2050 1793 2101 ma-

192 2128 345 2198 jores
375 2140 502 2185 suos
544 2129 658 2200 ipse
703 2118 987 2188 celebriorl
1017 2135 1227 2189 Viveudi
1270 2137 1477 2193 ratione
1518 2138 1681 2194 etiam
1726 2136 1790 2194 il-

200 2214 468 2277 insuerit.
501 2208 610 2278 Nec
666 2226 843 2281 tamen
884 2212 969 2281 vel
1008 2228 1071 2283 ex
1112 2229 1325 2299 generis
1371 2224 1675 2297 splendore,
1709 2230 1791 2285 vel

192 2308 469 2381 pontiﬁcis
502 2313 757 2385 dignitate
785 2316 901 2386 ejus
933 2312 1172 2372 animum
1207 2310 1310 2373 ulla
1350 2318 1549 2374 iniiavit
1597 2318 1788 2387 elatio;

191 2392 389 2470 spiritu
422 2407 621 2475 'pa‘tiper
654 2408 796 2476 prius
830 2402 1070 2465 moribus
1102 2408 1209 2479 egit
1255 2402 1561 2482 pontificem
1584 2456 1597 2477 ,
1631 2418 1788 2482 quam

190 2493 264 2547 a‘d
296 2486 564 2565 pontiﬁcis
604 2492 826 2569 gradum
875 2506 1020 2557 esset
1066 2506 1307 2559 evectus.
1339 2503 1578 2560 Collatus
1621 2506 1792 2563 litttioi‘

191 2592 379 2640 tantus
416 2602 539 2643 eum
592 2591 796 2646 meritis
838 2594 1189 2663 conspicuum
1239 2604 1343 2649 non
1391 2586 1542 2661 iccit,
1574 2594 1668 2653 sed
1711 2598 1791 2653 iii-

191 2680 351 2735 venit
388 2698 401 2734 :
434 2682 629 2738 virtute
651 2683 946 2741 instructus
971 2697 1086 2741 erat
1128 2696 1413 2757 antequam
1443 2702 1585 2745 esset
1612 2705 1793 2747 sacer-

194 2771 321 2827 dos.
342 2772 652 2832 Sacerdotio
680 2778 844 2831 virtus
866 2779 1059 2847 pariter
1084 2794 1177 2833 sua
1205 2778 1411 2849 accepit
1441 2782 1787 2838 incrementa.

191 2861 332 2917 Tota
370 2865 487 2934 ejus
518 2866 568 2921 iit
599 2867 910 2938 pontiﬁcatu
944 2871 1051 2927 vita
1080 2872 1200 2926 talis
1231 2873 1329 2927 fuit
1360 2884 1479 2944 que
1519 2878 1793 2945 paullil'cis

191 2955 435 3012 ofﬁciunt
468 2971 521 3014 et
559 2962 722 3015 verbo
751 2973 806 3017 et
849 2946 1095 3033 exemplo
1143 2975 1442 3034 prmstaret.
1501 2952 1607 3022 Nec
1635 2970 1789 3039 culpa

191 3063 392 3106 vacare
432 3052 665 3121 putavit,
694 3053 1005 3126 judicioque
1033 3056 1217 3111 divino
1255 3056 1548 3113 obnoxium
1578 3074 1642 3115 ae
1679 3061 1791 3116 fore

191 3143 405 3210 timuit,
439 3146 481 3199 si
513 3146 603 3215 qui
634 3146 736 3202 sibi
771 3149 858 3202 uni
900 3161 1055 3204 antea
1097 3144 1639 3219 privatusvixisset,
1677 3134 1791 3220 Iam

191 3237 483 3306 episcopus
534 3254 639 3292 non
688 3240 893 3296 viveret
940 3241 1227 3298 universis.
1260 3242 1386 3299 inde
1417 3244 1551 3297 adeo
1593 3244 1786 3298 factum

192 3341 300 3399 est,
332 3341 391 3387 ut
414 3333 528 3402 ipse
552 3349 766 3404 semper
790 3337 990 3406 aliquid
1011 3338 1270 3407 adiiceret
1293 3339 1359 3394 ad
1388 3340 1613 3395 virtutes
1638 3344 1787 3406 suns,

193 3434 255 3479 et
287 3424 541 3482 Dominus
585 3427 651 3482 ad
699 3442 975 3483 coronam.
1013 3427 1251 3485 Cantans
1299 3430 1480 3500 itaque
1519 3433 1789 3487 canticum

194 3519 494 3587 graduum.
527 3520 581 3577 in
621 3534 738 3574 eam
776 3534 959 3575 curam
1002 3521 1238 3577 intentus
1268 3522 1400 3589 fuit,
1432 3539 1500 3579 ne
1526 3524 1593 3578 ad
1641 3524 1791 3580 illam

196 3619 485 3681 supernam
525 3607 807 3669 civitatem
831 3615 980 3670 solus
1015 3616 1333 3673 ascenderet
1352 3656 1367 3683 ,
1397 3618 1493 3672 sed
1523 3618 1699 3693 socios
1724 3635 1791 3675 eo

208 3718 393 3761 secum
424 3707 719 3776 permultos
746 3707 1059 3765 adduceret.
1085 3711 1262 3780 Atque
1288 3711 1342 3765 in
1374 3710 1473 3767 hac
1496 3711 1579 3765 via
1605 3725 1793 3768 servus

198 3795 299 3853 Dei
325 3790 643 3869 simpliciter
675 3803 907 3869 prudens
932 3811 985 3857 et
1010 3802 1273 3857 severiter
1301 3802 1458 3869 lenis,
1485 3802 1790 3858 doctrinam

199 3892 332 3959 vita,
373 3908 550 3948 mores
599 3895 852 3950 comitate
881 3909 943 3951 ac
984 3894 1418 3958 mansuetudine,
1454 3895 1629 3950 zelum
1662 3895 1794 3965 legis

202 3984 425 4040 scientia
456 3986 871 4042 commendavit.
904 3987 1057 4043 Unde
1082 3986 1282 4044 factum
1311 3996 1398 4044 est
1427 3997 1484 4042 ut
1514 3988 1664 4043 illum
1694 4003 1792 4059 po-

202 4077 311 4147 puli
334 4076 486 4134 favor
512 4088 568 4135 et
595 4082 767 4149 gratia
808 4081 1108 4150 principum
1131 4122 1148 4147 ,
1178 4096 1459 4137 sermones
1489 4096 1615 4138 vero
1646 4081 1787 4138 illius

201 4184 308 4231 utin
335 4174 619 4231 mediocris
646 4187 932 4233 consecuta
959 4178 1028 4233 sit
1050 4180 1363 4234 auctoritas.

274 4266 366 4321 t5.
406 4266 549 4324 inter
579 4268 691 4323 haec
721 4279 899 4325 autem
932 4270 1023 4325 ille
1051 4269 1267 4326 humilis
1304 4279 1359 4326 et
1397 4270 1501 4326 sibi
1543 4280 1796 4327 constans

202 4360 582 4430 permanebat,
614 4362 872 4417 adversus
902 4378 967 4421 ea
997 4364 1179 4419 omnia
1221 4364 1440 4434 pervigil
1482 4373 1537 4420 et
1564 4364 1796 4420 circum-

203 4463 441 4523 spectus,
471 4469 590 4527 qua
630 4455 879 4512 auliurari
925 4457 1098 4513 solent
1137 4457 1300 4512 animi
1346 4457 1484 4514 bene
1511 4460 1794 4528 eommsiti

201 4546 514 4616 puritatem.
572 4549 773 4604 Eodem
827 4550 977 4605 vultu
1024 4560 1079 4605 et
1124 4549 1345 4605 immoto
1392 4560 1608 4620 pectore
1656 4549 1797 4606 inter

201 4650 460 4711 prospera
484 4650 539 4696 et
568 4642 793 4698 adversa
838 4642 1182 4712 perdurabtit.
1215 4643 1350 4697 Cum
1390 4641 1652 4712 Apostoio
1699 4659 1792 4697 ca-

200 4734 434 4805 stigabat
477 4744 676 4806 corpus
723 4752 914 4803 suum,
960 4736 1182 4808 jejuniis
1230 4748 1284 4792 et
1333 4736 1620 4792 multifaria
1670 4736 1796 4791 illud

200 4825 492 4884 afﬂictione
543 4845 895 4900 persequens,
943 4830 1086 4886 unde
1130 4840 1184 4885 et
1228 4830 1534 4885 confirmari
1575 4830 1799 4898 spiritus

200 4929 574 4986 assuesceret,
623 4931 680 4977 et
720 4938 847 4978 caro
890 4922 1069 4977 carnis
1113 4922 1379 4977 oblivisci.
1425 4921 1669 4977 Addebat
1716 4922 1799 4976 bis

200 5011 365 5067 etiam
392 5027 575 5069 sacras
599 5014 830 5084 vigilias,
859 5028 1083 5083 quarum
1115 5016 1356 5083 perpetui
1394 5016 1542 5069 luere
1566 5014 1799 5069 comites

200 5103 375 5159 etalti
412 5106 642 5174 gemitus
690 5116 745 5161 et
796 5106 1142 5161 fecundarum
1190 5107 1358 5174 gratia
1408 5105 1793 5175 lacrymarum.

201 5193 379 5264 Atque
410 5195 465 5251 id
493 5205 660 5265 genus
688 5197 880 5252 studiis
914 5198 1179 5266 potiorem
1212 5197 1386 5252 noctis
1411 5208 1615 5266 partem
1647 5199 1800 5252 attri-

130 5298 133 5299 '
203 5284 401 5351 hircus,
436 5286 488 5341 iu
518 5289 711 5358 spiritu
740 5288 1063 5345 humilitatis
1104 5298 1161 5344 et
1190 5291 1370 5345 animo
1414 5291 1646 5345 contrito
1681 5290 1799 5360 pin-

156 5366 159 5370 4
200 5378 520 5449 gnissimum
554 5382 667 5438 Deo
697 5382 972 5439 cremabat
1016 5382 1409 5439 holocaustum.
1452 5385 1508 5441 Si
1537 5384 1666 5455 quid
1711 5385 1797 5439 in-

202 5472 380 5530 terdiu
420 5475 601 5533 minus
640 5476 860 5534 fecisset
902 5486 1063 5548 quam
1095 5490 1189 5547 par
1217 5490 1339 5534 esse
1369 5488 1608 5549 putaret,
1640 5478 1799 5549 idque

201 5568 431 5637 uelutis
480 5574 834 5629 istecularibus
889 5574 1213 5644 impeditus;
1272 5582 1429 5629 noctu
1488 5573 1790 5643 supplebat.

199 5659 317 5718 Nox
345 5666 576 5722 secretis
621 5668 871 5738 pmibus
898 5678 953 5725 et
994 5669 1189 5725 divina:
1219 5669 1664 5737 contemplationi
1696 5684 1793 5725 ac-

199 5756 611 5827 commodatior,
656 5762 721 5815 ad
774 5763 1002 5817 mandas
1050 5760 1380 5831 ejuscemodi
1434 5760 1638 5816 hostias
1676 5762 1790 5815 viro

170 5837 305 5906 'Dei
357 5859 597 5920 optatam
647 5852 906 5909 afferebat
955 5856 1405 5926 opportunitatem
1446 5864 1500 5910 et
1544 5855 1786 5923 copiam;

202 5947 345 6004 diem
378 5948 555 6001 autem
598 5948 679 6004 vel
728 5954 881 6004 sacra
925 5950 1112 6006 concio
1157 5950 1241 6006 vel
1291 5947 1499 6019 publica
1530 5946 1631 6005 sibi
1672 5947 1787 6005 vin-

1747 390 1927 452 νηί.

1817 506 2111 573 Λιίἰεέιυειι
2140 510 2364 578 utilitas,
2411 511 2483 569 ita
2534 524 2711 571 tamen
2753 518 2812 572 ut
2848 526 2903 572 et
2950 517 3133 575 uelites
3168 517 3227 578 ﬁt
3267 520 3385 580 ditis
3431 528 3488 584 lii
3522 554 3527 565 -

3387 407 3495 470 (340
3519 420 3527 437 ‘

1905 602 2026 669 eius
2071 603 2402 673 expenderet
2454 606 2758 679 obaequiis,
2801 609 2895 681 qui
2938 619 2996 667 et
3038 621 3222 670 noctes
3269 625 3326 672 et
3369 618 3527 677 dies

1799 721 1808 730 -
1902 695 2161 752 condidit.

1968 807 2061 864 to.
2104 808 2245 865 Nihil
2273 809 2392 883 ejus
2432 814 2489 869 in
2536 814 2835 875 actionibus
2874 812 3194 882 cernebatur
3234 826 3376 898 quod
3419 828 3493 897 att

1912 902 2081 960 Deum
2117 906 2221 959 non
2253 907 2576 977 pertineret;
2606 908 2737 967 nihil
2768 912 2820 970 ili
2847 910 3180 975 sermonibus
3211 916 3328 991 ejus
3357 912 3495 978 olio-

1901 1007 2020 1050 suni
2055 997 2469 1067 percipieiidwrt
2500 1002 2580 1058 Ad
2609 1002 2782 1062 altare
2812 1010 2935 1064 farti
2973 1008 3090 1067 sine
3119 1006 3391 1087 tacrymis,
3424 1014 3490 1073 ad

1898 1096 2144 1143 mensam
2170 1096 2442 1161 nunquam
2486 1096 2605 1152 sine
2647 1092 2869 1166 lectore,
2902 1096 3175 1176 illlnquatll
3205 1110 3321 1164 Sine
3364 1110 3493 1166 eon-

1898 1181 2035 1235 vivis
2082 1184 2405 1253 pauperibus
2452 1186 2700 1244 accessit;
2747 1186 3054 1250 Periculose
3100 1198 3298 1268 corpus
3346 1192 3492 1269 pasci

1898 1274 2279 1344 arbitrabatur,
2315 1279 2415 1334 tiiSi
2448 1282 2651 1349 pariter
2679 1282 2732 1339 ei
2760 1280 3034 1345 CbrlStuni
3078 1291 3128 1346 in
3176 1295 3292 1360 ejus
3325 1292 3494 1350 melii-

1902 1364 2014 1421 bris
2061 1372 2334 1437 pasceret,
2378 1379 2432 1426 et
2476 1372 2593 1441 ipse
2634 1374 2776 1431 intus
2815 1382 2980 1437 Verbo
3028 1360 3121 1437 bet
3163 1376 3513 1453 paSbél‘eiUl‘.’

1830 1482 1833 1485 <
1904 1459 2089 1524 Qualis
2115 1464 2246 1515 varo
2291 1464 2554 1531 putandus
2585 1475 2671 1523 est
2716 1468 2878 1526 illisae
2906 1472 3027 1543 erga
3071 1472 3359 1544 proximos,
3405 1458 3517 1550 diti

1911 1558 2135 1605 suarum
2167 1551 2480 1621 iniuriarum
2510 1557 2812 1627 immemor,
2846 1562 3003 1618 etiam
3034 1564 3369 1626 liiiuiicitrllili
3413 1556 3495 1628 in-

1892 1638 2053 1710 juriis
2078 1640 2329 1698 dolebat?
2352 1644 2523 1712 Quem
2553 1649 2641 1703 ille
2667 1656 2899 1720 utiquam
2926 1664 3017 1710 aut
3046 1656 3185 1712 iacio
3210 1666 3299 1715 aut
3330 1660 3494 1719 Verbo

1897 1732 2151 1808 laederet,
2185 1737 2273 1805 qui
2325 1738 2491 1792 etiam
2540 1740 2699 1797 ltesus
2732 1742 2874 1800 ultro
2922 1746 3149 1817 ignovit,
3183 1754 3281 1808 nec
3329 1752 3517 1821 tratus,

1899 1825 2068 1879 solem
2099 1824 2229 1880 vidit
2255 1830 2706 1886 occumbentem?
2729 1834 2864 1903 Quid
2900 1836 2987 1892 illa
3021 1836 3197 1895 anima
3245 1848 3494 1902 mansne.-

1822 1896 1874 1959 Β
1903 1916 2026 1982 tius,
2058 1922 2178 1987 qua:
2216 1918 2349 1974 nulli
2391 1922 2603 1987 obesse,
2638 1896 2886 1981 omiilbus
2938 1928 3195 1997 pretioso:
3245 1896 3515 2005 cupiens,

1898 2007 2178 2063 charitatis
2206 2017 2260 2063 et
2302 2011 2450 2079 pacis
2479 2024 2597 2068 erat
2625 2015 2996 2073 domlellium?
3024 2020 3185 2079 Multa
3216 2024 3379 2081 animi
3408 2026 3496 2086 dti-

1900 2100 2118 2154 votione
2161 2115 2327 2171 opera
2374 2103 2727 2175 benignitatis
2776 2118 2830 2164 et
2878 2115 3264 2172 niiseriwrdltﬁ
3312 2120 3493 2189 price-

1896 2192 2183 2259 quebatur,
2204 2195 2560 2267 studebatque
2578 2201 2771 2256 adesse
2788 2204 3066 2272 desolatis,-
3085 2211 3303 2277 egentes
3321 2210 3493 2280 atere,

1897 2287 2105 2341 vestire
2129 2288 2326 2354 nudos,
2349 2301 2403 2345 et
2428 2294 2471 2347 si
2499 2294 2675 2360 reipsa
2701 2304 2805 2351 tiou
2834 2304 3035 2365 psset,
3061 2306 3301 2369 prompta
3326 2303 3491 2361 enini

1894 2375 2267 2436 benevolentia
2296 2385 2547 2439 omnibus
2578 2386 2719 2442 ferre
2762 2398 2940 2457 opem.
2975 2392 3316 2451 Contemsit!
3356 2382 3515 2452 ΗΜίὲ

1895 2486 2169 2542 nunquam
2208 2488 2332 2530 cum
2371 2477 2436 2532 iis
2472 2480 2563 2548 qui
2600 2481 2978 2549 gloriamini"
3030 2488 3234 2543 inalltla
3277 2489 3328 2544 lit
3372 2492 3513 2547 serv

1894 2570 2085 2620 mones
2131 2565 2343 2622 Domini
2388 2570 2679 2640 projiciaiit
2718 2585 3043 2643 retrorsum;
3088 2581 3287 2637 Christi

1893 2655 2027 2709 odor
2081 2660 2409 2728 permansit,
2458 2678 2594 2717 unus
2644 2663 2894 2737 idemque
2945 2685 3326 2741 perseverans,
3377 2677 3513 2739 sive.

1890 2742 2015 2802 cum
2042 2742 2140 2814 eis,
2172 2760 2228 2805 ut
2256 2740 2322 2807 ad
2354 2754 2629 2811 meliorem
2659 2773 2717 2811 se
2744 2760 2950 2830 frugem
2978 2763 3275 2832 reciperent
3294 2807 3310 2833 ,
3343 2768 3493 2825 blatt-

1894 2839 2121 2906 diretur,
2171 2845 2288 2898 sive
2340 2860 2464 2899 cum
2513 2843 2814 2904 obstinatos
2867 2855 3105 2910 severius
3162 2857 3489 2929 obiurgaret.

1892 2920 2083 2986 Uulnia
2132 2932 2199 2989 ex
2247 2922 2511 2993 charitate
2557 2936 2787 2996 faciebat
2842 2942 3137 3015 tlisdlptillts
3193 2920 3489 3011 ditaritatis.

1892 3023 2037 3079 Nihil
2088 3026 2161 3089 illi
2203 3044 2324 3083 cum
2374 3046 2745 3099 perversurum
2788 3039 2927 3093 vuiis
2976 3042 3050 3095 rei
3098 3052 3242 3110 erat,
3291 3060 3490 3114 prmicr

1895 3116 2079 3172 odidlu
2110 3120 2161 3175 dt
2194 3124 2598 3194 castigationem
2643 3128 2932 3185 vitiorum:
2965 3148 3084 3201 qua:
3107 3145 3161 3189 et
3192 3139 3370 3191 animo
3403 3142 3474 3193 in.

1895 3204 2129 3264 seeiaius
2152 3210 2264 3278 est,
2293 3206 2345 3267 ei
2374 3214 2657 3284 puniilicali
2683 3223 3002 3279 auctoritate
3029 3227 3285 3282 correxit.
3316 3230 3490 3285 Barros

1818 3289 1868 3353 0
1896 3308 1952 3354 et
1994 3300 2368 3358 observatores
2414 3307 2786 3365 mandatorum
2825 3312 2915 3368 Dei
2964 3327 3152 3371 sancto
3181 3328 3235 3373 et
3278 3322 3491 3377 sincero

1891 3396 2351 3465 complectebatur
2397 3398 2620 3468 affectu,
2673 3406 2977 3476 mutuisque
3021 3409 3489 3471 exhortationibus

1892 3497 1947 3543 et
1979 3489 2173 3556 profuit
2196 3500 2249 3545 et
2280 3491 2526 3559 profecit.

1965 3602 2054 3659 i7.
2092 3602 2362 3660 Germano
2403 3604 2689 3663 Parisiensi
2737 3612 3076 3668 sanctissimo
3117 3616 3390 3687 episcopo,
3420 3628 3508 3677 ut.

1889 3695 2000 3766 jam
2028 3709 2149 3754 ante
2174 3700 2374 3756 dictum
2402 3711 2513 3770 est,
2546 3704 2699 3761 valde
2723 3705 3003 3763 familiaris
3032 3710 3162 3781 fuit,
3187 3712 3507 3785 crebroque.

1892 3800 1949 3846 et
1975 3792 2301 3848 invisebatnr
2329 3797 2399 3851 ab
2430 3796 2543 3860 illo,
2571 3808 2624 3853 et
2654 3799 2769 3867 ipse
2801 3801 2948 3856 illum
2995 3804 3261 3860 visitabat.
3295 3807 3353 3861 iu
3396 3823 3506 3864 οδε

1895 3901 2012 3940 rum
2054 3888 2340 3958 colloquiis
2371 3899 2425 3944 et
2470 3892 2772 3949 actionibus
2815 3896 2946 3952 nihil
2999 3901 3333 3971 versabatur,
3383 3905 3495 3961 nisi

1897 3982 2036 4051 quod
2069 3981 2135 4036 ad
2169 3984 2468 4040 animarum
2502 3987 2633 4054 ipsis
2660 3992 3067 4050 commissarum
3095 3996 3324 4053 salutem
3365 4008 3503 4069 pera-

1904 4073 2125 4130 tineret.
2175 4076 2406 4131 Invicem
2452 4093 2511 4133 se
2548 4077 2745 4136 Christi
2792 4084 2990 4141 milites
3035 4088 3353 4157 armabant,
3384 4108 3503 4148 non,

1899 4168 2212 4239 ignorantes
2251 4171 2618 4229 adversarium
2665 4187 2907 4234 nostrum
2948 4181 3220 4239 diabolum
3268 4186 3501 4242 circuire

1900 4271 1955 4319 et
1984 4280 2228 4333 quazrere
2252 4281 2412 4336 quem
2443 4268 2670 4325 devoret
2695 4289 2710 4328 :
2742 4274 2827 4328 cui
2879 4276 3194 4333 resistebant
3239 4278 3404 4336 fortes
3435 4283 3501 4339 ill.-

1900 4354 2025 4421 ﬁde,
2057 4358 2213 4412 veriti
2265 4374 2369 4413 non
2419 4375 2478 4416 se
2529 4363 2806 4420 habituros
2861 4368 3171 4434 pontiﬁcum
3203 4373 3414 4438 merita,
3446 4376 3499 4429 si

1901 4452 1969 4505 de
2017 4452 2253 4521 principe
2285 4454 2657 4521 tenebrarum,
2689 4457 2757 4512 de
2785 4473 2891 4527 quo
2920 4461 3028 4525 jam
3061 4462 3159 4530 ipsi
3205 4464 3498 4531 triumpha-

1907 4556 2029 4599 rant
2077 4544 2241 4600 etiam
2290 4547 2379 4601 alii
2416 4563 2508 4616 per
2540 4549 2685 4617 ipsos
2726 4564 2828 4604 non
2873 4551 3279 4621 triumpharent.
3317 4555 3499 4633 Itaque

1899 4637 2000 4692 viri
2034 4636 2107 4691 illi
2149 4638 2532 4694 misericordia:
2581 4640 2807 4695 sollicite
2849 4658 2915 4696 eo
2959 4645 3397 4713 cunnitebantur,
3441 4657 3500 4706 ut

1905 4729 2245 4799 quotidianae
2297 4728 2667 4787 infestationcs
2714 4742 2771 4787 et
2809 4734 3026 4789 insidias
3072 4738 3291 4809 maligni
3324 4739 3497 4799 hostis

1906 4824 2188 4879 eliderent.
2220 4823 2395 4894 Atque
2440 4826 2494 4879 in
2542 4824 2644 4879 hoc
2675 4836 2897 4896 uterque
2928 4836 3069 4883 totus
3108 4839 3253 4895 erat,
3281 4840 3340 4887 ut
3380 4832 3499 4890 sive

1906 4929 2031 4970 eum
2053 4914 2256 4969 Martha
2285 4916 2474 4971 sedulo
2502 4918 2899 4987 ministrarent,
2929 4921 3046 4979 sive
3067 4937 3189 4979 cum
3221 4924 3385 4981 tiaris
3414 4942 3499 4985 se-

1905 5010 2097 5063 derent
2123 5009 2191 5063 ad
2224 5008 2386 5079 pedes
2410 5009 2573 5076 .iesu,
2605 5026 2828 5081 regnum
2857 5015 3053 5072 diaboli
3080 5019 3499 5091 imminuereut,

1905 5109 1960 5157 et
2005 5100 2095 5155 Dei
2126 5101 2400 5157 civitatem
2450 5116 2731 5173 augerent.
2764 5108 2935 5175 Quam
2974 5112 3132 5166 etiam
3163 5112 3235 5166 ob
3279 5127 3497 5172 causam

1902 5192 2091 5247 beatus
2126 5193 2441 5261 Domnulus,
2471 5210 2536 5251 ex
2578 5198 2816 5269 ejusdem
2865 5204 3034 5257 sancti
3080 5203 3335 5260 Germani
3365 5220 3496 5263 com

1900 5284 2040 5352 silio,
2083 5284 2141 5342 in
2183 5286 2416 5344 civitatis
2462 5302 2574 5345 suta
2621 5292 2877 5349 suburbio
2929 5297 3318 5353 monasterium
3369 5313 3501 5356 coa-

1900 5380 2132 5443 straxit;
2159 5381 2215 5436 in
2242 5396 2349 5453 quo
2393 5390 2450 5439 et
2488 5382 2564 5439 illi
2612 5400 2749 5454 quos
2796 5395 3086 5456 tempestas
3117 5389 3277 5460 hujus
3328 5393 3496 5451 meris

1902 5476 2083 5548 magni
2112 5485 2168 5533 et
2207 5477 2427 5546 spatiosi
2471 5478 2803 5548 iactaverat,
2836 5483 3150 5538 monasticae
3195 5485 3500 5555 tranquilli-

1903 5572 2032 5627 tatis
2065 5580 2279 5641 portum
2310 5572 2522 5641 adepti,
2555 5573 2914 5643 reSpirareni,
2945 5583 3001 5629 et
3027 5576 3144 5645 ipse
3173 5580 3337 5633 certis
3366 5588 3501 5635 temu-

1901 5665 2121 5736 poribus
2146 5664 2539 5731 sollicitudinis,
2567 5682 2685 5736 quae
2712 5682 2777 5721 ex
2806 5666 3113 5725 ministerio
3132 5681 3387 5740 suscepto
3419 5674 3501 5727 in-

1901 5758 2219 5823 cumb‘ebat,
2250 5758 2486 5813 laboren.
2507 5800 2521 5822 ,
2553 5767 2753 5814 sancta:
2791 5761 3262 5833 contemplationis
3290 5764 3404 5819 otio
3442 5773 3501 5820 at

1902 5852 2187 5923 refrigerio
2226 5852 2516 5918 relevaret,
2550 5851 2649 5919 At,
2685 5860 2743 5906 tit
2782 5866 2945 5923 supra
2986 5871 3201 5928 quoque
3240 5857 3495 5924 diximus,

1902 5946 1954 6004 ei
1981 5944 2315 6003 monasterio
2349 5943 2417 6002 de
2452 5943 2695 6004 ecclesiae
2741 5962 2853 6006 sua
2879 5950 3314 6029 possessionibus
3340 5964 3501 6024 quas-
