4076 6348
557 373 659 427 σιτ
1414 373 1662 433 SANCTI
1700 372 2039 439 DOMNULI,
2081 368 2615 428 CENOMANENSIS
2655 364 2963 423 EPISCOPI
2996 386 3013 419 .'
3739 361 3855 417 648

555 477 676 540 dam
712 482 958 554 donavit,
1000 484 1133 541 nihil
1170 498 1231 541 se
1274 486 1468 543 fecisse
1505 488 1838 555 existimans,
1886 488 1988 542 nisi
2032 486 2141 542 illis
2167 491 2219 552 Α
2244 484 2375 541 ωυιὶ
2405 499 2561 549 uxor,
2594 491 2851 553 quartana
2899 479 3047 536 febre
3084 477 3355 544 divexata,
3388 476 3457 533 ad
3494 475 3619 547 ejus
3659 490 3863 532 moon-

555 578 751 648 quibus
775 577 991 633 domum
1017 580 1280 636 orationis
1310 590 1682 638 construxerat
1710 581 1871 636 etiam
1900 580 2024 635 vitae
2052 579 2147 637 de-
2254 588 2493 633 mentum
2519 576 2763 642 veniens,
2794 582 2853 630 ut
2877 574 2930 629 in
2962 588 3152 628 somno
3180 572 3451 627 admonita
3477 578 3624 637 erat,
3660 585 3864 626 orans-

553 671 743 743 genda:
770 685 858 725 res
886 672 1216 727 necessarias
1246 673 1563 745 assignaret.
1608 663 1617 672 ’
2250 684 2355 739 que
2383 668 2490 724 illic
2515 683 2636 723 cum
2662 665 3035 729 luminaribus,
3066 672 3121 720 et
3148 664 3325 718 triduo
3353 664 3657 731 excubans,
3696 659 3866 716 tueri-

634 764 722 819 18.
763 763 932 819 Porro
964 774 1143 820 autem
1174 765 1380 822 militia:
1420 768 1713 824 certamine
1756 771 1865 838 jam
1906 777 2145 838 peracto,
2251 764 2319 818 tis
2340 760 2596 818 beativiri
2620 760 2842 815 salutem
2868 758 3405 829 impetravit.Qu.irto
3427 758 3594 812 etiam
3618 754 3866 809 dieczeci

555 866 611 911 et
655 856 1001 926 impendente
1040 860 1381 915 resolutionis
1416 861 1535 931 ejus
1567 870 1829 929 tempore,
1873 860 2039 931 coepit
2068 863 2149 915 vir
2252 865 2362 910 tres
2391 854 2457 908 ad
2480 853 2598 923 ejus
2621 853 2882 907 tumulum
2908 851 3061 907 nobis
3087 848 3490 920 aspectantibus
3519 860 3751 911 venere_
3781 856 3871 898 at-

558 948 675 1019 pius
708 950 894 1005 morbo
926 950 1193 1018 laborare,
1229 967 1327 1007 nec
1360 962 1536 1008 tamen
1566 968 1627 1008 os
1657 955 1774 1024 ejus
1803 954 1975 1007 morbi
2008 952 2089 1007 vis
2118 966 2147 1004 a
2251 961 2356 1016 que
2384 944 2508 999 inde
2554 947 2673 1000 luce
2700 944 3060 1013 redintegrata
3090 944 3386 999 incolumes
3413 941 3623 997 abiere.
3656 938 3865 994 Multos

559 1039 823 1097 laudando
868 1043 975 1098 Deo
1015 1045 1187 1112 potuit
1214 1045 1487 1101 cohibere.
1515 1047 1833 1103 Convocans
1862 1054 2039 1101 autem
2068 1046 2151 1099 di-
2250 1041 2864 1099 aliosdiversisafﬁictos
2877 1040 3080 1095 morbis
3101 1039 3167 1094 ad
3186 1039 3303 1109 ejus
3324 1038 3636 1108 sepulcrum
3657 1036 3861 1090 venire

562 1135 799 1202 scipulos
845 1150 992 1204 suos,
1022 1137 1162 1193 diem
1193 1148 1248 1193 et
1289 1139 1475 1193 horam
1524 1140 1702 1195 obitus
1744 1141 1823 1194 sui
1872 1139 1978 1193 illis
2010 1155 2147 1207 prxe-
2252 1137 2655 1207 conspeximus,
2700 1134 3025 1204 eosdemque
3070 1132 3214 1189 beati
3269 1132 3369 1186 viri
3422 1130 3634 1187 meritis
3690 1142 3861 1183 sanos

561 1225 697 1281 dixit
735 1227 1017 1285 imminere
1048 1247 1062 1285 :
1096 1230 1384 1302 docuitque
1422 1248 1517 1288 eos
1559 1233 2149 1304 quemadinodnmvan-
2251 1234 2378 1290 inde
2408 1234 2659 1289 recedere
2694 1232 2943 1287 vidimus.
2974 1229 3145 1285 Nimis
3182 1239 3361 1284 autem
3392 1226 3586 1298 prolixi
3616 1223 3854 1285 erimus,

562 1318 696 1388 tiqui
726 1319 896 1376 hostis
919 1321 1138 1377 insidias
1168 1335 1451 1393 caverent,
1476 1340 1521 1381 e.
1557 1341 1586 1379 a
1617 1327 1761 1381 malo
1788 1341 1847 1381 se
1877 1326 2150 1380 abstinen-
2252 1327 2298 1383 si
2338 1325 2517 1381 audita
2564 1333 2619 1381 et
2662 1325 2778 1381 visa
2828 1323 3009 1379 omnia
3054 1322 3264 1378 relerre
3306 1320 3534 1375 velimus
3566 1335 3582 1372 :
3630 1326 3866 1387 possunt

563 1418 664 1478 tes,
692 1412 845 1468 bonis
865 1416 1118 1484 operibus
1144 1392 1487 1473 inhaererent.
1515 1416 1718 1473 Deinde
1741 1416 1870 1487 ipsis
1895 1417 2147 1474 Kalendis
2250 1436 2314 1476 ea
2346 1435 2464 1491 qua
2494 1419 2732 1477 diximus
2776 1416 2844 1473 ad
2886 1392 3046 1473 ﬁdem
3090 1415 3388 1471 faciendam
3429 1412 3688 1469 ﬁdelibus
3741 1409 3860 1467 suf-

562 1504 875 1561 Decembris
902 1508 953 1561 itt
984 1518 1261 1563 senectute
1293 1510 1432 1565 bona
1461 1510 1541 1564 vir
1571 1511 1908 1566 beatissimus
1938 1512 1989 1565 in
2019 1526 2148 1580 pace

560 1598 797 1669 quievit,
829 1600 1189 1671 humatusque
1225 1612 1307 1658 est
1339 1618 1370 1657 a
1394 1603 1673 1673 discipulis
1701 1605 1811 1659 suis
1841 1606 1891 1660 in
1920 1606 2147 1660 ecclesia

560 1687 839 1745 beatorum
900 1701 1194 1761 martyrum
1260 1693 1523 1750 Vincentii
1579 1706 1637 1751 et
1692 1675 1997 1762 Laurentii,
2059 1697 2147 1751 ubi

558 1778 718 1852 longe
747 1792 869 1837 ante
909 1784 1212 1853 sepulcrum
1246 1786 1401 1841 beato
1430 1786 1698 1841 Germano
1744 1788 1857 1857 ipse
1892 1789 2147 1845 condide-

560 1882 666 1979 rat:
702 1874 781 1928 Eo
806 1874 859 1929 in
904 1876 1023 1931 loco
1052 1878 1259 1933 meritis
1284 1888 1340 1934 et
1377 1882 1627 1950 precibus
1661 1882 1779 1952 ejus
1809 1884 1959 1937 multi
2004 1900 2147 1939 mor-
2178 1919 2227 1979 Β

559 1965 672 2023 bidi
694 1968 921 2038 gratiam
949 1972 1196 2027 sanitatis
1223 1974 1485 2029 obtinent.
1515 1974 1645 2029 Nam
1678 1980 1833 2030 tertio
1858 1976 1945 2032 die
1974 1986 2150 2032 trans-

559 2059 778 2120 lationis
798 2064 931 2135 ejus,
958 2067 1025 2121 ad
1047 2068 1349 2137 sepulcrum
1375 2069 1493 2139 ejus
1514 2085 1909 2140 energumenus
1928 2072 2147 2141 quidam

562 2158 655 2230 qni
676 2173 735 2214 se
755 2159 928 2229 ipsum
944 2160 1281 2231 discerpebat
1296 2162 1556 2218 adductus
1572 2171 1685 2229 est;
1705 2174 1892 2233 etpost
1916 2164 2148 2219 triduum

544 2238 801 2317 xcuratus,
844 2251 1058 2307 domum
1099 2269 1219 2309 cum
1275 2255 1584 2324 parentibus
1637 2270 1823 2325 sospes
1864 2257 2147 2312 abscessit.

560 2344 847 2416 Multisque
874 2348 1030 2401 annis
1075 2347 1350 2403 nobiscum
1396 2363 1557 2403 sanus
1590 2364 1931 2418 permanens,
1965 2349 2056 2404 Dei
2089 2364 2149 2405 se

563 2437 817 2494 devomtn
848 2441 1055 2496 studuit
1100 2442 1356 2498 exhibere
1399 2444 1681 2498 cultorem.
1715 2442 1915 2497 Deinde
1963 2457 2149 2499 mense

562 2528 876 2599 Februario,
899 2532 987 2590 die
1009 2533 1240 2603 sabbati,
1264 2533 1543 2605 cujusdam
1575 2546 1771 2590 nostra:
1799 2535 2043 2591 ecclesia:
2074 2536 2152 2590 fa-

565 2692 2541 2724 ww“

2259 1513 2444 1568 ficere.

2324 1608 2413 1661 19.
2447 1605 2514 1661 Et
2546 1620 2687 1660 nunc
2711 1605 3057 1661 obsecramus
3086 1603 3334 1659 eumdem
3367 1600 3753 1658 beatissimum
3780 1614 3862 1671 pa-

2253 1710 2470 1757 tronum
2518 1710 2761 1756 nostrum
2793 1710 3038 1757 sanctum
3069 1698 3422 1765 Domnolum,
3465 1706 3543 1779 ut.
3567 1711 3666 1767 pro
3698 1710 3861 1765 supe-

2254 1798 2413 1854 rioris
2462 1798 2585 1852 vita:
2647 1800 2880 1869 peccatis
2927 1797 3127 1854 nostris
3179 1796 3275 1852 Dei
3323 1795 3671 1852 clementiam
3734 1795 3861 1851 velit

2252 1906 2501 1956 exorare,
2528 1890 2862 1960 gratiamque
2885 1889 3039 1944 nobis
3067 1889 3135 1943 ab
3166 1888 3257 1944 illo
3282 1888 3594 1957 impetrare,
3621 1895 3681 1941 ut
3708 1885 3861 1941 dein-

2254 1998 2382 2054 ceps
2409 1997 2439 2037 a
2471 1982 2624 2036 malis
2655 1998 2753 2038 nos
2782 1982 3185 2048 abstineamus;
3227 1990 3285 2036 ut
3329 1988 3694 2037 sacrosancte
3742 1979 3862 2034 Tria

2254 2076 2406 2131 nitati
2432 2077 2799 2143 reconciliati,
2824 2077 2922 2131 etsi
2947 2076 3069 2145 ejus
3089 2074 3274 2145 gloria:
3297 2073 3589 2143 participes
3611 2086 3739 2128 esse
3760 2087 3862 2126 non

2254 2184 2545 2236 tueremur,
2589 2169 2777 2223 saltem
2825 2177 3168 2238 peccatorum
3218 2167 3597 2222 remissionem
3646 2162 3862 2233 adepti,

2252 2261 2320 2317 ab
2354 2262 2641 2331 impioruut
2687 2262 2961 2315 consortio
3010 2273 3364 2329 separemur:
3401 2265 3699 2327 praestante
3748 2256 3857 2310 Do-

2256 2356 2401 2407 mino
2434 2362 2619 2407 nostro
2647 2352 2776 2407 Jesu
2815 2352 3054 2419 Christo,
3078 2352 3166 2422 qui
3212 2366 3332 2405 cum
3364 2350 3525 2405 Patre
3553 2357 3615 2403 et
3655 2347 3861 2418 Spiritu

2254 2456 2442 2500 sancto
2467 2447 2628 2511 vivit,
2657 2455 2713 2500 et
2740 2444 3070 2514 gloriﬁcatur
3101 2443 3243 2500 Deus
3282 2458 3380 2513 per
3409 2441 3621 2498 inﬁnita
3661 2438 3860 2497 szecula

2256 2538 2596 2593 samulorum.
2626 2536 2818 2593 Amen.

1465 2692 3853 2730 Μ

2548 2712 2864 2724 ———-

831 2849 1260 2939 SANCTI
1312 2851 1877 2944 DOMNOLI
1909 2888 1939 2941 9
2024 2851 2943 2940 CENOMANENSIS
3012 2850 3549 2936 EPISCOPI
3584 2889 3619 2932 9

1645 3051 2103 3198 ALIA
2214 3050 2740 3199 VITA.

1944 3282 2037 3346 (Ea;
2059 3292 2148 3329 ms.
2189 3277 2485 3341 Amolensi.)

637 3507 687 3565 l.
730 3505 825 3562 Vir
866 3488 1086 3561 illustris
1122 3502 1376 3558 dominus
1417 3503 1729 3569 Domnulus,
1778 3503 2149 3558 Ceuomanicae
2180 3509 2230 3567 Α
2256 3509 2528 3570 cmperat,
2574 3499 2801 3556 miriﬁce
2846 3500 3220 3570 ampliﬁcavit,
3265 3508 3320 3555 et
3366 3500 3539 3557 ferme
3583 3504 3841 3575 quinqua-

561 3600 793 3662 civitatis
837 3600 1147 3671 episcopus,
1180 3599 1395 3654 natione
1444 3598 1741 3666 alienigena
1778 3596 2151 3664 nobilibusque

561 3711 629 3755 ex
661 3696 970 3767 parentibus
1008 3705 1180 3761 ortus,
1211 3708 1597 3763 successorque
1636 3691 1776 3747 beati
1820 3691 2148 3757 Innocentis,

565 3789 804 3859 ejusdem
838 3788 985 3844 urbis
1017 3788 1285 3858 praesulis,
1319 3787 1439 3857 qui,
1484 3796 1705 3857 propter
1748 3800 1984 3841 amorem
2028 3783 2150 3851 Dei,

564 3884 791 3952 patriam
814 3893 977 3951 atque
997 3896 1210 3936 omnem
1240 3883 1628 3949 possessionem
1651 3894 1799 3945 suam
1824 3880 2151 3946 relinquens,

567 3971 839 4043 profectus
868 3983 949 4028 est
979 3975 1230 4038 Romam,
1264 3974 1447 4027 limina
1488 3974 1762 4027 beatorum
1792 3972 2152 4040 apostolorum

568 4084 726 4125 causa
768 4070 1027 4124 orationis
1074 4069 1407 4123 visitaturus.
1456 4068 1584 4122 lnde
1633 4081 1846 4138 quoque
1897 4066 2155 4120 remeavit

568 4176 736 4233 usque
763 4163 829 4217 ad
859 4162 1276 4217 Ceuomanicam
1300 4161 1569 4214 civitatem
1587 4202 1601 4226 ,
1631 4169 1685 4215 et
1708 4160 1760 4214 in
1783 4172 1900 4214 eam
1928 4157 2155 4212 Domino

570 4254 798 4311 ducente
827 4254 1087 4325 Pervenit.
1125 4256 1239 4324 Ipsa
1270 4268 1398 4324 ergo
1427 4252 1640 4307 civitate
1668 4261 1722 4307 et
1763 4250 1959 4322 populo
1990 4251 2154 4319 ipsius

569 4347 841 4418 parochite
878 4346 1149 4417 indigente
1178 4344 1450 4415 pontiﬁce,
1480 4355 1532 4399 et
1564 4346 1742 4414 aliquo
1772 4354 2012 4413 tempore
2035 4343 2156 4398 abs-

570 4454 673 4511 que
706 4441 820 4511 ipso
846 4447 1087 4506 vacante,
1124 4438 1440 4509 praedictum
1482 4438 1760 4493 dominum
1805 4436 2152 4501 Domnolum,

569 4535 675 4605 jam
704 4535 1004 4605 pontiﬁcem
1028 4533 1363 4598 ordinatum,
1387 4532 1719 4602 gratulanter
1744 4531 1794 4586 in
1822 4530 2159 4601 pontiﬁcatus

570 4628 813 4683 ordinem
847 4628 1071 4681 Domino
1099 4628 1423 4696 disponente
1452 4633 1834 4693 susceperunt;
1865 4633 1919 4677 et
1961 4623 2159 4691 princi-

569 4734 664 4793 pes
689 4722 928 4793 ejusdem
969 4721 1222 4791 regionis,
1253 4729 1415 4792 atque
1462 4718 1773 4775 sacerdotes
1816 4718 1929 4773 sive
1972 4716 2156 4770 clerici

569 4815 656 4870 vel
700 4816 905 4871 nobiles
933 4830 1119 4871 omnes
1171 4814 1338 4883 ipsius
1386 4813 1675 4881 parochias,
1718 4826 1841 4867 eum
1886 4808 2157 4878 deprecati

2257 3596 2400 3665 ginta
2433 3594 2724 3650 monachos
2756 3594 2826 3649 ibi
2858 3595 3128 3666 regulares
3153 3594 3350 3665 degere
3377 3597 3697 3663 constituit,
3729 3599 3836 3669 ple-

2259 3702 2431 3758 neque
2456 3688 2535 3742 eis
2560 3688 2807 3743 vietualia
2835 3688 2887 3741 in
2912 3688 3161 3743 omnibus
3189 3690 3603 3745 necessitatibus
3629 3701 3837 3765 eorum,

2259 3779 2373 3833 sive
2430 3782 2831 3849 peregrinorum
2892 3788 3051 3851 atque
3114 3780 3513 3837 adventantium
3577 3783 3833 3856 fratrum,

2257 3873 2559 3943 adimpleos
2585 3874 2742 3931 docte
2771 3875 3069 3945 supplevit,
3099 3886 3154 3932 et
3181 3892 3275 3932 eos
3306 3877 3627 3947 regulariter
3668 3881 3840 3937 vivere

2261 3968 2464 4023 docuit.
2498 3969 2815 4025 Antedictus
2843 3985 3072 4040 namque
3104 3972 3290 4027 beatus
3337 3971 3635 4027 Domnulus
3679 3976 3841 4044 ponti-

2260 4065 2375 4133 fex,
2411 4068 2850 4122 monasteriolum
2878 4070 2931 4123 in
2963 4070 3220 4124 honorem
3245 4079 3553 4125 sanctorum
3581 4068 3841 4125 Vincentii

2257 4170 2311 4215 ct
2339 4159 2607 4215 Laurentii
2658 4172 2954 4234 martyrum
2996 4162 3194 4218 Christi
3220 4162 3370 4233 juxta
3413 4163 3604 4217 urbem
3648 4162 3840 4218 consti-

2257 4254 2381 4318 luit,
2410 4263 2462 4307 et
2487 4254 2551 4307 ad
2579 4253 2823 4310 effectum
2853 4270 3017 4325 usque
3041 4255 3306 4324 perduxit.
3341 4254 3418 4309 Ad
3447 4253 3834 4310 dedicatiOnem

2257 4347 2453 4418 quippe
2482 4347 2648 4415 ipsius
2696 4348 3061 4403 monasterioli
3096 4348 3338 4403 ecclesia:
3377 4348 3591 4403 beatum
3623 4347 3839 4404 Germa—

2258 4454 2419 4503 num,
2461 4437 2777 4493 Parisiensis
2812 4439 3043 4494 civitatis
3083 4440 3346 4510 insignem
3375 4438 3725 4510 episcopum,
3756 4454 3842 4493 voc

2258 4531 2432 4597 cavit;
2459 4540 2513 4587 et
2542 4548 2660 4587 cum
2691 4533 2807 4603 ejus
2836 4548 3101 4587 consensu
3126 4544 3179 4587 et
3206 4535 3586 4603 deprecatione
3605 4533 3738 4591 cleri
3767 4535 3839 4605 ἱυι

2260 4624 2369 4679 sius
2410 4625 2641 4680 civitatis
2684 4634 2738 4680 et
2785 4626 2964 4696 populi
3009 4627 3149 4682 illius
3190 4627 3336 4682 urbis
3366 4643 3427 4683 ac
3475 4628 3767 4697 paroohiae,
3795 4636 3840 4683 et

2260 4733 2379 4773 cum
2405 4734 2668 4774 consensu
2692 4734 2877 4774 eorum
2898 4761 2913 4786 ,
2945 4721 3009 4775 de
3038 4723 3199 4777 rebus
3223 4721 3421 4777 sancta:
3450 4720 3631 4777 Mariae
3655 4734 3707 4777 et
3734 4737 3841 4777 san-

2261 4821 2469 4866 ctorum
2498 4822 2791 4883 martyrum
2810 4813 3048 4868 Gervasii
3065 4822 3120 4868 et
3141 4798 3833 4886 Protasii,matrisejusdetu

570 4914 699 4963 sunt
724 4915 781 4961 ut
809 4907 976 4977 ipsam
1008 4906 1075 4961 ad
1109 4906 1395 4977 regendam
1432 4906 1736 4974 susciperet
1772 4902 2075 4966 civitatem,
2106 4908 2160 4956 et
2191 4921 2238 4982 Β
2264 4907 2491 4962 civitatis
2530 4906 2794 4971 ecclesiae,
2837 4905 2947 4976 jam
2993 4907 3193 4962 dictum
3245 4909 3669 4977 monasterium,
3712 4909 3838 4979 quod

570 5000 771 5057 clerum
810 5010 867 5055 et
907 5009 1161 5055 cunctum
1204 5000 1455 5070 populum
1497 4994 1789 5068 episcopali
1828 4996 2159 5051 ordinatione

570 5109 634 5150 ac
662 5092 921 5164 regimine
964 5092 1239 5147 ordinaret
1284 5107 1345 5147 ac
1372 5093 1625 5163 Sregeret,
1657 5098 1712 5144 et
1744 5088 1967 5144 Domino
2017 5088 2158 5143 mul-

572 5186 823 5257 tipliciter
855 5185 1191 5241 lucraretur:
1220 5184 1311 5256 qui
1341 5194 1395 5239 et
1442 5184 1542 5239 hoc
1590 5182 1811 5249 invitus,
1840 5192 1893 5238 et
1932 5196 1962 5235 a
2008 5182 2152 5237 clero

572 5281 655 5336 vel
688 5279 882 5351 populo
922 5287 1159 5345 coactus,
1212 5279 1335 5335 licet
1366 5278 1587 5344 nobilis,
1634 5276 1936 5331 humilitate
1976 5284 2154 5329 tamen

573 5375 807 5443 suscepit
867 5372 1139 5435 ofﬁcium;
1189 5381 1243 5427 et
1301 5386 1408 5425 non
1468 5369 1733 5424 modicum
1785 5368 1853 5422 ab
1909 5365 2158 5422 omnibus

574 5473 768 5543 cuncto
798 5473 1035 5534 tempore
1064 5463 1185 5518 vitae.
1230 5479 1341 5519 suae
1380 5463 1719 5533 pontiﬁcatus
1767 5458 1954 5515 tribuit
1979 5457 2150 5514 admi-

576 5555 833 5611 uiculum.

645 5658 702 5714 2.
745 5656 916 5713 Hicin
946 5657 1065 5713 loco
1095 5657 1147 5712 in
1180 5673 1287 5730 quo
1313 5657 1501 5713 beatus
1528 5654 1790 5721 Julianus,
1819 5655 2025 5724 primus
2050 5652 2157 5723 jam

579 5749 735 5807 dictae
780 5751 929 5806 urbis
974 5751 1276 5820 episcopus,
1322 5764 1549 5820 corpore
1599 5748 1967 5817 requiescens,
2013 5744 2161 5814 juxta

582 5845 965 5901 monasterium
1009 5845 1213 5899 scilicet
1261 5845 1433 5900 sancti
1471 5840 1689 5896 Victorii
1740 5853 1904 5909 prope
1945 5838 2161 5893 fluvium

582 5936 814 6001 Sarthte,
858 5933 1240 5990 monachorum
1270 5948 1547 6001 normam,
1579 5946 1699 6002 qua:
1740 5930 1940 5987 dudum
1972 5932 2165 5986 llorere

2262 5015 2361 5057 suo
2387 5014 2550 5069 Opere
2590 5009 2644 5054 et
2686 4999 2869 5054 labore
2906 5014 2933 5050 a
2966 4998 3316 5054 fundamento
3344 4999 3663 5066 aedificavit,
3702 5000 3839 5054 dota-

2262 5092 2337 5148 vit
2365 5112 2377 5146 :
2408 5102 2464 5148 et
2492 5093 2643 5147 villas
2683 5091 2938 5162 episcopii
2968 5090 3036 5146 ad
3065 5091 3308 5146 eamdem
3338 5091 3620 5147 ecclesiam
3640 5132 3656 5157 ,
3688 5106 3831 5162 quam

2261 5185 2314 5239 in
2345 5184 2533 5240 eodem
2564 5182 2888 5239 monasterio
2912 5198 3015 5237 una
3054 5197 3174 5238 cum
3208 5182 3362 5237 beato
3391 5182 3681 5248 Germano,
3711 5197 3835 5253 pra-

2262 5278 2418 5334 dicta:
2445 5278 2764 5334 Parisiensis
2790 5276 3023 5333 civitatis
3049 5276 3239 5346 insigni
3281 5276 3550 5346 episcopo,
3582 5284 3635 5331 et
3662 5276 3713 5331 in
3745 5278 3831 5330 lio—

2262 5388 2449 5428 norem
2496 5381 2804 5428 sanctorum
2849 5384 3143 5443 martyrum
3173 5369 3439 5426 Vincentii
3478 5380 3531 5425 et
3575 5368 3833 5425 Laurentii

2266 5466 2518 5522 Kalendis
2563 5465 2883 5521 Novembris
2928 5464 3311 5530 dedicaverat,
3362 5462 3547 5529 dedit;
3589 5471 3645 5517 et
3692 5462 3742 5516 in
3781 5475 3838 5516 eo

2273 5571 2433 5631 caput
2475 5559 2615 5615 beati
2648 5558 2911 5614 Vincentii
2953 5570 3007 5614 et
3037 5572 3278 5629 magnam
3329 5566 3533 5626 partem
3582 5554 3836 5611 craticula:

2268 5668 2428 5723 super
2458 5668 2613 5721 quam
2645 5659 2860 5707 sanctus
2892 5649 3210 5706 Laurentius
3249 5633 3457 5702 assatus
3487 5657 3606 5713 est,
3636 5643 3838 5700 hononi-

2274 5744 2375 5800 ﬁce
2404 5745 2707 5800 collocavit.
2754 5744 2854 5798 Per
2900 5742 3140 5798 chartam
3188 5755 3315 5797 vero
3354 5755 3447 5796 sua
3499 5754 3749 5803 munera,
3784 5747 3835 5793 ut

2272 5836 2472 5891 dictum
2504 5846 2617 5903 est,
2649 5835 3025 5890 consentiente
3056 5834 3305 5888 universo
3331 5829 3478 5887 clero
3517 5831 3602 5886 vel
3633 5826 3867 5901 popule,‘

2273 5940 2327 5985 et
2353 5929 2569 5986 domino
2584 5928 2849 5987 Germano
2871 5911 3456 5998 asseusumprasbeute,
3475 5922 3634 5979 villas
3657 5935 3837 5979 sanna:
