4076 6348
245 669 415 712 manu
449 658 621 728 ipsum
667 671 1079 737 testamentum,
1122 674 1338 745 suisque
1377 679 1742 737 sacerdotibus
1779 695 1834 740 et

247 749 469 806 clericis
518 755 760 823 ejusdem
808 760 1039 817 civitatis
1086 773 1141 821 et
1190 770 1461 836 parochias
1510 773 1677 843 ipsius
1725 791 1832 834 non

244 846 461 911 paucis,
493 844 633 903 sicut
657 848 709 903 in
738 850 925 907 eodem
959 852 1217 914 hactenus
1243 867 1566 921 testamento
1593 870 1833 927 contine-

239 945 356 1004 tur,
377 940 524 996 dedit
548 942 727 998 villant
755 956 955 1003 sancta:
980 950 1158 1008 Mariae
1180 963 1234 1008 et
1259 966 1565 1014 sanctorum
1592 962 1831 1020 Gervasii

235 1039 305 1085 et
332 1030 588 1100 Protesii,
632 1035 924 1093 Tritionem
954 1055 1075 1097 cum
1117 1046 1259 1099 omni
1310 1048 1639 1119 integritate,
1672 1068 1828 1122 quam

236 1117 907 1189 dudum'Habundantius
955 1146 1009 1191 et
1066 1139 1373 1197 Mallaricus
1426 1117 1703 1202 diaconus
1735 1164 1829 1217 per

233 1215 482 1283 praedicti
512 1220 747 1291 episcopi
779 1226 981 1282 domini
1016 1229 1258 1286 Domnoli
1309 1233 1628 1293 beneﬁcium
1678 1215 1828 1294 tene-

233 1300 409 1360 bant:
437 1317 492 1362 et
520 1310 701 1368 villam
734 1314 1005 1373 Fraxinidi
1025 1360 1040 1385 ,
1065 1335 1224 1390 quam
1255 1322 1398 1391 Aper
1424 1328 1677 1384 sacerdos
1703 1345 1825 1385 cum

232 1394 358 1464 ejus
396 1397 660 1457 beneﬁcio
690 1402 955 1473 habebat;
988 1418 1042 1463 et
1070 1410 1270 1467 Bucces
1298 1414 1536 1471 villulam
1583 1418 1665 1473 sui
1710 1420 1826 1488 epi-

230 1491 439 1560 scopii,
469 1508 588 1548 cum
619 1499 866 1554 omnibus
895 1502 959 1555 ad
996 1518 1055 1559 se
1082 1508 1500 1574 pertinentibus,
1531 1526 1690 1578 quam
1723 1514 1827 1569 Eu-

234 1580 448 1636 therius
506 1586 789 1663 presbyter
839 1604 931 1658 per
976 1591 1295 1651 beneﬁcium
1345 1599 1582 1666 praedicti
1626 1603 1827 1659 domini

228 1669 479 1727 Domnoli
504 1660 763 1743 habebat;
792 1682 903 1751 pari
934 1684 1092 1739 modo
1116 1694 1170 1740 et
1192 1660 1400 1755 pratum
1423 1705 1587 1759 super
1606 1691 1823 1750 ﬂuvium

227 1759 427 1827 Sartte,
456 1780 560 1821 una
598 1782 718 1823 cum
759 1785 947 1842 campo
990 1774 1139 1844 juxta
1183 1779 1378 1850 posito,
1410 1796 1568 1852 quam
1602 1785 1821 1842 Habun-

224 1849 443 1909 dantius
472 1873 500 1910 a
531 1858 747 1916 domino
784 1862 1043 1921 Domnolo
1068 1866 1189 1936 jure
1218 1849 1563 1929 beneﬁciario
1592 1877 1818 1947 adipisci

226 1951 465 2015 meruit;
496 1961 551 2008 et
578 1954 708 2009 alias
734 1958 911 2025 villas,
943 1975 1060 2029 quae
1092 1963 1147 2017 in
1193 1964 1450 2033 pmdicto
1497 1978 1819 2027 testamento

224 2038 449 2097 insertae
498 2059 618 2101 esse
650 2060 943 2105 noscuntur
990 2052 1290 2123 insigniter,
1333 2058 1398 2113 ad
1448 2061 1816 2132 praescriptam

226 2131 451 2189 tradidit
476 2138 777 2195 ecclesiam.
811 2142 957 2197 Multi
988 2144 1152 2199 etiam
1195 2148 1424 2215 nobiles,
1457 2153 1647 2207 tam'in
1682 2169 1818 2222 prae-

221 2224 365 2278 senti
395 2241 550 2294 quam
580 2239 632 2284 et
673 2232 724 2286 in
771 2244 1025 2304 sequente
1068 2244 1330 2309 tempore,
1360 2256 1547 2298 eorum
1577 2244 1808 2301 haeredi-

222 2324 365 2371 tates
402 2318 469 2372 ad
509 2321 816 2388 praedictam
862 2327 1145 2384 ecclesiam
1188 2340 1497 2389 sanctorum
1546 2335 1810 2393 Vincentii

220 2420 273 2463 et
310 2408 580 2468 Laurentii
622 2417 953 2487 legaverunt.
987 2421 1164 2492 Ipsum
1210 2435 1387 2481 autem
1433 2431 1814 2486 monasterium

219 2501 531 2572 subditum,
562 2522 680 2563 cum
732 2512 981 2569 omnibus
1025 2515 1093 2570 ad
1143 2516 1195 2570 id
1246 2521 1661 2589 pertinentibus,
1702 2523 1812 2593 jam

219 2591 407 2650 dictus
436 2597 681 2655 dominus
709 2602 1001 2661 Domnolus
1030 2622 1142 2663 suae
1172 2610 1316 2666 sedis
1342 2612 1584 2670 ecclesiae
1627 2591 1813 2688 subju-

217 2687 399 2755 gavit,
429 2699 485 2745 et
524 2692 638 2746 suis‘
675 2698 1074 2755 successoribus
1118 2703 1485 2761 ecclesiastico
1529 2706 1581 2762 in
1626 2709 1813 2767 ordine

221 2780 450 2848 pacilict.
470 2782 534 2837 ad
563 2772 853 2854 regendum
875 2798 929 2845 et
951 2791 1357 2860 gubernandum
1382 2797 1619 2867 dimisit,
1651 2810 1813 2870 atque

221 2872 551 2938 perennibus
599 2879 926 2947 temporibus
970 2882 1036 2936 ad
1086 2892 1309 2940 matrem
1360 2888 1589 2945 civitatis
1633 2893 1808 2947 eccle-

217 2957 397 3029 siam,
429 2973 481 3020 et
512 2969 847 3035 pontiﬁcibus
890 2972 1088 3027 ibidem
1132 2984 1292 3044 atque
1321 2976 1532 3033 clericis
1562 2980 1672 3036 Deo
1709 2981 1808 3037 de-

217 3055 472 3123 gentibus
501 3054 719 3127 habere,
748 3059 941 3118 futuris
970 3065 1247 3121 constituit
1273 3069 1627 3137 temporibus.

297 3145 351 3200 3.
394 3148 549 3220 Saape
570 3150 744 3206 dictus
771 3155 976 3211 scilicet
999 3155 1244 3214 dominus
1270 3158 1561 3216 Domnolus
1586 3163 1799 3232 episco-

218 3251 329 3307 pus
369 3240 615 3297 cellulam
661 3258 825 3315 super
852 3245 1069 3303 ﬂuvium
1100 3248 1300 3318 Sartae,
1330 3260 1385 3305 et
1415 3254 1805 3311 xenodochium
1832 3258 1879 3324 C

221 3328 287 3385 in
331 3330 584 3389 honorem
630 3347 827 3393 sancta:
869 3339 1047 3397 Mariae
1080 3342 1394 3401 mirabiliter
1434 3361 1497 3401 ac
1534 3349 1809 3418 sapienter

216 3434 477 3494 operatus
515 3436 635 3495 est;
681 3440 734 3485 et
770 3446 889 3487 eam
928 3448 997 3488 ex
1035 3435 1197 3490 rebus
1227 3437 1493 3505 praedictae
1521 3442 1705 3498 matris
1732 3444 1809 3499 ci-

215 3515 405 3573 vitatis
450 3519 697 3578 ecclesi:e
744 3523 985 3593 dolavit,
1034 3536 1089 3582 et
1136 3533 1476 3599 receptiones
1516 3549 1806 3604 pauperum

220 3609 628 3668 adventantium
658 3614 775 3671 sive
803 3620 1041 3675 omnium
1070 3621 1455 3694 indigentium,
1487 3628 1576 3697 qui
1608 3626 1659 3683 in
1691 3630 1807 3699 ipsa

214 3705 437 3762 civitate
470 3708 626 3764 talem
650 3751 665 3777 ,
697 3722 914 3783 propter
945 3716 1245 3773 custodiam
1274 3719 1540 3786 civitatis,
1578 3738 1683 3778 non
1715 3740 1805 3795 po-

215 3809 400 3856 terant
447 3802 648 3861 habere
690 3810 1089 3878 receptionem,
1150 3813 1287 3870 sicut
1333 3816 1386 3869 in
1427 3816 1520 3871 illo
1561 3818 1677 3873 loco
1718 3820 1803 3874 ubi

215 3891 536 3961 praedictum
573 3894 698 3951 fecit
733 3900 1127 3957 xenodochium
1158 3921 1171 3956 :
1214 3905 1287 3960 ibi
1331 3908 1473 3962 enim
1515 3910 1806 3967 monachos

214 3985 405 4056 viginti
436 4000 663 4060 quatuor
692 3995 794 4049 sub
821 3998 1006 4066 regula
1037 3998 1296 4070 degentes
1324 4004 1632 4072 constituit,
1669 4014 1723 4059 ut
1753 4016 1806 4062 et

212 4079 291 4135 ibi
325 4095 585 4153 pauperes
614 4100 956 4157 recrearent,
988 4100 1043 4146 et
1068 4106 1256 4148 omnes
1282 4093 1517 4164 hospites
1544 4096 1806 4167 condigne

212 4179 276 4227 et
303 4173 603 4231 amabiliter
630 4179 1002 4250 susciperent,
1031 4191 1086 4239 et
1113 4184 1214 4254 ipsi
1263 4195 1448 4243 sancte
1493 4203 1557 4242 ac
1601 4191 1806 4261 regula-

211 4260 356 4317 riter
382 4264 651 4321 viverent.
697 4268 757 4323 In
786 4272 975 4327 eodem
1007 4274 1343 4331 xenodochio
1387 4279 1642 4346 praedicto
1670 4260 1802 4337 imo-

214 4357 453 4413 nachum
479 4376 633 4417 suum
667 4366 1100 4434 probatissimum
1119 4411 1135 4438 ,
1166 4372 1439 4429 dominum
1468 4377 1673 4434 scilicet
1700 4378 1801 4434 Pa-

213 4448 476 4519 duinunt,
510 4456 597 4525 qui
644 4467 772 4514 tunc
814 4467 1136 4532 praepositus
1177 4466 1245 4522 de
1279 4467 1478 4524 Sancto
1521 4470 1804 4529 Vincentio

214 4555 368 4611 erat,
400 4548 647 4607 abbatem
678 4556 993 4623 constituit;
1029 4566 1083 4613 et
1112 4560 1211 4615 sibi
1256 4577 1352 4617 seu
1392 4565 1641 4621 omnibus
1675 4582 1799 4623 suc-

1621 376 2146 446 TES'I‘AMENTUM.

1862 504 1916 564 Α
1938 506 2239 562 cessoribus
2268 507 2380 565 suis
2408 513 2785 581 perpetualiter
2816 518 2945 574 inibi
2983 524 3374 585 xenodochium
3406 535 3509 589 tui-

3413 418 3517 476 650

1938 593 2179 649 rabiiiter
2221 600 2449 654 ornavit.
2494 600 2546 655 ln
2596 602 2875 674 hospitali,
2920 610 3158 679 ejusdem
3200 617 3344 672 urbis
3383 636 3513 688 pon-

1936 684 2199 754 tiﬁcibus,
2244 687 2434 746 futuris
2473 708 2683 765 semper
2728 702 3054 768 temporibus
3093 715 3146 761 et
3185 709 3285 763 sub
3327 684 3512 781 conju-

1935 775 2156 832 rationis
2185 778 2574 851 detestatione,
2615 788 3025 858 hospitalitatem
3075 813 3196 854 esse
3240 803 3506 873 instituit;

1934 876 1988 922 et
2017 874 2358 939 sequentibus
2390 881 2713 946 temporibus
2745 884 2998 943 Ecclesia:
3027 904 3139 948 suae
3178 896 3351 961 sedis,
3383 916 3505 959 cum

1933 962 2181 1017 omnibus
2234 965 2300 1019 ad
2358 980 2417 1022 se
2472 973 2903 1045 pertinentibus,
2973 981 3314 1053 subiugatum
3385 1006 3506 1050 esse

1934 1049 2179 1106 instituit.

2002 1137 2055 1191 4.
2099 1138 2268 1209 Ipsius
2312 1161 2525 1217 quoque
2564 1150 2765 1207 domini
2808 1155 3054 1215 Domnoli
3096 1165 3330 1236 episcopi
3376 1180 3508 1227 tem-

1930 1245 2061 1300 pore
2083 1275 2097 1298 ,
2130 1235 2377 1291 cellulam
2397 1278 2413 1304 ,
2443 1254 2546 1295 una
2573 1257 2692 1297 cum
2724 1259 2820 1300 sua
2843 1250 3070 1307 ecclesia
3090 1294 3106 1320 ,
3135 1272 3251 1325 quae
3278 1235 3358 1314 est
3384 1277 3513 1319 con‘

1931 1324 2115 1379 stituta
2160 1328 2214 1382 in
2254 1330 2459 1388 honore
2488 1337 2660 1391 sancti
2689 1337 2943 1412 Martini,
2977 1345 3029 1400 in
3069 1324 3253 1405 eorum
3296 1356 3512 1423 proprio

1930 1418 2328 1475 constituerunt
2370 1424 2505 1480 infra
2552 1430 2864 1500 civitatem,
2903 1436 3054 1506 juxta
3098 1418 3321 1499 matrem
3365 1418 3512 1505 vide-

1930 1508 2054 1565 licet
2097 1513 2380 1571 ecclesiam
2424 1517 2595 1588 ipsius
2635 1523 2901 1596 civitatis,
2949 1531 3192 1592 Eularius
3236 1542 3512 1612 presbyter

1929 1611 1987 1657 et
2025 1602 2328 1663 Godomara
2361 1610 2472 1666 Deo
2519 1628 2767 1685 sacrata;
2815 1629 2872 1676 et
2910 1602 3507 1691 prtedictam-cellulam

1928 1700 2101 1753 sancti
2128 1700 2338 1758 Martini
2366 1705 2823 1768 liazreditaverunt
2848 1715 2915 1771 de
2944 1718 3137 1776 villulis
3160 1723 3212 1777 in
3237 1724 3510 1784 Morniaco

1927 1801 1982 1846 et
2010 1791 2189 1847 villula
2221 1795 2381 1852 Vasta
2414 1815 2477 1855 ac
2508 1801 2779 1872 Popiliaco
2800 1849 2815 1873 ,
2845 1806 3006 1865 Ciaco
3030 1828 3242 1884 quoque
3264 1826 3317 1873 et
3351 1818 3509 1876 Vera«

1852 1885 1897 1943 Β
1925 1883 2066 1939 tiaco
2094 1900 2156 1940 ac
2184 1885 2409 1943 Muliaco
2430 1933 2445 1958 ,
2474 1908 2579 1947 una
2612 1910 2731 1950 cum
2776 1898 2897 1954 aliis
2938 1901 3107 1970 villis,
3136 1883 3190 1961 et
3231 1907 3301 1963 de
3342 1912 3505 1968 rebus

1921 1977 2031 2031 suis
2062 1979 2301 2049 legaliter
2328 1982 2650 2043 dotaverunt
2684 2007 2697 2055 ;
2723 2000 2777 2044 et
2804 2004 2983 2060 postea
3015 2002 3411 2060 cumomnibus
3439 2003 3508 2061 ad

1921 2083 1981 2123 se
2028 2071 2425 2138 pertinentibus
2465 2078 2531 2132 ad
2576 2089 2801 2138 matrem
2851 2086 3022 2154 ipsius
3060 2090 3289 2147 civitatis
3333 2098 3507 2153 eccle-

1920 2165 2055 2221 siam
2100 2184 2195 2238 per
2237 2186 2421 2227 eorum
2470 2175 2742 2233 chartulas
2784 2181 3024 2251 legaliter
3062 2184 3410 2261 formiterque
3452 2195 3503 2249 ei

1921 2257 2021 2324 ipsi
2051 2259 2273 2316 domino
2302 2263 2565 2321 Domnolo
2604 2268 2856 2341 episcopo
2912 2276 3267 2333 tradiderunt.
3301 2257 3499 2339 Drmia-

1920 2355 2004 2404 tus
2035 2351 2194 2418 igitur
2223 2353 2472 2411 dominus
2500 2357 2793 2417 Domnulus
2816 2364 3101 2436 episcOpus
3126 2372 3258 2427 emit
3286 2372 3503 2445 insuper

1919 2453 2129 2510 partem
2161 2446 2337 2513 villae,
2372 2464 2437 2503 ex
2467 2450 2720 2510 thesauro
2747 2457 2992 2515 ecclesiae
3023 2462 3124 2517 sibi
3156 2467 3500 2533 commissae:

1918 2538 2019 2592 alia
2056 2554 2185 2596 vero
2212 2558 2337 2612 pars
2364 2545 2434 2599 de
2461 2560 2561 2602 suo
2588 2551 2846 2621 episcopo
2875 2565 3026 2622 erat,
3061 2558 3147 2612 cui
3179 2562 3498 2620 vocabulum

1917 2641 2001 2685 est
2024 2632 2210 2689 Canon
2230 2680 2244 2701 ,
2271 2652 2427 2703 quam
2459 2650 2512 2695 et
2539 2656 2636 2711 per
2662 2643 2932 2701 licentiam
2959 2652 3338 2709 canonicorum
3367 2669 3497 2712 suo-

1914 2736 2032 2776 rum
2061 2726 2338 2781 monachis
2358 2769 2372 2794 ,
2404 2729 2455 2785 in
2485 2732 2713 2788 ecclesia
2740 2741 2909 2792 sancti
2942 2735 3205 2797 Vincentii
3230 2752 3285 2799 et
3310 2749 3484 2804 sancti

1917 2815 2193 2873 Laurentii
2242 2821 2442 2891 (quam
2472 2823 2588 2892 ipse
2616 2841 2645 2879 a
2678 2842 2815 2883 novo
2857 2829 3139 2903 fundavit)
3185 2839 3499 2908 regulariter

1912 2908 2269 2980 degentibus,
2318 2930 2416 2985 per
2461 2931 2615 2974 suum
2657 2930 3013 2981 strumentum
3054 2928 3223 2987 dedit.
3263 2933 3394 2990 Nam
3438 2946 3497 2993 ut

1913 3000 2013 3056 sub
2043 3013 2308 3072 potestate
2340 3007 2505 3077 ipsius
2535 3011 2680 3067 urbis
2721 3014 2988 3086 episcopi,
3022 3028 3127 3075 tant
3165 3021 3267 3092 ipsi
3306 3042 3492 3083 mona-

1912 3094 2001 3151 chi
2030 3112 2187 3166 quam
2218 3108 2272 3154 et
2301 3101 2430 3171 ipsa:
2464 3120 2549 3160 res
2592 3108 2612 3175 (
2632 3104 2687 3162 in
2727 3118 2912 3166 eurum
2960 3124 3133 3171 tamen
3177 3133 3275 3173 usu
3315 3122 3493 3193 dispo-

1915 3197 2077 3243 nente
2127 3192 2424 3263 episcopo)
2477 3195 2671 3253 futuris
2722 3203 3071 3270 persisterent
3125 3192 3487 3282 temporibus,

1913 3282 2271 3352 contradidit,
2305 3286 2444 3343 sicut
2470 3290 2645 3347 adhuc
2673 3293 2727 3348 in
2772 3296 2889 3366 ipso
2917 3308 3215 3360 strumento
3244 3308 3485 3366 traditio-

1910 3372 1997 3429 nis
2024 3373 2252 3431 inveniri
2284 3389 2476 3447 potest.

1986 3463 2037 3519 5.
2083 3465 2178 3521 llic
2219 3469 2357 3523 sedit
2404 3472 2455 3527 in
2504 3475 2754 3542 praedicta
2793 3479 2920 3536 sede
2945 3496 3115 3539 annos
3143 3502 3299 3555 xcvr,
3332 3506 3486 3549 men-

1909 3568 1996 3608 ses
2043 3572 2130 3623 xr;
2179 3559 2294 3615 dies
2352 3577 2515 3632 xxrv,
2589 3574 2644 3621 et
2702 3568 2825 3625 fecit
2888 3573 3249 3635 ordinationes
3315 3599 3482 3652 uxv,

1912 3650 2254 3719 presbyteros
2296 3668 2496 3721 cccu,
2540 3657 2793 3715 diaconos
2834 3677 2967 3731 ccc,
3008 3674 3065 3720 et
3112 3670 3342 3741 reliquos
3382 3679 3483 3733 mi-

1909 3738 2105 3795 nistros
2135 3740 2487 3800 sufﬁcienter.
2533 3745 2697 3815 Cujus
2727 3751 2777 3806 in
2824 3754 2928 3808 vita
2972 3758 3165 3815 multas
3204 3738 3321 3832 ejus
3367 3782 3479 3824 me-

1910 3828 2029 3883 ritis
2071 3832 2325 3888 Dominus
2365 3835 2590 3894 virtutes
2623 3843 2888 3911 ostendit,
2935 3846 3074 3904 sicut
3110 3851 3162 3905 in
3203 3828 3317 3922 ejus
3359 3857 3479 3913 Vita

1909 3924 2113 3993 liquet;
2163 3938 2216 3982 et
2260 3937 2380 3998 post
2421 3931 2535 4001 ejus
2577 3932 2777 3991 obitum
2818 3936 3238 4002 innumerabiles
3281 3949 3332 4003 in
3364 3949 3483 4008 loco

1905 4020 2193 4088 sepulturae
2234 4023 2382 4091 ejus,
2433 4023 2486 4079 id
2520 4036 2604 4083 est
2633 4028 2688 4083 in
2717 4030 2857 4087 dicta
2888 4038 3055 4092 sancti
3088 4039 3355 4099 Vincentii
3393 4060 3484 4102 ec-

1905 4111 2099 4180 clesia,
2131 4115 2358 4172 virtutes
2400 4130 2654 4189 operatus
2679 4134 2780 4179 est.
2828 4127 2974 4184 Obiit
3017 4133 3157 4187 enim
3200 4138 3487 4204 praedictus

1904 4204 2095 4261 beatus
2129 4207 2421 4266 Domnolus
2453 4214 2505 4269 in
2539 4231 2705 4285 pace,
2738 4221 2927 4289 plenus
2954 4223 3158 4279 dierum
3184 4268 3200 4294 ,
3232 4227 3486 4287 Kalendis

1905 4296 2257 4354 Decembris:
2291 4305 2529 4372 quicum
2573 4308 2793 4365 Christo
2836 4313 2966 4367 vivit
3009 4315 3059 4369 in
3100 4329 3388 4384 aeternum,
3431 4332 3487 4378 et

1905 4406 2027 4444 cunt
2062 4394 2267 4447 sanctis
2296 4405 2486 4466 regnat
2515 4398 2565 4453 in
2599 4401 2767 4470 gloria
2795 4422 2809 4457 :
2840 4420 2958 4459 cum
2993 4422 3098 4477 quo
3126 4418 3179 4464 et
3207 4427 3302 4465 nos
3331 4415 3487 4467 auxi-

1905 4480 2068 4536 liante
2115 4482 2343 4541 Domino
2387 4489 2657 4546 humiliter
2694 4495 3088 4565 supplicantes,
3137 4502 3316 4555 vivere
3367 4520 3485 4557 tne-

1907 4586 2143 4640 reamur,
2176 4590 2279 4644 per
2311 4576 2515 4633 inﬁnita
2546 4583 2740 4637 saecula
2770 4587 3107 4642 sn'culorum.
3150 4592 3338 4645 Amen.

216 4706 3480 4784 Ἢ

936 4864 1217 4930 SANCTI
1262 4870 1627 4935 DOMNOLI
1660 4919 1677 4951 ,
1721 4875 2330 4943 CENOMANENSIS
2371 4885 2721 4950 EPISCOPI
2749 4934 2768 4965 ,

1121 5046 2582 5175 TESTAMENTUM-

291 5320 597 5383 Venerabili
638 5327 883 5385 ecclesiae
918 5326 1295 5388 Ceuomanica
1332 5332 1481 5390 clero
1510 5334 1802 5392 Domnulus
1832 5343 1887 5403 1)
1911 5334 2044 5390 Cum
2068 5351 2200 5407 ergo
2228 5353 2324 5407 pro
2355 5340 2527 5400 salute
2557 5347 2734 5417 papuli
2763 5349 2847 5404 vel
2872 5351 3111 5407 custodia
3144 5353 3371 5410 civitatis
3402 5373 3485 5411 re-

215 5427 521 5487 episcopus.

286 5507 594 5580 Congruutn
649 5516 805 5571 nobis
853 5517 952 5571 fuit
998 5528 1058 5572 ut
1104 5527 1286 5573 votum
1340 5518 1700 5576 desiderabile
1750 5522 1803 5575 in

218 5600 509 5658 ebaritatis
538 5615 737 5661 vestra:
769 5608 1011 5663 notitiam
1059 5624 1379 5678 poneremus
1405 5628 1419 5665 :
1448 5612 1573 5681 quia
1600 5613 1643 5666 si
1677 5626 1805 5666 con-

223 5706 417 5751 scttsus
458 5707 638 5754 vester
674 5699 999 5756 desiderium
1042 5702 1219 5758 cordis
1269 5704 1440 5758 nostri
1486 5712 1543 5759 et
1589 5703 1806 5758 decreta

215 5789 487 5853 annncrit,
535 5789 805 5845 credimus
858 5793 1056 5849 nullius
1111 5794 1222 5849 ullo
1280 5809 1511 5864 unquam
1568 5803 1809 5864 tempore

174 5898 177 5903 ‘
221 5882 610 5938 contrarietate
640 5899 671 5938 a
699 5885 855 5940 nobis
884 5889 1082 5955 pariter
1111 5889 1326 5946 ﬁrmata
1355 5903 1514 5960 posse
1555 5888 1804 5947 convelli.

578 5975 851 6038 Punon.
898 5977 1157 6039 LXXII.

1912 5432 2108 5503 quuias
2139 5444 2449 5493 sanctorum
2478 5452 2773 5512 martyrum
2806 5445 3070 5502 Vincentii
3097 5457 3152 5503 et
3181 5449 3485 5517 Laurentii,

1910 5524 2280 5583 intercedente
2306 5533 2752 5602 praesumptione,
2785 5538 2897 5591 ausi
2933 5537 3196 5595 fuerimus
3237 5541 3485 5607 deferre;

1910 5617 2048 5673 sicut
2078 5632 2197 5672 cum
2228 5620 2321 5675 Dei
2354 5621 2621 5689 adjutorio
2652 5626 2733 5679 vel
2763 5637 2941 5683 vestro
2967 5630 3166 5684 eisdem
3197 5632 3371 5686 locum
3404 5634 3486 5687 di-

1911 5712 2129 5781 gnitatis
2158 5713 2429 5767 ereximus
2457 5714 2506 5767 in
2537 5716 2771 5772 culmine
2794 5759 2807 5783 ,
2843 5720 2913 5772 ita
2942 5722 3173 5788 petimus
3212 5733 3270 5776 ut
3310 5733 3489 5778 vestro

1914 5805 2117 5871 pariter
2141 5805 2340 5859 ditetur
2369 5815 2420 5859 et
2452 5822 2693 5863 munere.
2728 5811 2794 5863 Et
2818 5812 2861 5866 si
2892 5828 3082 5869 sensus
3120 5824 3298 5871 vester
3335 5817 3487 5871 nubis

1916 5892 2202 5948 contulerit
2247 5896 2560 5953 charitatem
2610 5900 2744 5955 hanc
2774 5941 2790 5967 ,
2842 5904 3085 5971 paginola
3138 5906 3479 5971 donationis,

3132 5996 3205 6054 21
