4076 6348
557 416 648 476 851
1439 409 1711 467 SANCTA
1749 402 2189 461 REDEGUNDIS
2220 446 2235 472 ,
2282 400 2535 457 REGINA
2577 397 2923 456 FRANCIE.
3713 384 3819 443 65?.

560 546 718 601 quam
756 525 1038 583 Aunull‘um
1068 525 1355 582 diaconum
1389 524 1649 593 perlicere
1679 520 2003 577 unanimiter
2047 534 2135 571 rn-
2162 521 2217 578 Α
2240 516 2447 586 psalmo
2476 515 2776 570 centesimo
2806 522 2994 565 octavo
3020 508 3169 565 Judze
3200 505 3469 569 cantavit;
3499 512 3821 601 et

560 594 801 693 gaviinus
828 621 1304 685 conscribendam,
1338 627 1513 671 vestro
1542 630 1843 686 quaesumus
1874 625 1928 667 ut
1959 613 2138 665 ﬁrme-
2239 609 2430 680 pagina
2479 618 2691 661 maneat
2734 604 3079 668 iuconvulsa,
3122 615 3282 670 quam
3315 612 3410 667 pro
3443 596 3521 650 rei
3563 594 3821 695 ﬁrmitate

560 685 643 768 tur
675 713 866 767 robore
899 731 909 763 :
943 724 997 764 ut
1024 709 1309 783 [quidquid
1345 706 1480 780 nos]
1526 685 1618 775 per
1656 709 1792 759 hanc
1832 703 2133 773 paginolsm
2241 718 2400 757 manu
2451 701 2660 769 propria
2715 695 3039 765 subscripsi,
3088 702 3144 748 et
3189 691 3420 746 dominis
3465 698 3520 742 et
3564 685 3831 783 fratribus

560 805 862 859 donationis
894 777 1103 869 consth
1132 777 1429 868 delegasse,
1465 777 1760 868 nuncupata
1797 795 2015 849 basilica
2046 793 2136 845 ha-
2242 798 2378 851 meis
2411 794 2750 848 muniendam
2784 791 2987 859 rogavi.
3020 790 3210 842 Aetum
3253 786 3306 838 in
3348 779 3711 837 Cenomauica
3755 777 3834 832 ci-

563 900 715 962 beat,
752 907 960 965 teneat,
1000 896 1293 967 possideat.
1325 891 1488 966 [nec]
1520 894 1821 962 quicunque
1854 890 1951 943 loci
1984 884 2138 954 hujus
2244 888 2442 952 vitate,
2474 900 2616 939 anno
2661 883 2944 937 undecimo
2982 878 3134 949 regni
3174 877 3355 932 domui
3398 872 3569 930 nostri
3607 869 3833 938 Chilpe-

570 990 880 1058 diguitatem
933 989 1267 1057 perceperit,
1312 984 1432 1055 jure
1473 985 1815 1039 haereditario
1859 990 2140 1053 perpetua-
2245 977 2341 1033 rici
2376 978 2515 1047 regis
2539 1020 2553 1041 ,
2589 976 2758 1046 pridie
2784 977 2959 1029 Nonas
2990 973 3181 1027 Martii.

566 1054 688 1133 liter
720 1054 946 1133 sibimet
963 1054 1195 1132 vindicet
1227 1054 1626 1146 possidendum.
1661 1075 1716 1129 Si
1767 1074 1869 1125 ullo
1912 1086 2138 1140 unquam
2321 1069 2613 1123 Domnolus
2646 1069 2933 1137 episcopus
2962 1061 3300 1129 subscripsit.
3344 1059 3650 1113 Germanus
3690 1054 3838 1123 epis.

567 1180 843 1239 tempore,
887 1181 978 1224 aut
1025 1167 1257 1239 pontifex
1300 1168 1561 1231 civitatis,
1610 1175 1703 1220 aut
1742 1165 1991 1236 qumlibet
2024 1179 2145 1233 per-
2247 1178 2412 1232 copus
2446 1169 2666 1229 rogante
2696 1161 2845 1214 clero
2878 1154 3218 1225 subscripsit.
3267 1151 3557 1207 Andoveus
3590 1146 3845 1215 Audega-

566 1238 699 1317 sona
721 1308 734 1330 ,
764 1277 792 1316 a
825 1263 976 1317 nobis
1003 1238 1194 1316 donata
1228 1261 1311 1315 vel
1344 1262 1536 1317 tradita
1570 1261 1635 1313 de
1661 1257 2025 1311 dominatione
2056 1255 2147 1309 ba—
2251 1270 2441 1309 verum
2487 1253 2775 1323 episcopus
2816 1257 3039 1320 rogante
3082 1245 3344 1301 Domnolo
3382 1243 3669 1313 episcopus
3715 1238 3845 1293 sub-

570 1358 735 1412 silicae
768 1359 925 1429 hujus
971 1358 1285 1413 abstrahere
1329 1358 1587 1420 voluerit,
1635 1357 1873 1410 incurrat
1919 1353 2151 1407 maledi-
2252 1349 2484 1417 scripsit.
2536 1345 2826 1403 Leodulius
2867 1343 3146 1415 presbyter
3187 1338 3528 1409 subscripsit.
3578 1335 3846 1429 Antiolius

564 1451 766 1505 tionem
821 1426 918 1521 pro
961 1451 1371 1518 benedictione,
1423 1459 1479 1505 et
1525 1448 1732 1503 Domini
1786 1447 1953 1502 nostri
2014 1446 2142 1500 .lesu
2255 1442 2538 1512 presbyter
2591 1439 2930 1508 subscripsit.
3007 1435 3334 1492 Leodericus
3384 1430 3667 1501 presbyter
3725 1426 3849 1480 sub-

563 1543 796 1610 Christi,
830 1552 884 1599 et
914 1554 1111 1599 sanctae
1139 1544 1315 1599 Maria:
1349 1559 1561 1615 semper
1588 1541 1828 1611 virginis,
1858 1549 1913 1595 et
1936 1549 2150 1593 sancto-
2256 1536 2491 1603 scripsit.
2556 1533 2812 1588 Dinanius
2866 1530 3150 1603 presbyter
3187 1525 3527 1595 subscripsit.
3592 1522 3849 1615 Drantius

567 1647 688 1688 rum
746 1634 1153 1705 apostolorum,
1213 1635 1293 1689 vel
1348 1612 1587 1688 omnium
1647 1626 1955 1687 sanctorum
2013 1645 2153 1684 mar—
2259 1629 2543 1700 presbyter
2616 1626 2954 1695 subscripsit.
3019 1620 3310 1690 lnjuriosus
3377 1616 3665 1687 presbyter
3721 1612 3847 1667 sub-

573 1734 793 1791 tyrum,
826 1725 1194 1781 conlessorum
1246 1736 1403 1796 atque
1448 1727 1750 1796 virginum,
1794 1725 2032 1779 incurrat
2075 1721 2155 1775 of—
2257 1721 2496 1791 scripsit.
2552 1720 2804 1775 Meterius
2866 1718 3148 1786 presbyter
3200 1711 3541 1780 subscripsit.
3607 1707 3849 1762 Ceunius

571 1815 821 1883 fensam;
880 1828 932 1872 et
984 1816 1235 1871 voluntas
1284 1827 1467 1871 ucstra
1512 1818 1810 1887 perpetim,
1864 1816 2155 1871 auxiliante
2263 1816 2524 1872 diaconus
2554 1811 2889 1880 subscripsit.
2929 1808 3184 1863 Romulus
3214 1804 3475 1861 diaconus
3507 1799 3849 1869 subscripsit.

568 1909 828 1976 Domino,
870 1912 1049 1979 capiat
1098 1910 1428 1965 ﬁrmitatem.
1479 1910 1589 1965 Hoc
1630 1925 1759 1982 ergo
1806 1907 2153 1965 inserendum
2184 1900 2233 1960 B
2260 1911 2494 1968 Datdeus
2532 1909 2789 1965 diaconus
2827 1900 3547 1974 subscripsit.-Sennonteus
3588 1896 3851 1952 diaconus

581 1999 799 2071 rogavi,
832 2011 887 2057 ut
918 2002 1007 2073 qui
1040 2002 1297 2057 voluntati
1326 2017 1462 2057 meae
1506 2002 1694 2057 obvius
1734 2016 1857 2057 esse
1897 1999 2154 2067 voluerit,
2265 2003 2603 2075 subscripsit.
2633 2001 2775 2061 Noso
2804 1998 3062 2055 diaconus
3089 1994 3429 2062 subscripsit.

574 2093 1005 2149 maledictionem
1058 2093 1204 2148 illam
1254 2094 1525 2159 incurrat,
1577 2108 1735 2166 quam
1787 2091 2049 2162 propheta
2107 2091 2159 2146 in

1801 2356 1967 2399 anno
2010 2351 2244 2399 bonum
2286 2334 2626 2394 nuxxvti.

854 2491 1871 2704 SANCTA
1954 2478 3587 2701 BADEGUNDIS

1596 2800 2086 2909 REGINA
2163 2798 2587 2906 ΕΒΑΝο
2603 2800 2813 2907 UE.

591 3083 673 3142 ω
812 3066 1563 3210 SANCTAE
1646 3059 2816 3200 BADEGUNDIS
2902 3052 3637 3189 REGIN/E

2061 3307 2437 3409 VITA

1367 3516 1859 3604 DUOBUS
1912 3518 2289 3601 LIBRIS
2350 3512 3066 3600 COMPOSITA.

1604 3750 2096 3862 LIBER
2180 3745 2836 3869 PRIMUS.

1047 3931 1414 3994 merens
1433 3890 2405 4034 XENANTIOCFORTUNATO
2446 3929 2827 3993 EPISCOPO
2870 3930 3387 3995 PICTAVIENSI.

817 4050 916 4114 Ad
944 4070 1088 4113 mss.
1122 4052 1275 4115 Cod.
1311 4056 1380 4116 S.
1413 4028 1705 4125 Germani
1740 4028 2064 4117 Pratcntis
2093 4060 2148 4116 et
2175 4052 2555 4119 Conchemis
2580 4053 2971 4130 monasterii,
2999 4061 3057 4125 et
3085 4054 3165 4117 D.
3199 4028 3656 4179 d’Herouval)

584 2964 3849 3007 MM

1750 3653 2651 3704 w—

1958 4281 2425 4394 protegas.

650 4456 702 4509 t.
744 4452 1119 4523 Redemptoris
1150 4452 1321 4510 nostri
1352 4461 1555 4516 tantum
1583 4452 1733 4508 dives
1769 4462 1851 4507 est
1880 4452 2116 4522 largitas,
2149 4460 2207 4507 ut
2236 4452 2290 4507 in
2321 4468 2455 4509 sexu
2484 4454 2731 4512 muliebri
2769 4456 3007 4514 celebret
3034 4457 3201 4516 fortes
3229 4457 3502 4525 victorias,
3528 4465 3586 4513 et
3625 4469 3846 4524 corpore

590 4546 889 4617 lragiliores
919 4549 1062 4617 ipsas
1091 4547 1275 4603 reddat
1315 4546 1541 4602 feminas
1581 4547 1775 4600 virtute
1819 4544 2009 4599 tuentis
2073 4542 2287 4614 inclytae
2328 4543 2613 4613 gloriosas.
2648 4546 2791 4613 Quas
2824 4546 3084 4605 habentes
3114 4548 3383 4605 nascendo
3414 4546 3693 4602 mollitiem
3724 4546 3844 4600 facit

584 4640 828 4694 Christus
859 4640 1108 4694 robustas
1139 4654 1201 4695 ex
1237 4639 1341 4694 ilde
1366 4658 1377 4693 :
1405 4648 1463 4693 ut
1495 4653 1612 4707 quae
1638 4638 1884 4691 videntur
1914 4637 2232 4702 imbecilles,
2266 4637 2391 4690 dum
2419 4648 2748 4693 coronantur
2777 4655 2840 4694 ex
2873 4642 3101 4707 meritis,
3129 4657 3157 4695 a
3187 4657 3292 4709 quo
3321 4641 3627 4697 efﬁciuntur
3656 4640 3839 4701 fortes,

572 4729 785 4785 laudem
819 4730 900 4784 sui
927 4730 1202 4785 cumulent
1230 4729 1522 4797 Creatoris,
1572 4728 1817 4782 habendo
1850 4728 1900 4781 in
1942 4725 2083 4781 vasis
2114 4727 2363 4782 lictllibus
2398 4727 2677 4784 thesauros
2724 4730 2850 4787 εαξη
2891 4731 3193 4788 reconditos
3222 4751 3233 4785 :
3262 4734 3314 4787 in
3348 4747 3571 4799 quarum
3620 4730 3840 4787 visceri-

575 4820 674 4874 bus
702 4836 821 4875 cum
853 4824 962 4876 suis
993 4822 1194 4876 divitiis
1226 4823 1338 4891 ipse
1370 4821 1481 4876 Rex
1514 4820 1779 4875 habitator
1811 4827 1894 4873 cst
1923 4818 2185 4872 Christus.
2219 4817 2349 4884 Qum
2376 4821 2761 4885 mortiﬁcantes
2791 4836 2849 4877 se
2888 4824 3119 4890 szeculo,
3149 4823 3406 4893 despecto
3448 4832 3608 4877 terrae
3633 4836 3841 4876 consor-

574 4915 671 4977 tio,
697 4915 957 4970 defaecato
984 4915 1087 4988 [ΑΙ.
1120 4915 1356 4987 deserto]
1386 4914 1567 4969 mundi
1605 4915 1871 4980 contagio,
1915 4927 2018 4965 nou
2053 4910 2383 4965 conﬁdentes
2411 4912 2465 4967 in
2498 4912 2727 4978 lubrico,
2770 4929 2875 4968 non
2904 4923 3108 4970 stantes
3136 4914 3189 4969 in
3234 4916 3416 4984 lapsu,
3446 4923 3748 4984 quaerentes
3775 4915 3842 4968 vi-

571 5020 699 5061 vere
727 5007 860 5073 Deo,
884 5008 949 5061 ad
977 5008 1199 5077 gloriam
1229 5007 1605 5074 Redemptoris
1634 5014 1758 5069 sunt
1781 5006 2041 5075 copulata:
2075 5005 2338 5071 paradiso.
2390 5006 2443 5067 lu
2474 5021 2580 5078 quo
2610 5017 2691 5063 est
2737 5008 2932 5076 pariter
2963 5022 3206 5074 numero,
3234 5008 3390 5078 cujus
3422 5008 3545 5063 vita
3575 5008 3841 5077 praesentis

583 5114 825 5167 cursum,
855 5102 977 5156 licet
1008 5116 1259 5157 sermone
1286 5102 1519 5171 private,
1552 5102 1693 5154 terra
1723 5098 2051 5154 tentavimus
2076 5097 2132 5153 in
2161 5097 2433 5167 publicum
2461 5116 2473 5151 :
2503 5109 2560 5153 ut
2587 5098 2741 5167 cujus
2766 5107 2851 5155 est
2878 5101 2983 5155 vita
3015 5116 3135 5157 cum
3169 5100 3383 5157 Christo
3428 5100 3483 5156 in
3513 5100 3707 5172 gloria,
3738 5114 3842 5157 mo-

576 5196 747 5251 moria
778 5194 944 5251 relata
984 5195 1291 5251 celebretur
1320 5195 1373 5249 in
1405 5194 1625 5249 mundo.

1800 5293 2080 5378 VlTA
2156 5293 2637 5385 INCIPIT.

642 5430 699 5485 2.
740 5430 1051 5487 Beatissima
1082 5430 1241 5501 igitur
1282 5430 1652 5501 Radegundis,
1688 5432 1901 5486 natione
1932 5429 2157 5484 barbara
2187 5436 2231 5497 ρ
2268 5430 2565 5495 barbarica,
2602 5429 2930 5485 Francorum
2963 5432 3190 5486 victoria
3233 5430 3448 5503 regione
3472 5440 3707 5499 vastata,
3732 5433 3839 5491 vise

574 5522 641 5576 de
668 5520 885 5591 regione
909 5521 1202 5594 Thoringa,
1236 5538 1336 5579 avo
1366 5540 1491 5594 rege
1522 5524 1762 5589 Bassino,
1800 5534 1988 5594 patruo
2020 5524 2155 5579 ller-
2270 5522 2558 5578 Israelitica
2595 5523 2705 5577 exit
2745 5533 2799 5578 et
2823 5525 3015 5594 migrat
3041 5525 3109 5580 de
3140 5525 3329 5594 patria.
3353 5526 3506 5581 Tune
3543 5528 3682 5582 inter
3713 5527 3840 5597 ipsos

571 5611 868 5674 meul‘rido,
901 5621 1051 5680 patre
1095 5628 1222 5682 rege
1257 5602 1599 5669 ‘Berethariu.
1645 5616 1699 5669 In
1732 5624 1986 5681 quantum
2034 5614 2158 5668 alti-
2274 5615 2507 5671 victores
2531 5615 2687 5685 cujus
2713 5616 2933 5671 essetin
2964 5620 3151 5687 prada.
3177 5620 3370 5690 rogalis
3402 5620 3613 5689 puella,
3643 5621 3703 5675 ﬁt
3724 5634 3838 5673 con-

575 5705 704 5760 tudo
730 5703 910 5759 saeculi
943 5707 1128 5775 tangit,
1164 5708 1311 5777 regio
1334 5708 1399 5762 de
1426 5710 1671 5778 germine
1698 5718 1834 5771 orta,
1862 5708 2003 5763 celsa
2034 5710 2159 5763 licet
2268 5710 2438 5763 tentio
2485 5709 2552 5765 de
2591 5711 2818 5779 captiva.
2854 5712 2920 5766 Et
2965 5713 3067 5767 nisi
3108 5714 3317 5769 reddita
3362 5714 3555 5770 fuisset
3587 5722 3839 5769 transacto

576 5797 814 5865 origine,
856 5797 1022 5850 multo
1061 5800 1258 5855 celsior
1308 5802 1535 5858 actione.
1580 5802 1709 5869 Quae
1756 5818 1875 5856 cum
1931 5803 2157 5857 suminis
2266 5802 2583 5865 certamine,
2618 5802 2668 5855 in
2697 5818 2756 5856 se
2786 5818 2937 5872 reges
2968 5820 3116 5858 arma
3140 5808 3450 5860 movissent.
3484 5808 3618 5872 Qua:
3640 5810 3837 5860 veniens

575 5889 690 5942 suis
716 5887 1025 5953 parentibus
1052 5889 1196 5946 brevi
1232 5893 1513 5950 mansisset
1540 5905 1802 5964 tempore,
1837 5905 2156 5965 tempestate
2265 5895 2316 5950 iu
2346 5902 2545 5951 sortem
2576 5896 2813 5964 punct-lsi
2843 5896 2982 5967 regis
3025 5894 3281 5955 Cblotarii
3310 5896 3367 5953 in
3400 5895 3834 5953 Veronnadensotn
