4076 6348
588 389 696 449 658

1484 400 1749 457 SANCTA
1795 392 2268 466 RADEGUNDIS,
2313 395 2570 452 REGINA
2614 395 2958 454 FRANCIE.

3773 403 3877 460 656

585 518 692 563 tam
717 508 1013 578 occupabat
1038 512 1179 567 circa
1209 512 1307 567 viri
1330 513 1455 583 justi
1489 515 1650 570 verba
1672 556 1687 583 ,
1717 516 1856 570 circa
1880 516 2066 570 salutis
2088 515 2168 567 in-
2195 516 2248 574 Α
2272 518 2424 580 geret
2452 511 2787 565 monacham.
2819 511 3008 567 Adhuc
3044 511 3258 569 beatum
3288 514 3458 569 virum
3482 516 3880 584 perturbabant

583 604 791 669 stituta,
824 616 875 659 ct
899 605 1040 659 circa
1066 608 1407 677 adipiscenda
1435 612 1559 664 vita:
1592 611 1819 665 cailestis
1850 611 2168 666 commercia

582 697 949 753 mutuabatur
997 714 1091 767 per
1132 701 1269 756 dies.
1314 701 1379 756 Et
1423 703 1467 757 si
1512 705 1749 759 venisset
1795 704 2066 773 pontifex,
2115 706 2166 758 in

583 801 806 860 aspectu
832 794 949 861 ejus
976 793 1363 863 lactiﬁcabatur,
1389 808 1442 852 et
1464 807 1865 854 remuneratum
1895 798 2172 855 relaxabat

582 885 696 955 ipsa
730 884 895 941 triStis
936 888 1001 941 ad
1033 890 1265 958 propria.
1930 904 1933 905 '

656 982 709 1034 9.
756 980 887 1035 Illud
939 998 1150 1053 quoque
1187 1000 1345 1054 quam
1396 985 1688 1055 prudenter
1729 995 1896 1041 totum
1939 1002 2035 1055 pro
2077 1000 2171 1040 sua

581 1076 755 1131 salute
799 1078 1109 1145 providebat
1140 1080 1450 1150 impendere
1493 1098 1508 1138 :
1539 1082 1749 1161 quoties
1788 1084 1937 1152 quasi
1972 1081 2170 1136 mafor-

586 1174 694 1223 tcm
717 1169 791 1240 (α)
817 1187 1009 1226 novum
1035 1174 1232 1228 lincum
1264 1175 1542 1241 sabanum,
1570 1191 1701 1231 auro
1730 1178 1815 1231 vel
1845 1176 2070 1246 gemmis
2098 1191 2177 1230 or-

584 1271 764 1315 natum
799 1279 946 1319 more
975 1266 1237 1323 vestiebat
1264 1268 1332 1323 de
1359 1267 1612 1336 barbaro,
1646 1283 1676 1323 a
1706 1270 2176 1323 circumstantibus

588 1354 779 1421 puellis
806 1355 849 1409 si
883 1356 1193 1413 laudaretur
1212 1360 1651 1430 pulcherrimum,
1685 1360 1954 1428 indignam
1988 1376 2047 1415 se
2077 1362 2174 1415 ad-

582 1444 825 1513 jndicans
858 1449 947 1503 tali
974 1453 1225 1519 componi
1258 1450 1502 1515 linteolo,
1534 1468 1656 1506 mox
1687 1467 1889 1507 exuens
1920 1468 1979 1507 sc
2013 1454 2177 1507 vesti-

587 1545 767 1590 mento
785 1538 1173 1609 dirigebatloco
1186 1551 1397 1607 sancto,
1416 1543 1655 1611 quisquis
1674 1552 1819 1597 esset
1836 1544 1887 1596 in
1911 1544 2173 1612 proximo,

586 1636 640 1681 et
668 1644 765 1697 pro
796 1631 938 1698 palla
974 1632 1270 1700 ponebatur
1295 1634 1534 1688 divinum
1563 1648 1723 1702 super
1750 1634 1938 1689 altare.

662 1722 749 1776 I0.
790 1723 1030 1789 Qualiter
1056 1740 1184 1781 vero
1212 1727 1257 1781 si
1298 1729 1421 1795 quis
1462 1741 1558 1795 pro
1594 1727 1747 1795 culpa
1781 1725 2077 1790 criminali,
2121 1732 2179 1779 ut

589 1814 810 1878 assolet,
859 1831 888 1868 a
918 1831 1043 1886 rege
1069 1816 1427 1886 deputabatur
1468 1816 1693 1872 interﬁci
1724 1818 2058 1872 sanctissima
2090 1832 2179 1871 rc-

2275 616 2523 671 proceres
2550 612 2605 656 et
2636 618 2727 671 per
2757 604 3033 658 basilicam
3070 607 3304 674 graviter
3327 608 3393 660 ab
3431 608 3586 661 altari
3620 611 3873 665 retrahe-

2277 695 2434 759 bant,
2481 712 2548 751 ne
2582 696 2783 752 velaret
2833 698 2943 767 regi
2972 699 3336 767 coniunctam,
3383 716 3450 755 ne
3494 702 3881 765 videretursa-

2274 789 2478 843 cerdoti
2512 798 2568 843 ut
2600 802 2952 858 pra-sumeret
2992 794 3218 862 principi
3267 793 3568 849 subducere
3599 797 3876 865 reginam,

2274 896 2380 933 non
2412 879 2895 950 publicanam,scd
2946 882 3208 950 publicam
3249 883 3340 957 μά
3364 894 3474 949 est,
3528 886 3745 952 publice
3786 902 3880 941 seu

2275 974 2591 1029 solemniter
2612 974 2877 1044 nuptam).
2904 975 3021 1040 Quo
3046 978 3377 1032 sanctissima
3401 980 3648 1048 cognito,
3669 980 3881 1035 intrans

2279 1064 2332 1119 in
2368 1067 2686 1131 sacrarium,
2718 1068 3034 1122 monachica
3066 1081 3210 1124 veste
3242 1069 3499 1135 induitur,
3537 1072 3789 1141 procedit
3816 1075 3879 1125 ad

2277 1157 2465 1221 altare,
2494 1158 2859 1213 beatissimum
2895 1159 3204 1214 Medardum
3248 1162 3330 1215 his
3360 1164 3539 1217 verbis
3578 1164 3878 1232 alloquitur

2278 1250 2463 1305 dicens
2489 1268 2499 1303 :
2526 1250 2581 1305 Si
2612 1266 2698 1306 me
2719 1266 3037 1307 consecrare
3060 1254 3352 1319 distuleris,
3376 1264 3431 1310 et
3453 1254 3570 1324 plus
3600 1257 3877 1311 hominem

2278 1356 2435 1409 quam
2482 1342 2647 1397 Deum
2701 1343 2973 1409 timueris,
3006 1344 3073 1399 de
3102 1360 3262 1399 manu
3294 1356 3381 1399 tua
3425 1361 3453 1399 a
3486 1357 3709 1416 pastore
3763 1350 3879 1404 ovis

2279 1435 2456 1487 anima
2488 1435 2813 1504 requiratur.
2852 1436 2967 1503 Quo
3000 1436 3093 1493 ille
3122 1438 3528 1492 contestzttionis
3574 1455 3876 1496 concussus

2280 1527 2538 1593 tonitruo,
2555 1541 2714 1581 manu
2734 1528 3091 1596 superposita,
3112 1542 3445 1583 consecrarit
3466 1542 3755 1584 ataconam
3782 1532 3873 1603 (ε),

2352 1618 2439 1672 13.
2487 1619 2605 1672 Mox
2635 1618 3008 1674 indumentum
3040 1620 3219 1675 nobile
3249 1635 3354 1689 quo
3381 1622 3745 1677 celeberrima
3791 1624 3877 1678 die

2280 1707 2489 1762 solebat
2536 1723 2729 1778 pompa
2765 1710 3055 1765 comitante
3100 1711 3282 1780 regina
3335 1713 3667 1781 procedere,
3718 1728 3877 1771 exuta

2287 1800 2436 1861 ponit
2464 1800 2513 1853 in
2541 1800 2735 1867 altare,
2767 1801 2983 1868 blattas,
3007 1814 3378 1874 gemmataque
3398 1818 3720 1861 ornamenta
3746 1810 3874 1881 [At.,

589 1902 712 1974 gina
740 1906 1070 1962 moriebatur
1116 1909 1376 1976 cruciatu,
1412 1924 1479 1963 ne
1510 1909 1815 1979 designatus
1841 1924 1963 1963 reus
2005 1925 2177 1964 more-
2206 1896 2255 1956 Β
2284 1892 2485 1956 blattis,
2518 1894 2744 1962 gemmis
2775 1894 3130 1966 ornamentis]
3158 1914 3169 1949 :
3196 1911 3432 1973 mensam
3462 1898 3663 1955 divinae
3691 1902 3875 1970 gloria:

589 2002 739 2048 retur
769 1994 823 2049 in
850 1996 1057 2066 gladio!
1092 1997 1330 2064 Qualiter
1352 2001 1707 2056 concursabat
1732 2016 1825 2071 per
1854 2000 2176 2057 domesticos

588 2085 777 2143 ﬁdeles
806 2090 1102 2145 servientes
1128 2099 1183 2146 et
1214 2106 1495 2161 proceres,
1528 2107 1752 2163 quorum
1798 2092 2176 2149 blandimentis

586 2185 854 2241 mulcebat
878 2186 1117 2243 animum
1149 2188 1436 2257 principis,
1479 2188 1651 2244 donec
1678 2189 1729 2242 in
1762 2188 1875 2258 ipsa
1908 2187 1983 2241 ira
2011 2187 2173 2257 regis,

584 2277 724 2331 unde
754 2289 1089 2348 processerat
1119 2294 1239 2335 sors
1266 2282 1476 2347 mortis,
1520 2279 1645 2336 inde
1674 2290 1916 2335 curreret
1945 2294 2043 2334 vox
2086 2294 2173 2333 sa-

583 2366 707 2424 lutis
728 2370 741 2423 ι

656 2460 743 2515 Η.
786 2461 877 2515 His
905 2462 1065 2531 igitur
1095 2460 1265 2516 beatis
1310 2462 1519 2518 actibus
1548 2471 1863 2531 occupatam
1908 2462 2171 2517 intantum

586 2552 832 2619 provexit
856 2551 1035 2607 divina
1063 2552 1369 2618 clementia,
1402 2554 1647 2608 utetiam
1679 2555 1851 2608 adhuc
1898 2555 1950 2608 in
1980 2554 2175 2623 palatio

587 2640 719 2699 laica
758 2645 986 2700 Domino
1032 2645 1298 2715 largiente
1335 2646 1742 2702 decla‘rarentur
1788 2661 1881 2716 per
1910 2662 2027 2702 eam
2068 2649 2171 2703 mi-

589 2738 787 2791 racula.
811 2735 1050 2805 Denique
1076 2737 1127 2789 in
1150 2736 1398 2791 Perttnna
1422 2735 1703 2809 [Peranna]
1726 2737 1850 2793 villa
1875 2746 1993 2807 post
2017 2753 2174 2808 pran-

590 2828 731 2884 dium
771 2831 901 2886 dum
945 2830 1243 2885 ambularet
1280 2846 1377 2902 per
1426 2832 1640 2887 hortum
1682 2833 2050 2903 sanctissima,
2096 2831 2171 2888 rei

590 2922 782 2977 retrusi
830 2937 932 2993 pro
960 2922 1184 2979 crimine
1212 2924 1451 2979 succurri
1481 2924 1582 2980 sibi
1620 2924 1945 2991 clamabant,
1976 2924 2173 2981 vocife-

590 3022 766 3069 rantes
794 3013 867 3069 de
891 3029 1131 3072 carcere.
1164 3015 1279 3085 Ipsa
1309 3016 1435 3086 quid
1465 3025 1608 3072 esset
1658 3018 1991 3088 interrogat:
2024 3034 2173 3074 men-

592 3106 793 3161 tiuntur
841 3107 1106 3174 ministri,
1140 3107 1280 3178 quod
1310 3108 1675 3177 mendicorum
1716 3110 1870 3165 turba
1908 3118 2173 3182 qurereret

589 3199 1006 3271 cleemosynam.
1039 3198 1278 3255 Credens
1305 3200 1407 3282 hoc
1436 3201 1523 3255 illa
1556 3201 1866 3257 transmittit
1896 3218 2002 3273 quo
2031 3202 2169 3258 indi-

2284 1995 2360 2039 tot
2401 1984 2558 2039 donis
2588 1996 2774 2040 onerat
2807 2001 2901 2055 per
2928 1987 3209 2043 honorem.
3242 1986 3526 2059 Cingulum
3571 1994 3691 2045 auri
3746 2009 3874 2060 pon-

2277 2077 2518 2133 deratum
2550 2078 2773 2134 fraetum
2798 2080 2889 2133 dat
2917 2082 2969 2134 in
2998 2096 3131 2151 opus
3155 2096 3465 2150 pauperum.
3500 2083 3772 2139 Similiter
3792 2102 3874 2140 ac-

2278 2172 2482 2227 cedens
2514 2170 2581 2225 ad
2612 2172 2804 2226 cellam
2835 2174 3003 2227 sancti
3028 2172 3280 2238 .lumeris,
3312 2172 3399 2228 die
3428 2190 3535 2228 uno
3565 2190 3675 2244 quo
3700 2190 3764 2231 se
3792 2191 3876 2231 or-

2277 2265 2439 2318 nabat
2490 2264 2612 2319 felix
2662 2265 2885 2335 regina,
2930 2268 3227 2334 composito
3273 2282 3523 2323 sermone
3578 2278 3640 2321 ut
3687 2272 3876 2339 loquar

2278 2358 2529 2424 barbaro,
2578 2360 2877 2427 stapioncm
2911 2358 3017 2427 (ά),
3050 2358 3308 2425 camisas,
3353 2361 3624 2423 manicas,
3670 2363 3874 2431 cofeas,

2277 2454 2488 2520 ﬁbulas,
2529 2462 2720 2508 cuncta
2748 2453 3177 2523 aurohquaedam
3207 2454 3431 2522 gemmis
3462 2464 3749 2522 exornata,
3782 2472 3873 2525 per

2276 2547 2530 2603 circulum
2580 2546 2681 2601 sibi
2735 2545 3014 2615 profutura
3061 2554 3248 2600 sancto
3299 2546 3459 2599 tradit
3508 2547 3691 2599 altari.
3746 2546 3871 2604 Inde

2276 2641 2575 2711 procedens
2618 2639 2684 2695 ad
2715 2639 2904 2695 cellam
2950 2640 3268 2695 venerabilis
3295 2638 3551 2694 Datdonis
3574 2682 3590 2705 ,
3650 2641 3741 2696 die
3769 2657 3870 2709 qua

2276 2732 2465 2789 debuit
2494 2734 2675 2787 ornari
2728 2740 3044 2802 praestanter
3071 2733 3124 2787 in
3155 2733 3384 2801 sreculo,
3434 2734 3692 2803 quidquid
3724 2735 3869 2794 indui

2276 2835 2506 2895 poterat,
2537 2840 2701 2880 censu
2729 2824 2893 2881 divite
2940 2826 3158 2895 femina,
3184 2827 3374 2882 abbate
3405 2837 3760 2885 remunerato
3784 2836 3868 2885 to-

2276 2927 2387 2971 tum
2418 2916 2564 2972 dedit
2603 2918 2871 2973 coenobio.
2907 2918 3150 2987 .‘Equiter
3182 2917 3472 2990 [similiter]
3501 2921 3676 2975 sancti
3725 2920 3866 2977 Gun-

2275 3012 2401 3068 dulﬁ
2424 3052 2438 3077 ,
2472 3021 2591 3082 post
2630 3012 2755 3068 facti
2799 3013 2975 3069 Mcttis
3001 2997 3240 3084 episcopi
3282 3013 3357 3085 (ε)
3391 3027 3679 3084 progressa
3725 3032 3864 3074 rece-

2276 3108 2531 3176 ptaculo,
2582 3122 2688 3162 non
2748 3107 2955 3163 minore
3014 3108 3257 3162 laboratu
3305 3107 3608 3162 nobilitavit
3661 3109 3859 3181 Syner-

2275 3201 2415 3272 sium
2447 3202 2536 3271 (D-

591 3294 742 3362 gcbat
794 3262 993 3364 inopia.
1026 3295 1231 3350 Interea
1275 3310 1303 3348 a
1330 3276 1511 3364 judice
1549 3262 1944 3365 compelluntur
1992 3305 2169 3353 tacere
2202 3277 2248 3340 Ο
2276 3262 2303 3272 ν
2348 3262 2615 3352 14.”ιὶιιιο
2656 3292 2799 3350 felici
2841 3262 3052 3366 navigio
3088 3293 3317 3350 Turonis
3340 3295 3563 3365 appulsa
3593 3311 3718 3366 qua:
3744 3312 3865 3368 sup-

592 3390 675 3456 ιμιὶ
711 3391 1026 3443 tenebantur
1056 3387 1109 3442 in
1146 3387 1423 3457 compede:
1456 3388 1589 3443 Cum
1619 3404 1750 3445 vero
1781 3404 1883 3443 nox
1914 3404 2174 3459 superve-

580 3480 775 3539 nisset,
805 3478 930 3533 dum
959 3478 1061 3533 sibi
1093 3493 1308 3533 cursum
1339 3478 1568 3544 diceret,
1602 3476 1788 3535 fractis
1814 3480 2046 3535 vinculis
2088 3495 2175 3535 so-

594 3571 684 3625 luti
729 3581 1019 3627 occurrunt
1045 3580 1244 3626 sanctae
1274 3570 1340 3625 de
1378 3585 1616 3626 carcere.
1666 3572 1783 3638 Quo
1810 3573 2024 3644 cognito
2056 3588 2178 3629 reos

593 3679 649 3719 se
679 3666 920 3721 viderunt
944 3667 1035 3736 qui
1063 3665 1233 3720 beata:
1265 3665 1473 3720 mentiti
1503 3674 1649 3731 sunt,
1680 3666 1805 3721 dum
1837 3666 1930 3736 qui
1958 3666 2033 3723 rei
2062 3666 2179 3723 fue-

593 3772 710 3815 rant
742 3761 808 3815 de
838 3759 1041 3815 catenis
1073 3760 1232 3814 soluti
1260 3768 1400 3813 sunt.

664 3853 751 3907 12.
794 3853 861 3907 Et
892 3852 1145 3922 quoniam
1195 3851 1501 3921 frequenter
1534 3851 1708 3919 aliqua
1738 3850 2049 3917 occasione,
2091 3849 2176 3904 di-

595 3946 811 3999 vinitate
834 3952 1205 4014 prosperante,
1234 3958 1390 3997 casus
1410 3942 1554 3997 cedit
1592 3943 1657 3995 ad
1685 3943 1948 4008 salutem,
1979 3953 2039 3997 ut
2065 3942 2179 3997 lucc

596 4037 899 4105 religiosius
928 4036 1152 4102 viveret,
1188 4035 1351 4090 frater
1381 4036 1701 4090 interﬁcitur
1735 4037 2050 4091 innocenter
2077 4036 2180 4108 [in-

596 4128 818 4201 nocens]
846 4131 946 4201 (b).
980 4129 1193 4185 Directa
1225 4129 1385 4197 igitur
1413 4145 1441 4182 a
1466 4144 1591 4199 rege
1618 4129 1840 4185 veniens
1870 4130 1937 4184 ad
1965 4130 2177 4185 beatum

598 4222 905 4278 Medardum
934 4221 1278 4292 Noviomago,
1312 4222 1576 4290 supplicat
1607 4222 1889 4288 instanter,
1923 4230 1981 4275 ut
2010 4221 2178 4291 ipsam

599 4326 798 4373 mutata
817 4326 967 4373 veste
994 4316 1221 4371 Domino
1246 4325 1607 4371 consecraret.
1644 4316 1745 4370 Sed
1775 4330 1981 4370 memor
1999 4316 2182 4371 dicen-

599 4410 666 4464 tis
696 4410 921 4479 apostoli
958 4428 969 4463 :
1000 4408 1057 4466 Si
1097 4424 1200 4479 qua
1247 4410 1402 4477 ligata
1432 4409 1503 4463 sit
1540 4407 1789 4478 conjugi,
1834 4423 1938 4463 non
1978 4416 2184 4477 quaerat

598 4500 813 4557 dissolvi
842 4500 894 4572 (Ι
927 4499 1047 4555 Cor.
1075 4500 1193 4570 vn),
1217 4495 1494 4555 differebat
1523 4500 1784 4569 reginam,
1817 4514 1885 4554 nc
1913 4511 2061 4555 veste
2093 4500 2175 4555 le-

2278 3389 2422 3460 pleat
2469 3388 2795 3458 eloquentia,
2837 3395 3091 3457 quantum
3139 3386 3454 3453 ofﬁciosam,
3507 3397 3868 3459 quantumque

2278 3500 2337 3540 sc
2366 3482 2684 3539 monstravit
2728 3481 3083 3537 munificam?
3129 3480 3266 3547 Quid
3295 3481 3464 3552 egerit
3511 3482 3656 3536 circa
3703 3479 3866 3538 sancti

2281 3576 2496 3633 Martini
2554 3576 2723 3643 atria,
2786 3575 3004 3644 templa,
3037 3574 3344 3640 basilicam,
3397 3574 3568 3643 ﬂens,
3624 3576 3861 3648 lacrymis

2281 3669 2554 3733 insatiata,
2590 3667 2799 3738 singula
2842 3667 3029 3737 jacens
3080 3682 3174 3737 per
3222 3667 3426 3734 limina,
3473 3668 3563 3722 ubi
3596 3669 3860 3724 missarc-

2283 3769 2466 3816 vocata
2515 3760 2613 3833 (g),
2660 3758 2894 3815 vestibus
2932 3768 2988 3813 et
3020 3768 3358 3826 ornamento,
3406 3774 3512 3830 quo
3553 3776 3615 3816 se
3659 3760 3860 3817 clariori

2280 3855 2425 3911 cultu
2479 3856 2684 3911 solebat
2740 3854 2880 3909 ferre
2931 3854 2983 3908 in
3038 3854 3235 3924 palatio
3261 3894 3277 3921 ,
3329 3870 3540 3910 sacrum
3597 3855 3861 3926 componit

2282 3948 2465 4003 altare.
2507 3947 2783 4001 Ilinc-cum
2808 3946 2860 3999 in
2892 3947 3066 4000 vicum
3088 3946 3481 4002 Condatensem
3509 3946 3753 4019 [Condé],
3783 3943 3859 4003 ubi

2282 4038 2547 4107 gloriosus
2578 4037 2660 4091 vir
2693 4037 2949 4091 Martinus
2978 4047 3034 4093 et
3061 4036 3259 4092 Christi
3285 4039 3415 4092 satis
3457 4039 3679 4094 intimus
3718 4055 3861 4094 sena-

2284 4140 2365 4184 tor
2398 4128 2642 4198 migravit
2674 4128 2741 4182 de
2768 4127 2984 4193 saeculo,
3025 4128 3217 4182 ancilla
3257 4128 3466 4181 Damini
3517 4131 3861 4197 pervenisset,

2284 4222 2431 4278 dedit
2458 4237 2564 4276 non
2597 4218 2874 4289 inferiora,
2906 4220 3116 4275 Domini
3148 4235 3396 4275 crescens
3428 4222 3479 4275 in
3510 4224 3705 4292 gratia.

2358 4314 2445 4370 l5.
2490 4314 2624 4371 Hinc
2644 4331 2766 4371 cunt
2796 4314 2848 4368 itt
2882 4315 3005 4368 villa
3035 4313 3255 4369 Sumdas
3284 4313 3425 4386 [Scis
3451 4314 3590 4370 inter
3632 4315 3859 4372 Turoncs

2284 4418 2339 4464 et
2370 4406 2639 4479 Pictones]
2663 4406 2883 4461 Pictavo
2909 4406 3173 4460 territorio
3188 4404 3333 4474 juxta
3361 4406 3674 4473 praedictum
3699 4409 3858 4462 vicum

2289 4500 2543 4555 decenter
2570 4500 2869 4563 accederet,
2902 4498 3093 4551 itinere
3138 4509 3505 4567 prosperante,
3553 4500 3780 4569 qualiter
3810 4516 3860 4555 se

675 4661 748 4730 ta)
786 4659 1008 4715 Malorte
1036 4658 1293 4714 muliebre
1322 4658 1510 4727 capitis
1542 4667 1903 4730 tegumentum
1932 4676 1945 4724 ;
1991 4658 2182 4715 lineam
2208 4664 2261 4724 Ι)
2290 4675 2435 4716 casu.
2465 4659 2818 4714 Scribendum
2842 4657 3070 4730 videtur,
3096 4657 3731 4730 scapionem,ad‘regium
3762 4658 3858 4711 ilia-

602 4734 845 4784 sabanum
879 4730 928 4799 (τι
962 4746 1089 4785 voce
1122 4731 1377 4784 theotisca
1411 4730 1601 4793 Saban,
1633 4744 1750 4799 qua:
1780 4729 1996 4784 linteum
2020 4732 2185 4801 signi-

603 4803 747 4869 ﬁcat)
775 4803 857 4855 hic
878 4804 1011 4855 sumi
1030 4802 1240 4855 videtur
1256 4816 1348 4867 pro
1366 4802 1684 4855 vestimento
1698 4817 1762 4854 cx
1788 4801 1897 4856 Iino
1909 4806 2177 4871 conlecto,

604 4876 685 4927 cui
710 4888 894 4924 aurum
937 4881 989 4925 et
1015 4886 1239 4939 gemmae
1270 4880 1462 4923 assuta:
1491 4879 1663 4925 erant.

679 4943 754 5010 (ιν)
772 4941 1090 5014 Fortunatus
1105 4945 1153 5014 in
1166 4943 1398 5014 carmine
1415 4942 1481 4994 de
1496 4942 2047 5014 exyidio'l‘horingiaz,
2064 4958 2187 5014 sup-

606 5014 767 5079 plem.
800 5014 857 5073 l,
894 5013 1092 5065 inducit
1122 5012 1497 5082 Radegundem
1550 5010 1731 5067 fratris
1782 5010 1965 5069 necem
1999 5010 2185 5082 patltc-

606 5086 750 5139 ticms
779 5083 951 5137 dellen
961 5094 1087 5137 tem.

679 5156 753 5227 (c)
780 5156 844 5209 Et
869 5163 1046 5227 tamen
1076 5159 1229 5227 paulo
1257 5164 1378 5227 ante
1405 5154 1687 5209 concilium
1711 5155 2090 5211 Aurelianense
2112 5173 2149 5211 tt
2170 5200 2185 5225 ,

605 5225 746 5282 anno
772 5225 971 5281 Christi
999 5226 1100 5281 553
1139 5226 1460 5279 celebratum
1503 5227 1578 5278 sic
1624 5229 1807 5279 statuit
1848 5240 2053 5281 canone
2084 5229 2183 5283 18:

612 5299 814 5351 Placuit
842 5298 993 5351 etiam
1042 5306 1092 5349 ut
1122 5297 1252 5349 nulli
1298 5300 1611 5366 postmodum
1661 5298 1862 5365 femina:
1906 5298 2188 5355 diaconalis

610 5370 883 5422 benedictio
910 5385 1001 5438 pro
1044 5369 1344 5421 conditionis
1374 5370 1526 5437 hujus
1575 5368 1855 5437 fragilitate
1901 5370 2139 5423 credatur
2167 5387 2187 5426 :

611 5441 699 5507 qui
730 5442 852 5495 licet
872 5455 936 5493 ex
968 5439 1302 5508 antiquorum
1348 5453 1608 5493 canonum
1662 5440 1993 5508 praescripto,
2021 5456 2187 5496 anno-

610 5526 732 5564 runt
760 5511 1103 5579 quadraginta
1135 5509 1499 5576 probationem
1542 5525 1795 5564 revocare
1818 5512 2074 5565 duntaxat
2106 5514 2184 5567 vi-

611 5578 799 5637 deatur
824 5578 1011 5634 Joanni
1039 5580 1260 5645 Marino,
1292 5582 1512 5634 exet'cit.
1544 5582 1625 5643 t0,
1652 5581 1718 5637 de
1742 5584 1890 5635 Sacr.
1917 5582 2185 5649 0rdittat.,

611 5668 728 5722 cap.
758 5650 813 5717 5,
844 5666 1012 5719 neque
1038 5651 1114 5705 sic
1143 5660 1317 5705 tamen
1350 5652 1401 5705 in
1432 5651 1754 5721 Radegunde
1780 5653 1951 5705 locum
1979 5652 2182 5710 habuit.

614 5722 953 5777 Diaconissas
982 5723 1199 5775 omnino
1226 5722 1455 5777 desiisse
1484 5732 1607 5775 ante
1630 5724 1883 5776 sacculum
1908 5738 1941 5776 κ
1968 5734 2189 5790 apparet

612 5809 677 5847 ex
707 5793 915 5846 Attonis
944 5793 1178 5860 episc0pi
1214 5793 1567 5848 Vercellensis
1599 5795 1822 5862 epistola
1864 5792 1929 5845 ad
1958 5794 2190 5848 Ambro-

613 5864 750 5916 sium
777 5862 1105 5915 sacerdotem
1134 5863 1185 5915 in
1218 5863 1377 5916 LVIII
1410 5865 1675 5931 Spicilegti
1709 5864 1822 5919 Vel.
1851 5863 2184 5931 Scr.,p.I26.

688 5931 764 6001 (tt)
788 5931 847 5984 ιη’
862 5932 989 5985 Cod.
1017 5930 1460 6001 Sangermanensi
1485 5930 1671 6002 legitur
1695 5935 1942 6003 stapione,
1969 5930 2019 5987 in
2037 5946 2191 5989 sexto

2290 4732 2441 4785 dcma
2474 4730 2882 4800 designandum.
2930 4728 3058 4783 Nam
3090 4728 3371 4800 Germanis
3400 4727 3685 4800 hodieque
3713 4731 3859 4797 Scap-

2291 4803 2375 4871 pel
2403 4802 2533 4855 vitta
2583 4799 2676 4855 seu
2727 4800 2915 4867 capitis
2961 4799 3328 4871 redimiculum
3380 4799 3607 4871 dicitur.
3648 4800 3706 4855 Si
3752 4815 3859 4854 vero

2291 4870 2407 4941 quis
2435 4874 2717 4937 stapionem
2745 4871 3081 4925 retinendmn
3111 4870 3259 4935 velit,
3298 4884 3414 4941 Vox,
3450 4872 3551 4923 ista
3580 4870 3651 4925 de
3685 4872 3857 4937 pedum

2291 4940 2617 4998 ornamentis
2642 4942 3039 5010 interpretanda
3059 4941 3181 5001 erit,
3203 4941 3375 5008 qualia
3400 4940 3564 4994 Isaias
3593 4942 3645 4995 in
3674 4958 3787 5008 Cap.
3813 4958 3857 4996 ιιι

2292 5023 2694 5068 commemorat.
2724 5013 2855 5065 Nam
2882 5014 3073 5080 stapio,
3105 5020 3354 5080 equestre
3380 5011 3797 5077 suppedaneum.

2371 5085 2441 5154 (ε)
2468 5085 2541 5138 Ita
2570 5099 2698 5139 mss.
2728 5083 2895 5137 Codd.
2922 5093 2979 5138 et
3008 5092 3184 5137 tamen
3212 5082 3390 5136 nullus
3420 5082 3669 5154 Gundulti
3702 5084 3752 5137 in
3780 5099 3856 5136 no-

2297 5153 2442 5210 mine
2471 5156 2658 5223 legitur
2703 5154 2977 5210 Mettensis
3006 5154 3484 5224 episc0pususque
3515 5153 3579 5224 ad
3619 5154 3853 5208 Ludovici

2297 5225 2376 5280 Pii
2413 5236 2646 5281 aetatem.
2671 5226 2752 5279 Att
2784 5225 2919 5281 forte
2950 5223 3050 5295 pro
3074 5223 3323 5278 Gundulli
3370 5223 3650 5295 legendum
3682 5227 3857 5281 (lose:-

2296 5297 2415 5370 lini,
2437 5298 2525 5365 qui
2557 5298 2757 5370 sicculo
2790 5313 2838 5370 vt
2866 5294 3253 5370 sedi_Mettcnsi
3285 5294 3538 5370 prostitit!

2369 5368 2432 5439 (Γ)
2456 5368 2795 5438 Synergium,
2820 5368 2966 5424 locus
2986 5367 3038 5421 in
3066 5365 3365 5436 quo'lplurcs
3385 5365 3852 5439 _simul,operantur,

2294 5437 2385 5493 hic
2426 5437 2666 5508 usurpari
2716 5440 2925 5493 videtur
2975 5454 3071 5508 pro
3110 5437 3453 5496 monasterio.
3502 5441 3644 5506 quod
3689 5439 3853 5494 eaduu

2295 5515 2499 5567 ratione
2541 5525 2644 5564 non
2672 5525 2940 5579 nunquam
2970 5509 3285 5565 asceterium
3311 5508 3625 5577 appellatur.

2363 5588 2439 5653 (g)
2468 5582 2555 5638 Sic
2584 5582 2863 5650 legendum
2897 5582 3122 5653 probant
3151 5587 3358 5634 veteres
3388 5582 3731 5653 membranae,
3760 5592 3853 5653 non

2292 5650 2417 5707 vero
2447 5655 2599 5706 misso
2630 5663 2879 5713 revocato,
2915 5651 2999 5707 vel
3030 5653 3241 5705 missore
3284 5659 3482 5715 vocato,
3517 5660 3573 5703 ut
3601 5651 3736 5719 apud
3766 5650 3850 5703 Su-

2291 5726 2449 5778 rium.
2478 5724 2655 5777 Codex
2690 5724 2751 5776 D.
2783 5722 3201 5777 d’Ilerouval-ex
3230 5721 3568 5775 amanuensis
3613 5724 3853 5790 interpre-

2293 5798 2494 5849 tatione
2526 5795 2685 5850 habet
2726 5795 2883 5848 missa
2903 5795 3179 5859 celebrata,
3230 5793 3323 5847 sed
3355 5806 3631 5861 perperam
3667 5805 3719 5846 ut
3743 5809 3852 5846 eon-

2292 5875 2434 5920 stare
2464 5866 2668 5919 videtur
2709 5881 2771 5919 ex
2804 5865 3071 5920 adnotatis
3102 5867 3153 5918 in
3202 5864 3368 5918 Vitam
3414 5864 3579 5918 sancti
3625 5861 3849 5918 Germani

2293 5939 2527 6005 cpisc0pi
2557 5937 2869 5991 Parisiensis
2895 5978 2910 6005 ,
2942 5953 3091 5990 num.
3123 5936 3212 5990 59.
