4076 6348
330 292 431 350 657

1598 295 1774 352 VlTA.
1814 295 2019 352 LIBER
2056 266 2326 354 panius.

3493 310 3595 364 ϐὅὸ

327 411 493 483 gessit
534 425 628 480 per
667 413 897 484 singula,
928 415 1048 483 quis
1075 422 1354 469 enumeret
1397 412 1639 467 infinita?
1688 427 1807 483 qua:
1852 413 1904 467 in
1934 427 1985 485 Α
2014 425 2220 475 manus,
2252 410 2363 479 jam
2389 410 2527 466 bene
2547 410 2690 467 culto
2708 411 2956 468 convivio
2978 419 3089 469 tota
3109 416 3521 486 gratificabatur.
3537 420 3597 479 Si

330 517 515 559 tuensa
540 503 640 558 sub
669 503 878 559 fladone
898 504 974 574 (a)
1005 505 1317 575 segalatium
1342 502 1685 576 [siligineum]
1718 519 1909 574 panem

332 597 656 651 absconsum
703 607 758 651 et
802 598 1156 653 hordeaceum
1195 598 1546 653 manducabat
1574 598 1801 667 occulte,
1833 598 1910 653 sic

326 703 385 750 ut
414 710 573 751 nemo
603 696 921 765 perciperet.
956 695 1086 750 Nam
1116 711 1178 752 ex
1210 696 1302 751 illo
1334 705 1591 763 tempore,
1620 710 1725 764 quo
1752 694 1909 749 beato

326 786 583 843 Medardo
606 797 958 844 consecrante
984 788 1290 854 velata.est,
1325 802 1493 857 usque
1521 786 1588 841 ad
1628 786 1907 842 infirmita-

327 888 434 934 tem
464 886 661 949 praeter
686 879 930 949 legumen
957 890 1009 934 et
1040 880 1207 946 olera,
1247 895 1355 934 non
1390 894 1631 948 pomum,
1682 879 1903 947 piscem,

322 971 407 1026 vel
446 985 605 1025 ovum
643 985 741 1028 nec
784 971 911 1042 quid
950 972 1092 1026 aliud
1130 972 1240 1026 edit
1272 988 1286 1026 :
1317 980 1497 1042 potum
1542 986 1672 1027 vero
1714 985 1903 1040 praeter

320 1077 515 1133 aquam
559 1063 784 1117 mulsam
831 1074 991 1133 atque
1032 1064 1280 1133 piratium
1320 1077 1424 1117 non
1476 1061 1637 1128 bibit;
1673 1063 1779 1116 vini
1822 1061 1899 1133 (ἃ)

323 1169 459 1210 vero
488 1156 770 1225 puritatem
811 1164 904 1209 aut
930 1156 1075 1210 medi
1118 1155 1284 1227 [potio
1309 1170 1381 1211 ex
1412 1153 1596 1227 melle]
1636 1155 1904 1210 decoctio-

318 1263 467 1315 nem,
494 1248 839 1317 cervisiaeque
871 1248 1196 1303 turbidinem
1226 1263 1330 1303 non
1360 1249 1604 1318 contigit.

398 1340 484 1395 l6.
527 1339 659 1394 Tum
694 1355 843 1395 more
870 1340 1041 1395 sancti
1080 1339 1328 1395 Germani
1368 1339 1520 1409 jubet
1559 1339 1661 1395 sibi
1700 1340 1898 1395 molam

316 1431 679 1488 secretissime
706 1431 923 1499 deferri,
944 1433 1011 1487 ad
1039 1447 1197 1503 quam
1224 1441 1336 1487 tota
1361 1433 1764 1505 quadragesima
1784 1443 1898 1489 tan-

319 1530 432 1578 tum
479 1523 755 1593 laboravit,
798 1533 1054 1595 quantum
1087 1525 1438 1595 quatriduaua
1467 1526 1688 1580 refectio
1717 1534 1897 1594 postu-

312 1613 464 1672 lavit.
513 1615 821 1671 Oblationes
863 1617 1023 1672 etiam
1067 1618 1177 1671 suis
1221 1616 1465 1672 manibus
1512 1617 1733 1683 faciens,
1766 1618 1897 1674 locis

316 1708 720 1764 venerabilibus
756 1709 1144 1765 incessabiliter
1180 1711 1528 1779 dispensavit.
1576 1712 1715 1780 Ergo
1755 1712 1894 1781 apud

2012 503 2137 573 quid
2172 503 2379 558 audiret
2401 502 2467 560 de
2497 504 2732 574 fremitu,
2760 504 2981 575 jubebat
3016 517 3197 566 tamen
3242 521 3295 565 ut
3324 512 3593 582 sederent,

2010 592 2182 648 donec
2205 593 2398 648 vellent
2425 593 2735 663 adsurgere.

2084 688 2170 741 18.
2206 686 2507 742 Venerabili
2536 702 2665 743 vero
2688 704 2833 743 omni
2878 690 3156 748 Dominico
3178 692 3265 749 die
3296 694 3397 750 hoc
3435 697 3595 753 babe-

2009 779 2099 832 bat
2121 778 2172 833 in
2208 793 2413 835 canone
2444 780 2527 835 vel
2575 790 2761 837 testate
2787 782 2868 837 vel
2920 783 3118 854 hieme,
3152 795 3211 841 ut
3267 790 3593 859 pauperibus

2008 869 2246 925 collectis
2278 870 2451 940 primo
2476 886 2682 927 merum
2713 888 2808 928 sua
2836 890 2998 930 manu
3026 876 3093 933 de
3138 886 3265 948 potu
3292 880 3430 935 dulci
3465 899 3592 951 por-

2008 962 2230 1033 rigeret,
2265 964 2456 1032 puellte
2484 976 2674 1034 postea
2714 968 3075 1035 committens,
3110 981 3168 1026 ut
3219 973 3468 1029 omnibus
3499 976 3591 1030 illa

2007 1054 2317 1125 propinaret
2346 1074 2358 1108 :
2389 1056 2510 1124 quia
2540 1058 2653 1127 ipsa
2683 1058 2971 1115 festinabat
2997 1064 3228 1119 orationi
3282 1080 3587 1136 occurrere,

2004 1163 2109 1216 quo
2128 1158 2184 1205 et
2203 1164 2417 1205 cursum
2435 1164 2853 1219 consummaret,
2877 1164 2931 1209 et
2951 1157 3321 1215 sacerdotibus
3338 1162 3411 1215 ad
3438 1179 3589 1217 men-

2003 1257 2118 1297 sam
2148 1244 2386 1301 invitatis
2415 1256 2740 1313 occurreret,
2773 1263 2909 1317 quos
2947 1250 3121 1305 adhuc
3150 1252 3314 1320 regali
3345 1270 3493 1311 more
3521 1257 3588 1313 ad

2004 1334 2221 1403 propria
2254 1350 2375 1389 cum
2399 1336 2659 1405 redirent,
2683 1338 2799 1393 sine
2826 1354 3048 1395 munere
3079 1356 3185 1396 non
3218 1342 3443 1400 laxaret.

2075 1424 2161 1480 l9.
2200 1425 2344 1480 lianc
2379 1442 2591 1497 quoque
2641 1443 2751 1483 rem
2783 1429 3253 1488 intremiscendatn
3284 1451 3385 1505 qua
3429 1452 3585 1505 pera-

1999 1523 2159 1593 gebat
2187 1521 2502 1578 duleedinel
2559 1524 2690 1578 Cum
2726 1524 2923 1593 leprosi
2949 1526 3223 1584 venientes
3253 1530 3405 1599 signo
3449 1533 3587 1591 facto

2000 1626 2059 1669 se
2080 1612 2389 1684 proderent,
2411 1614 2635 1684 jubebat
2654 1614 3012 1683 adtniniculae,
3033 1628 3087 1671 ut
3111 1619 3272 1686 unde,
3294 1623 3377 1677 vel
3399 1625 3584 1693 quanti

2000 1712 2182 1759 essent
2209 1704 2294 1774 pia
2322 1719 2448 1759 cura
2472 1706 2787 1775 requireret.
2832 1708 2943 1773 Qua
2970 1709 3069 1765 sibi
3099 1714 3454 1781 renuntiante,
3492 1733 3584 1786 pa-

312 1806 554 1855 sanctam
604 1815 711 1856 non
759 1802 935 1856 minus
984 1816 1112 1857 usus
1154 1802 1536 1858 misericordiae
1580 1817 1741 1873 quam
1783 1814 1894 1860 erat

2003 1803 2117 1849 rata
2130 1797 2652 1864 mensa,missorium
2679 1797 2781 1868 (ά),
2815 1800 3146 1870 cochleares,
3161 1806 3425 1875 cultellos,
3457 1825 3583 1867 can-

311 1906 606 1948 concursus
649 1892 715 1947 de
757 1893 935 1963 plebe,
967 1905 1026 1949 ut
1054 1908 1153 1949 nec
1181 1896 1396 1950 deesset
1424 1895 1513 1964 qui
1540 1904 1765 1965 peteret,
1796 1912 1894 1954 nec

310 1985 570 2041 deficeret
584 1985 724 2056 quod
744 1986 1053 2042 donaretur.
1074 1986 1368 2043 Mirandum
1391 1997 1448 2043 ιιι
1467 1989 1713 2044 omnibus
1737 1992 1893 2046 satis-

310 2081 535 2148 faceret,
588 2080 727 2137 unde
771 2081 1007 2137 thesauri
1056 2090 1134 2137 tot
1177 2082 1340 2148 exuli,
1389 2083 1529 2139 unde
1575 2093 1653 2139 tot
1696 2085 1893 2141 divitia:

309 2174 627 2244 peregrinae.

386 2269 476 2323 l7.
516 2268 785 2333 Quantum
815 2267 1146 2335 cxpendebat
1185 2267 1376 2322 diurna
1416 2268 1735 2339 redemptio,
1780 2269 1891 2325 sola

307 2361 516 2416 sciebat
544 2376 659 2431 qua:
682 2360 983 2430 petentibus
1011 2360 1347 2429 deportabat.
1380 2359 1509 2413 Nam
1544 2370 1736 2429 praeter
1764 2377 1893 2431 quo-

308 2457 565 2512 tidianam
634 2471 872 2511 mensam
931 2472 1035 2526 qua
1094 2455 1368 2512 refovebat
1424 2457 1756 2511 matriculam
1822 2457 1893 2529 (c)

307 2548 518 2605 duobus
546 2564 759 2618 semper
781 2549 968 2603 diebus
998 2548 1204 2603 sabbati
1230 2548 1411 2617 quinta
1435 2556 1490 2602 et
1518 2549 1739 2603 sabbato
1766 2549 1893 2603 vici-

306 2639 409 2699 bus
434 2642 626 2697 balneo
660 2652 841 2711 parato
877 2642 989 2711 ipsa
1021 2642 1290 2697 succincta
1339 2641 1405 2695 de
1442 2642 1642 2697 sabano
1684 2641 1890 2714 {linteo}

305 2733 482 2801 capita
515 2732 697 2787 lavans
738 2747 1024 2803 egenorum
1050 2776 1063 2799 ,
1130 2732 1394 2788 defricans
1428 2734 1681 2804 quidquid
1750 2745 1888 2799 erat,

307 2832 569 2889 crustam,
622 2823 894 2890 scabiem,
954 2824 1147 2879 tineam
1199 2838 1296 2878 nec
1338 2825 1673 2892 purulentam
1732 2822 1891 2879 fasti-

306 2914 480 2985 diens,
509 2915 775 2971 interdum
801 2924 857 2971 et
892 2930 1103 2971 vermes
1147 2917 1454 2983 extrahens,
1488 2932 1717 2987 purgans
1750 2917 1890 2973 cutis

309 3009 635 3079 putredines,
677 3009 946 3079 sigillatim
992 3010 1165 3078 capita
1209 3010 1456 3079 pectebat
1498 3013 1609 3081 ipsa
1655 3028 1774 3079 qua:
1816 3013 1891 3065 la-

311 3109 485 3157 verat.
544 3101 737 3157 Ulcera
763 3116 891 3156 vero
930 3101 1258 3168 cicatricum,
1287 3116 1406 3172 qua:
1448 3103 1586 3156 cutis
1618 3102 1761 3169 laxa,
1794 3104 1879 3159 de-

309 3200 514 3249 texerat
534 3204 626 3248 aut
665 3209 867 3264 ungues
888 3204 1354 3263 exasperaverant,
1384 3208 1534 3250 more
1558 3197 1887 3264 evangelica,
1916 3204 1962 3265 ο

310 3285 429 3340 oleo
452 3284 735 3354 superfuso
756 3286 1023 3342 mulcebat
1050 3286 1218 3341 morbi
1250 3288 1576 3356 contagium.
1614 3288 1889 3343 Mulierum

310 3390 436 3433 vero
452 3377 887 3433 descendentium
912 3379 965 3431 in
991 3380 1153 3432 tinam
1180 3378 1455 3451 [doliolum
1497 3378 1652 3449 vulgo
1676 3378 1890 3449 tinelteJ,

310 3468 423 3539 ipsa
448 3485 567 3524 cum
596 3484 797 3539 sapone
822 3484 853 3523 a
879 3469 1050 3538 capite
1092 3484 1256 3538 usque
1280 3469 1345 3522 ad
1395 3469 1625 3538 plantam
1652 3470 1893 3525 membra

308 3562 517 3633 singula
546 3563 824 3627 diluebat;
857 3562 1253 3633 egredientibus
1304 3562 1502 3618 exinde
1540 3564 1584 3616 si
1634 3564 1716 3617 cui
1749 3572 1894 3618 vete-

308 3666 421 3713 rata
449 3657 760 3713 indumenta
792 3658 1147 3727 conspiceret,
1192 3658 1386 3712 tollens
1435 3672 1576 3723 rasa,
1614 3672 1748 3711 nova
1775 3657 1895 3713 red-

308 3748 442 3805 dens
499 3767 514 3802 :
565 3759 688 3804 ante
744 3762 1012 3819 pannosos
1070 3746 1300 3803 faciebat
1366 3748 1547 3802 venire
1605 3749 1779 3803 cultos
1826 3748 1891 3803 ad

308 3839 627 3910 prandium;
686 3840 880 3909 quibus
928 3837 1283 3907 congregatis,
1342 3838 1639 3892 ministerio
1690 3847 1889 3907 parato,

308 3934 422 4003 ipsa
466 3948 659 4002 aquam
707 3934 819 3988 sive
860 3946 1107 4001 mappam
1134 3930 1355 4000 singulis
1384 3930 1708 4000 porrigebat,
1739 3931 1895 3985 etin-

309 4026 500 4080 validis
528 4026 641 4095 ipsa
670 4024 869 4093 pariter
900 4037 961 4077 os
992 4032 1047 4077 et
1068 4036 1257 4076 manus
1282 4020 1537 4090 tergebat.
1572 4020 1705 4075 Hinc
1728 4022 1895 4077 tribus

309 4116 527 4173 ferculis
550 4116 734 4181 illatis,
758 4114 962 4169 farcitis
986 4113 1212 4179 deliciis,
1247 4126 1396 4168 stans
1424 4122 1547 4168 ante
1568 4114 1895 4183 prandcnles

308 4210 515 4282 jejuna,
547 4223 786 4278 praesens
826 4206 1087 4274 convivis,
1118 4208 1229 4274 ipsa
1255 4205 1520 4260 incidebat
1542 4219 1752 4274 panem,
1779 4220 1896 4261 car-

313 4318 461 4369 nem,
476 4302 559 4356 vel
582 4300 836 4371 quidquid
856 4306 1169 4368 apponeret.
1190 4296 1472 4367 Languidis
1486 4307 1660 4350 autem
1675 4297 1895 4351 eteaecis

311 4394 418 4449 no‘n
439 4392 682 4447 cessabat
700 4390 815 4460 ipsa
849 4388 996 4443 cibos
1021 4404 1141 4442 eum
1168 4386 1435 4441 cochleari
1459 4386 1753 4455 porrigere,
1789 4386 1894 4441 hoc

313 4484 660 4554 praesentibus
684 4481 911 4547 duabus,
934 4479 1027 4535 sed
1073 4495 1132 4534 se
1171 4480 1281 4533 sola
1313 4480 1614 4543 serviente,
1658 4486 1716 4531 ut
1752 4492 1893 4531 nova

1997 1902 2094 1942 nas
2125 1887 2220 1958 (c),
2254 1896 2438 1955 potum
2481 1897 2535 1944 et
2562 1890 2756 1945 calices
2781 1892 2895 1946 sola
2928 1894 3285 1964 subsequente
3310 1900 3580 1958 intromit-

1998 1979 2143 2034 tebat
2196 1978 2403 2045 furtim,
2436 1996 2542 2050 quo
2590 1996 2649 2035 se
2707 1997 2865 2038 nemo
2922 1986 3236 2055 perciperet.
3296 1989 3415 2060 lpsa
3471 2000 3583 2049 tum

1998 2070 2250 2125 mulieres
2278 2070 2441 2124 variis
2470 2070 2633 2138 leprae
2663 2072 2885 2127 maculis
2942 2075 3184 2144 perfusas
3230 2082 3582 2149 comprehen-

1996 2162 2129 2218 dens
2164 2164 2215 2217 in
2254 2163 2879 2232 amplexu,osculabatur
2899 2176 2953 2222 et
2968 2169 3191 2235 vultum,
3216 2178 3330 2227 toto
3354 2175 3581 2241 diligens

1995 2254 2195 2308 animo.
2222 2253 2450 2318 Deinde,
2478 2256 2647 2322 posita
2677 2270 2885 2322 mensa,
2912 2257 3091 2312 ferens
3119 2274 3309 2329 aquam
3326 2263 3575 2331 calidam,

1996 2347 2159 2402 facies
2190 2347 2419 2412 lavabat,
2438 2362 2650 2413 manus,
2682 2363 2883 2418 ungues
2910 2358 2964 2402 et
2988 2350 3259 2414 ulcera,et
3279 2368 3464 2410 rursus
3480 2357 3576 2413 ad-

1996 2436 2334 2492 ministrabat
2362 2437 2474 2505 ipsa
2507 2451 2733 2506 pascens
2766 2453 2858 2506 per
2888 2438 3119 2510 singula.
3180 2443 3575 2501 llecedentibus

1996 2528 2277 2597 praebebat
2306 2542 2494 2582 aurum
2529 2529 2612 2581 vel
2644 2529 2983 2596 vestimenta,
3009 2531 3094 2585 vix
3117 2547 3220 2586 una
3244 2542 3382 2589 teste
3408 2538 3581 2592 muni-

1995 2624 2113 2678 fica.
2146 2622 2382 2677 Ministra
2417 2633 2593 2677 tamen
2629 2624 2985 2690 praesumebat
3031 2640 3148 2679 eam
3204 2627 3580 2684 blandimentis

1996 2718 2071 2772 sic
2100 2719 2373 2786 appellare
2402 2735 2415 2771 :
2441 2716 2790 2776 Sanctissima
2822 2719 3192 2789 domina,quis
3228 2728 3277 2776 te
3307 2724 3579 2779 osculetur

1996 2827 2113 2880 qum
2144 2812 2222 2866 sic
2252 2812 2491 2880 leprosos
2523 2812 2906 2881 amplecteris?
2939 2814 3031 2867 llla
3082 2815 3359 2884 respondit
3417 2816 3579 2873 bene-

1993 2903 2113 2957 vole
2139 2920 2151 2955 :
2191 2902 2327 2959 Vere
2360 2905 2402 2958 si
2437 2918 2522 2958 me
2554 2920 2662 2959 non
2690 2904 2977 2972 osculeris,
3010 2904 3133 2961 hinc
3165 2907 3292 2962 milii
3323 2922 3451 2963 cura
3481 2923 3580 2965 nec

1996 2994 2101 3047 ulla
2127 3002 2229 3048 est.

2064 3088 2152 3139 20.
2173 3088 2302 3153 Quae
2330 3096 2530 3155 tamen,
2558 3098 2847 3158 praestante
2863 3090 2994 3155 Deo,
3010 3091 3223 3147 diverso
3236 3092 3385 3149 fulsit
3412 3095 3579 3151 mira-

1995 3179 2135 3235 culo.
2163 3180 2397 3249 Denique
2425 3183 2469 3234 si
2493 3179 2610 3249 quis
2633 3181 2859 3247 pustula:
2891 3182 3201 3251 desperaret
3225 3184 3290 3239 de
3317 3186 3538 3241 vulnere
3558 3227 3575 3251 ,

1997 3264 2256 3327 offerebat
2279 3270 2524 3325 ministra
2557 3279 2758 3325 sancta:
2788 3270 2974 3325 folium
3007 3273 3263 3341 pampini,
3287 3274 3573 3343 mentiens,

1996 3363 2097 3418 sibi
2120 3377 2253 3433 opus
2284 3363 2381 3417 hoc
2412 3377 2553 3418 esse.
2580 3362 2775 3431 Sicque
2792 3363 2880 3420 vix
2903 3363 3123 3418 obtento
3151 3366 3425 3434 signaculo
3456 3383 3578 3437 por-

1998 3464 2113 3509 tans
2160 3456 2223 3509 ad
2272 3454 2639 3524 desperatum,
2667 3455 2871 3509 vulneri
2927 3457 3268 3524 superposito
3324 3474 3446 3512 mox
3485 3474 3577 3515 oc-

1995 3547 2242 3601 currebat
2278 3540 2595 3602 remedium.
2631 3546 2818 3601 ltident
2866 3547 3191 3617 frigoriticus
3217 3550 3307 3618 qui
3342 3552 3579 3607 venisset

1996 3646 2088 3691 aut
2116 3636 2421 3707 languidus,
2445 3638 2627 3693 dicens
2659 3638 2709 3692 in
2734 3640 2936 3692 somnis
2965 3654 3023 3693 se
3039 3639 3235 3694 vidisse
3266 3650 3321 3695 ut
3353 3656 3447 3710 pro
3477 3657 3574 3698 sua

1996 3728 2168 3782 salute
2191 3728 2397 3782 feminae
2428 3737 2629 3782 sanctae
2669 3738 2999 3795 occurreret,
3032 3729 3267 3786 offerens
3296 3733 3575 3788 candelam

1997 3820 2150 3873 alicui
2180 3834 2245 3875 ex
2278 3820 2571 3886 ministris;
2603 3836 2706 3889 qua
2735 3834 2958 3875 accensa
2989 3836 3083 3890 per
3112 3830 3324 3877 noctem
3349 3824 3569 3878 morbus

1997 3914 2285 3981 accipiebat
2320 3922 2568 3976 mortem,
2601 3913 2874 3968 morbidus
2897 3913 3203 3969 sanitatem.
3231 3915 3450 3981 Quoties
3474 3929 3573 3969 au-

2000 4017 2103 4063 tem
2129 4022 2248 4060 cum
2272 4007 2611 4076 cognovisset
2638 4007 2991 4062 decubantem
3024 4009 3327 4074 in'lectulo,
3355 4021 3577 4076 portans

1998 4114 2153 4170 poma
2196 4100 2495 4169 peregrina,
2529 4102 2682 4156 dulce
2733 4102 2891 4156 simul
2943 4110 2998 4157 et
3022 4102 3273 4170 calidum,
3308 4104 3577 4158 reficiebat

2001 4200 2262 4262 aegrotum
2296 4209 2309 4245 :
2342 4202 2394 4247 et
2416 4193 2505 4262 qui
2537 4208 2635 4248 nec
2664 4192 2875 4248 decimo
2899 4193 3010 4262 jam
3041 4194 3128 4248 die
3150 4193 3276 4263 quid
3307 4195 3578 4264 percepis-

1998 4294 2100 4351 set,
2135 4284 2334 4338 cibaria
2361 4286 2471 4355 ipsa
2500 4301 2621 4339 mox
2652 4285 3059 4342 administrante
3081 4328 3094 4350 ,
3125 4287 3407 4357 languidus
3436 4286 3578 4343 acci-

1998 4376 2177 4445 piebat
2204 4377 2378 4430 cibum
2415 4376 2611 4445 pariter
2664 4387 2714 4432 et
2738 4378 3004 4443 salutent;
3038 4378 3176 4447 quod
3228 4387 3403 4434 tamen
3463 4380 3577 4447 ipsa

1998 4473 2312 4545 imperabat,
2341 4492 2406 4529 ne
2427 4478 2542 4545 quis
2567 4476 2827 4544 proferret
2850 4476 2901 4528 in
2925 4474 3124 4527 fabula.

310 4576 517 4630 Martha
553 4580 816 4643 satageret
844 4614 859 4639 ,
915 4570 1085 4625 donec
1135 4570 1393 4637 potulenti
1464 4569 1571 4641 [ΑΙ.
1623 4569 1892 4639 purulenti
1925 4596 1972 4655 υ
2068 4566 2157 4619 21.
2179 4566 2381 4634 Quanta
2398 4568 2841 4635 verocongressio
2872 4565 3141 4634 popularis
3162 4566 3335 4619 extitit
3358 4566 3443 4621 die
3471 4580 3578 4637 qua

311 4669 489 4723 lectum
532 4684 644 4722 cum
681 4667 734 4719 in
778 4665 907 4718 Mss.
936 4664 999 4717 sit
1032 4660 1310 4732 potolenti]
1340 4662 1529 4716 fratres
1562 4661 1669 4715 laeti
1702 4660 1891 4716 flerent

312 4759 591 4816 conviviis.
639 4758 788 4813 Tunc
828 4758 912 4811 illa
960 4770 1245 4811 removens
1294 4770 1353 4808 se
1398 4754 1517 4809 loco
1561 4763 1617 4808 ut
1652 4753 1894 4809 ablueret

386 4873 459 4942 (a)
484 4872 680 4927 Eadem
694 4884 826 4925 voce
843 4871 1037 4942 iterum
1046 4868 1208 4942 utitur
1223 4866 1544 4942 Fortunatus
1560 4865 1641 4919 inf
1641 4881 1717 4942 ra,
1737 4880 1881 4942 num.

310 4936 401 5010 εις
431 4936 537 5014 quo
564 4945 615 4998 in
651 4944 768 4997 loco
794 4941 976 5014 Codex
1003 4936 1588 5014 Qoucltensisscribit,
1624 4938 1715 5014 sub
1774 4936 1884 5003 pla-

312 5007 500 5078 centii,
543 5029 662 5068 cum
714 5016 765 5066 in
808 5012 927 5065 aliis
960 5009 1234 5070 habeatur,
1279 5007 1371 5061 sub
1402 5008 1627 5077 ﬂadone.
1662 5007 1737 5058 Ex
1780 5019 1886 5078 quo

312 5075 575 5154 intelligas
619 5084 853 5138 fladones
904 5095 1021 5154 esse
1074 5079 1369 5154 placentas!
1403 5075 1557 5154 quas
1600 5075 1886 5154 vernacule

314 5144 769 5220 ﬂaonsVHOSlrales
810 5144 1097 5220 appellant.
1132 5148 1284 5220 Apud
1326 5144 1645 5220 Bollandum
1678 5156 1808 5220 tom.
1842 5144 1885 5199 ll

314 5217 498 5293 Febr.,
530 5241 646 5295 pag.
684 5223 807 5295 105,
933 5220 1146 5295 scripto
1178 5218 1389 5295 llenrici
1434 5217 1640 5295 abbatis
1692 5217 1888 5271 Centu-

314 5286 683 5351 lensise'Sunt
711 5294 779 5347 ibi
796 5286 1004 5346 ’cfibauu
1037 5286 1305 5353 tredecim,
1336 5303 1451 5357 qua:
1480 5286 1696 5341 reddunt
1727 5303 1885 5339 unum

314 5367 547 5437 quodque
577 5382 663 5435 per
690 5380 879 5437 annum
910 5362 1079 5413 decem
1109 5359 1300 5437 solidos
1345 5369 1391 5412 et
1409 5374 1590 5437 _p_anes
1618 5366 1884 5437 trecentos,

314 5427 530 5509 [inluvies
577 5427 633 5490 in
678 5434 871 5509 litaniis
921 5430 1307 5509 unumquodque
1356 5427 1584 5509 triginta“.
1800 5428 1888 5509 ,νζ-ι’

315 5497 658 5565 doctissimus
685 5507 929 5566 flatones,
961 5497 1229 5569 placentas
1254 5497 1649 5567 interpretatur.
1682 5497 1891 5569 Udalri-

315 5594 433 5647 cus,
466 5580 517 5633 in
548 5579 639 5633 lib.
672 5592 711 5632 ιι
770 5572 1093 5630 Consuetud.
1123 5569 1365 5647 _Cluniac.
1390 5610 1403 5633 ,
1435 5584 1551 5647 cap.
1646 5585 1657 5621 :
1688 5569 1790 5621 Pro
1820 5568 1887 5647 si.

314 5638 732 5720 gno'fladonutn,
752 5642 1218 5720 inquit,prtemisso
1246 5640 1473 5720 generali
1495 5638 1639 5710 panis
1665 5647 1709 5691 et
1736 5639 1891 5704 casei,

315 5710 378 5774 ἇε
405 5737 506 5773 una
534 5736 686 5773 manu
712 5710 881 5771 omnis
905 5710 1090 5784 digitos
1121 5710 1341 5780 inflecte,
1364 5719 1411 5764 et
1440 5710 1508 5762 ita
1529 5724 1737 5762 manum
1774 5724 1895 5761 cava

314 5804 361 5847 et
389 5792 441 5845 in
463 5790 780 5863 superﬁciem
806 5786 1013 5840 alterius
1041 5797 1189 5853 pone.

1997 4673 2054 4714 se
2078 4668 2260 4712 sancta
2295 4658 2607 4712 deliberavit
2637 4658 2947 4712 recludere!
2981 4664 3039 4709 ut
3067 4671 3200 4724 quos
3233 4657 3419 4726 platea:
3467 4674 3576 4716 non

2000 4756 2276 4815 caperent,
2296 4748 2648 4801 ascendentes
2673 4755 2807 4799 tecta
2851 4747 3201 4815 complerent.
3226 4747 3359 4813 Quid
3396 4757 3577 4807 autem

2069 4858 2142 4928 (ὑ)
2170 4859 2355 4912 Exstat
2383 4856 2519 4927 apud
2546 4857 2912 4921 Fortunatum,
2941 4858 2993 4911 in
3016 4857 3106 4911 lib.
3139 4874 3205 4928 tt._
3226 4874 3393 4928 carm.
3425 4859 3481 4927 3,
3506 4864 3576 4917 ad

1993 4924 2395 4997 Radegundem,
2419 4924 2533 4996 quo
2556 4942 2671 4979 eam
2704 4930 2768 4980 ad
2795 4928 3079 4981 bibendum
3106 4924 3283 4984 vinitm
3304 4924 3575 4988 hortatur.

1993 4999 2135 5052 ldem
2176 5009 2362 5051 auctor
2388 5000 2437 5052 in
2470 4998 2705 5068 lib.vm,
2737 5014 2906 5051 carm.
2956 4999 2982 5049 ’ἲ
3032 5014 3095 5052 ac
3142 5001 3226 5068 ll,
3280 5002 3345 5056 de
3393 5003 3577 5059 mundi

1991 5077 2300 5136 contemptu
2321 5078 2375 5123 et
2403 5067 2701 5123 reclusione
2732 5070 2898 5123 beatae
2930 5069 3128 5139 regina:
3148 5072 3462 5139 gratulatur.

2064 5139 2136 5208 (c)
2162 5138 2437 5194 Matricula
2459 5140 2683 5211 sumitur
2703 5150 2811 5211 tum
2834 5154 2930 5207 pro
2954 5138 3167 5211 libello,
3197 5143 3280 5195 cui
3314 5157 3577 5211 pauperes

1991 5212 2234 5264 ecclesiae
2262 5210 2562 5278 sumptibus
2601 5208 2777 5264 alendi
2826 5210 3271 5278 inscribebantur,
3316 5208 3435 5266 cuni
3483 5229 3577 5279 pro

1993 5280 2123 5348 ipsis
2152 5280 2354 5350 egenis,
2385 5291 2442 5333 ut
2485 5280 2585 5333 hoc
2612 5281 2747 5333 loco.
2781 5280 2911 5334 Vide
2959 5280 3272 5348 Gregorium
3298 5282 3577 5337 Turonen-

1991 5366 2125 5410 sem.
2161 5353 2251 5404 lib.
2285 5367 2319 5404 ιι
2347 5352 2525 5405 Mirac.
2560 5353 2730 5404 sancti
2761 5350 2987 5413 Martini,
3021 5364 3072 5415 c,
3102 5352 3192 5403 Ἡ.

2064 5423 2145 5491 (d)
2174 5422 2471 5480 Missorium
2497 5436 2895 5491 nonnunquam,
2922 5420 3163 5491 designat
3206 5421 3488 5477 donarium
3543 5438 3575 5478 a

1998 5492 2234 5560 principe
2287 5494 2541 5555 missum,
2573 5490 2706 5545 alias
2748 5490 3007 5545 concham
3040 5490 3324 5557 modicam,
3375 5495 3427 5547 in
3471 5508 3575 5561 qua

1996 5563 2193 5687 aliquid
2221 5564 2438 5631 liquoris
2466 5562 2761 5631 reponitur.
2782 5562 2899 5627 Qu‘o
2926 5575 3085 5616 sensu
3116 5562 3199 5617 hic
3224 5564 3467 5633 usurpari
3489 5568 3541 5617 vi

2036 5644 2171 5687 etttr.
3287 5650 3296 5664 '

2036 5644 2171 5688 θιιπ.
3287 5650 3296 5664 ’

2075 5706 2147 5774 (c)
2173 5704 2369 5761 Canna:
2395 5712 2517 5757 sunt
2543 5702 2755 5757 fiscellas
2781 5718 2876 5759 seu
2905 5717 3032 5760 vasa
3061 5705 3311 5761 viminea.
