4076 6348
476 265 583 323 659

1264 244 1269 247 ’
1369 250 1639 310 SANCTA
1681 238 2123 304 RADEGUNDIS
2161 281 2177 308 ,
2221 239 2474 295 REGINA
2514 237 2861 295 FRANCUE.

3657 231 3766 290 66*)

478 379 816 438 sanctissima
846 374 1061 447 jejunii,
1094 369 1360 443 obsequii,
1384 366 1722 431 humilitatis,
1756 360 2056 423 charitatis,
2090 359 2140 418 Α
2166 358 2397 413 sarcina.
2434 359 2635 427 Aquam
2667 358 2734 413 de
2768 365 2924 427 puteo
2957 355 3199 412 trahebat
3220 364 3271 408 et
3297 354 3651 423 dispensabat
3673 368 3770 421 per

479 472 681 531 laboris
693 480 749 527 et
773 470 1038 526 cruciatus
1055 462 1553 537 ferventerlindepta
1566 461 1657 527 sit,
1673 458 1715 512 si
1741 455 1861 527 quis
1874 463 2063 509 cuncta

480 564 1023 637 percurreret,ipsam
1052 559 1483 629 praedicarettam
1516 552 1882 608 confessorem
1903 561 2067 617 quam

480 664 796 729 martyrem.
818 650 957 724 Ergo
975 652 1333 707 venerabilem
1356 658 1549 719 prater
1571 646 1711 701 diem
1730 642 2066 698 Dominicum

483 747 586 803 fuit
642 744 1018 803 sacratissima:
1058 741 1231 798 omnis
1272 741 1386 795 dies
1417 739 1549 812 [Al.,
1578 735 1827 793 omnibus
1854 730 2068 801 diebus]

484 838 749 913 jujunium
770 835 1161 893 :lenticulaavel
1193 834 1354 889 oleris
1386 848 1548 902 prope
1593 827 1775 899 jejuna
1811 825 2026 881 refectio
2053 839 2067 887 ;

488 948 596 988 non
628 946 799 992 avem.
836 926 1131 998 piscem‘vel
1156 941 1395 997 pomum,
1416 921 1495 976 vel
1521 936 1679 975 ovum
1710 919 1913 972 habens
1942 915 2072 971 edu-

488 1024 645 1081 lium.
680 1022 837 1079 Panis
868 1039 994 1079 vero
1024 1022 1335 1077 deliciarum
1365 1016 1675 1087 segalatium
1705 1014 1803 1067 fuit
1831 1020 1921 1066 aut
1950 1009 2073 1063 hor-

489 1119 767 1188 deaceum,
797 1133 953 1189 quem
986 1115 1308 1171 absconsum
1342 1112 1439 1167 sub
1466 1108 1677 1164 lladone
1708 1105 1976 1168 sumebat,
2006 1116 2075 1157 ne

489 1212 609 1282 quis
655 1210 974 1280 perciperet.
1011 1205 1135 1262 Hzec
1183 1203 1282 1260 fuit
1320 1204 1478 1259 etiam
1534 1200 1679 1271 potio
1710 1211 1845 1269 aqua
1877 1193 2072 1260 mulsa,

486 1302 768 1376 piracium,
803 1300 897 1357 sed
925 1300 1132 1355 modice
1164 1298 1323 1352 libata
1348 1293 1617 1351 sitibunda
1648 1292 1875 1361 potatio.

563 1392 654 1446 22.
686 1390 860 1446 Prima
890 1405 1102 1460 quoque
1138 1388 1577 1458 Quadragesima,
1608 1396 1714 1453 qua
1770 1393 1830 1436 se
1860 1376 2080 1434 reclusit

489 1481 547 1538 in
576 1481 977 1546 cellula,donec
1000 1479 1191 1535 fuisset
1222 1484 1505 1539 transacta,
1536 1474 1689 1543 panis
1717 1487 1822 1526 non
1851 1469 2081 1537 sumpsit

493 1573 715 1639 cibaria,
745 1573 845 1628 nisi
874 1572 959 1627 die
984 1568 1282 1636 Dominica,
1306 1570 1397 1624 sed
1428 1576 1633 1622 tantum
1686 1566 1891 1620 radices
1944 1564 2069 1617 her-

492 1662 707 1731 barum,
740 1670 832 1717 aut
861 1663 1009 1718 olera
1036 1661 1104 1717 de
1135 1662 1322 1715 malvis
1351 1659 1465 1715 sine
1496 1658 1604 1713 olei
1632 1666 1802 1729 gutta,
1829 1657 1945 1712 sine
1967 1654 2078 1708 sale

2175 450 2407 505 vascula.
2434 449 2561 505 Olus
2614 466 2866 521 purgans,
2902 451 3144 519 legumen
3179 450 3383 514 lavans,
3410 448 3539 503 ﬂatu
3583 447 3766 502 focum

2178 542 2457 597 vivificaris
2486 560 2498 608 ;
2533 553 2589 598 et
2645 551 2702 597 ut
2728 542 3053 611 decoqueret
3084 555 3260 607 escas,
3290 540 3578 606 satagebat
3610 554 3759 592 ριῖιξ-

2175 643 2382 689 stuans.
2399 634 2535 688 Vasa
2558 635 2625 688 de
2648 634 2890 703 focoipsa
2918 634 3123 697 levans,
3153 633 3333 687 discos
3357 633 3545 686 lavans
3563 642 3617 685 et
3638 632 3772 684 iure-

2175 740 2320 782 rens.
2348 724 2479 781 Hinc
2495 726 2875 783 consummatis
2895 724 3153 781 conviviis
3170 724 3282 792 ipsa
3306 723 3772 781 vasculaililuena,

2177 832 2413 889 purgans
2446 818 2615 872 nitide
2650 818 2932 887 coquinam
2954 856 2969 884 ,
3000 815 3256 886 quidquid
3297 823 3413 869 erat
3443 814 3775 867 lutulentum

2183 910 2389 967 ferebat
2417 911 2559 967 iuras
2590 912 2643 966 in
2672 911 2846 966 locum
2892 910 3225 981 designatum
3272 910 3406 982 με..
3436 911 3543 963 ima
3578 925 3776 977 purga-

2178 1002 2369 1074 mina].
2392 1002 2521 1059 lude
2566 1020 2660 1074 per
2690 1013 3014 1075 aegrotantes
3047 1003 3280 1059 inferens
3308 1003 3615 1058 necessaria
3671 1004 3779 1056 itm

2180 1112 2287 1153 non
2320 1096 2494 1166 tepida
2523 1106 2575 1152 et
2608 1098 2913 1168 priusquam
2941 1098 3215 1167 exciperet
3263 1098 3641 1152 Arelatensem
3689 1112 3775 1151 re-

2179 1190 2378 1259 gulam,
2398 1190 2727 1247 hehdomada
2756 1191 3124 1245 subtransacta
3148 1189 3476 1245 sufficienter
3488 1190 3559 1244 ad
3577 1204 3775 1244 omnes

2180 1281 2409 1337 calidam
2445 1283 2670 1338 faciebat
2691 1326 2705 1349 ,
2726 1282 3021 1339 humilitate
3038 1284 3373 1339 sanctissima
3392 1280 3559 1353 pedes
3584 1283 3779 1337 lavans

2183 1385 2237 1431 ct
2267 1377 2512 1432 osculans
2556 1385 2610 1433 et
2640 1378 2811 1433 adhuc
2833 1393 3020 1434 omnes
3062 1384 3325 1447 prostrata
3372 1377 3779 1448 deprecabatur

2183 1468 2393 1522 veniam
2430 1469 2747 1538 negligentia
2778 1484 2873 1538 pro
2894 1469 3201 1524 commissa.

2254 1559 2344 1613 '25.
2363 1562 2541 1631 Itaque
2561 1573 2678 1631 post
2692 1568 2769 1617 tot
2791 1561 3002 1617 labores
3018 1577 3149 1630 quas
3170 1561 3269 1616 sibi
3294 1574 3480 1631 poenas
3504 1561 3777 1624 intulerit,

2136 1722 2141 1725 τ
2186 1659 2241 1706 et
2284 1651 2395 1721 ipss
2439 1666 2557 1721 qua:
2585 1666 2717 1708 voce
2763 1653 2925 1709 refert
2970 1654 3348 1724 perhorrescit.
3383 1654 3625 1721 Quadam
3661 1656 3778 1711 vice

492 1754 815 1823 composita.
847 1752 1042 1808 Verum
1096 1766 1249 1822 aquae
1301 1760 1411 1807 toto
1456 1749 1663 1821 jejunio
1714 1763 1815 1804 nec
1862 1761 2080 1804 sumens
2108 1752 2165 1837 BI
2184 1744 2312 1799 dum
2357 1744 2459 1799 sibi
2490 1746 2625 1800 latos
2648 1754 2753 1801 tres
2784 1746 3012 1803 circulos
3036 1746 3234 1803 lcrreos
3257 1746 3444 1802 diebus
3477 1744 3778 1817 Quadrage-

497 1846 606 1903 duo
634 1849 886 1915 sextaria,
933 1847 1058 1902 hinc
1085 1856 1226 1901 tanta
1275 1844 1360 1900 siti
1405 1838 1721 1912 laborabat,
1754 1852 1810 1897 ut
1837 1841 2079 1897 faucibus

495 1942 803 2010 desiccatls,
834 1944 917 1997 vix
952 1941 1212 2006 psalmum
1238 1940 1437 1997 diceret
1461 1935 1888 1994 arida.Ciiicium
1919 1935 2077 1990 etiam

495 2032 704 2089 habens
744 2032 809 2089 ad
841 2049 1034 2104 corpus
1065 2049 1161 2103 pro
1189 2033 1352 2088 linteo
1369 2031 1599 2101 jugiter:
1625 2044 1838 2084 cursum
1885 2029 2079 2083 decan-

497 2132 620 2180 tans
645 2126 929 2196 peragebat
958 2123 1159 2194 vigilias
1195 2143 1209 2180 :
1240 2133 1364 2179 ante
1391 2139 1449 2179 se
1478 2124 1715 2178 cinerem
1744 2128 1968 2175 stratum
1991 2132 2081 2173 su-

498 2216 741 2287 periecto
761 2218 951 2280 cilicio,
969 2215 1072 2272 hoc
1095 2215 1339 2273 utebatur
1369 2231 1466 2284 pro
1489 2213 1684 2271 lectulo
1705 2231 1716 2265 :
1739 2213 1852 2281 ipsa
1866 2212 2080 2282 requies

498 2298 774 2381 fatigabat,
801 2312 885 2377 cui
911 2310 1096 2380 parum
1122 2308 1406 2365 videbatur
1436 2307 1540 2364 hoc
1566 2306 1830 2364 suStinere
1859 2318 2079 2375 corpus-

497 2402 676 2455 culum
719 2402 816 2471 (α).

570 2492 662 2546 25.
696 2493 885 2549 Adhuc
909 2492 1272 2549 monachabus
1297 2493 1548 2548 omnibus
1576 2492 1953 2563 soporantibus
1977 2490 2085 2546 cal-

501 2594 785 2638 ceamenta
838 2596 1050 2656 tergens
1095 2593 1149 2639 et
1202 2600 1445 2654 ungens,
1481 2584 1938 2640 retransmittebat
1988 2598 2083 2652 per

504 2672 765 2743 singulas.
795 2675 928 2728 Aliis
971 2667 1392 2745 quadragesimis
1432 2672 1506 2745 (b)
1545 2673 1743 2741 aliquid
1796 2674 2084 2728 relaxatius

503 2760 616 2835 [ΑΙ.
643 2763 907 2835 relaxans]
929 2764 1113 2835 quinta
1143 2764 1273 2821 feria
1299 2766 1770 2827 sumebat.deinde
1789 2766 2080 2822 Dominica.

502 2852 636 2910 Nam
653 2864 707 2911 et
730 2856 934 2927 reliquo
950 2866 1191 2928 tempore
1213 2868 1405 2929 prater
1419 2859 1535 2916 dies
1564 2859 1842 2929 paschales
1864 2876 1922 2914 ac
1938 2875 2085 2914 sum-

502 2965 607 3006 mae
634 2952 951 3017 festivitatis,
984 2954 1153 3010 donec
1202 2954 1480 3009 infirmitas
1510 2955 1746 3023 permisit
1773 2995 1789 3020 ,
1822 2954 1872 3009 in
1906 2942 2085 3010 cinere

503 3043 746 3101 etcilicio
764 3058 976 3115 semper
992 3045 1152 3101 vitam
1170 3046 1319 3102 duxit
1345 3055 1635 3101 austeram.
1658 3045 1809 3100 Prius
1828 3061 1886 3101 se
1905 3035 2086 3101 levans

2186 1836 2335 1892 simae
2359 1838 2499 1893 collo
2525 1841 2604 1893 vel
2639 1838 2874 1895 brachiis
2903 1840 3106 1906 nexuit,
3134 1848 3188 1893 et
3237 1846 3341 1895 tres
3370 1848 3590 1894 catenas
3635 1841 3778 1894 inse-

2184 1944 2311 1987 rens
2334 1932 2472 1987 circa
2497 1946 2651 1987 suum
2683 1947 2877 2003 corpus
2898 1931 3023 1987 dum
3044 1934 3313 2003 alligasset
3335 1934 3575 1999 astricte,
3599 1934 3774 1987 inclu~

2184 2022 2256 2077 sit
2306 2022 2496 2078 durum
2549 2023 2744 2079 ferrum
2794 2038 2921 2079 caro
2977 2030 3159 2079 tenera
3216 2038 3653 2095 supercrescens.
3715 2024 3779 2079 Et

2185 2124 2454 2173 transacto
2497 2117 2703 2188 jejunio
2756 2135 2875 2173 cum
2925 2120 3179 2173 voluisset
3231 2128 3450 2173 catenas
3499 2118 3602 2173 sub
3650 2128 3777 2173 cute

2184 2209 2395 2265 clausas
2444 2212 2726 2266 extrahere
2762 2225 2859 2266 nec
2888 2213 3108 2274 valeret,
3140 2224 3266 2265 caro
3297 2226 3392 2281 per
3432 2211 3661 2265 dorsum
3696 2222 3776 2265 at-

2186 2316 2291 2372 que
2340 2311 2523 2373 pectus
2566 2319 2727 2373 super
2776 2303 2975 2360 ferrum
3006 2313 3314 2360 catenarum
3370 2314 3449 2359 est
3479 2304 3650 2359 incisa
3686 2320 3777 2374 per

2185 2396 2441 2451 circulum
2488 2406 2547 2452 ut
2601 2398 2816 2469 sanguis
2843 2399 2990 2453 fusus
3021 2398 3086 2453 ad
3138 2408 3438 2456 extremum
3472 2401 3776 2455 exinaniret

2185 2488 2585 2556 corpusculum.

2268 2584 2357 2639 «ιδ.
2393 2582 2518 2637 Inde
2541 2586 2656 2639 vice
2685 2584 2784 2637 sub
2826 2582 3189 2653 altera,jussit
3240 2583 3349 2638 fieri
3399 2586 3652 2639 laminam
3716 2589 3766 2642 in

2188 2679 2345 2748 signo
2367 2676 2563 2731 Christi
2587 2675 2972 2741 aurichalcam,
3007 2688 3163 2744 quam
3192 2691 3474 2731 accensam
3506 2682 3559 2732 in
3587 2681 3776 2735 cellula

2190 2769 2559 2826 Iocisduobus
2586 2768 2825 2838 corporis
2848 2768 3005 2823 altius
3032 2768 3133 2823 sibi
3163 2770 3585 2838 impressit,tota
3615 2788 3776 2828 carne

2189 2863 2435 2920 decocta.
2493 2863 2583 2918 Sic
2610 2861 2799 2931 spiritu
2826 2863 3132 2917 ﬂammante
3164 2864 3402 2918 membra
3432 2863 3663 2918 faciebat
3695 2882 3775 2919 ar-

2190 2957 2338 3013 dere.
2369 2956 2557 3012 Adhnc
2587 2955 2784 3026 aliquid
2816 2956 3031 3025 gravius
3060 2956 3111 3010 in
3143 2970 3202 3011 se
3248 2957 3359 3023 ipsa
3394 2958 3586 3012 tortrix
3618 2973 3777 3014 exco-

2192 3052 2386 3121 gitans,
2420 3065 2522 3103 una
2554 3048 3101 3118 quadragesimarnm,
3131 3060 3292 3117 super
3342 3059 3617 3106 austerum
3646 3054 3756 3122 jeju

503 3145 566 3191 ut
594 3136 845 3207 psalleret
887 3153 1044 3208 quam
1097 3138 1435 3208 congregatio
1480 3138 1821 3193 surrexisset.
1853 3138 1985 3193 Nam
2016 3140 2084 3193 de
2111 3137 2158 3200 C
2189 3144 2335 3199 nium
2387 3152 2440 3197 et
2469 3144 2584 3196 sitis
2641 3141 2854 3196 torrida:
2885 3144 3199 3209 cruciatum,
3258 3143 3433 3199 adhuc
3466 3142 3588 3200 lima
3621 3147 3777 3201 cilicii

507 3231 698 3287 ofliciis
720 3233 1203 3298 monasterialibus,
1235 3232 1366 3286 nihil
1397 3231 1496 3287 sibi
1526 3231 1740 3302 placuit,
1774 3233 1870 3285 nisi
1916 3232 2084 3299 prima

509 3322 762 3391 serviret,
786 3332 839 3377 et
864 3322 974 3393 ipsa
1006 3338 1065 3377 se
1092 3322 1387 3391 castigabat
1413 3323 1456 3376 si
1488 3322 1686 3376 bonum
1718 3331 1836 3390 post
1862 3322 2085 3376 alteram

509 3423 709 3485 ageret.
740 3414 878 3485 Ergo
905 3415 1016 3469 suis
1038 3413 1242 3468 vicibus
1267 3426 1495 3483 scopans
1546 3413 1855 3468 monasterii
1887 3415 2088 3484 plateas

511 3508 667 3565 simul
699 3518 752 3565 et
780 3510 1021 3576 angulos,
1049 3507 1304 3578 quidquid
1357 3516 1471 3562 erat
1500 3506 1699 3563 fmdum
1751 3523 2002 3577 purgans,
2036 3520 2083 3561 et

508 3604 746 3658 sarcinas
793 3618 925 3672 quas
961 3601 1049 3656 alii
1081 3603 1303 3657 horrent
1350 3599 1553 3664 videre,
1611 3616 1715 3655 non
1766 3599 2091 3655 abhorrebat

511 3701 760 3754 evehere.
790 3702 1064 3755 Secretum
1093 3701 1252 3753 etiam
1287 3713 1515 3770 purgare
1544 3714 1679 3769 opus
1708 3714 1809 3752 non
1846 3697 2087 3758 tardans.

510 3792 604 3846 sed
635 3808 899 3861 occupans
930 3792 1061 3863 [At.,
1092 3788 1373 3862 scopans];
1423 3790 1600 3846 ferens
1632 3792 1849 3847 fcetores
1888 3798 2092 3845 sterco-

511 3882 609 3947 ris,
643 3884 968 3939 Credchatse
1001 3883 1261 3937 minorem
1293 3884 1414 3950 sibi,
1442 3884 1484 3937 si
1534 3897 1593 3938 se
1644 3899 1747 3937 non
1781 3883 2090 3937 nobilitare:

513 3974 716 4028 vilitate
738 3975 961 4029 servitii.
984 3974 1145 4044 Ligna
1172 3987 1493 4044 supportans
1515 3975 1769 4040 brachiis,
1792 3975 1966 4029 focum
1999 3974 2092 4027 ηι.

514 4066 654 4119 tibns
684 4075 736 4121 et
770 4065 1063 4135 forcipibus
1092 4067 1403 4133 admovens,
1438 4068 1619 4123 calens
1644 4083 1741 4123 nec
1770 4067 1893 4122 laesa
1922 4083 1979 4122 se
2010 4083 2092 4123 re-

515 4157 754 4222 trahens,
786 4168 931 4211 extra
956 4172 1105 4211 sucm
1135 4158 1525 4213 hebdomadam
1563 4156 1951 4213 inﬁrmantibus
1980 4174 2093 4214 ser-

513 4248 682 4302 viens.
714 4248 825 4317 ipsa
854 4248 1003 4303 cibos
1055 4249 1383 4320 decoquens,
1413 4250 1629 4321 wgrotis
1660 4249 1822 4307 facies
1847 4252 2087 4318 abluens,

514 4339 630 4411 ipsa
659 4340 893 4395 calidum
917 4342 1217 4412 porrigens,
1235 4341 1485 4397 visitabat
1504 4357 1637 4412 quos
1656 4341 1893 4414 fovebat,
1907 4345 2091 4414 jejuna

512 4431 727 4489 rediens
765 4433 1031 4487 cellulam.

2191 3234 2429 3289 membra
2457 3244 2640 3289 tenera
2672 3236 2803 3288 setis
2827 3234 3033 3302 asperis
3061 3233 3377 3304 dissipante,
3405 3236 3556 3304 jubet
3585 3241 3779 3307 portari

2189 3326 2525 3395 aquamauilc
2556 3325 2634 3394 (ά)
2676 3324 2985 3379 ardentibus
3020 3325 3232 3394 plenum
3280 3327 3624 3382 carbonibus.
3652 3329 3778 3385 ilinc

2191 3415 2586 3471 discedentibus
2604 3417 2823 3485 reliquis
2853 3415 3107 3470 membris
3132 3417 3540 3486 trepidantibus,
3570 3424 3778 3474 animus

2194 3520 2435 3565 armatur
2485 3510 2549 3563 ad
2624 3524 2839 3579 prs-nam
2875 3549 2889 3573 ,
2938 3518 3175 3564 tractans
3234 3512 3356 3580 quia
3419 3528 3522 3566 non
3608 3524 3778 3568 essent

2193 3601 2580 3671 persecutionis
2661 3609 2940 3669 tempora,
2988 3614 3017 3653 a
3083 3615 3143 3656 se
3210 3611 3264 3656 ut
3332 3602 3485 3657 ﬁeret
3554 3616 3777 3677 martyr.

2194 3693 2336 3750 Inter
2391 3694 2508 3748 hmo
2551 3702 2607 3747 ut
2652 3692 2995 3762 refrigeraret
3029 3702 3135 3747 tam
3182 3692 3479 3750 ferventem
3520 3696 3776 3763 animum,

2196 3786 2484 3841 incendere
2515 3797 2708 3854 corpus
2747 3783 3029 3849 deliberat,
3061 3784 3282 3855 apponit
3306 3800 3411 3838 aera
3444 3786 3727 3842 candentia
3756 3804 3767 3853 ;

2200 3877 2439 3935 Strident
2463 3878 2701 3931 membra
2729 3876 3046 3941 cremantia,
3073 3878 3405 3931 consumitur
3434 3880 3589 3945 cutis,
3621 3888 3676 3935 et
3705 3880 3776 3935 in-

2197 3970 2346 4039 tima,
2386 3985 2491 4039 quo
2520 3969 2693 4039 attigit
2723 3968 2903 4033 ardor,
2941 3968 2996 4023 fit
3025 3968 3187 4025 fossa.
3229 3970 3436 4025 Taceas
3461 3971 3591 4042 tegit
3647 3972 3775 4025 lora-

2197 4064 2369 4119 mina:
2393 4066 2486 4119 sed
2512 4071 2952 4133 computrescens
2997 4064 3213 4132 sanguis
3238 4063 3613 4118 manifestabat
3640 4064 3773 4134 quod

2195 4172 2299 4214 vox
2342 4172 2443 4212 non
2487 4157 2746 4226 prodebat
2790 4157 2843 4211 in
2871 4170 3045 4227 poena.
3078 4156 3166 4211 Sic
3199 4156 3394 4211 femina
3436 4171 3535 4227 pro
3579 4156 3773 4213 Christi

2198 4249 2510 4315 dulcedine,
2543 4257 2625 4304 tot
2656 4264 2835 4305 amara
2889 4250 3116 4305 libenter
3172 4252 3399 4320 accepit.
3436 4249 3569 4306 Hinc
3597 4262 3772 4307 actum

2197 4350 2302 4411 est,
2327 4352 2384 4398 ut
2413 4342 2554 4412 quod
2586 4344 2700 4413 ipsa
2733 4342 3017 4410 abdiderit,
3049 4342 3151 4398 hoc
3191 4343 3445 4399 miracula
3487 4360 3594 4399 non
3637 4354 3774 4401 tace-

2196 4446 2338 4494 rent.

587 4522 680 4579 24.
714 4523 846 4578 illud
878 4540 1091 4595 quoque
1120 4525 1239 4596 quis
1260 4526 1515 4596 explicet,
1542 4536 1743 4598 quanto
1774 4528 1982 4586 fervore
2002 4546 2096 4586 ex-
2121 4514 2175 4583 ι)
2272 4524 2557 4598 27.!taque
2579 4534 2823 4581 matrona
2838 4525 3343 4599 Gislaadijproceris,
3369 4530 3586 4586 nomine
3610 4530 3769 4597 Belia,

515 4622 675 4670 citata
705 4615 768 4668 ad
799 4617 1079 4684 coquinam
1112 4617 1510 4672 concursitabat
1538 4633 1686 4673 suam
1713 4619 1909 4674 iaciens
1929 4624 2097 4692 septi-

512 4706 766 4761 manam?
794 4705 1030 4777 Denique
1054 4707 1199 4762 nulla
1224 4711 1607 4764 monacharum
1633 4710 1731 4765 nisi
1755 4710 1866 4781 ipsa
1889 4712 1954 4767 de
1978 4728 2096 4783 pos-

515 4796 641 4854 ticio
672 4795 765 4869 (c),
794 4808 1047 4867 quantum
1093 4799 1219 4870 ligni
1266 4816 1397 4871 opus
1445 4809 1597 4867 erat,
1631 4802 1741 4858 sola
1786 4803 1987 4859 ferebat
2034 4807 2086 4861 in

588 4910 666 4989 (ρ)
687 4911 835 4989 Apud
855 4912 1189 4989 Su‘riumista
1209 4916 1491 4971 adduntur:
1520 4917 1641 4973 Non
1655 4920 1795 4974 illam
1814 4920 2092 4989 aliquando

517 4982 687 5055 mollis
716 4982 889 5047 pluma
912 4983 1128 5055 falcivit,
1160 5003 1319 5055 neque
1344 4989 1649 5045 linteaminis
1677 4994 1813 5044 nitar
1830 4982 2087 5049 instruxit.

516 5053 779 5125 Manicam
818 5069 919 5120 qua
963 5053 1242 5109 brarhiunt'
1270 5058 1520 5120 indueret.
1568 5076 1668 5114 non
1715 5063 1946 5125 habebat,
1996 5068 2096 5119 nisi

517 5124 653 5191 quod
686 5124 749 5177 de
774 5126 941 5193 caliga
967 5141 1060 5179 sua
1094 5126 1186 5180 sibi
1212 5128 1340 5181 duas
1381 5129 1496 5194 fecit
1526 5133 1775 5187 manicas.
1810 5133 1915 5187 Sed
1938 5124 2016 5188 ita
2042 5153 2095 5188 se

517 5196 787 5268 tractabat,
819 5205 870 5247 ut
900 5195 1007 5249 hwc
1037 5212 1125 5249 nec
1153 5198 1407 5253 abbatissa
1452 5203 1673 5255 sentiret.
1725 5204 1853 5268 Quae
1900 5204 2095 5260 desunt

518 5268 569 5318 in
602 5265 768 5338 Codd.
804 5279 933 5319 mss.
969 5274 1022 5320 et
1049 5281 1114 5321 ex
1150 5269 1243 5322 lib.
1268 5283 1324 5333 η,
1358 5286 1503 5325 num.
1537 5273 1589 5338 8,
1618 5265 1991 5329 desumuntur.

591 5335 669 5417 (bl
692 5337 838 5417 Alias
863 5338 1292 5417 quadragesimas
1318 5340 1383 5394 de
1409 5335 1808 5417 quadragesima
1837 5344 2093 5401 adventus

519 5404 977 5479 Dominialiisque
1006 5404 1339 5472 explicarunt
1367 5404 1455 5479 qui
1479 5404 1695 5467 Surium
1738 5428 2089 5469 recensuere:

518 5486 572 5529 at
601 5476 668 5531 de
695 5475 814 5552 aliis
841 5477 1259 5552 quadragesimis
1285 5475 1419 5549 quas
1455 5491 1578 5537 ante
1611 5484 1807 5539 Pascha
1833 5494 1953 5552 post
1996 5487 2099 5543 nri-

517 5560 663 5628 rnam
695 5548 746 5600 in
771 5549 1003 5628 claustro
1024 5551 1197 5618 exegit
1228 5548 1583 5628 Ra’dvguutlis.
1614 5554 1751 5609 hunc
1776 5548 1950 5609 locum
1979 5572 2100 5612 esse

517 5619 971 5683 interpretandum
1005 5629 1176 5675 textus
1203 5624 1511 5677 consecutio
1541 5625 1713 5679 docet.

591 5688 665 5755 (ε)
716 5688 1040 5768 Particiamh
1071 5694 1236 5760 inquit
1262 5692 1451 5768 Papias
1498 5696 1548 5748 in
1581 5695 1862 5761 Vocabul.,
1905 5708 1978 5749 est
2026 5698 2103 5750 Ια-

519 5766 627 5810 tens
671 5759 857 5811 ostium
882 5760 955 5813 sic
985 5759 1179 5815 dictum
1217 5765 1352 5831 quod
1393 5776 1644 5819 remotum
1690 5769 1751 5821 sit
1798 5759 2009 5837 aipabj.
2040 5788 2099 5825 κο.

2205 4620 2302 4677 sed
2331 4620 2487 4690 longa
2515 4620 2755 4675 caecitate
2777 4620 3103 4686 miserrima,
3130 4622 3342 4691 rogavit
3369 4635 3427 4676 se
3467 4623 3534 4678 de
3559 4621 3775 4678 Francia

2202 4714 2440 4771 Pictavis
2487 4712 2552 4768 ad
2584 4721 2780 4767 sancta:
2804 4712 2924 4768 duci
2954 4712 3147 4770 devote
3196 4717 3558 4783 prresentiam.
3586 4715 3773 4785 Quam,

2198 4808 2324 4863 licet
2353 4806 2503 4861 tarde
2531 4813 2770 4871 exorata,
2791 4805 2891 4860 sibi
2920 4806 3043 4861 fecit
3069 4808 3277 4862 occurri
3308 4824 3403 4877 per
3433 4816 3585 4864 tetrae
3615 4813 3777 4865 noctis

2199 4923 2407 4993 Saepius
2432 4923 2483 4977 in
2515 4923 2807 4991 posteriore
2841 4923 3033 4977 aedium
3060 4934 3211 4989 parte
3238 4925 3488 4982 locatum.
3524 4926 3775 4985 Porticia-

2200 4996 2275 5050 ria
2302 5005 2383 5049 est
2412 5011 2530 5063 quae
2556 5008 2736 5049 curam
2765 4993 2921 5047 habet
2952 4995 3238 5063 recipiemli
3274 5012 3336 5050 ea
3364 5012 3482 5065 qua:
3512 4998 3565 5051 in
3596 5014 3774 5055 mona-
3804 5050 3805 5053 η

2199 5066 2422 5121 sterium
2458 5066 2827 5137 deportantur,
2857 5073 2910 5118 et
2940 5067 3328 5137 transmittendi
3356 5084 3474 5137 qua:
3504 5073 3772 5126 transmit-

2200 5145 2402 5208 tuntur,
2418 5137 2577 5208 vulgo
2598 5136 2973 5208 latouriérerut
3000 5136 3280 5208 bienardus
3306 5136 3491 5193 noster
3514 5140 3700 5208 prohat
3720 5144 3768 5198 iu

2200 5206 2463 5266 Concord.
2502 5205 2712 5273 Regul.,
2744 5218 2863 5271 cap.
2887 5206 2975 5269 6i,
3007 5205 3033 5275 §
3070 5208 3153 5260 it.

2277 5278 2359 5347 (ά)
2387 5277 2523 5343 Quid
2556 5275 3009 5347 sitiaquamauile,
3043 5277 3297 5332 discimus
3325 5293 3388 5332 ex
3438 5279 3625 5336 ordine
3675 5284 3771 5339 Ro-

2201 5363 2379 5409 mano,
2434 5348 2520 5401 ubi
2567 5346 2697 5414 agit,
2741 5346 2970 5415 qualiter
3008 5348 3385 5403 celebrandum
3434 5350 3504 5403 sit
3549 5351 3771 5411 alliciunt

2201 5420 2380 5474 missa:
2410 5435 2423 5470 :
2456 5417 2800 5481 aquamanile,
2830 5418 2924 5488 hac
2952 5426 3025 5471 esl
3055 5435 3140 5473 vas
3172 5420 3432 5485 manuale,
3482 5422 3655 5488 pelvis
3699 5428 3772 5482 ni-

2203 5490 2395 5545 mirum
2425 5500 2578 5555 aptus
2607 5487 2940 5553 excipiendis
2970 5490 3122 5556 aquis
3154 5506 3217 5543 ex
3258 5487 3510 5546 manuum
3564 5493 3768 5552 latione.

2203 5560 2453 5639 lsidarus,
2489 5559 2579 5612 lib.
2608 5574 2644 5611 ιι
2675 5558 2841 5625 oliic.,
2871 5573 2999 5639 cap.
3027 5559 3091 5611 it)
3123 5578 3136 5612 :
3172 5561 3246 5614 Ab
3276 5562 3640 5639 archidiacono
3663 5584 3771 5639 seg-

2207 5634 2364 5693 phum
2384 5646 2531 5695 aqua:
2551 5646 2666 5683 cum
2686 5632 2999 5703 aquamam'li
3020 5640 3064 5684 et
3096 5634 3465 5703 manutergium
3485 5632 3769 5703 accipimis.

2206 5703 2499 5827 fllalgtergo
2526 5701 2860 5770 aquamanile
2885 5717 3008 5757 cum
3037 5704 3256 5759 urceolo
3286 5701 3619 5763 a‘nouuullis
3647 5724 3767 5764 con-

2231 5789 2297 5827 uu
2340 5787 2463 5825 iur.
3241 5824 3245 5827 .

2231 5787 2463 5827 uuurtur.
