4076 6348
345 331 446 389 661

344 540 428 595 los
454 540 569 611 ejus
599 538 833 608 signare,
859 537 944 592 vix
1003 536 1271 606 impetrat.
1303 536 1432 602 Quae
1464 553 1587 591 mox
1623 542 1679 589 ut
1725 536 1776 589 in
1834 550 1929 590 no-

344 632 492 686 mine
519 627 712 685 Christi
757 628 965 700 signum
997 627 1174 684 crucis
1203 626 1494 697 impressit,
1527 627 1742 682 caecitas
1774 626 1925 697 fugit,

347 725 438 779 lux
474 723 648 791 rediit,
679 732 733 779 et
778 733 1040 779 nocturno
1084 722 1183 778 sub
1227 734 1464 792 tempore
1503 721 1651 776 orba:
1699 721 1788 776 diu
1817 712 1931 777 dies

348 818 525 872 illuxit
544 818 652 874 :.ita
680 826 740 874 ut
766 826 934 875 tracta
962 832 1083 872 cum
1108 818 1364 887 venisset,
1392 816 1536 873 nullo
1566 816 1793 871 ducente
1843 829 1933 869 re-

346 910 588 965 crderet.

423 999 510 1052 28.
561 1000 691 1055 item
740 999 915 1070 puella
985 999 1292 1067 Fraiﬂedis,
1359 999 1575 1055 inimico
1622 992 1927 1070 instigante,

351 1089 480 1145 dum
518 1100 857 1161 torqueretur
884 1101 990 1147 tam
1015 1094 1256 1162 nequiter
1283 1107 1463 1146 sacras
1493 1088 1609 1164 [ΑΙ.
1638 1132 1656 1160 ,
1687 1089 1931 1163 Suaedas]

353 1182 491 1237 inter
516 1196 702 1238 manus
748 1191 973 1251 sanctae,
1004 1197 1103 1237 nec
1127 1182 1254 1237 data
1294 1181 1573 1249 dilatione,
1603 1181 1777 1237 curari
1813 1196 1927 1252 pro-

351 1275 565 1330 meruit.
590 1273 697 1329 Nec
744 1274 873 1330 illuc
924 1283 1294 1346 praetereatur,
1328 1285 1538 1342 tempus
1582 1274 1753 1330 beata:
1791 1274 1933 1343 quod

350 1366 615 1437 praestitit.
635 1366 792 1437 (Sic).
813 1366 1033 1424 Femina
1050 1368 1295 1438 quaedam
1320 1364 1550 1422 Leubilis
1567 1366 1688 1420 dum
1709 1381 1933 1422 vexare-

351 1467 440 1517 tur
467 1460 521 1517 in
551 1477 677 1517 rure
696 1462 764 1516 ab
790 1459 1097 1518 adversario
1117 1462 1369 1532 graviter,
1387 1460 1628 1531 sequenti
1644 1458 1731 1515 die
1747 1465 1931 1514 sancta

349 1563 561 1622 orante,
596 1568 733 1610 nova
763 1554 965 1610 Christi
1016 1555 1293 1610 curatione
1326 1554 1377 1608 in
1435 1552 1651 1624 scapula
1681 1554 1935 1623 crepante

351 1652 519 1712 cute,
578 1653 630 1698 et
683 1660 863 1700 verme
915 1644 1060 1699 l‘oras
1109 1652 1377 1712 exeunte,
1424 1660 1552 1699 sana
1604 1654 1685 1699 est
1726 1642 1933 1699 reddita

350 1735 598 1806 publice;
628 1745 682 1792 et
703 1735 875 1807 ipsum
906 1751 1144 1792 vermem
1178 1736 1393 1793 calcans
1427 1735 1563 1806 pede
1598 1734 1820 1792 liberata
1874 1750 1934 1791 se

351 1827 555 1882 retulit.

424 1917 514 1972 29.
557 1917 687 1971 Illud
737 1916 877 1988 quod
924 1915 1089 1989 gessit
1141 1914 1193 1971 in
1253 1927 1483 1987 secreto,
1534 1915 1835 1987 proferatur
1873 1914 1928 1971 in

353 2013 627 2083 populum.
655 2009 907 2065 Monacha
956 2010 1197 2079 quaedam
1230 2016 1340 2065 toto
1374 2026 1536 2089 anno,
1567 2011 1619 2065 in
1649 2010 1735 2065 die
1759 2012 1928 2083 gelata

355 2103 575 2173 frigore,
606 2117 699 2173 per
736 2111 945 2157 noctem
1003 2111 1236 2157 cremata
1298 2101 1454 2171 igni,
1516 2117 1607 2158 sex
1661 2103 1931 2157 mensibus

352 2207 450 2247 nec
480 2208 718 2262 gressum
752 2206 992 2259 movens,
1023 2207 1141 2247 cum
1166 2191 1371 2259 jaceret
1393 2194 1680 2260 exanimis,
1722 2190 1931 2249 Sancta!

356 2290 424 2338 de
454 2283 569 2353 ejus
600 2282 905 2339 infirmitate
948 2297 1105 2338 soror
1151 2282 1314 2339 altera
1361 2285 1649 2341 nuntiavit.
1701 2285 1766 2340 Et
1810 2288 1931 2357 quia

353 2374 622 2446 perinanis
680 2384 866 2442 esset,
924 2376 1153 2446 tepidam
1237 2377 1353 2432 fieri
1414 2377 1717 2448 przecipit,
1764 2379 1932 2449 ipsam

352 2478 606 2540 aegrotam
638 2468 700 2522 ad
734 2483 793 2523 se
825 2466 951 2523 facit
982 2469 1033 2523 in
1063 2467 1255 2523 cellula
1283 2468 1554 2540 deportari
1585 2481 1639 2525 et
1669 2470 1721 2525 in
1760 2470 1934 2541 tepida

354 2562 573 2633 deponi.
633 2561 766 2617 Hinc
815 2561 965 2634 jubet
1020 2577 1208 2618 omnes
1258 2563 1567 2630 removeri,
1627 2574 1938 2620 remanente

355 2666 560 2711 tantum
612 2658 721 2710 sola
777 2656 934 2712 simul
993 2665 1192 2728 aegrota
1241 2672 1361 2713 cum
1418 2658 1626 2715 medica
1683 2659 1794 2715 fere
1845 2674 1940 2731 per

357 2754 515 2807 horas
560 2753 713 2807 duas.
760 2754 1023 2819 Quantum
1068 2764 1149 2808 est
1194 2754 1438 2823 corporis
1486 2755 1654 2808 forma
1691 2768 1721 2807 a
1766 2756 1941 2825 capite

358 2858 524 2913 isque
577 2843 643 2896 ad
704 2842 974 2911 plantam,
1022 2843 1233 2897 inﬁrma
1288 2842 1533 2899 membra
1593 2843 1939 2914 combajulat.

361 2935 566 2992 Dehinc
610 2953 716 3008 quo
771 2951 956 2992 manus
1005 2928 1337 3006 attingebat,
1394 2940 1623 3010 fugiebat
1675 2940 1830 2995 dolor
1877 2941 1944 2996 de

360 3034 644 3105 languida;
674 3044 728 3090 et
757 3050 912 3105 quam
957 3033 1076 3088 duae
1111 3034 1493 3103 deposuerant,
1540 3035 1678 3091 exiit
1718 3036 1945 3091 salubris

361 3124 428 3179 de
477 3125 668 3194 tepida.
708 3124 835 3193 Qua:
882 3125 1058 3178 vinum
1090 3140 1187 3178 nec
1216 3124 1497 3190 odorabat,
1533 3125 1757 3195 accepit,
1791 3124 1944 3191 bibit,

1628 327 1813 385 VITA.
1856 325 2057 382 LIBER
2100 326 2370 386 PRlMUS.

342 446 576 525 silentia.
607 446 878 505 Prostrata
904 448 1057 518 cujus
1100 445 1166 501 ad
1193 461 1366 517 genua
1392 454 1451 503 ut
1471 446 1781 516 dignaretur
1802 459 1929 499 ocu-
1954 445 2010 507 Α

3506 340 3612 396 662

2104 445 2192 500 52.
2232 445 2383 507 Goda
2405 445 2579 517 puella
2603 448 2896 518 saecularis,
2926 460 3048 521 post
3076 451 3185 507 Deo
3210 454 3472 509 monacba
3500 469 3617 511 ser-

2036 540 2212 608 viens,
2254 536 2380 596 dum
2422 539 2581 612 longo
2621 541 2723 599 sub
2764 544 3031 615 tempore,
3061 545 3202 602 lecto
3229 546 3418 603 ﬂebilis
3446 547 3616 623 decu-

2032 630 2208 699 baret,
2235 640 2287 689 et
2318 634 2559 704 impenso
2589 633 2756 689 multo
2783 635 3137 693 medicamine
3164 637 3281 708 plus
3310 638 3616 711 langueret,

2034 724 2170 780 facta
2220 724 2443 780 candela
2484 726 2549 779 ad
2596 740 2901 782 mensuram
2946 744 3060 784 sua:
3107 730 3358 802 staturae,
3392 720 3621 789 Domino

2012 816 2329 872 miserante
2384 817 2436 871 in
2498 819 2719 874 nomine
2768 827 2968 874 sanctae
3020 821 3274 893 feminae,
3330 839 3434 897 qua
3486 823 3622 881 hora

2036 908 2203 984 frigus
2244 912 2511 982 Spiraret,
2567 912 2747 969 lumen
2798 915 3045 971 accendit
3094 926 3149 972 et
3200 919 3408 986 tenuit,
3466 918 3621 991 cujus

2035 1002 2298 1059 beneficio
2362 1016 2487 1061 ante
2538 1002 2719 1079 iugata
2772 1019 2898 1064 sunt
2947 1008 3143 1081 frigora
3179 1052 3195 1078 ,
3252 1026 3417 1085 quam
3474 1021 3623 1071 esset

2035 1095 2254 1151 candela
2284 1106 2619 1169 consumpta.

2109 1186 2198 1243 55.
2240 1187 2296 1244 Si
2342 1201 2561 1261 propter
2588 1191 2903 1251 brevitatem
2933 1195 3099 1252 multa
3141 1196 3619 1268 praetermittimus,

2037 1276 2159 1349 plus
2202 1294 2505 1351 peccamus.
2565 1283 2729 1355 Igitur
2782 1287 3015 1358 purgatis
3063 1288 3314 1346 velociter
3358 1290 3619 1364 reliquis,

2008 1373 2202 1451 dilato
2256 1375 2538 1445 remedio,
2595 1381 2917 1447 carpentarii
2974 1382 3249 1452 cujusdam
3302 1398 3438 1441 uxor
3495 1384 3623 1441 dum

2037 1467 2279 1538 plurimis
2301 1464 2490 1524 diebus
2509 1483 2871 1541 energumeno
2886 1472 3003 1543 (sic)
3020 1482 3382 1544 torqueretur,
3396 1490 3623 1533 venera-

2036 1558 2162 1614 bilis
2186 1557 2308 1631 ejus
2334 1560 2607 1619 abbatissa
2628 1562 2704 1635 (a)
2726 1564 3038 1634 joculariter
3076 1568 3206 1635 dicit
3243 1568 3309 1625 ad
3340 1580 3580 1627 sanctam
3605 1587 3620 1625 :

2036 1650 2232 1721 Crede,
2265 1663 2458 1724 mater,
2487 1659 2894 1714 excommunico
2917 1668 2991 1730 te,
3021 1662 3068 1717 si
3097 1663 3235 1717 intra
3260 1648 3364 1721 hoc
3390 1662 3622 1721 triduum

2038 1746 2232 1802 mulier
2275 1745 2389 1802 haec
2428 1748 2497 1803 ab
2541 1749 2697 1805 hoste
2743 1761 2964 1823 purgata
3002 1769 3113 1811 non
3159 1755 3422 1813 redditur.
3481 1757 3624 1814 Dixit

1964 1834 2012 1895 B
2041 1837 2218 1907 plane,
2245 1839 2339 1894 sed
2371 1838 2497 1895 fecit
2522 1851 2762 1898 sanctam
2788 1844 3066 1903 mulierem
3087 1848 3294 1906 occulte
3344 1848 3625 1909 reficiendi

2039 1938 2280 2001 tempore
2312 1934 2683 2002 pcenitentem.
2716 1937 2871 2006 Quod
2900 1955 2967 1996 ne
2994 1956 3267 2000 moremur
3286 1943 3415 2016 quid
3442 1954 3619 2003 actum

2035 2021 2149 2090 sit,
2183 2024 2347 2079 altera
2379 2024 2465 2082 die
2500 2037 2683 2085 sancta
2726 2042 2982 2101 precante
3023 2035 3365 2097 adversarius
3405 2038 3625 2113 rugiens

2035 2129 2129 2185 per
2180 2130 2367 2172 aurem
2419 2122 2720 2191 egrediens,
2771 2124 3010 2180 invasum
3063 2129 3334 2184 vasculum
3393 2128 3621 2195 deserit.

2034 2211 2227 2266 mulier
2277 2227 2396 2269 cum
2452 2215 2644 2270 marito
2694 2230 2881 2288 sospes
2957 2219 3095 2275 redit
3143 2220 3456 2292 hospitium.
3514 2226 3627 2282 Nec

2038 2304 2168 2358 illud
2209 2315 2559 2375 praetereatur
2583 2309 2724 2379 quod
2749 2321 2833 2367 est
2857 2321 3034 2369 actum
3071 2313 3425 2373 simillimum.
3454 2317 3627 2390 Rogat

2039 2394 2350 2451 beatissima
2383 2398 2452 2453 de
2482 2399 2599 2454 loco
2630 2416 2727 2455 suo
2757 2402 2911 2459 evelli
2936 2405 3182 2461 arborem
3209 2406 3437 2467 validam
3466 2408 3624 2477 lauri,

2041 2495 2093 2539 et
2133 2486 2197 2540 ad
2238 2501 2387 2543 suam
2430 2490 2678 2545 cellulam
2709 2506 2803 2561 pro
2827 2492 3159 2564 jucunditate
3188 2498 3484 2557 transferri.
3507 2501 3626 2571 Quo

2041 2581 2205 2650 facto,
2232 2587 2641 2655 transplantata,
2675 2603 2781 2643 non
2811 2590 3117 2646 adhaerente
3163 2592 3364 2663 radice,
3410 2594 3471 2650 iit
3520 2605 3630 2652 tota

2044 2673 2186 2731 foliis
2214 2677 2385 2731 arida.
2436 2675 2531 2733 Cui
2570 2679 2835 2736 abbatissa
2867 2680 3179 2750 joculariter
3224 2686 3476 2755 imputat,
3522 2687 3629 2745 nisi

2045 2780 2297 2825 exoraret
2327 2780 2383 2825 ut
2414 2772 2578 2827 arbor
2608 2781 2764 2829 terra:
2790 2775 3113 2846 adhaereret,
3142 2791 3203 2834 se
3237 2777 3307 2835 de
3344 2780 3471 2836 cibo
3507 2794 3629 2837 sus-

2045 2864 2333 2934 penderet.
2365 2866 2519 2933 Quod
2549 2882 2654 2925 non
2686 2868 2918 2927 inaniter
2960 2871 3161 2929 dictum
3191 2881 3312 2930 est:
3342 2874 3476 2932 Nam
3504 2892 3629 2932 san-

2048 2967 2132 3013 cta
2165 2958 2553 3026 intercedente,
2586 2961 2752 3030 foliis,
2783 2964 2970 3033 ramis,
3012 2967 3193 3023 radice
3220 2966 3403 3025 laurus
3438 2969 3634 3025 siccata

2050 3052 2299 3106 reviruit.

2126 3144 2214 3199 54.
2260 3145 2335 3200 De
2359 3146 2722 3204 monacbabus
2741 3149 2981 3219 quaedam
3002 3152 3106 3207 sibi
3129 3153 3463 3218 familiarior,
3486 3156 3635 3225 cujus

362 3226 414 3270 ct
454 3218 648 3271 reiecta
689 3227 790 3272 est.
844 3215 978 3283 Quid
1036 3216 1228 3283 plura?
1280 3216 1537 3287 Sequenti
1575 3214 1662 3272 die
1693 3234 1812 3273 cum
1841 3218 1943 3289 jam

2058 3251 2122 3290 ex
2164 3235 2390 3292 humore
2418 3240 2635 3309 sanguis
2662 3248 2977 3296 contexerat
3020 3244 3257 3310 oculum,
3301 3246 3635 3315 apprehensa

361 3316 665 3377 speraretur
691 3310 806 3381 [pro
828 3307 1155 3380 crederetur]
1186 3309 1418 3380 migrare
1447 3310 1513 3365 de
1541 3309 1762 3379 saeculo,
1794 3310 1944 3366 salva

362 3400 617 3469 processit
652 3401 701 3452 in
734 3399 1023 3468 publicum.

435 3492 524 3546 50.
567 3491 862 3561 Adjiciatur
912 3491 1053 3546 laudi
1108 3493 1247 3561 quod
1300 3506 1405 3547 non
1464 3490 1673 3563 deperit
1731 3493 1943 3549 merito.

364 3584 552 3642 Mulier
584 3584 826 3655 quaedam
856 3583 978 3638 dum
1016 3584 1216 3641 inimici
1242 3584 1516 3639 invasione
1541 3584 1774 3654 graviter
1802 3584 1949 3641 labo-

364 3686 528 3743 raret,
563 3686 615 3728 et
642 3678 732 3729 vix
758 3675 820 3727 ad
854 3684 1095 3730 sanctam
1119 3675 1420 3743 potuissent
1449 3674 1659 3729 hostem
1691 3676 1949 3730 rebellem

366 3769 678 3833 adducere;
750 3770 974 3834 imperat
1037 3767 1389 3832 adversario,
1453 3776 1507 3819 ut
1563 3781 1622 3821 se
1676 3780 1772 3817 suo
1828 3780 1948 3820 cum

369 3860 561 3915 timore
609 3858 914 3927 pavimento
948 3864 1336 3928 prosterneret.
1381 3852 1502 3913 Mox
1533 3857 1599 3911 ad
1632 3858 1801 3911 beatae
1831 3868 1948 3913 ser-

368 3967 580 4007 monem
642 3953 690 4006 iu
749 3962 942 4007 terram
1004 3967 1063 4006 se
1120 3952 1419 4020 dejiciens,
1476 3952 1563 4022 qui
1624 3952 1949 4021 timebatur,

367 4045 630 4099 extimuit.
680 4044 779 4099 Cui
832 4054 1014 4099 sancta
1074 4044 1228 4113 plena
1274 4045 1380 4101 fide
1427 4061 1547 4102 cum
1594 4047 1851 4104 calcasset
1899 4047 1952 4103 in

369 4135 599 4199 cervice,
634 4137 778 4190 ﬂuxu
811 4137 1014 4191 ventris
1043 4150 1288 4208 egressus
1317 4146 1423 4196 est.
1468 4139 1563 4208 Est
1600 4146 1657 4197 et
1698 4139 1752 4195 in
1794 4139 1955 4196 rebus

370 4228 605 4283 minimis
659 4244 845 4299 magna
901 4228 1067 4297 gloria
1123 4231 1403 4287 creaturis.
1457 4200 1600 4299 Ergo
1657 4243 1783 4288 casu
1832 4247 1951 4287 cum

369 4320 580 4389 glomus
622 4335 779 4389 quem
815 4329 999 4373 sancta
1049 4319 1309 4385 ﬁlaverat,
1357 4321 1714 4392 perpenderct
1762 4322 1827 4378 de
1867 4338 1956 4376 ca-

367 4424 543 4478 mera,
584 4411 803 4465 veniens
853 4426 1010 4465 sorex
1060 4420 1118 4465 ut
1166 4421 1424 4482 tangeret,
1466 4420 1750 4483 antequam
1807 4414 1952 4468 filum

368 4498 647 4570 incideret,
683 4512 922 4556 mertuus
948 4504 997 4556 in
1030 4514 1209 4557 morsu
1236 4502 1505 4572 pependit.

2051 3330 2215 3385 herba
2243 3331 2553 3402 absynthio,
2585 3348 2744 3403 quam
2773 3345 2957 3389 sancta
2988 3336 3128 3392 circa
3159 3347 3344 3408 pectus
3387 3349 3444 3394 ut
3485 3341 3636 3396 refri-

2050 3433 2268 3491 geraret
2291 3423 2573 3491 habuerat,
2603 3440 2721 3482 cum
2750 3442 2914 3497 super
2943 3430 3154 3485 oculum
3183 3432 3379 3499 posuit,
3404 3431 3559 3489 dolor
3587 3445 3638 3490 et

2053 3530 2213 3569 cruor
2243 3531 2369 3571 mox
2404 3517 2620 3587 effugit;
2671 3529 2726 3576 et
2772 3519 2838 3575 de
2889 3520 3156 3578 viriditate
3207 3523 3389 3580 herba:
3438 3527 3639 3591 puritas

2056 3608 2190 3662 lucis
2212 3608 2453 3665 emicuit.
2483 3610 2781 3669 Revocetur
2805 3612 3058 3668 memoria
3089 3614 3230 3684 quod
3264 3616 3480 3671 tacitum
3503 3632 3641 3685 pene

2056 3702 2335 3769 prteteriit.
2413 3704 2728 3759 Anderedus
2789 3720 2952 3773 agens
3014 3706 3253 3774 ejusdem
3318 3707 3641 3766 beatissimae

2056 3807 2177 3845 cum
2229 3793 2329 3848 sibi
2387 3794 2479 3848 lilii
2539 3806 2905 3861 nascerentur,
2965 3812 3099 3868 quos
3151 3805 3208 3854 ut
3261 3800 3468 3856 videret
3516 3817 3643 3857 mox

2058 3882 2329 3949 perderet,
2376 3895 2429 3939 et
2479 3886 2736 3955 cogitaret
2788 3886 3017 3958 sepelire
3075 3899 3245 3947 mater
3298 3894 3464 3949 tristis
3512 3894 3641 3950 dum

2058 3984 2292 4042 pareret,
2344 3978 2645 4033 exanimem
2701 3980 3019 4037 infantulum
3069 3983 3348 4055 lacrymosi
3394 3996 3643 4056 parentes

2054 4063 2257 4133 jactant
2305 4067 2359 4121 in
2414 4079 2613 4124 sanctas
2665 4072 2917 4128 cilicium.
2968 4074 3070 4141 Qui
3130 4086 3187 4131 ut
3239 4078 3639 4135 saluberrimam

2058 4168 2261 4214 vestem
2291 4174 2412 4214 mox
2456 4163 2616 4230 panni
2659 4164 2858 4220 nobilis
2890 4167 3080 4238 attigit,
3120 4166 3185 4223 ad
3223 4170 3458 4227 ofﬁcium
3480 4173 3642 4229 vitale

2059 4250 2197 4303 redit
2218 4250 2391 4306 iulans
2412 4254 2478 4308 de
2503 4252 2711 4319 itinere,
2738 4267 2793 4312 et
2818 4259 3014 4315 rubens
3039 4261 3180 4317 levat
3202 4262 3271 4318 de
3292 4265 3454 4331 pallio
3471 4266 3643 4336 pallor

2058 4341 2265 4398 vicinus
2294 4344 2362 4399 ad
2394 4347 2677 4402 tumulum.

2129 4434 2220 4493 55.
2261 4436 2392 4503 Quis
2415 4449 2661 4495 numeret
2682 4441 2943 4496 mirabilia
2970 4458 3089 4512 qua:
3117 4444 3311 4500 Christi
3335 4448 3641 4504 misericors

2061 4533 2315 4594 Operatur
2354 4527 2672 4583 clementia?
2722 4530 2930 4585 Animis
2978 4530 3239 4587 monacha
3268 4534 3393 4589 dum
3434 4543 3641 4594 tantum

442 4592 531 4648 51.
574 4595 841 4649 lnseratur
874 4593 1023 4665 operi
1071 4608 1158 4651 res
1188 4605 1291 4648 tam
1329 4594 1485 4664 digna
1519 4594 1796 4650 miraculo.
1828 4593 1943 4650 Flo-

2061 4592 2315 4689 hvdropis
2348 4619 2538 4676 morbo
2567 4621 2853 4677 tumefacta
2878 4623 3207 4693 tenderetur,
3240 4637 3294 4679 ttt
3323 4628 3468 4683 salus
3497 4639 3642 4687 esset

371 4688 516 4742 reius
555 4686 769 4755 quidam
810 4688 1047 4752 nomine,
1094 4686 1257 4747 homo
1303 4686 1544 4761 ejusdem
1586 4696 1805 4753 sancta,
1856 4703 1955 4758 pro

372 4778 667 4848 piscatione
694 4778 818 4834 dum
852 4780 905 4835 in
934 4795 1081 4834 mare
1106 4789 1391 4848 satageret,
1444 4783 1636 4835 oborto
1670 4792 1952 4837 ventorum

371 4870 610 4938 turbine,
663 4871 917 4928 ﬂuctuum
975 4880 1228 4942 surgente
1280 4872 1457 4937 mole,
1513 4885 1611 4926 nec
1637 4879 1741 4926 tam
1790 4880 1951 4927 nauta

371 4964 675 5019 sentinante
725 4962 1010 5034 [sentinam
1060 4950 1350 5033 ejiciente],
1398 4974 1554 5031 quam
1592 4963 1730 5015 unda
1759 4977 1951 5031 super-

370 5064 647 5126 vergente,
679 5071 799 5111 cum
851 5055 998 5110 navis
1046 5055 1201 5125 plena
1244 5056 1698 5125 submergeretur,
1755 5057 1807 5111 in
1852 5074 1950 5112 ex-

373 5150 641 5203 tremitate
695 5147 886 5202 clamat
938 5165 949 5199 :
1000 5146 1194 5202 Sancta
1253 5145 1592 5215 Radegundis
1622 5189 1636 5211 ,
1682 5146 1807 5201 dum
1862 5148 1954 5204 tibi

382 5240 686 5307 obedimus,
739 5254 845 5295 non
895 5238 1233 5295 subsidamus
1286 5239 1581 5310 naufragio,
1631 5238 1724 5295 sed
1774 5242 1955 5298 obtine

378 5330 518 5401 apud
553 5331 721 5388 Deum
747 5341 807 5388 ut
835 5330 1121 5387 liberemur
1159 5332 1227 5388 de
1258 5332 1467 5403 pelago.
1501 5332 1616 5400 Quo
1638 5332 1799 5398 dicto,
1832 5346 1955 5389 mox

378 5422 555 5492 fugata
586 5421 747 5492 nube,
774 5420 983 5479 reddita
1007 5423 1321 5490 serenitate,
1356 5421 1499 5478 unda
1520 5421 1767 5490 cadente,
1798 5439 1955 5495 prora

377 5513 629 5569 surrexit.

457 5691 535 5763 (a)
563 5690 679 5763 Non
707 5705 834 5757 ergo
858 5690 1225 5762 Radegundis,
1254 5700 1314 5749 ut
1339 5693 1557 5763 quidam
1576 5707 1841 5761 asserunt,
1866 5697 1959 5753 sed

384 5762 563 5830 Agnes
608 5762 877 5833 abbatissa
926 5774 1079 5833 erat,
1128 5765 1266 5833 quod
1293 5762 1451 5821 etiam
1474 5784 1537 5821 ex
1567 5767 1857 5823 Fortunato
1905 5770 1959 5821 in

384 5834 480 5891 lib.
498 5849 609 5900 vm,
632 5848 751 5903 cap.
778 5832 832 5899 8,
850 5832 916 5888 de
942 5832 1272 5904 Virginitate,
1290 5837 1571 5895 manifeste
1599 5849 1820 5909 apparet
1848 5850 1958 5894 tum

2062 4709 2115 4763 in
2154 4710 2365 4778 ultimo,
2413 4719 2467 4765 et
2507 4711 2776 4782 deputatae
2806 4720 3023 4770 sorores
3052 4725 3359 4785 spectarent
3389 4735 3495 4790 quo
3521 4737 3641 4776 mo-

2059 4811 2242 4856 mento
2270 4800 2545 4859 exhalaret
2574 4804 2843 4874 spiritum,
2873 4804 2987 4860 visa
3026 4814 3109 4862 est
3143 4808 3223 4863 illi
3259 4824 3353 4883 per
3392 4826 3640 4882 soporem

2059 4906 2181 4946 cum
2212 4894 2515 4948 veneranda
2557 4894 2827 4950 abbatissa
2859 4897 3009 4952 beata
3043 4900 3404 4972 Radegundis,
3438 4904 3489 4960 in
3521 4905 3640 4961 bal-

2059 4998 2163 5038 neo
2202 4985 2318 5039 sine
2354 4986 2560 5056 liquore
2603 4986 2799 5043 nudam
2832 4990 3025 5059 jubere
3054 4992 3406 5055 descendere.
3438 4998 3642 5054 Deinde

2061 5092 2253 5133 manus
2288 5078 2466 5134 Beata:
2494 5080 2607 5135 visa
2654 5090 2739 5135 est
2784 5081 2957 5139 oleum
2999 5097 3218 5156 regrette
3270 5103 3432 5158 super
3483 5099 3643 5158 caput

2060 5170 2353 5239 effundere,
2403 5183 2457 5229 et
2505 5189 2642 5230 nova
2688 5185 2838 5231 veste
2886 5188 3191 5249 contegere.
3250 5181 3366 5250 Quo
3424 5190 3643 5253 peracto

2061 5266 2339 5334 mysterio,
2368 5264 2643 5335 evigilanti
2674 5265 2742 5323 de
2771 5283 2963 5339 sopore
2992 5270 3062 5326 de
3089 5271 3276 5326 morbo
3304 5272 3434 5329 nihil
3476 5288 3641 5344 appa-

2060 5356 2187 5421 ruit,
2227 5356 2295 5409 ita
2323 5365 2378 5409 ut
2406 5372 2506 5412 nec
2544 5358 2914 5427 subsudasset,
2959 5371 3014 5418 et
3051 5359 3194 5416 intus
3223 5376 3358 5431 aqua
3389 5378 3643 5421 consum-

2062 5456 2149 5515 pta
2174 5450 2260 5502 sit.
2290 5447 2407 5516 Quo
2438 5464 2575 5505 novo
2609 5452 2712 5508 sub
2740 5451 2997 5513 miraculo
3027 5469 3132 5509 non
3165 5454 3379 5527 reliquit
3402 5456 3456 5513 in
3488 5468 3640 5515 utero

2064 5554 2165 5597 nec
2195 5541 2367 5597 morbi
2397 5542 2697 5614 vestigium.
2749 5544 2881 5600 Nam
2919 5560 3037 5616 quae
3084 5546 3403 5604 credebatur
3442 5548 3636 5605 deferri

2064 5696 2223 5790 etiam
2252 5713 2317 5790 ex
2343 5697 2439 5754 lib.
2470 5715 2509 5783 tt
2552 5699 2717 5790 Illinc,
2763 5700 2917 5768 infra,
2968 5719 3115 5790 num.
3272 5705 3413 5790 Lege
3460 5723 3643 5790 r_ursus

2066 5768 2520 5848 ij‘ortunatum,_‘in
2552 5771 2643 5848 lib.
2677 5785 2785 5848 vin,
2818 5789 2985 5848 carm.
3013 5775 3188 5848 4,_qui
3209 5768 3446 5837 carmine
3470 5778 3524 5848 5,
3574 5781 3643 5838 de

2069 5840 2285 5908 Agnetis
2313 5842 2551 5897 natalitio
2580 5842 2893 5913 Radegundi
2921 5840 3237 5919 gratulatur.
