4076 6348
561 351 662 408 663

560 482 800 538 preceps
829 468 893 521 ad
924 468 1206 532 tumulum,
1242 469 1382 524 levat
1410 469 1477 523 ad
1504 483 1719 523 cursum
1742 468 1809 522 de
1839 467 2052 532 lectulo,
2082 478 2137 523 ut
2162 473 2214 531 Α

556 560 661 616 olei
721 561 1087 615 testimonium
1143 560 1276 615 odor
1333 562 1532 616 inesset
1585 560 1778 630 capitis
1828 570 1882 615 et
1933 559 2137 614 ventris

556 652 699 708 nulla
724 653 1006 723 pernicies.

628 744 714 798 '56.
760 744 1069 800 Proferatur
1125 762 1176 799 Ill
1232 745 1409 801 medio
1462 760 1569 816 quo
1618 744 1911 816 gratuletur
1967 746 2134 816 regio.

556 836 793 902 Quadem
836 836 953 891 vice
1002 836 1356 889 obumbrante
1401 836 1509 903 jam
1558 836 1729 889 noctis
1780 835 2135 903 crepusculo,

556 928 698 982 inter
746 927 1026 981 choraulas
1065 926 1141 998 (a)
1180 936 1235 981 et
1277 926 1511 981 citharas
1549 926 1674 979 dum
1704 926 1843 980 circa
1871 935 2140 983 monaste-

556 1020 696 1074 rium
748 1033 777 1072 a
824 1020 1171 1074 saecularibus
1223 1020 1391 1073 multo
1440 1018 1657 1073 fremitu
1706 1028 2031 1085 cantaretur,
2086 1028 2141 1075 et

564 1109 757 1166 Sancta
786 1110 992 1166 duabus
1018 1112 1240 1166 testibus
1269 1120 1572 1181 perorasset
1599 1109 1818 1176 diutius,
1837 1111 1968 1165 dicit
1995 1126 2138 1181 qure-

562 1199 688 1254 dam
713 1202 972 1256 monacha
1001 1217 1250 1258 sermone
1274 1202 1497 1271 joculari
1530 1218 1544 1255 :
1579 1201 1825 1270 Domina,
1853 1203 2139 1272 recognovi

554 1305 715 1346 unam
762 1292 829 1347 de
880 1296 1016 1349 meis
1059 1294 1281 1349 canticis
1324 1294 1641 1349 saltantibus
1690 1293 1987 1362 praedicari.
2042 1292 2139 1349 Cui

554 1385 831 1453 respondit
873 1402 886 1439 :
930 1384 1144 1441 Grande
1187 1396 1270 1441 est
1316 1387 1360 1441 si
1409 1396 1460 1442 te
1514 1386 1747 1442 delectat
1796 1386 2140 1455 conjunctam

555 1476 801 1547 religioni
823 1477 1008 1534 audire
1030 1479 1249 1535 odorem
1276 1479 1480 1534 saeculi.
1505 1480 1693 1536 Adhuc
1723 1494 1876 1535 soror
1905 1495 2139 1549 pronun-

553 1566 878 1635 tiat:Vere,
928 1568 1172 1635 Domina,
1223 1572 1354 1625 duas
1402 1581 1457 1627 et
1504 1582 1611 1627 tres
1652 1572 1738 1626 hic
1783 1571 1943 1627 modo
1992 1587 2139 1627 meas

554 1660 793 1715 canticas
821 1662 1003 1716 audivi
1034 1676 1167 1732 quas
1201 1666 1367 1719 tenui.
1401 1663 1598 1719 Sancta
1629 1663 1902 1734 respondit
1935 1681 1947 1717 :
1979 1664 2140 1719 Teste

458 1813 465 1827 ε
553 1750 663 1805 Deo
700 1749 791 1823 [Id
830 1762 924 1817 est,
969 1761 1136 1807 testor
1176 1752 1391 1824 Deum],
1427 1770 1511 1809 me
1552 1755 1685 1809 nihil
1721 1756 1935 1810 audisse
1980 1756 2141 1810 modo

1474 351 1743 408 SANCTA
1780 348 2220 409 RADEGUNDIS
2254 394 2269 420 ,
2314 353 2564 409 llEGlNA
2607 351 2954 411 FRANCUE.

3716 346 3825 403 668

2314 468 2401 523 58.
2442 470 2903 525 Couttnemoretur
2956 475 3011 523 et
3066 464 3197 521 illud
3247 463 3429 519 nobile
3481 461 3683 517 factum
3727 474 3827 529 per

2238 564 2525 619 somnium.
2576 563 2854 618 Tribunus
2904 561 3039 628 fisci,
3082 567 3439 629 cognomento
3471 554 3823 619 Domoleuns,

2238 657 2325 712 die
2351 674 2451 728 qua
2476 658 2811 712 sanctissima
2836 657 3083 726 migravit
3106 654 3174 709 de
3195 654 3410 717 saeculo,
3444 650 3569 706 dum
3589 650 3831 720 graviter

2238 746 2602 801 suffocationis
2632 746 2887 816 languore
2915 754 3058 798 totus
3087 742 3361 805 deficeret,
3394 740 3678 796 videbatur
3714 740 3833 809 ipse

2240 837 2383 907 quod
2413 846 2597 892 sancta
2640 837 2694 891 in
2724 837 2901 891 vicum
2946 836 3063 905 ejus
3107 835 3447 905 dignabiliter
3481 833 3830 889 accessisset.

2239 929 2437 997 Currit,
2452 930 2669 995 salutat,
2698 928 2988 997 interrogat
3008 926 3132 995 quid
3159 926 3313 979 beata
3339 923 3834 993 requireret-'l‘unc

2242 1020 2354 1091 ipsa
2385 1020 2512 1075 dicit
2540 1019 2679 1086 quod
2710 1018 2774 1073 ad
2805 1032 2926 1073 eum
2959 1017 3068 1071 illic
3099 1014 3386 1071 videndum
3418 1013 3745 1084 pervenerit.
3768 1012 3836 1067 Et

2240 1113 2363 1183 quia
2403 1119 2583 1165 votum
2624 1108 2795 1181 plebis
2837 1117 2956 1164 erat
2993 1118 3052 1163 ut
3090 1107 3232 1163 beati
3284 1106 3490 1160 Martini
3533 1104 3833 1171 oratorium

2249 1202 2577 1267 conderent;
2624 1199 2981 1271 apprehendit
3022 1199 3220 1253 tribuni
3266 1212 3477 1252 manum
3517 1197 3833 1251 beatissima

2242 1295 2429 1350 dicens
2449 1314 2460 1347 :
2481 1294 2594 1349 Hoc
2616 1294 2735 1349 loco
2754 1295 2863 1348 sint
2877 1292 3199 1348 confessoris
3215 1289 3533 1346 venerandae
3552 1291 3831 1358 reliquiae;

2242 1401 2338 1457 per
2381 1385 2482 1441 hoc
2516 1385 2778 1440 :edilicate
2808 1383 3060 1452 templum
3103 1382 3244 1451 quod
3276 1382 3379 1435 sibi
3410 1382 3555 1435 dicat
3582 1381 3834 1451 dignissi-

2243 1496 2409 1535 mum.
2442 1478 2610 1547 Quale
2650 1478 2743 1533 Dei
2783 1476 3127 1549 mysterium!
3162 1475 3570 1529 fundamentum
3598 1484 3657 1529 et
3680 1473 3830 1543 pavi-

2246 1581 2485 1628 mentum
2512 1580 2783 1640 repertum
2810 1578 2911 1634 est,
2947 1583 3051 1639 quo
3080 1567 3299 1621 basilica
3329 1565 3464 1619 facta
3491 1578 3599 1621 est.
3642 1566 3833 1621 Adhuc

2244 1666 2297 1721 in
2338 1667 2459 1736 ipso
2498 1680 2693 1735 50pore
2746 1678 2960 1719 manum
3013 1661 3178 1716 trahit
3226 1675 3320 1730 per
3360 1660 3539 1716 fauces
3590 1659 3730 1730 ejus,
3780 1670 3834 1715 et

2243 1758 2421 1829 gulam
2451 1756 2540 1812 diu
2568 1756 2849 1820 deliniens,
2897 1754 3114 1823 insuper
3144 1760 3198 1807 et
3223 1751 3325 1805 hoc
3350 1751 3538 1806 dicens
3569 1767 3583 1803 :
3615 1750 3748 1806 Veni
3775 1761 3834 1807 ut

553 1846 796 1900 saeculari
838 1846 903 1899 de
944 1847 1177 1900 cantico.
1203 1844 1356 1901 Unde
1382 1846 1723 1901 manifestum
1754 1857 1856 1911 est,
1891 1856 1947 1901 ut
1972 1862 2134 1903 carne
2162 1857 2212 1917 Β
2240 1851 2331 1906 tibi
2372 1850 2563 1905 melior
2601 1864 2632 1902 a
2675 1848 2787 1904 Deo
2835 1849 3037 1903 sanitas
3077 1846 3402 1901 conferatur.
3451 1842 3520 1898 Et
3550 1843 3833 1899 videbatur

555 1937 678 1992 licet
702 1939 754 1991 in
786 1938 1005 2003 saeculo,
1040 1948 1219 1994 mente
1251 1948 1427 1993 tamen
1458 1947 1600 1993 esset
1625 1938 1678 1991 in
1706 1940 1859 1992 ctelo.

624 2030 712 2084 57.
755 2030 1079 2087 erdicetur
1104 2032 1156 2086 in
1188 2032 1345 2087 laude
1386 2030 1604 2097 Christi,
1637 2045 1789 2087 more
1819 2032 1961 2087 beati
1989 2031 2130 2086 Mar-

551 2122 669 2189 tini,
695 2132 934 2193 tempore
963 2126 1233 2194 praesenti,
1260 2125 1465 2194 antiqui
1491 2139 1678 2179 norma
1710 2124 1973 2179 miraculi.
2000 2124 2131 2178 Cum

550 2212 862 2270 beatissima
905 2215 1099 2272 femina
1153 2218 1360 2273 reclusa
1399 2224 1542 2273 esset
1582 2216 1636 2270 in
1672 2216 1885 2282 cellula,
1932 2217 2135 2273 audivit

548 2304 733 2362 ﬂetum
764 2306 832 2362 de
862 2309 1145 2376 monacha,
1192 2318 1247 2363 et
1293 2309 1432 2377 signi
1475 2316 1621 2362 tactu
1662 2309 1961 2363 venientem
2006 2307 2134 2378 quid

549 2401 681 2456 illud
710 2412 853 2457 esset
884 2404 1195 2471 interrogat.
1240 2402 1368 2469 Quae
1412 2412 1674 2459 mortuam
1720 2418 1960 2458 sororem
2001 2419 2134 2457 nun-

549 2491 705 2546 tiavit
726 2492 1061 2559 infantulam,
1086 2502 1141 2549 et
1168 2494 1411 2563 frigidam
1430 2509 1530 2563 qua
1554 2494 1844 2558 lavaretur,
1873 2504 2128 2564 paratam,

548 2598 670 2639 esse
696 2584 804 2653 jam
835 2586 1085 2641 calidam.
1114 2576 1415 2641 Condolens
1446 2595 1630 2640 sancta
1662 2594 1787 2641 tunc
1815 2587 2038 2655 imperat
2076 2596 2135 2642 ut

552 2676 782 2731 cadaver
812 2678 977 2747 ipsius
1006 2693 1156 2733 suam
1185 2677 1418 2733 deferret
1459 2680 1510 2732 in
1548 2678 1817 2733 cellulam.
1864 2678 1981 2745 Quo
2028 2679 2134 2734 sibi

557 2766 859 2836 deportato,
899 2760 1109 2838 excepit
1154 2784 1315 2823 manu
1358 2770 1588 2839 propria,
1632 2770 1867 2825 reclausa
1914 2778 2036 2841 post
2072 2782 2132 2826 se

551 2872 673 2911 mox
695 2860 884 2928 jauua,
924 2859 1119 2930 juhens
1147 2862 1302 2930 longe
1341 2861 1639 2929 discedere,
1668 2878 1737 2918 ne
1762 2863 1879 2933 quis
1910 2862 2135 2918 sentiret

548 2950 677 3018 quid
717 2960 901 3021 ageret
934 2970 945 3005 :
978 2953 1071 3008 sed
1100 2953 1239 3022 quod
1271 2953 1474 3008 occulte
1503 2956 1685 3023 gessit,
1720 2956 1882 3009 celari
1904 2954 1993 3009 diu
2026 2968 2130 3009 non

552 3042 742 3109 potuit.
770 3042 911 3098 inter
938 3043 1052 3099 haec
1083 3046 1206 3099 dum
1238 3044 1501 3100 defunctae
1532 3048 1798 3116 exsequiae
1828 3062 2135 3117 praeparan-

548 3141 654 3197 tur,
692 3132 803 3187 fere
834 3149 929 3203 per
950 3134 1112 3189 horas
1137 3146 1343 3205 septem
1373 3146 1597 3191 mortua:
1628 3146 1819 3193 tractat
1842 3153 2131 3208 corpuscu-

2238 1947 2316 2001 sic
2346 1959 2533 2014 rogare
2576 1962 2588 1997 :
2634 1944 2733 1998 Per
2774 1956 2949 1998 meam
2980 1942 3143 1995 vitam
3174 1950 3231 1994 ut
3262 1947 3477 2009 propter
3504 1952 3596 1993 me
3622 1937 3833 1994 relaxes

2237 2036 2358 2091 illos
2417 2050 2550 2105 quos
2602 2034 2764 2088 habes
2822 2035 2875 2089 in
2932 2048 3170 2088 carcere.
3231 2014 3495 2100 Evigilans
3556 2028 3832 2085 Tribunus

2242 2130 2408 2186 refert
2433 2129 2575 2200 quod
2599 2128 2804 2182 viderat
2832 2128 3041 2198 conjugi
3067 2127 3251 2181 dicens
3284 2144 3296 2179 :
3328 2126 3466 2182 Vere
3494 2126 3666 2181 credo
3692 2125 3831 2193 quod

2240 2222 2338 2277 hac
2370 2223 2497 2277 hora‘
2528 2220 2658 2275 exiit
2687 2228 2871 2274 sancta
2899 2219 2966 2274 de
2994 2220 3209 2273 saeculo.
3242 2218 3427 2289 Dirigit
3455 2220 3522 2273 ad
3555 2217 3830 2273 civitatem

2237 2324 2295 2370 ut
2341 2331 2433 2385 per
2478 2314 2579 2369 hoc
2609 2328 2730 2368 vera
2758 2320 3108 2383 cognosceret
3140 2328 3152 2363 :
3187 2311 3495 2365 transmittit
3540 2310 3609 2365 ad
3648 2326 3808 2364 carce

2238 2423 2370 2473 rem,
2399 2406 2486 2476 qui
2516 2415 2719 2475 septem
2753 2418 2872 2460 reos
2904 2403 2974 2458 ibi
2999 2403 3244 2458 detentos
3274 2402 3600 2468 admonitus,
3628 2403 3830 2456 relaxa-

2235 2505 2350 2562 ret;
2402 2495 2661 2551 redeunte
2706 2494 3018 2549 transmisso
3070 2491 3234 2546 refert
3276 2506 3336 2546 ea
3388 2490 3515 2546 hora
3571 2490 3830 2561 migrasse

2230 2588 2429 2660 justam
2469 2588 2536 2643 de
2576 2587 2798 2651 saeculo;
2842 2594 2897 2641 et
2936 2584 3129 2654 triplici
3174 2583 3429 2655 mysterio
3474 2598 3697 2640 carcere
3743 2601 3830 2640 re-

2237 2679 2450 2743 laxato,
2512 2676 2727 2732 tribuno
2775 2690 2907 2732 sano
2954 2674 3205 2743 reddito,
3259 2662 3527 2730 aedificato
3585 2676 3829 2745 templo,

2240 2780 2439 2829 sanctas
2480 2771 2727 2841 probavit
2754 2770 3048 2825 oraculum.

2312 2864 2401 2919 39.
2446 2864 2552 2920 Sed
2594 2863 2661 2919 de
2690 2864 2860 2918 beatae
2885 2862 3169 2917 virtutibus
3192 2859 3420 2916 sufficiat
3444 2860 3732 2931 exiguitas,
3763 2877 3827 2916 ne

2241 2954 2547 3009 fastidiatur
2580 2953 2827 3018 ubertas;
2862 2967 2960 3007 nec
2988 2961 3262 3021 reputetur
3303 2951 3710 3017 brevissimum,
3738 2952 3827 3010 ubi

2240 3049 2311 3105 de
2358 3050 2544 3118 paucis
2583 3048 2892 3118 agnoscitur
2944 3045 2998 3099 in
3040 3044 3309 3100 miraculis
3347 3044 3668 3114 amplitudo.
3717 3044 3824 3114 Qua

2236 3143 2459 3212 pietate,
2493 3139 2773 3210 parcitate,
2812 3136 3117 3206 dilectione,
3148 3134 3454 3202 dulcedine,
3505 3134 3824 3203 humilitate,

548 3218 677 3276 lum.
728 3223 832 3278 Sed
879 3224 1092 3279 Christo
1137 3226 1350 3281 vidente
1397 3220 1579 3291 fidem,
1638 3228 1723 3281 cui
1772 3243 1965 3299 negare
2020 3244 2125 3284 non
2157 3242 2202 3305 ο
2234 3234 2531 3299 honestate,
2573 3233 2698 3299 fide,
2732 3232 2944 3287 fervore
2979 3231 3055 3285 sic
3081 3230 3292 3298 vixerit,
3326 3240 3381 3284 ut
3410 3239 3463 3284 et
3503 3230 3674 3298 ipsam
3709 3238 3821 3299 post

550 3316 742 3382 potuit,
768 3316 969 3370 reddita
990 3333 1210 3386 prorsus
1231 3319 1418 3385 salute,
1447 3321 1617 3389 surgit
1634 3319 1750 3375 htrc
1771 3322 1837 3374 ab
1858 3322 2125 3390 oratione,

547 3410 774 3476 resurgit
818 3408 908 3462 illa
951 3409 1019 3465 de
1061 3410 1248 3466 funere
1280 3427 1293 3463 :
1326 3420 1382 3467 et
1420 3426 1478 3467 se
1507 3422 1630 3467 tunc
1658 3414 1901 3468 subleVat
1926 3414 2125 3480 vetula,

546 3514 667 3554 cum
698 3499 983 3556 revixisset
1012 3502 1292 3558 infantula.
1332 3502 1502 3571 Quam
1537 3516 1682 3559 tactu
1718 3506 1911 3560 iterum
1962 3506 2123 3576 signi,

547 3593 813 3648 lartificata
866 3594 1039 3650 reddit
1073 3597 1247 3651 vivam
1293 3612 1450 3668 quam
1492 3598 1626 3654 flens
1666 3608 1947 3668 acceperat
1986 3614 2128 3655 mor-

546 3692 706 3740 tuam.

620 3800 701 3872 (a)
732 3799 1044 3867 Cboraules,
1070 3802 1436 3871 symphoniaci
1455 3844 1469 3869 ,
1499 3812 1555 3858 et
1581 3804 1625 3859 si
1659 3804 1878 3860 Vossius
1909 3804 1976 3860 de
2024 3803 2119 3859 Vi-

548 3871 635 3923 tiis
664 3886 851 3946 serm.,
884 3873 1021 3946 hanc
1047 3887 1231 3946 vocem
1262 3889 1363 3928 non
1417 3889 1512 3942 pro
1554 3876 1973 3946 symphoniacis,
2024 3875 2119 3931 sed

548 3954 644 4007 pro
674 3940 738 3993 iis
765 3941 854 4008 qui
884 3940 1065 3995 tibiam
1094 3942 1285 3997 inflant
1308 3959 1370 3999 ac
1396 3940 1562 4001 choro
1586 3940 1830 4015 praeeunt
1876 3940 2121 4015 usurpari

2237 3325 2443 3380 obitum
2496 3324 2714 3391 gloriosi
2764 3324 3039 3388 transitus,
3093 3320 3352 3376 mirabilia
3409 3331 3823 3390 prosequantur,

2236 3416 2483 3471 humanae
2506 3414 2825 3485 eloquentia!
2853 3416 3041 3469 modus
3081 3412 3394 3469 admirando
3418 3412 3681 3467 attonitus
3703 3413 3822 3466 viri-

2233 3507 2335 3564 bus
2370 3508 2639 3577 explicare
2684 3506 2903 3562 minime
2936 3506 3096 3561 valet.
3135 3504 3214 3561 Sit
3261 3513 3437 3559 tamen
3480 3503 3689 3571 illi-qui
3734 3503 3820 3558 ἀει

2239 3602 2341 3669 dit,
2365 3601 2556 3671 gloria,
2582 3601 2699 3658 laus
2734 3610 2789 3658 et
2829 3600 3111 3671 imperium
3156 3598 3209 3655 in
3247 3597 3441 3653 saecula
3481 3597 3820 3653 saeculorum.

2231 3696 2427 3749 Anien.

2228 3810 2421 3879 probat
2468 3808 2571 3866 hoc
2616 3807 2903 3877 proverbio
2953 3823 2970 3862 :

2235 3881 2671 3951 symphoniacus.

3022 3805 3186 3862 Malus
3250 3803 3537 3860 choraules
3563 3844 3579 3872 ,
3644 3803 3813 3861 bonus

562 4062 3807 4089 WW-

1464 4160 1940 4266 LIBER
2038 4160 2895 4271 SECUNDUS.

1491 4340 1779 4382 AUCTOBE
1834 4342 2221 4386 BAUDONIVIA
2264 4340 2526 4385 MONIALI
2570 4341 2841 4393 EQUALI.

587 4459 685 4522 Ad
708 4479 853 4522 mss.
887 4461 1038 4525 Cod.
1074 4460 1296 4522 Sancti
1330 4460 1623 4523 Germani
1655 4462 1980 4527 Pratensis
2010 4471 2067 4525 et
2098 4465 2325 4526 Sancti
2348 4463 2715 4525 Theoderici
2756 4462 3109 4527 Rhemensis
3148 4474 3208 4526 et
3251 4466 3332 4526 Β.
3363 4465 3769 4534 d’Herosnal.

1057 4679 1621 4753 PROLOGUS
1700 4685 1848 4754 AD
1922 4682 2482 4757 DEDIMIAM
2558 4682 3314 4757 ABBATISSAM.

615 4804 667 4857 l.
707 4805 1036 4863 Dominabus
1074 4810 1273 4864 sanctis
1318 4811 1632 4864 meritorum
1678 4812 1843 4880 gratia
1885 4812 2154 4867 decoratis
2196 4813 2450 4869 Dedimise
2493 4813 2800 4881 abbatissae,
2843 4814 2929 4869 vel
2958 4814 3104 4871 omni
3130 4814 3537 4887 congregationi
3564 4816 3809 4887 gloriosa

543 4897 775 4953 dominae
803 4899 1144 4969 Radegundis
1171 4902 1491 4956 Baudonivia
1523 4903 1657 4977 [Al.,
1686 4904 2035 4969 Bandonivia,
2069 4904 2412 4978 Bandomiua]
2445 4905 2667 4961 humilis
2693 4908 2953 4962 omnium.

614 4986 892 5055 lujungitis
919 4989 1048 5043 mihi
1079 5004 1212 5058 opus
1240 5005 1397 5060 agere
1420 5006 1522 5045 non
1548 4994 1721 5047 minus
1752 4994 2105 5063 impossibile,
2133 5009 2291 5063 quam
2324 4997 2391 5049 sit
2412 4996 2579 5066 digito
2600 4997 2797 5053 caelum
2822 5006 3062 5066 tangere,
3092 4998 3295 5054 scilicet
3315 5006 3375 5053 ut
3393 4998 3460 5053 de
3480 5000 3587 5053 vita
3610 5010 3803 5056 sancite

539 5082 775 5137 dominae
812 5081 1170 5153 Radegundis,
1218 5100 1374 5155 quam
1423 5089 1623 5155 Optime
1669 5090 1853 5157 nostis,
1896 5090 2095 5161 aliquid
2137 5092 2315 5146 dicere
2363 5109 2767 5161 praesumamus.
2804 5094 2913 5150 Sed
2949 5096 3091 5151 istud
3129 5095 3236 5151 illis
3274 5096 3433 5151 debet
3460 5096 3684 5170 injuugi,
3715 5100 3800 5170 qui

539 5176 799 5231 habentes
829 5175 967 5230 intra
991 5190 1051 5231 se
1082 5176 1282 5231 fontem
1306 5180 1645 5251 eloquentiae,
1688 5181 1813 5236 inde
1839 5184 1857 5205 '
1888 5181 2145 5252 quidquid
2175 5182 2280 5237 illis
2310 5184 2621 5253 injungitur,
2654 5185 2891 5241 carmine
2930 5186 3130 5258 irriguo
3167 5185 3435 5257 c0piosius
3473 5186 3799 5257 explicatur.

536 5268 734 5323 Verum
774 5278 995 5325 econtra
1030 5271 1336 5342 quicunque
1365 5284 1604 5343 angustae
1649 5274 2021 5343 intelligentia:
2056 5284 2199 5339 sunt,
2231 5290 2330 5329 nec
2368 5274 2564 5331 habent
2599 5276 2926 5332 afﬂuentiam
2968 5279 3188 5349 eloquii,
3232 5293 3327 5349 per
3362 5294 3521 5349 quam
3550 5280 3637 5336 vel
3679 5281 3804 5338 alios

537 5360 757 5417 reficere
784 5363 870 5418 vel
885 5377 999 5417 suae
1010 5364 1269 5419 siccitatis
1284 5365 1489 5434 possint
1516 5365 1746 5433 inopiam
1764 5375 2083 5434 temperare,
2111 5365 2242 5421 tales
2257 5381 2361 5421 non
2377 5366 2549 5421 solum
2576 5380 2671 5435 per
2694 5382 2753 5423 se
2773 5367 2971 5437 aliquid
2987 5368 3169 5426 dicere
3180 5384 3286 5425 non
3316 5378 3595 5439 appetunt,
3624 5385 3802 5426 verum

537 5452 716 5518 etiam,
738 5456 781 5509 si
814 5456 938 5526 quid
969 5458 1045 5513 eis
1076 5458 1371 5528 injunctum
1404 5456 1583 5522 fuerit,
1620 5455 2025 5525 pertimescunt.
2053 5457 2206 5524 Quod
2236 5458 2288 5512 in
2321 5472 2407 5512 me
2430 5470 2530 5525 ego
2554 5460 3015 5528 recognoscofqua:
3041 5472 3157 5514 sum
3184 5459 3560 5529 pusillanimis,
3580 5476 3800 5532 parvum

538 5540 740 5598 habens
768 5547 1140 5618 intelligentiae
1170 5550 1467 5619 eloquium,
1503 5551 1752 5619 quoniam
1782 5556 2039 5618 quantum
2072 5548 2243 5603 doctis
2274 5549 2535 5619 proloqui,
2570 5559 2772 5606 tantum
2801 5553 3028 5609 indoctis
3058 5556 3187 5609 utile
3226 5556 3283 5610 fit
3320 5564 3520 5614 tacere.
3564 5557 3697 5614 Nam
3727 5557 3798 5614 illi

538 5634 601 5687 de
630 5638 813 5705 parvis
843 5638 1024 5693 sciunt
1055 5655 1243 5710 magna
1273 5642 1571 5706 disserere,
1594 5641 1682 5697 isti
1712 5641 1778 5696 de
1806 5656 1993 5712 magna
2016 5643 2259 5699 nesciunt
2287 5657 2449 5713 parva
2479 5644 2717 5713 proferre
2750 5667 2763 5701 :
2794 5657 2844 5703 et
2870 5647 2989 5705 ideo
3017 5650 3159 5720 quod
3188 5651 3254 5706 ab
3284 5651 3403 5707 aliis
3425 5654 3705 5727 quaeritur,
3733 5652 3797 5711 ab

534 5727 653 5781 aliis
681 5729 1011 5785 formidatur.

600 5868 615 5884 '
654 5867 801 5915 Forte
824 5867 1102 5926 legendum,
1130 5870 1207 5928 qui
1233 5868 1460 5919 habent...
1482 5870 1654 5933 {mitem
1680 5869 1964 5933 eloquentia:
1986 5872 2132 5921 unde.
2153 5871 2272 5921 Eon
