4076 6348
277 329 387 384 685
1485 336 1658 391 VITA.
1702 339 1902 395 LIBER
1944 341 2326 402 SECUNDUS.
3426 353 3536 416 666

351 444 403 497 2.
448 443 581 500 Cum
611 441 709 500 sim
739 446 897 517 igitur
939 448 1153 503 minima
1184 451 1419 504 omnium
1451 451 1790 506 minimarum
1812 496 1825 519 ,
1861 467 2018 522 quam
2051 459 2118 508 ab
2163 458 2290 525 ipsis
2329 457 2607 513 cunabulis
2658 466 2781 515 ante
2827 472 2922 515 sua
2951 460 3172 532 vestigia
3203 467 3532 532 peculiarem

275 536 558 633 vernn-lam
588 535 927 596 familiariter
957 542 1225 605 enutrivit,
1262 552 1316 597 ut
1347 543 1524 598 ofﬁcio
1549 546 1776 614 impensi
1809 550 2045 603 muneris
2071 551 2138 604 de
2165 550 2280 620 ejus
2306 552 2450 606 claro
2471 568 2652 622 Opere,
2702 557 2801 610 etsi
2834 571 2940 612 non
2965 559 3146 627 plene,
3177 561 3260 616 vel
3289 577 3356 618 ex
3381 571 3538 633 parte

277 627 561 722 complexa
596 632 1032 700 perstringerem;
1067 643 1329 704 quatenus
1355 636 1481 690 dum
1511 637 1593 692 sui
1625 640 1799 708 gregis
1829 642 2049 696 auribus
2079 642 2195 712 ejus
2225 645 2471 714 gloriosae
2497 648 2621 702 vita:
2651 652 2916 716 praeconia
2949 653 3270 722 pandentur,
3295 627 3398 712 etsi
3429 675 3536 714 non

273 719 456 818 digno,
489 721 681 776 devoto
711 731 884 776 tamen
932 725 1162 794 eloquio,
1196 727 1586 797 benignissima;
1644 739 1834 785 vestrae
1872 731 2134 786 voluntati
2163 734 2420 789 obediens
2452 751 2642 804 pareo;
2675 749 2852 794 vestra
2887 719 2974 797 me
3012 719 3265 802 oratione
3297 758 3421 816 peto
3445 751 3537 818 ju-

274 813 424 879 vari,
454 830 573 884 qua;
599 831 716 870 sum
751 817 923 871 minns
950 818 1105 872 doma
1128 859 1142 879 ,
1178 819 1296 888 plus
1328 823 1542 875 devota.
1575 821 1690 875 Non
1739 838 1800 877 ea
1851 839 1970 894 quae
2005 824 2084 878 vir
2115 826 2440 894 apostolicus
2468 828 2791 884 Fortunatus
2838 831 3117 904 episcopus
3150 837 3230 906 (α)
3259 813 3328 894 de
3371 813 3539 894 beata:

274 906 381 960 vita
411 909 710 976 composuit
741 909 1016 974 iteramus,
1047 909 1142 966 sed
1174 924 1234 964 ea
1267 927 1385 980 qua:
1418 913 1723 982 prolixitate
1769 916 1850 969 sui
1882 917 2246 986 praetermisit,
2278 919 2418 972 sicut
2444 919 2558 988 ipse
2585 921 2638 975 in
2678 921 2816 976 libro
2846 939 2943 978 suo
2968 926 3221 982 disseruit
3246 944 3366 984 cutn
3395 933 3539 987 dice-

272 1006 359 1092 ret
389 999 456 1053 de
487 1000 660 1092 Beata:
689 1003 970 1058 virtutibus
997 1006 1070 1076 (in
1089 1008 1212 1074 ﬁne)
1240 1025 1253 1062 :
1281 1027 1296 1058 ‹
1320 1008 1560 1062 Sufﬁciat
1586 1007 1869 1077 exiguitas,
1899 1024 1966 1063 ne
1995 1009 2298 1064 fastidiatur
2330 1011 2563 1078 ubertas,
2594 1030 2691 1069 nec
2718 1029 2996 1086 reputetur
3025 1022 3414 1092 brevissimum,
3447 1027 3537 1082 ubi

273 1087 344 1141 de
376 1091 556 1156 paucis
584 1093 888 1161 agnoscitur
915 1097 1232 1165 amplitudo.
1277 1117 1296 1149 ι
1328 1099 1470 1167 Ergo
1501 1098 1797 1167 inspirante
1822 1099 2007 1153 divina
2039 1102 2295 1168 potentia,
2329 1104 2416 1156 cui
2446 1102 2599 1159 beata
2631 1105 2967 1178 Radegundis
3014 1113 3224 1182 placere
3256 1087 3457 1173 studuit
3484 1119 3536 1174 in

273 1184 473 1238 saeculo
501 1194 555 1239 et
581 1201 700 1240 cum
730 1202 833 1257 quo
861 1201 1046 1256 regnat
1078 1201 1193 1257 post
1211 1191 1492 1254 saeculum,
1526 1205 1628 1243 non
1663 1191 1854 1258 polito,
1889 1192 1986 1246 sed
2019 1192 2220 1246 rustico
2250 1203 2516 1249 tentamus
2545 1197 2612 1250 de
2642 1197 2727 1253 his
2755 1215 2872 1268 qua:
2903 1205 3066 1271 gessit
3093 1220 3341 1265 sermone
3368 1224 3534 1280 appe-

275 1286 392 1334 tere
419 1287 470 1333 ct
499 1280 566 1335 de
595 1283 778 1337 multis
799 1283 916 1351 ejus
944 1285 1217 1338 miraculis
1249 1298 1414 1351 pauca
1445 1285 1748 1354 complecti.

1129 1418 2164 1517 LIBER‘ISECUNDUS
2220 1432 2696 1518 INCIPIT.

347 1592 399 1645 l.
441 1591 600 1660 igitur
621 1591 687 1646 de
713 1592 881 1646 beatze
909 1591 1249 1663 Radegundis
1281 1606 1386 1650 vtta
1413 1599 1466 1651 in
1502 1597 1675 1666 primo
1706 1597 1927 1656 libro’A
1952 1601 2091 1647 rent.
2142 1593 2259 1660 Quo
2305 1604 2519 1662 peracto
2567 1596 2816 1649 virtutem
2865 1603 2920 1650 et
2964 1597 3314 1652 constantiam
3363 1599 3535 1658 beata

274 1684 411 1738 sicut
437 1684 743 1738 continetur
768 1685 886 1754 ejus
919 1685 1111 1752 regalis
1144 1688 1294 1757 origo
1324 1689 1405 1742 vel
1433 1689 1684 1758 dignitas,
1715 1689 1849 1742 nulli

283 1774 508 1828 habetur
544 1775 894 1844 incognitum,
923 1777 1094 1845 qualis
1118 1778 1212 1832 fuit
1244 1779 1359 1847 ejus
1389 1781 1527 1834 actio
1573 1781 1698 1834 dum
1730 1796 1849 1835 cum

279 1875 494 1920 terreno
542 1866 782 1936 principe
827 1868 1053 1938 conjuge
1085 1885 1206 1939 rege
1255 1871 1512 1938 praecelsa
1541 1871 1852 1927 Chlothario

281 1967 710 2012 conversaretur.
767 1959 842 2012 De
893 1960 1056 2027 regali
1112 1961 1363 2029 progenie
1411 1962 1586 2016 nobile
1631 1977 1849 2031 germen

283 2051 481 2120 erupit,
514 2060 567 2105 et
615 2051 750 2118 quod
782 2051 1006 2118 sumpsit
1035 2066 1098 2105 ex
1142 2066 1334 2122 genere
1355 2094 1371 2121 ,
1401 2052 1521 2122 plus
1551 2054 1757 2106 ornavit
1784 2068 1850 2108 ex

277 2145 401 2200 fide.
435 2144 724 2213 Conjuncta
759 2153 975 2198 terreno
1007 2145 1230 2212 principi
1285 2144 1479 2199 nobilis
1506 2145 1706 2214 regina,
1742 2158 1849 2197 cae-

271 2235 419 2290 lestis
451 2235 546 2289 fuit
577 2235 850 2304 plusquam
885 2243 1116 2299 terrena,
1164 2235 1256 2288 sed
1291 2237 1341 2288 itt
1367 2238 1483 2304 ipso
1515 2235 1849 2303 conjunctio-

270 2328 357 2382 nis
399 2328 544 2382 brevi
575 2337 812 2395 tempore
856 2326 924 2379 ita
974 2342 1031 2380 se
1061 2326 1161 2380 sub
1204 2327 1447 2397 conjugis
1477 2328 1656 2395 specie
1687 2336 1848 2397 nupta

270 2420 515 2474 tractavit
542 2460 557 2485 ,
587 2428 642 2474 ut
663 2420 872 2473 Christo
896 2418 1011 2487 plus
1040 2419 1231 2473 devota
1257 2420 1507 2485 serviret,
1531 2428 1584 2473 et
1609 2419 1708 2473 hoc
1729 2434 1852 2488 age-

270 2522 354 2567 ret
387 2512 437 2565 in
487 2512 661 2566 laicali
692 2513 962 2582 proposito
989 2511 1028 2582 ,j
1053 2513 1194 2581 quod
1225 2513 1337 2581 ipsa
1368 2512 1696 2566 desideraret
1727 2513 1849 2566 inti-

273 2603 371 2655 tari
408 2603 594 2672 religio
623 2603 734 2672 (b);
765 2603 872 2670 jam
905 2603 1228 2657 antecedens
1259 2605 1437 2657 animo
1477 2603 1666 2657 futura:
1716 2619 1849 2658 con-

279 2693 598 2748 versationis
626 2693 930 2758 adventum,
964 2692 1088 2746 dum
1120 2693 1362 2747 szeculari
1392 2693 1491 2747 sub
1521 2693 1703 2747 habitu
1727 2693 1850 2747 reli-

278 2786 452 2856 gionis
484 2787 809 2842 formabatur
840 2787 1163 2856 exemplum.
1195 2787 1250 2840 ln
1292 2787 1438 2840 nullo
1480 2786 1638 2856 hujus
1665 2786 1849 2840 mundi

273 2884 536 2953 compede
565 2892 831 2949 catenata,
860 2883 913 2936 in
942 2896 1214 2937 servorum
1244 2881 1334 2935 Dei
1357 2881 1613 2949 obsequio
1641 2881 1850 2936 succin-

1961 1683 2160 1752 reginae
2191 1698 2377 1739 omnes
2403 1685 2732 1740 admirantes
2761 1686 3044 1741 Dominum
3072 1688 3474 1747 benedixerunt.

2127 1777 2409 1846 Postquam
2437 1790 2690 1847 operante
2714 1779 2890 1832 divina
2921 1781 3158 1848 potentia
3197 1797 3224 1835 a
3263 1799 3387 1853 rege
3415 1795 3525 1840 ter-

1957 1883 2088 1922 reno
2111 1867 2374 1934 discessit,
2405 1871 2543 1939 quod
2581 1884 2673 1924 sua
2704 1879 2824 1925 vota
2857 1875 3174 1939 poscebant,
3223 1873 3345 1928 dum
3379 1877 3532 1933 Sua:-

1957 1959 2056 2013 das
2085 1959 2247 2032 [Sats,
2283 1976 2438 2030 supra
2467 1977 2612 2016 num.
2649 1963 2738 2035 15]
2763 1964 2815 2018 in
2840 1965 2957 2018 villa
2986 1980 3143 2035 quem
3175 1966 3223 2021 ei
3254 1982 3345 2022 rex
3376 1968 3534 2027 dede-

1957 2061 2059 2115 rat,
2090 2051 2373 2117 resideret,
2403 2052 2452 2105 in
2489 2054 2662 2122 primo
2691 2069 2832 2110 anno
2854 2057 3219 2112 conversionis
3244 2072 3376 2127 suae,
3401 2059 3536 2116 vidit

1957 2143 2008 2197 in
2043 2143 2160 2196 visu
2204 2157 2353 2197 avem
2385 2145 2517 2216 [Al.,
2550 2143 2763 2216 navem]
2795 2148 2844 2200 in
2876 2148 3107 2203 hominis
3135 2151 3335 2219 specie,
3379 2161 3432 2206 et
3483 2153 3536 2209 in

1957 2236 2080 2290 totis
2112 2236 2368 2290 membris
2395 2237 2508 2306 ejus
2531 2239 2782 2294 sedentes
2809 2241 3077 2310 homines,
3109 2257 3166 2298 se
3194 2259 3321 2298 vero
3343 2245 3398 2299 in
3420 2246 3535 2315 ejus

1961 2343 2099 2396 genu
2145 2329 2442 2384 sedentem.
2474 2331 2574 2398 Qui
2615 2331 2756 2386 dixit
2787 2333 2834 2389 ei
2863 2352 2874 2385 :
2903 2333 3057 2390 Modo
3090 2336 3139 2390 in
3171 2353 3305 2405 genu
3337 2339 3493 2393 sedes
3516 2381 3532 2408 ,

1956 2426 2130 2479 adhuc
2177 2426 2229 2479 in
2282 2436 2466 2495 pectus
2516 2443 2693 2483 meum
2744 2430 3041 2484 sessionem
3115 2431 3352 2487 habebis.
3402 2432 3534 2487 llinc

1955 2516 2338 2573 ostendebatur
2364 2520 2410 2573 ei
2440 2519 2632 2590 gratia,
2660 2535 2759 2588 qua
2787 2521 3006 2576 fruitura
3031 2531 3164 2577 erat.
3191 2525 3341 2579 Hunc
3362 2526 3533 2582 visum

1955 2623 2074 2663 cmn
2103 2611 2489 2665 contestatione
2515 2612 2772 2665 secretius
2802 2616 2913 2667 suis
2955 2614 3198 2670 ﬁdelibus
3223 2618 3442 2686 retulit,
3477 2627 3534 2674 ut

1954 2718 2016 2760 ea
2048 2704 2333 2786 superstite
2361 2705 2463 2759 hoc
2487 2720 2555 2759 ne
2594 2706 2712 2774 quis
2749 2707 2929 2762 sciret.
2958 2709 3127 2774 Quam
3157 2719 3307 2764 cauta
3339 2711 3390 2765 in
3421 2712 3533 2767 col-

1958 2795 2249 2861 locutione,
2278 2811 2436 2864 qnam
2467 2797 2665 2852 devota
2699 2799 2748 2851 in
2779 2799 2924 2852 omni
2954 2801 3195 2856 actione!
3223 2801 3278 2857 ln
3313 2818 3533 2872 prospe-

1957 2890 2033 2944 ris
2059 2898 2114 2944 et
2141 2891 2192 2943 in
2220 2889 2484 2954 adversis,
2515 2890 2567 2944 in
2594 2890 2776 2945 ltetitia
2801 2900 2854 2945 et
2881 2893 3093 2946 tristitia
3122 2907 3334 2964 semper
3363 2910 3532 2966 aequa~

273 2986 380 3042 cta,
414 2977 464 3031 in
495 2976 868 3046 redemptione
898 2975 1226 3044 captivorum
1267 2974 1492 3028 sollicita
1517 3014 1531 3038 ,
1565 2975 1617 3027 in
1647 2988 1842 3043 egeno-

1955 2983 2042 3045 Iis;
2068 2997 2165 3036 nec
2195 2982 2245 3035 in
2272 2982 2510 3036 adversis
2533 2997 2592 3037 se
2615 2981 2792 3052 fregit,
2817 2999 2916 3038 nec
2948 2985 3001 3038 in
3027 2987 3298 3055 prosperis
3319 2987 3529 3042 extulit.

273 3085 389 3128 rum
419 3071 726 3141 erogatione
760 3071 997 3138 profusa,
1031 3070 1305 3139 proprium
1336 3067 1562 3123 credidit
1589 3068 1840 3138 quidquid

275 3167 338 3222 de
363 3181 421 3221 se
451 3181 650 3236 pauper
679 3163 902 3234 accepit.

340 3282 396 3335 Ξ.
437 3281 568 3333 Dum
599 3290 739 3333 esset
765 3293 884 3332 cum
919 3293 1042 3349 rege
1068 3277 1240 3330 adhuc
1271 3275 1323 3329 in
1351 3273 1605 3328 mundiali
1638 3273 1840 3336 habitu,

273 3386 422 3428 mens
452 3372 655 3429 intenta
685 3371 747 3423 ad
779 3369 1044 3422 Christum
1077 3370 1237 3438 (teste
1265 3367 1487 3421 Domino
1518 3367 1729 3434 loquor,
1761 3365 1846 3419 cui

275 3479 365 3518 ore
395 3473 597 3517 tacente
627 3470 840 3531 pectora
870 3463 1193 3514 conﬁtentur
1218 3476 1231 3511 :
1255 3458 1340 3513 cui
1369 3467 1421 3512 et
1448 3458 1491 3511 si
1540 3458 1715 3526 lingua
1762 3467 1844 3510 ta-

276 3564 414 3619 ceat,
440 3555 765 3609 conscientia
796 3553 925 3606 nihil
949 3552 1198 3616 occultat,
1233 3553 1352 3620 quia
1383 3550 1522 3620 quod
1546 3549 1846 3605 audivimus

276 3645 522 3706 dicimus.
577 3652 628 3699 et
680 3645 821 3714 quod
870 3643 1101 3697 vidimus
1147 3644 1459 3711 testamur),
1515 3645 1732 3698 invitata
1781 3644 1846 3698 ad

277 3736 550 3805 prandium
583 3749 610 3787 a
660 3733 857 3788 Sifride
902 3734 1031 3806 [Al.,
1064 3733 1360 3789 Ansifreda:
1401 3736 1686 3807 matronis]
1737 3754 1848 3792 ma-

277 3840 451 3892 trona,
477 3828 602 3882 dum
632 3828 732 3881 iter
757 3836 938 3895 ageret
959 3827 1201 3880 szeculari
1233 3841 1419 3896 pompa
1449 3843 1506 3881 se
1537 3829 1843 3895 comitante,

279 3917 555 3986 interjecta
587 3918 972 3988 longinquitate
1001 3927 1156 3972 terra:
1180 3933 1240 3972 ac
1266 3923 1458 3988 spatio,
1491 3919 1672 3974 fanum
1704 3921 1845 3990 quod

279 4026 308 4065 a
337 4011 558 4065 Francis
590 4011 886 4076 colebatur,
917 4011 967 4064 in
998 4009 1186 4064 itinere
1215 4011 1381 4065 beatae
1412 4010 1608 4080 reginae
1631 4053 1647 4077 ,
1680 4028 1847 4082 quan-

277 4112 388 4158 tum
418 4102 645 4156 miliario
672 4117 778 4155 uno
804 4102 1107 4170 proximum
1150 4112 1283 4156 erat.
1317 4101 1427 4155 Hoc
1458 4101 1546 4154 illa
1585 4103 1807 4157 audiens
1830 4146 1844 4169 ,

279 4195 434 4267 jussit
463 4193 676 4248 famulis
701 4191 880 4246 fanum
909 4193 1013 4262 igni
1036 4192 1312 4259 comburi,
1340 4193 1576 4262 iniquum
1601 4193 1848 4263 judicans

281 4288 446 4343 Deum
475 4287 595 4342 coeli
620 4285 888 4341 contemni
919 4292 972 4338 et
997 4283 1258 4338 diabolica
1292 4283 1714 4340 machinamenta
1752 4301 1842 4340 ve-

2022 3093 2072 3146 4.
2118 3094 2252 3147 Dum
2295 3093 2348 3147 in
2378 3094 2503 3147 villa
2534 3094 2648 3162 ipsa
2689 3094 2863 3149 adhuc
2893 3106 3056 3161 esset,
3092 3097 3145 3150 ﬁt
3189 3112 3351 3153 sonus
3381 3099 3532 3168 quasi

1950 3200 2068 3241 eam
2109 3201 2203 3240 rex
2259 3188 2448 3240 iterum
2503 3188 2660 3242 vellet
2708 3189 2971 3257 accipere,
3025 3204 3083 3244 se
3129 3190 3318 3245 dolens
3363 3206 3526 3262 grave

1949 3278 2201 3333 damnum
2231 3279 2372 3347 pati,
2407 3278 2495 3348 qtti
2538 3281 2694 3333 talem
2742 3289 2795 3334 et
2825 3289 3024 3334 tantam
3071 3281 3309 3351 reginam
3337 3283 3532 3351 permi-

1951 3374 2111 3427 sisset
2140 3389 2169 3427 a
2201 3373 2366 3427 latere
2407 3388 2504 3427 suo
2530 3371 2806 3427 discedere
2833 3388 2845 3425 :
2870 3381 2923 3426 et
2951 3374 3053 3426 nisi
3083 3388 3198 3427 eam
3245 3375 3531 3443 reciperet,

1951 3466 2164 3536 penitus
2191 3467 2368 3521 vivere
2396 3481 2501 3520 non
2534 3473 2759 3534 optaret.
2805 3465 2931 3519 llrcc
2973 3464 3195 3518 audiens
3225 3465 3531 3522 beatissima

1950 3559 2114 3614 nimio
2164 3566 2372 3612 terrore
2423 3557 2716 3626 prmterrita
2748 3597 2760 3620 ,
2806 3572 2864 3610 se
2907 3556 3135 3624 amplius
3179 3555 3524 3610 cruciandam

1953 3652 2169 3708 tradidit
2194 3652 2367 3706 cilicio
2390 3651 2690 3718 asperrimo
2716 3690 2732 3716 ,
2758 3663 2819 3702 ac
2848 3657 3032 3702 tenero
3056 3647 3270 3715 corpori
3294 3648 3527 3716 aptavit;

1952 3739 2168 3808 insuper
2196 3748 2246 3792 et
2272 3737 2459 3807 jejunii
2489 3736 2868 3790 cruciationem
2916 3734 3133 3802 indixit,
3166 3734 3358 3803 vigiliis
3401 3749 3531 3803 per-

1952 3840 2175 3885 noctans
2196 3832 2247 3883 in
2278 3831 2523 3883 oratione
2544 3843 2603 3882 se
2629 3837 2793 3881 totam
2817 3825 3052 3890 diffudit,
3080 3825 3323 3895 despexit
3346 3825 3529 3880 sedent

1953 3921 2160 3990 patriae,
2192 3920 2322 3974 vicit
2375 3918 2713 3973 dulcedinem
2752 3917 2981 3986 conjugii
3005 3956 3021 3983 ,
3052 3917 3280 3972 exclusit
3304 3916 3534 3970 charita—

1955 4023 2062 4067 tem
2087 4013 2428 4079 mundialem,
2464 4012 2625 4082 elegit
2664 4010 2817 4067 exsul
2848 4011 2961 4065 fieri
2991 4026 3058 4064 ne
3101 4009 3533 4080 peregrinaretur

1954 4120 1984 4159 a
2008 4104 2240 4160 Christo.
2270 4104 2457 4160 Adhuc
2481 4103 2548 4158 de
2574 4103 2742 4173 regali
2781 4117 2962 4157 secum
2990 4101 3191 4156 habens
3217 4110 3534 4156 ornamento

1955 4198 2077 4251 felte
2110 4196 2182 4268 (c)
2229 4195 2426 4261 fusum,
2479 4210 2543 4251 ex
2588 4209 2715 4249 auro
2749 4203 2802 4249 et
2848 4194 3071 4265 gemmis
3112 4191 3194 4247 vel
3236 4193 3534 4262 margaritis

1957 4289 2150 4343 factum
2181 4288 2462 4342 habentem
2489 4287 2540 4341 in
2565 4302 2623 4342 se
2645 4287 2758 4341 auri
2792 4286 2991 4344 solidos
3032 4285 3197 4352 mille,
3238 4299 3395 4354 quam
3441 4300 3533 4353 per

279 4381 472 4436 nerari.
511 4379 620 4434 Hoc
650 4379 925 4434 audientes
956 4375 1147 4431 Franci
1179 4375 1532 4443 universaque
1563 4374 1845 4430 multitudo
1875 4369 1920 4431 C
1952 4394 2183 4433 nonnant
2207 4394 2355 4434 suam
2380 4381 2596 4434 nomine
2621 4379 3024 4448 Fredovigiam,
3055 4393 3212 4447 quam
3237 4379 3532 4448 proximam

281 4489 401 4530 cum
429 4473 617 4544 gladiis
660 4480 714 4526 et
757 4471 982 4525 fustibus
1017 4469 1098 4524 vel
1127 4471 1272 4523 omni
1317 4468 1531 4523 fremitu
1580 4468 1845 4523 diabolico

282 4568 610 4624 conabantur
639 4564 947 4630 defendere,
978 4570 1162 4618 sancta
1193 4577 1322 4617 vero
1349 4563 1532 4631 regina
1560 4561 1847 4616 immobilis

286 4674 656 4730 perseverans,
685 4667 739 4714 et
765 4657 1033 4712 Christum
1062 4658 1114 4711 in
1147 4664 1362 4726 pectore
1384 4665 1621 4725 gestans,
1651 4669 1845 4723 equum

280 4769 436 4826 quem
460 4751 674 4808 sedebat
700 4751 910 4805 inantea
933 4764 1036 4804 non
1063 4748 1248 4816 movit,
1279 4759 1561 4818 antequam
1588 4757 1643 4803 et
1667 4749 1843 4801 fanum

283 4853 645 4917 perureretur,
659 4851 711 4897 et
724 4842 835 4911 ipsa
850 4849 1036 4894 orante
1055 4837 1195 4894 inter
1207 4853 1265 4894 se
1283 4839 1457 4908 populi
1473 4854 1652 4908 pacem
1667 4839 1848 4893 ﬁrma-

357 5045 433 5121 (a)
463 5039 866 5121 Notanduslticj
892 5041 1040 5121 locus
1067 5038 1442 5121 adversusneos
1471 5039 1557 5104 qui
1592 5037 1856 5121 Fortuna-

283 5107 497 5178 tum'ex
545 5117 667 5170 albo
719 5107 1114 5166 Pi'ctavensium
1170 5107 1477 5178 pontificum
1528 5116 1854 5177 expungunt,

283 5177 476 5262 quibus
493 5182 886 5262 silnonjsufficit
914 5181 1060 5262 Bauli
1086 5177 1297 5262 diaconi
1321 5177 1629 5262 auctoritas,
1661 5178 1850 5262 libant,

281 5247 401 5332 cap,
443 5260 494 5325 9,
528 5247 681 5332 certe
719 5251 1043 5309 Baudonlvia
1092 5248 1382 5304 Fortunato
1428 5249 1644 5318 aequalis
1696 5247 1853 5303 debet

401 5347 458 5384 re
485 5328 632 5383 satis.

281 5333 661 5470 “effigias
689 5410 794 5470 non
821 5405 939 5447 esse
970 5405 1340 5470 rem_novam,_
1359 5389 1630 5470 religionis
1657 5402 1850 5442 nomen

285 5460 381 5540 pro
408 5460 549 5526 statu
576 5468 831 5540 religioso
859 5462 1124 5540 usurpar-ni,
1154 5470 1211 5540 ut
1235 5460 1547 5528 quihusdam
1572 5473 1848 5540 perperam

284 5530 513 5598 videtur.
548 5530 865 5600 Vide'infra,
898 5530 1045 5588 num.
1074 5531 1128 5598 8,
1162 5539 1215 5584 et
1234 5545 1413 5598 supra,
1448 5547 1571 5584 num
1615 5530 1703 5583 56.

354 5611 422 5682 (c)
449 5611 618 5675 Felte,
651 5607 972 5682 seufcltum,
1005 5603 1221 5666 tiltrutn,
1258 5615 1458 5670 pannus
1484 5609 1563 5682 est
1595 5616 1686 5680 seu
1735 5613 1851 5680 ves-

285 5670 443 5737 tis‘e'x
474 5670 676 5735 lana'et
702 5678 822 5750 pilis
848 5685 1050 5738 coacta,
1083 5688 1189 5728 non
1219 5681 1361 5750 t_ex_ta
1398 5691 1408 5723 :
1440 5673 1504 5750 ad
1523 5672 1681 5750 cujus
1708 5670 1852 5750 simi-

285 5753 563 5807 litudinem
591 5739 755 5805 vestis
799 5759 930 5801 auro
956 5759 1018 5800 ac
1046 5744 1269 5814 gemmis
1299 5743 1433 5814 fusa,
1461 5740 1583 5814 felte
1631 5739 1746 5814 dici
1775 5756 1852 5793 v1-

286 5823 460 5880 detur.
485 5822 541 5876 lu
566 5834 668 5875 ms.
699 5818 820 5874 cod.
845 5811 1160 5872 d’Héroiwal
1201 5828 1296 5886 pro
1318 5813 1437 5886 felle
1458 5812 1651 5881 legitur
1670 5811 1848 5880 cifum,

1953 4471 2202 4538 habebat,
2233 4487 2355 4529 cum
2406 4475 2518 4526 suis
2573 4471 2818 4526 fidelibus
2848 4471 3141 4525 transmisit
3172 4471 3286 4525 viro
3315 4486 3534 4526 venera-

1953 4565 2087 4633 bili,
2107 4567 2304 4620 domno
2326 4566 2515 4620 Joanni
2541 4565 2622 4635 (ιι)
2646 4565 2889 4620 reclauso
2930 4566 2984 4618 in
3019 4564 3252 4619 Castello
3273 4565 3528 4633 Cainone,

1952 4666 2012 4710 ut
2041 4671 2136 4724 pro
2175 4671 2235 4710 ea
2277 4665 2476 4724 oraret,
2526 4670 2592 4709 ne
2628 4656 2818 4708 iterum
2848 4655 2912 4707 ad
2939 4655 3193 4707 saeculum
3223 4666 3525 4711 revertere-

1955 4756 2079 4811 tur,
2119 4757 2171 4801 et
2220 4756 2422 4801 vestem
2467 4746 2516 4800 ei
2579 4745 2839 4799 cilicinam
2893 4746 3316 4812 transmitteret,
3383 4748 3525 4803 unde

1955 4855 2149 4911 corpus
2178 4855 2330 4895 suum
2362 4842 2589 4894 limaret.
2616 4838 2929 4892 'franstnisit
2975 4840 3020 4893 ei
3051 4849 3104 4893 et
3148 4839 3419 4895 rachinam
3451 4840 3524 4911 (ε)

1957 5048 2021 5088 an
2054 5033 2291 5104 scyphum
2313 5036 2332 5088 ?

2029 5103 2119 5173 (ά)
2161 5105 2231 5157 De
2265 5104 2507 5159 Johanne
2537 5105 2744 5160 recluso
2774 5103 2913 5174 apud
2956 5104 3265 5171 Cainonem,
3300 5106 3524 5171 Chnton,

1961 5174 2013 5229 in
2039 5174 2270 5228 confinio
2299 5175 2575 5229 Pictonum
2629 5185 2683 5229 et
2733 5176 3029 5239 Turonum,
3075 5177 3146 5230 'ad
3196 5178 3528 5232 confluentes

1965 5245 2214 5316 Vigenna:
2244 5254 2296 5300 et
2325 5245 2552 5315 Ligeris,
2585 5246 2839 5316 legendus
2869 5245 3158 5316 Gregorius
3180 5249 3531 5316 Turonensis,

1959 5315 2026 5371 de
2051 5316 2196 5369 Glor.
2224 5316 2392 5379 conf.,
2423 5331 2538 5384 cap.
2567 5315 2657 5369 25.
2689 5317 2887 5370 Prteter
2916 5332 3036 5370 eum
3084 5316 3342 5372 Junianus
3367 5317 3534 5372 abbas

1957 5386 2301 5442 Mariacensis
2330 5387 2636 5454 lladegundi
2690 5387 2850 5442 etiam
2900 5386 3093 5440 charus
3144 5389 3428 5443 admodum
3475 5396 3531 5443 et

1958 5456 2230 5530 familiaris
2258 5457 2370 5530 fuit,
2396 5457 2489 5530 qui
2517 5458 2830 5530 caracallam
2859 5456 2926 5510 ab
2955 5471 3018 5510 ea
3046 5460 3320 5527 accepisse
3369 5473 3528 5530 supra

1957 5527 2008 5581 in
2037 5529 2262 5596 propriis
2291 5527 2434 5581 Actis
2461 5528 2670 5596 legitur.

2028 5595 2103 5666 (e)'
2147 5598 2380 5651 Rachina
2418 5595 2768 5650 seu'rachana
2798 5595 3047 5650 Menardo
3069 5607 3278 5664 nostro,
3309 5599 3362 5652 in
3382 5597 3521 5652 Con-

1954 5670 2103 5722 cord.
2137 5668 2326 5735 regul.,
2362 5683 2477 5736 pag.
2508 5666 2629 5729 922,
2682 5678 2760 5721 est
2803 5667 3188 5732 operimentum
3238 5670 3521 5724 lectorum.

1958 5739 2144 5792 Vossio
2170 5739 2230 5791 de
2270 5739 2416 5791 Vitiir
2445 5753 2619 5803 serm.,
2653 5744 2737 5791 est
2761 5737 2921 5790 vestis
2967 5752 2997 5792 e
3024 5753 3200 5805 panno
3245 5753 3428 5794 crasso
3457 5755 3522 5794 ac

1955 5809 2043 5864 vili
2074 5824 2104 5864 a
2132 5823 2308 5879 graeco
2337 5809 2490 5886 ρἀω
2519 5805 2658 5877 Lege
2689 5807 2861 5861 Vitam
2891 5809 3062 5864 sancti
3092 5809 3368 5865 Germani.
