4076 6348
566 332 674 392 187

1444 329 1711 391 8ΔΝΟΤΑ
1750 316 2190 382 ΒΑυῑσςυΝοιε
2214 350 2232 384 ,
2274 314 2529 370 REGINA
2572 312 2895 370 FRANCIE
2924 352 2942 381 ,

564 451 856 516 citinlttam,
874 446 1016 506 unde
1039 457 1094 505 et
1106 448 1329 504 interius
1355 456 1407 501 et
1437 445 1682 515 superius
1707 441 1957 511 sibifecit
1987 438 2142 493 indu-
2168 437 2223 497 Α
2247 435 2386 486 niam
2417 441 2620 499 peteret
2647 433 2819 487 beatas
2841 430 3155 501 Radegandi
3174 471 3190 496 ,
3216 438 3275 486 at
3302 429 3355 486 ei
3374 426 3680 498 indulgeret
3700 424 3851 494 quod

566 554 828 610 mentum,
860 555 913 599 et
942 545 986 598 si
1020 543 1145 611 quid
1173 542 1241 597 de
1269 555 1458 606 causa,
1493 553 1653 609 quam
1686 536 1925 600 timebat,
1957 548 2145 602 supra-

571 637 745 693 dictas
772 636 856 691 vir
885 636 938 689 in
969 635 1174 705 Spiritu
1204 642 1389 687 saneto
1418 631 1642 686 sentiret
1667 660 1683 693 ι
1712 644 1829 683 eam
1858 627 2145 681 certiorem

570 730 840 786 redderet.
871 728 1025 795 Quod
1061 727 1106 782 si
1144 726 1247 781 hoc
1276 740 1367 780 rex
1398 725 1592 789 vellet,
1640 724 1754 791 ipsa
1784 729 1909 774 ante
1938 726 2148 786 optaret

572 823 735 877 vitam
769 821 943 885 linire,
976 832 1135 887 quam
1186 816 1295 886 regi
1347 826 1559 870 terreno
1589 813 1780 867 iteruttt
1805 810 1954 880 jungi
1978 850 1992 872 ,
2022 806 2147 877 quia

569 914 678 985 jam
728 912 869 981 regis
909 898 1137 965 caelestis
1177 906 1525 977 capulabatur
1570 902 1921 972 amplexibus.
1952 898 2038 953 Sic
2068 899 2148 951 vir

572 1004 666 1059 Dei
701 1011 808 1059 tota
837 1013 992 1058 noete
1034 1002 1085 1056 in
1120 1000 1311 1070 vigiliis
1338 1008 1393 1053 et
1421 995 1753 1052 orationibus
1784 1002 2105 1064 pernoctans
2127 1028 2143 1054 ,

569 1095 866 1167 inspirante
897 1097 997 1151 sibi
1026 1096 1208 1150 divina
1232 1092 1467 1163 potentia
1505 1092 1556 1145 in
1585 1091 1842 1151 crastino,
1872 1084 2151 1139 mandavit

569 1195 621 1247 ei
652 1192 756 1247 hoc
784 1192 926 1260 regis
952 1202 1074 1245 esse
1105 1190 1457 1252 voluntatem,
1492 1187 1585 1240 sed
1616 1184 1706 1238 Dei
1740 1198 1845 1236 non
1867 1195 1988 1236 esse
2019 1194 2142 1247 per—

570 1286 792 1340 missum
821 1302 833 1338 :
858 1292 981 1337 ante
1026 1298 1116 1337 rex
1151 1282 1241 1337 Dei
1268 1283 1473 1352 judicio
1512 1280 1811 1349 puniretur,
1843 1290 1997 1346 quant
2027 1286 2147 1327 earn

572 1375 625 1430 in
657 1376 956 1445 conjugium
990 1376 1275 1443 acciperet.

648 1466 699 1521 5.
744 1468 870 1522 Post
905 1468 1006 1521 huc
1036 1468 1235 1522 dietum
1280 1460 1581 1536 supradiCta
1613 1460 1823 1517 domina
1870 1459 2151 1526 Radcgun-

568 1558 651 1617 dis
679 1568 856 1615 mente
888 1568 992 1614 tota
1025 1560 1225 1614 intenta
1251 1558 1316 1612 ad
1348 1556 1616 1611 Christum
1637 1595 1652 1620 ,
1687 1553 1938 1615 Pictavis,
1972 1548 2145 1619 inspi-

570 1660 724 1707 rante
759 1659 811 1705 et
842 1660 1163 1718 cooperante
1210 1650 1342 1716 Deo,
1376 1645 1887 1702 monasterium-sibi
1938 1657 2030 1709 per
2055 1657 2149 1695 or-

2249 522 2301 577 in
2332 538 2394 578 ea
2428 540 2520 591 per
2569 523 2739 576 malos
2766 521 3100 578 consiliarios
3142 528 3478 591 peccaverat.
3513 518 3676 574 Unde
3707 517 3847 571 ultio

2248 615 2425 670 divina
2473 616 2542 670 de
2587 616 2837 684 praesenti
2885 615 2939 669 itt
2988 629 3084 670 eos
3131 612 3445 669 vindicavit.
3490 611 3652 667 Sicut
3694 611 3846 664 enim

2248 710 2428 775 Arius,
2462 709 2553 776 qui
2589 719 2773 763 contra
2824 709 2987 764 iidem
3017 708 3336 763 catholicam
3366 716 3583 761 certans
3604 745 3625 769 ,
3657 708 3845 759 omnia

2249 799 2385 871 [Al.,
2431 817 2648 856 omnem
2680 799 3015 871 intestinam]
3044 800 3298 855 intestina
3339 814 3435 853 sua
3473 799 3529 852 in
3559 812 3847 852 secessum

2248 894 2479 957 dimisit;
2512 895 2582 949 ita
2614 902 2668 949 et
2693 894 2763 950 de
2789 893 2905 949 istis
2930 894 3109 949 evenit
3135 892 3228 963 qui
3248 900 3432 949 contra
3460 892 3687 948 beatam
3711 892 3858 957 regi-

2249 1004 2372 1043 nam
2402 1000 2645 1058 egerunt.

2324 1084 2374 1135 7.
2418 1084 2567 1138 Tunc
2613 1099 2703 1139 rex
2751 1084 2946 1139 timens
2996 1084 3089 1140 Dei
3122 1084 3378 1155 judicium
3410 1128 3424 1152 ,
3477 1084 3609 1153 quia
3659 1082 3853 1149 regina

2254 1175 2423 1244 magis
2454 1174 2541 1227 Dei
2572 1182 2901 1229 votuntatem
2933 1174 3135 1229 iecerat
3165 1189 3323 1244 quam
3362 1188 3512 1228 suam
3547 1173 3682 1227 dum
3726 1187 3851 1226 cum

2251 1281 2316 1320 eo
2346 1276 2672 1320 commorata
2700 1268 2897 1334 fuerat,
2925 1276 3077 1337 rogat
3108 1267 3324 1321 beatum
3360 1267 3559 1331 virum,
3590 1264 3726 1318 illuc
3755 1279 3851 1316 ce.

2253 1357 2434 1411 leriter
2484 1360 2582 1411 ire.
2632 1358 2719 1414 Sic
2766 1358 2848 1413 vir
2893 1359 3219 1427 apostolicus
3263 1357 3489 1411 domnus
3535 1354 3852 1409 Germanus

2258 1447 2489 1503 Pietavis
2512 1452 2756 1517 veniens,
2783 1450 3055 1521 ingressus
3080 1450 3483 1517 monasterium,
3514 1449 3570 1501 in
3600 1447 3851 1501 oratorio

2263 1540 2475 1596 domnae
2508 1542 2685 1598 Maria:
2714 1543 2919 1597 nomini
2949 1542 3196 1599 dedicato
3223 1540 3513 1613 prosternit
3538 1556 3599 1594 se
3627 1540 3701 1593 ad
3726 1554 3851 1595 San-

2255 1642 2356 1686 cta:
2386 1634 2583 1705 reginae
2613 1635 2774 1703 pedes
2801 1651 2896 1705 pro
2926 1651 3050 1705 rege
3080 1636 3287 1689 veniam
3314 1647 3561 1702 poscens.
3594 1630 3691 1685 llla
3723 1646 3849 1683 vero

571 1742 895 1799 dinationem
957 1741 1201 1811 praecelsi
1269 1740 1409 1810 regis
1455 1738 1747 1795 Chlotharii
1804 1740 2147 1805 construxit,

2264 1725 2494 1794 gaudens
2542 1740 2600 1781 se
2648 1726 2715 1780 de
2754 1726 2932 1781 szeculi
2980 1724 3227 1781 faucibus
3286 1733 3562 1792 ereptam,
3612 1722 3848 1792 benigne

572 1849 734 1905 quam
789 1833 1045 1887 fabricam
1078 1833 1161 1888 vir
1208 1832 1528 1901 apostolicus
1560 1832 1796 1887 Pientius
1828 1831 2147 1903 [Pietavien—

2264 1815 2517 1887 indulget,
2549 1827 2602 1872 et
2642 1833 2699 1871 se
2743 1817 2809 1872 ad
2863 1817 2954 1873 Dei
2997 1817 3199 1889 aptavit
3243 1818 3516 1870 servitium
3545 1834 3559 1867 :
3587 1815 3843 1884 expedita

576 1923 674 1995 sis]
704 1928 986 1994 episcopus
1014 1935 1071 1981 et
1116 1926 1432 1994 Austrapius
1480 1926 1583 1980 dux
1628 1941 1721 1994 per
1757 1925 2145 1979 ordinationem

575 2015 895 2072 dominicam
946 2015 1074 2088 [Al.,
1133 2016 1246 2087 Dei]
1293 2016 1539 2072 celeriter
1596 2017 1870 2071 iecerunt:
1904 2017 1955 2070 in
2004 2015 2146 2087 quod

581 2112 963 2166 monasterium
988 2121 1170 2167 sancta
1191 2112 1391 2181 regina,
1417 2112 1597 2167 mundi
1621 2111 1751 2165 falsa
1786 2112 2147 2165 blandimenta

574 2217 851 2273 respuens,
882 2205 1222 2276 gaudensque
1248 2208 1488 2275 ingressa
1533 2218 1613 2261 est
1643 2246 1656 2271 ,
1687 2208 1775 2262 ubi
1809 2208 2149 2275 perfectionis

574 2304 888 2352 ornamenta
919 2300 1285 2367 conquireret,
1319 2308 1373 2353 et
1403 2315 1647 2368 magnam
1681 2301 2148 2368 congregationem

579 2389 877 2459 puellarum
911 2390 1125 2447 Christo
1154 2408 1421 2461 nunquam
1457 2394 1713 2447 morituro
1744 2408 1941 2459 sponso
1971 2392 2150 2447 trade-

577 2493 680 2537 ret.
709 2483 825 2551 Quo
866 2484 1040 2538 electa
1084 2483 1350 2537 abbatissa
1393 2484 1553 2537 etiam
1597 2483 1882 2537 constituta
1907 2522 1923 2547 ,
1955 2491 2061 2536 tam
2092 2497 2152 2536 se

577 2589 734 2644 quam
760 2589 853 2632 sua
880 2576 1056 2631 omnia
1078 2576 1195 2643 ejus
1217 2574 1433 2629 tradidit
1459 2574 1668 2627 subdita
1697 2572 1980 2640 potestati,
2010 2580 2064 2625 et
2086 2588 2151 2627 ex

578 2664 793 2734 proprio
816 2665 939 2736 jure
970 2666 1099 2721 nihil
1129 2666 1229 2720 sibi
1277 2680 1565 2721 reservans
1587 2706 1602 2730 ,
1636 2673 1693 2719 ut
1720 2675 1963 2720 curreret
1991 2680 2155 2734 expe-

578 2760 685 2817 dita
716 2770 837 2833 post
858 2762 1054 2817 Christi
1087 2763 1329 2833 vestigia,
1352 2773 1403 2817 et
1427 2772 1627 2816 tantum
1652 2762 1751 2817 sibi
1783 2762 1903 2832 plus
1934 2750 2156 2831 augeret

578 2856 633 2912 in
663 2854 801 2913 casio
829 2867 1030 2926 quanto
1060 2859 1229 2928 magis
1271 2857 1627 2912 subtraxisset
1670 2857 1738 2912 de
1774 2855 1989 2910 seculo.
2036 2855 2156 2908 Mox

579 2949 740 3004 etiam
771 2965 888 3019 eius
917 2960 1101 3005 saneta
1147 2951 1482 3006 conversatio
1525 2951 1686 3019 carpit
1722 2948 1928 3005 {ervere
1969 2950 2021 3002 in
2054 2947 2155 3002 hu-

581 3041 822 3096 militatis
867 3043 1307 3108 conversatione,
1353 3042 1405 3097 in
1442 3042 1716 3097 charitatis
1776 3042 2053 3104 ubertate,
2102 3041 2156 3094 in

582 3114 838 3189 castitatis
883 3135 1100 3198 lumine,
1148 3137 1197 3189 in
1235 3135 1558 3204 jejuniorum
1599 3134 1924 3204 pinguedine
1953 3151 1965 3187 :
1996 3143 2051 3189 et
2080 3134 2153 3187 ita

583 3239 642 3279 se
662 3233 771 3279 toto
790 3240 971 3280 amore
992 3227 1193 3282 ccclein
1221 3227 1663 3297 tradiditsponso,
1691 3236 1747 3279 ut
1769 3225 1930 3279 Deum
1957 3223 2155 3277 llllllttio

587 3316 748 3372 corde
774 3314 1155 3387 complectens,
1186 3320 1454 3374 Christum
1488 3321 1538 3373 in
1572 3334 1629 3373 se
1661 3316 2013 3372 habitatorem
2037 3332 2158 3371 esse

584 3408 827 3463 sentiret.

654 3503 709 3558 6.
750 3503 853 3559 Sed
881 3503 1089 3557 invidus
1116 3502 1377 3557 honorum
1404 3502 1617 3556 humani
1647 3503 1857 3569 generis
1882 3496 2155 3568 inimicus,

586 3595 732 3665 cujus
764 3596 1113 3663 voluntatem,
1139 3597 1297 3648 etiam
1322 3594 1443 3648 dum
1471 3594 1519 3646 in
1552 3594 1753 3647 smt-ulo
1783 3602 1946 3656 esset,
1982 3591 2159 3646 facere

586 3688 896 3753 abhorruit,
928 3703 1042 3743 eam
1086 3688 1331 3757 persequi
1381 3702 1483 3741 non
1533 3687 1781 3741 cessavit.
1836 3685 1984 3741 Sicut
2016 3684 2157 3738 enim

586 3778 694 3848 iam
747 3794 836 3848 per
886 3778 1243 3834 internuntios
1291 3788 1613 3847 cognoverat
1657 3776 1848 3847 (quod
1900 3774 2160 3843 timebat)

588 3871 873 3940 praecelsus
905 3888 994 3925 rex
1027 3870 1363 3925 Chlotharius
1394 3886 1511 3923 cum
1548 3868 1657 3922 tilio
1709 3883 1806 3923 suo
1840 3868 2157 3934 praecellen-

590 3963 797 4017 tissimo
827 3962 1091 4031 Sigiherto
1139 3962 1380 4015 Turones
1415 3960 1627 4015 advenit
1661 3959 1808 4029 quasi
1861 3960 2163 4013 devotionis

589 4067 768 4119 causa,
801 4067 904 4121 quo
932 4052 1137 4106 facilius
1170 4052 1395 4105 Pictavis
1424 4050 1726 4117 accederet,
1768 4059 1988 4104 utsuam
2018 4050 2164 4119 regi-

593 4159 715 4200 nam
743 4144 1029 4211 acciperet.
1058 4144 1175 4209 Quo
1202 4144 1416 4215 cognito
1443 4143 1592 4197 beata
1618 4140 1958 4210 Radegundis
1988 4156 2163 4195 sacra-

592 4236 850 4293 mentales
880 4235 1005 4289 fecit
1046 4236 1249 4289 litteras
1278 4236 1376 4288 sub
1404 4234 1794 4289 contestatione
1836 4232 2012 4286 divina
2053 4234 2165 4287 viro

591 4326 886 4400 apostolico
915 4327 1112 4381 domno
1134 4326 1401 4379 Germano
1431 4324 1757 4379 Parisiorum
1788 4325 2021 4377 civitatis
2051 4326 2167 4394 epi-

592 4434 757 4491 scopo
780 4419 870 4489 qui
900 4428 1023 4472 tunc
1052 4432 1172 4471 cum
1221 4430 1348 4485 rege
1394 4425 1508 4471 erat
1535 4457 1549 4482 ,
1577 4431 1711 4485 quas
1756 4431 1849 4485 per
1879 4414 2165 4471 Proculum

2183 3178 2233 3243 C

2247 1910 2359 1981 jam
2394 1912 2545 1981 sequi
2580 1910 2853 1966 Christum
2904 1926 3219 1981 quocunque
3265 1911 3368 1965 iret
3414 1926 3577 1981 quem
3631 1924 3847 1978 semper

2252 2002 2463 2067 dilexit,
2497 2017 2545 2055 et
2590 2004 2768 2058 animo
2810 2004 3003 2058 devoto
3031 2004 3098 2058 ad
3139 2020 3259 2059 eum
3316 2005 3600 2073 percurrit.
3628 2002 3847 2056 Talibus

2254 2108 2380 2163 ergo
2410 2093 2567 2149 rebus
2613 2095 2835 2164 intenta,
2870 2093 3051 2149 addito
3085 2093 3383 2163 vigiliarum
3416 2094 3611 2148 ordine
3639 2133 3655 2155 ,
3695 2094 3846 2159 quasi

2252 2188 2487 2242 carceris
2520 2201 2581 2241 se
2608 2185 2689 2241 sui
2720 2188 2959 2254 corporis
2992 2185 3117 2241 fecit
3148 2182 3509 2254 pernoctando
3541 2183 3847 2237 custodem.

2256 2281 2464 2335 Etcum
2498 2289 2645 2335 esset
2674 2281 2793 2334 aliis
2824 2279 3153 2344 misericors,
3186 2279 3288 2332 sibi
3316 2277 3479 2348 judex
3511 2276 3712 2332 effecta
3744 2291 3845 2337 est,

2255 2373 2474 2443 reliquis
2503 2376 2610 2443 pia,
2640 2374 2689 2426 in
2720 2388 2780 2427 se
2802 2372 3119 2428 abstinendo
3145 2386 3354 2439 severa,
3384 2370 3641 2425 erunibus
3677 2369 3844 2439 larga,

2256 2467 2359 2522 sibi
2413 2466 2695 2533 restricta,
2740 2475 2797 2521 ut
2848 2466 3089 2522 confecta
3130 2466 3349 2536 jejuniis
3408 2481 3512 2520 non
3576 2465 3848 2521 sufﬁceret

2258 2560 2360 2615 nisi
2389 2568 2442 2614 et
2462 2560 2527 2614 de
2558 2575 2654 2614 suo
2682 2574 2907 2629 corpore
2935 2560 3307 2629 triumpharet.

2331 2672 2383 2726 8.
2426 2671 2521 2727 His
2542 2672 2702 2741 igitur
2727 2673 2920 2727 studiis
2946 2682 3203 2741 occupata
3236 2686 3328 2742 per
3356 2684 3571 2726 omnem
3603 2672 3847 2738 modum,

2259 2764 2398 2818 sicut
2426 2775 2508 2819 est
2554 2764 2605 2818 in
2638 2763 2779 2818 libro
2808 2765 2981 2832 primo
3011 2765 3310 2818 intimatum
3333 2805 3349 2829 ,
3381 2763 3579 2818 meruit
3609 2764 3711 2817 soli
3746 2764 3849 2818 Deo

2262 2866 2508 2927 prompte
2537 2870 2746 2911 vacare.
2774 2856 2891 2923 Quo
2922 2866 3098 2912 tamen
3140 2866 3383 2927 tempore
3417 2856 3737 2912 fortioribus
3766 2874 3847 2911 ar-

2262 2950 2365 3005 mis
2413 2950 2632 3015 induta,
2680 2952 2797 3006 sine
2845 2952 3146 3007 cessatione
3197 2951 3574 3016 orationibus,
3630 2952 3845 3022 vigiliis,

2264 3040 2493 3096 lectione
2522 3056 2785 3111 propensa
2805 3078 2820 3108 ,
2855 3042 3151 3112 peregrinis
3200 3045 3311 3113 ipsa
3343 3044 3494 3099 cibos
3527 3044 3846 3099 ministravit

2263 3132 2330 3185 ad
2362 3147 2621 3194 mensam.
2674 3134 2786 3201 ipsa
2836 3133 2948 3187 suis
2991 3135 3237 3189 manibus
3265 3135 3392 3190 lavit
3420 3143 3476 3189 et
3506 3136 3665 3190 tersit
3705 3136 3847 3189 inﬁr-

2264 3234 2503 3278 mantutn
2545 3225 2791 3295 vesﬁgia.
2822 3225 2937 3280 Non
2977 3227 3188 3281 famula:
3216 3227 3455 3296 permisit
3486 3228 3585 3281 sibi
3616 3228 3749 3282 dare
3769 3242 3846 3281 so-

2262 3318 2476 3383 latium,
2502 3334 2621 3388 quaa
2648 3319 2837 3371 devota
2869 3317 3163 3372 cursitabat
3193 3319 3413 3388 implere
3438 3321 3723 3374 servitium
3752 3335 3843 3375 :sc

2260 3420 2436 3465 autem
2470 3412 2521 3465 in
2552 3420 2654 3465 tam
2682 3412 2844 3466 ardua
2870 3412 3206 3466 abstinentie
3233 3413 3563 3467 districtione
3592 3413 3834 3477 reclusit,

2263 3516 2429 3571 usque
2460 3518 2562 3571 quo
2594 3502 2876 3556 inﬁrmitas
2920 3503 3181 3572 permisit,
3218 3515 3273 3557 ut
3304 3518 3453 3559 mens
3485 3503 3688 3559 intenta
3742 3506 3847 3559 Deo

2265 3603 2535 3647 terrenum
2565 3593 2673 3663 jam
2708 3610 2805 3648 nec
2838 3596 3133 3665 requireret
3174 3597 3373 3651 cibum.
3407 3595 3685 3651 Lectulum
3731 3612 3847 3651 vero

2267 3684 2532 3753 poenalem
2563 3683 2661 3738 sibi
2696 3686 3018 3748 construxit,
3055 3697 3336 3755 postquam
3368 3686 3651 3756 religionis
3677 3686 3844 3740 induit

2266 3772 2509 3828 habitum
2539 3791 2553 3839 ;
2590 3790 2693 3829 non
2723 3774 3008 3843 aliquando
3033 3774 3176 3829 illaut
3210 3776 3387 3831 mollis
3415 3777 3592 3847 pluma
3626 3776 3844 3845 fulcivit,

2268 3880 2441 3934 neque
2470 3864 2795 3918 linteaminis
2830 3866 2970 3919 nitor
2996 3867 3268 3934 instruxit,
3299 3884 3417 3937 qua:
3451 3883 3548 3937 pro
3578 3867 3845 3922 indumen-

2270 3956 2336 4009 tis
2360 3957 2622 4009 universis
2644 3956 2822 4011 cinere
2843 3967 2895 4011 et
2921 3957 3094 4012 cilicio
3118 3968 3298 4013 tenera
3324 3958 3564 4012 membra
3593 3958 3842 4014 dontavit.

2270 4051 2345 4102 De
2372 4050 2711 4104 abstinentiae
2734 4052 2910 4120 rigore
2932 4051 3011 4105 vel
3045 4051 3251 4107 servitii
3278 4052 3514 4107 anterior
3536 4052 3671 4106 liber
3691 4052 3845 4107 multa

2270 4139 2471 4194 docuit.
2500 4140 2555 4195 In
2592 4150 2794 4195 tantum
2835 4143 2975 4197 enim
3027 4158 3084 4197 se
3113 4152 3331 4214 propter
3364 4143 3530 4198 Deum
3564 4159 3842 4213 pauperem

2269 4230 2430 4301 fecit,
2484 4242 2541 4287 ut
2608 4235 2819 4288 caneris
2869 4233 3133 4304 przeberet
3178 4238 3509 4305 exemplum.
3556 4235 3843 4288 Manicham

2271 4340 2425 4393 quam
2458 4325 2681 4380 brachio
2713 4326 2957 4381 indueret
3006 4341 3115 4383 non
3161 4326 3391 4382 habebat
3418 4370 3433 4394 ,
3464 4324 3564 4381 nisi
3592 4326 3660 4381 de
3686 4326 3847 4394 caliga

2270 4432 2366 4472 sua
2415 4418 2513 4472 sibi
2553 4418 2685 4473 duas
2727 4417 2855 4474 fecit
2895 4420 3133 4474 manicas
3160 4438 3171 4473 :
3198 4418 3293 4474 sed
3340 4420 3409 4473 ita
3461 4434 3519 4473 se
3565 4434 3847 4489 pauperem

591 4524 746 4566 suum
782 4516 1027 4580 agentem
1075 4506 1332 4561 secretius
1362 4505 1559 4560 direxit
1587 4522 1706 4559 cum
1736 4507 1927 4562 exenio
1954 4507 2033 4562 vel
2061 4522 2162 4563 eu-
2192 4509 2552 4610 Dtractabat,
2602 4521 2652 4563 ut
2703 4512 2803 4565 hoc
2845 4526 2942 4565 nec
2982 4511 3249 4565 abbatissa
3296 4511 3373 4579 (b)
3426 4508 3670 4566 sentiret.
3725 4510 3848 4577 Quis

590 4601 746 4673 logiis
778 4598 877 4673 (a).
910 4601 979 4655 At
1022 4597 1109 4653 ubi
1154 4612 1246 4654 eas
1286 4597 1474 4669 relegit
1516 4598 1596 4651 vir
1633 4594 1745 4652 Deo
1776 4598 1964 4667 plenus
1993 4598 2166 4671 lacry-

594 4707 766 4759 mans,
799 4691 1088 4763 prosternit
1131 4704 1192 4746 se
1236 4690 1458 4760 pedibus
1502 4690 1643 4760 regis
1691 4699 1815 4744 ante
1863 4692 2163 4759 sepulcrum

592 4789 733 4847 beati
763 4788 972 4845 Martini
1000 4801 1120 4843 cum
1153 4785 1549 4841 contestatione
1578 4784 1780 4848 divina,
1814 4784 1955 4839 sicut
1983 4785 2028 4839 ei
2076 4784 2166 4838 lit-

594 4882 724 4937 teris
754 4882 928 4935 iuerat
970 4878 1309 4942 intimatum,
1340 4886 1395 4931 ut
1437 4874 1665 4930 Pictavis
1716 4889 1819 4928 non
1866 4873 2164 4929 accederet.

592 4975 681 5030 Sic
710 4988 804 5028 rex
838 4970 1193 5026 amaritudine
1222 4969 1413 5038 plenus
1443 4967 1744 5036 intelligens
1776 4966 1911 5020 hanc
1956 4966 2166 5035 petitio-

598 5082 722 5122 nem
770 5078 890 5119 esse
915 5063 1137 5130 regine,
1171 5058 1473 5129 paenitentia
1506 5058 1715 5121 ductus,
1748 5057 1899 5110 malis
1924 5055 2175 5110 consilia-

595 5160 693 5215 riis
720 5156 859 5213 istud
896 5164 1171 5222 reputans,
1214 5166 1382 5221 seque
1413 5151 1685 5220 indignum
1732 5150 1980 5219 judicans
2030 5148 2173 5218 quod

595 5252 760 5307 talem
790 5246 990 5303 habere
1011 5244 1248 5316 reginam
1271 5243 1467 5297 diutius
1493 5257 1598 5296 non
1622 5242 1905 5297 meruisset
1938 5247 2174 5309 proster-

597 5341 677 5397 nit
713 5356 772 5396 se
822 5347 878 5395 et
924 5337 1016 5393 ille
1063 5340 1187 5391 ante
1236 5333 1415 5389 limina
1464 5333 1635 5388 sancti
1689 5330 1896 5387 Martini
1952 5332 2173 5402 pedibus

598 5435 874 5505 apostolici
906 5432 1006 5489 viri
1044 5429 1297 5488 Germani
1324 5467 1341 5498 ,
1370 5443 1567 5498 rogans
1598 5436 1658 5483 ut
1707 5427 1785 5482 sic
1818 5441 1911 5497 pro
1939 5427 2056 5496 ipso
2086 5441 2175 5481 ve-

671 5569 763 5641 (α)
784 5568 1036 5641 Eulogite
1064 5583 1171 5623 non
1207 5580 1420 5641 sertiper
1449 5580 1546 5635 pro
1576 5578 1712 5631 pane
1740 5563 1968 5641 aliisque
2015 5563 2175 5641 rebus

508 5634 511 5637 ⁷
601 5634 1041 5703 ϋθιίθδίθιίεξεθᾱ
1072 5652 1167 5707 pro
1192 5637 1430 5706 quolibet
1454 5634 1872 5707 ’mnnusculoex
1915 5635 2178 5707 charitate

602 5714 741 5765 iacto
810 5710 962 5778 Apud
1008 5705 1375 5771 Fortunatum,
1428 5707 1481 5759 in
1531 5706 1621 5761 lib.
1654 5720 1729 5767 ii,
1780 5705 1957 5778 Carm.
2013 5706 2076 5757 12
2125 5715 2180 5759 et

604 5796 731 5848 seqq
762 5822 778 5845 ,
838 5781 1085 5847 leguntur
1139 5788 1424 5848 castaneae,
1475 5778 1577 5839 lac,

607 5846 791 5921 prunas
816 5851 872 5905 in
898 5846 1134 5918 eulogias
1162 5847 1588 5916 transmissarlie
1616 5847 1837 5916 eulogiis
1861 5846 2177 5918 legeAlbas-
2196 5853 2208 5866 ‘

1630 5777 1927 5845 pruttellze,
1976 5790 2076 5828 ova
2123 5786 2180 5831 et
2220 5803 2227 5811 -

2275 4600 2415 4653 enim
2441 4592 2904 4671 ejus‘patientiam,
2938 4601 3056 4671 quis
3082 4602 3422 4667 charitatem,
3447 4601 3567 4670 quis
3590 4592 3848 4657 fervorem

2275 4692 2511 4760 spiritus,
2543 4692 2661 4762 quis
2683 4693 3058 4748 discretionem
3086 4734 3100 4759 ,
3130 4695 3248 4763 quis
3276 4694 3699 4762 benignitatem,
3737 4696 3849 4763 quis

2276 4781 2447 4836 zelum
2478 4795 2741 4851 sanctum,
2772 4784 2893 4854 quis
2913 4785 3092 4856 jugem
3126 4784 3527 4840 meditationem
3555 4784 3643 4839 die
3673 4800 3849 4841 noctu-

2276 4890 2379 4944 qne
2415 4874 2466 4929 in
2512 4874 2629 4945 lege
2676 4876 2883 4930 Domini
2925 4877 3120 4944 poterit
3158 4876 3467 4946 explicare?
3507 4878 3640 4939 Qua:
3681 4892 3797 4931 cum
3822 4892 3849 4931 a

2276 4966 2625 5021 meditatione
2673 4968 2993 5035 psalmorum
3064 4977 3155 5021 aut
3220 4968 3600 5037 praedicatione
3645 4984 3850 5025 cessare

2276 5058 2565 5125 videretur,
2608 5058 2797 5115 lectrix
2831 5065 2952 5113 ante
2981 5074 3099 5114 eam
3133 5074 3236 5113 una
3267 5060 3653 5115 monachartnn
3685 5062 3850 5129 legere

2274 5167 2381 5211 nan
2413 5151 2723 5206 desistebat.
2752 5150 2808 5204 ln
2841 5159 3046 5204 tantum
3071 5150 3138 5206 de
3168 5150 3330 5206 corde
3359 5152 3439 5206 vel
3471 5166 3567 5206 ore
3598 5151 3740 5205 illius
3765 5134 3845 5205 Dei

2276 5244 2391 5299 laus
2410 5259 2514 5299 non
2544 5241 2873 5307 discedebat,
2903 5249 2958 5295 ut
2980 5256 3101 5296 cum
3122 5241 3349 5311 quadam
3380 5240 3496 5294 vice
3517 5239 3739 5295 vidisset
3760 5255 3845 5309 po-

2278 5336 2567 5392 sticiariam
2588 5333 2897 5387 monasterii
2920 5342 3280 5388 transeuntem
3318 5331 3536 5384 nomine
3580 5328 3849 5398 Eodegun-

2280 5430 2426 5496 dem,
2444 5429 2530 5483 ubi
2555 5442 2672 5482 eam
2696 5427 2866 5482 voluit
2891 5426 3185 5495 appellare,
3213 5441 3311 5496 pro
3338 5424 3457 5494 ejus
3481 5425 3698 5478 nomine
3719 5421 3851 5477 Alle-

2282 5565 2530 5633 pinaaum,
2564 5563 2659 5619 lib.
2692 5579 2742 5628 ι,
2780 5563 3045 5618 obserVat.
3078 5562 3130 5628 8,
3162 5572 3216 5618 et
3236 5559 3570 5629 Menardmn,
3621 5559 3676 5615 in
3721 5557 3849 5615 Con-

2280 5636 2428 5691 cord.
2462 5635 2675 5704 Regul.,
2706 5649 2825 5702 cap.
2861 5635 2949 5697 (il,
2986 5634 3011 5703 §
3048 5634 3099 5704 αι,
3129 5641 3183 5687 et
3209 5634 3362 5704 alios:

2353 5707 2426 5774 (ὁ)
2498 5701 2673 5760 Prima
2723 5701 3027 5760 menasterii
3072 5703 3280 5759 Sanctia
3336 5702 3525 5760 Crucis
3582 5701 3843 5760 abbatissa

2283 5778 2460 5861 Agnes
2486 5779 2571 5837 cui
2597 5776 2859 5832 successit
2884 5774 3215 5831 Leubovera.
