4076 6348
291 333 399 391 069

1501 331 1687 389 WA.
1728 328 1934 386 LIBER
1971 326 2359 388 SECNNDUS.

3455 323 3563 395 670

287 451 398 508 luia
426 449 696 506 clamavit.
745 447 862 504 Hoc
899 446 1099 505 millies
1145 446 1268 505 fecit
1298 464 1314 513 ;
1343 462 1615 518 nunquam
1658 448 1726 502 de
1772 461 1868 503 ore
1894 449 1946 508 Α
1971 446 2073 513 cit,
2108 449 2235 502 utsi
2271 446 2435 504 alicui
2460 446 2531 503 de
2562 448 2835 504 sororibus
2864 460 3070 505 merum
3116 445 3247 503 dare
3274 445 3554 519 voluisset,

288 547 434 603 illius
454 545 736 611 detractio,
760 557 1031 614 nunquam
1058 543 1421 610 mendacium,
1455 558 1722 613 nunquam
1755 557 1868 596 ma-

285 640 540 696 ledictum
562 647 749 693 contra
792 637 1232 707 qualemcumque
1271 650 1550 706 personam
1576 638 1863 706 processit:

282 744 342 789 et
374 748 478 788 non
520 731 695 787 solum
716 745 822 787 non
862 730 1093 785 detraxit
1122 730 1390 799 cuiquam,
1424 729 1517 783 sed
1551 742 1651 785 nec
1686 729 1868 783 detra-

283 827 502 881 hentem
554 824 819 892 patienter
874 823 1095 879 audivit.
1156 823 1261 879 Pro
1312 822 1761 891 persequentibus
1809 837 1867 877 se

279 929 500 982 semper
520 913 698 969 oravit
713 922 769 970 et
787 928 944 970 orare
959 912 1159 970 docuit.
1180 914 1683 983 (longrcgationem,
1707 928 1865 983 quam

280 1008 341 1063 in
375 1008 594 1064 nomine
624 1007 838 1063 Domini
866 1007 1021 1077 plena
1053 1008 1145 1063 Dei
1195 1006 1462 1063 desiderio
1489 1007 1863 1078 congregavit,

277 1101 337 1156 in
364 1110 564 1157 tantum
588 1100 793 1167 dilexit,
813 1110 869 1155 ut
894 1103 1057 1156 etiam
1084 1109 1334 1170 parentes
1361 1101 1444 1156 vel
1474 1116 1655 1171 regem
1680 1101 1867 1169 conju-

274 1209 403 1265 gem
441 1208 502 1250 se
531 1193 784 1251 habuisse
808 1210 905 1250 nec
923 1195 1866 1264 reminisceretur.Quodlrequenter

269 1288 441 1346 nobis
465 1288 594 1344 dum
646 1288 956 1357 praedicaret
984 1289 1236 1344 dicebat:
1264 1288 1371 1344 Vos
1396 1291 1527 1357 elegi
1560 1289 1696 1343 ﬁlias
1720 1327 1737 1354 ,
1770 1303 1865 1344 vos

272 1396 398 1439 mea
433 1382 656 1449 Iumina,
689 1397 784 1438 vos
814 1398 933 1438 mea
963 1385 1093 1448 vita,
1129 1398 1222 1439 vos
1252 1398 1370 1440 mea
1401 1385 1617 1453 requies
1646 1391 1864 1451 totaque

273 1474 533 1543 felicitas,
557 1484 655 1529 vos
674 1474 887 1530 novella
918 1475 1209 1544 plantatio;
1242 1474 1384 1545 agite
1435 1489 1646 1531 mecum
1678 1476 1730 1531 in
1762 1473 1864 1531 hoc

270 1566 503 1632 saeclo,
529 1566 671 1621 unde
691 1566 1016 1637 gaudeamus
1043 1567 1092 1620 iu
1116 1568 1315 1625 futuro.
1344 1568 1501 1623 Plena
1528 1568 1651 1634 ﬁde,
1678 1568 1862 1639 pleno-

273 1649 386 1729 que
411 1658 589 1714 cordis
617 1658 813 1715 alfectu
862 1649 1156 1714 serviamus
1199 1661 1426 1715 Domino
1458 1662 1509 1716 in
1544 1662 1777 1729 timore,
1806 1670 1863 1719 et

271 1750 333 1808 in
359 1750 702 1820 simplicitate
726 1751 907 1807 cordis
929 1767 1233 1821 quazramus
1255 1767 1398 1817 eum,
1428 1763 1484 1807 ut
1512 1769 1633 1809 eum
1666 1755 1859 1811 ﬁducia

271 1844 332 1900 ei
357 1844 536 1901 dicere
575 1845 879 1915 possimus:
907 1848 979 1901 Da
1005 1884 1020 1915 ,
1054 1848 1277 1903 Domine
1302 1882 1318 1915 ,
1346 1848 1488 1918 quod
1522 1850 1858 1919 promisisti,
1892 1845 1938 1904 Β

274 1937 405 2005 quia
435 1938 659 1993 iecimus
680 1938 823 2008 quod
848 1939 1074 2014 iussisti.

350 2030 402 2085 9.
445 2030 723 2099 Nunquam
756 2032 1007 2102 imposuit
1041 2031 1238 2099 facere,
1272 2034 1414 2103 quod
1444 2035 1556 2103 ipsa
1580 2035 1730 2103 prius
1759 2050 1862 2091 non

271 2124 513 2181 fecisset.
558 2124 920 2195 Undeeunque
961 2139 1149 2181 servus
1190 2125 1287 2181 Dei
1344 2127 1601 2193 venisset,
1635 2127 1864 2183 sollicite

272 2216 690 2287 percontabatur
736 2218 966 2287 qualiter
1021 2217 1249 2273 Domino
1303 2223 1532 2276 serviret
1576 2239 1586 2273 :
1641 2223 1686 2277 si
1737 2221 1863 2290 quid

272 2310 401 2365 novi
427 2312 494 2361 ab
516 2324 583 2365 eo
608 2312 915 2381 agnovisset
939 2310 1082 2379 quod
1113 2311 1224 2379 ipsa
1284 2327 1388 2365 non
1426 2311 1658 2383 lacerent,
1691 2316 1864 2368 conti-

242 2436 245 2439 ι
272 2416 385 2456 nuo
414 2416 535 2456 cum
561 2402 707 2456 omni
734 2401 1012 2457 alacritate
1040 2402 1141 2458 sibi
1176 2404 1322 2471 prius
1348 2403 1622 2472 imposuit,
1669 2412 1865 2473 etpost

269 2492 748 2562 congregationem
799 2505 905 2548 tam
951 2496 1118 2549 verbo
1166 2494 1353 2549 docuit
1402 2511 1561 2565 quam
1614 2498 1862 2566 exemplo

269 2584 531 2640 ostendit.
561 2586 694 2640 Cum
743 2596 867 2640 ante
912 2599 1032 2641 eam
1065 2586 1273 2641 vicibus
1320 2586 1561 2656 psalmus
1604 2600 1858 2656 cessaret,

266 2674 433 2733 lectio
478 2690 746 2746 nunquam
796 2676 1062 2740 discessit.
1111 2693 1217 2732 nou
1249 2677 1364 2745 die,
1396 2694 1501 2732 non
1532 2688 1707 2746 nocte,
1754 2696 1861 2735 non

272 2771 401 2825 dum
430 2770 512 2824 vel
550 2769 822 2839 paululum
859 2784 1055 2836 corpus
1092 2784 1247 2825 suum
1290 2770 1497 2827 refecit.
1526 2769 1659 2827 Cum
1701 2773 1860 2827 lectio

270 2859 566 2931 legebatur,
600 2859 686 2914 illa
718 2860 1076 2916 sollicitudine
1112 2863 1199 2931 pia
1227 2863 1523 2918 animarum
1555 2874 1859 2920 nostrarum

272 2966 457 3008 curam
485 2966 699 3022 gerens,
732 2952 945 3007 dicebat
971 2969 985 3005 :
1014 2953 1073 3009 Si
1115 2968 1220 3008 non
1273 2955 1576 3025 intelligitis
1606 2957 1746 3025 quod
1786 2958 1861 3012 le-

272 3046 434 3116 gitur.
467 3045 593 3115 quid
642 3045 893 3116 estquod
940 3061 1047 3101 non
1094 3047 1323 3102 sollicite
1371 3048 1642 3116 requiritis
1668 3062 1861 3114 specu-

273 3138 386 3194 lum
410 3138 710 3193 animarum
741 3138 1077 3193 vestrarum?
1113 3138 1264 3206 Quod
1294 3138 1401 3194 etsi
1424 3139 1601 3193 minus
1630 3154 1726 3208 pro
1769 3156 1859 3195 re-

1972 536 2041 595 de
2062 555 2157 596 suo
2207 541 2307 596 sibi
2356 541 2576 597 cellario
2623 549 2843 612 tangere
2887 556 2996 597 non
3044 541 3405 610 praesumpsit.
3438 540 3558 609 Quo

1971 634 2187 706 cognito
2204 634 2523 691 venerabilis
2547 635 2839 699 abbatissa,
2864 634 3013 689 dedit
3041 634 3090 690 ei
3118 634 3411 689 tonnellam
3435 642 3559 690 octo

1968 712 2315 795 inodioram,
2367 741 2525 797 quam
2572 727 2743 783 beata:
2776 726 3038 782 Felicitati
3066 726 3297 783 cellaria:
3345 723 3413 779 ad
3464 740 3560 778 ex-

1970 835 2193 891 pensam
2226 821 2645 876 commendavit.
2682 822 2755 877 De
2785 819 3053 877 vindemia
3081 834 3251 891 usque
3289 817 3357 874 ad
3396 819 3556 874 aliam

1969 914 2219 968 omnibus
2245 913 2431 968 diebus
2477 912 2784 982 ubicunque
2826 911 2873 966 ei
2896 912 3090 969 Sancta
3115 911 3306 982 jussit,
3341 910 3559 979 dispen-

1966 1005 2127 1071 savit,
2169 1013 2221 1058 et
2248 1019 2522 1074 nunquam
2555 1003 2766 1067 minuit,
2803 1003 2896 1058 sed
2930 1018 3144 1072 semper
3175 1000 3395 1071 :equalis
3435 1015 3557 1069 per-

1968 1094 2186 1151 mansit.
2219 1093 2319 1150 Ubi
2370 1109 2568 1149 novutn
2598 1096 2774 1147 viuum
2820 1094 3040 1147 advenit
3089 1092 3229 1164 quod
3278 1091 3554 1147 cellarium

1965 1184 2229 1256 implevit,
2258 1200 2318 1241 se
2344 1185 2575 1240 tonuella
2604 1186 2736 1238 satis
2767 1184 2960 1239 fecisse
2988 1181 3248 1249 credidit;
3270 1194 3395 1236 ante
3421 1196 3556 1250 pon-

1967 1286 2123 1333 tones
2152 1289 2206 1335 et
2238 1287 2414 1333 tonna‘.
2464 1276 2777 1332 defecerunt
2807 1290 2967 1345 quam
3002 1272 3119 1328 haec
3147 1290 3263 1344 quae
3296 1274 3465 1328 beatae
3486 1274 3553 1339 {in

1967 1369 2216 1425 omnibus
2280 1368 2407 1424 fecit
2462 1367 2812 1422 voluntatem.
2884 1365 3141 1421 Domitius
3195 1366 3264 1421 de
3322 1366 3556 1436 quinque

1966 1463 2195 1533 panibus
2243 1472 2298 1518 et
2341 1460 2571 1532 geminis
2620 1461 2853 1529 piscibus
2903 1459 3135 1530 quinque
3192 1456 3335 1527 pavit
3389 1456 3552 1510 millia

1966 1556 2281 1623 hominum,
2330 1563 2385 1611 et
2439 1569 2591 1610 suam
2634 1551 2887 1607 ancillam
2914 1593 2928 1620 ,
2960 1550 3262 1621 ubicunque
3314 1549 3553 1620 indigere

1964 1647 2139 1715 vidit,
2201 1648 2271 1703 de
2333 1646 2435 1705 hoc
2495 1660 2662 1717 parvo
2716 1641 2918 1718 [supple
2968 1638 3207 1714 vasculo]
3256 1650 3365 1696 toto
3413 1654 3554 1695 anno

1965 1745 2175 1802 refecit.

2041 1839 2064 1890 ι1
2078 1838 2127 1890 1.
2157 1837 2381 1905 Semper
2404 1832 2471 1889 de
2501 1847 2631 1904 pace
2657 1831 2911 1899 sollicita,
2938 1830 3006 1886 de
3034 1830 3207 1886 salute
3238 1828 3421 1900 patria;
3460 1843 3553 1885 cu—

1968 1930 2131 1996 riosa,
2180 1927 2609 1997 quandoquidem
2660 1926 2803 1981 inter
2845 1939 2905 1981 se
2956 1938 3120 1995 regna
3171 1922 3549 1988 movebantur,

1966 2023 2091 2092 quia
2125 2029 2267 2075 totos
2295 2018 2549 2089 diligebat
2582 2032 2755 2087 reges,
2792 2032 2886 2086 pro
2926 2016 3166 2072 omnium
3196 2016 3304 2069 vita
3333 2013 3552 2079 orabat,

1966 2127 2022 2171 et
2056 2130 2150 2169 nos
2175 2111 2713 2168 sineintermissione
2742 2126 2839 2182 pro
2867 2127 3051 2166 eorum
3077 2108 3373 2167 stabilitate
3396 2122 3555 2164 orare

1967 2208 2211 2265 docebat.
2251 2204 2347 2259 Ubi
2377 2220 2469 2259 eos
2506 2204 2645 2258 inter
2670 2218 2729 2259 se
2758 2203 3170 2258 amaritudinem
3203 2216 3419 2256 movere
3459 2215 3553 2255 au-

1967 2300 2158 2363 disset,
2188 2305 2297 2350 tota
2323 2294 2606 2360 tremebat,
2642 2305 2695 2349 et
2726 2295 2913 2365 quales
2937 2294 3143 2347 litteras
3170 2292 3263 2345 uni
3286 2331 3302 2357 ,
3329 2289 3462 2346 tales
3484 2288 3554 2344 al-

1966 2394 2064 2450 teri
2088 2390 2371 2461 dirigebat,
2406 2399 2462 2444 ut
2488 2390 2625 2445 inter
2652 2404 2712 2444 se
2745 2404 2849 2442 non
2882 2386 3020 2441 bella
3050 2401 3148 2440 nec
3178 2399 3327 2439 arma
3363 2392 3554 2439 tracta-

1963 2500 2108 2557 rent,
2136 2490 2228 2545 sed
2261 2502 2447 2557 pacem
2484 2487 2763 2542 ﬁrmarent
2789 2496 2844 2540 ut
2868 2486 3037 2555 patria
3064 2501 3129 2541 ne
3155 2484 3367 2555 periret.
3395 2480 3554 2537 Simi-

1964 2584 2086 2639 liter
2108 2591 2161 2639 et
2187 2582 2255 2636 ad
2284 2596 2472 2637 eorum
2506 2595 2756 2651 proceres
2784 2579 3071 2649 dirigebat,
3099 2586 3156 2632 ut
3184 2576 3457 2646 praecelsis
3484 2590 3554 2629 re-

1962 2676 2116 2746 gibus
2144 2674 2368 2730 cousilia
2396 2671 2672 2728 salutifera
2702 2672 3093 2736 ministrarent,
3125 2678 3182 2724 ut
3210 2668 3288 2723 eis
3322 2682 3553 2737 regnan-

1964 2768 2128 2835 tibus,
2160 2766 2334 2835 populi
2367 2776 2421 2821 et
2448 2764 2617 2835 patria
2643 2763 2910 2819 salubrior
2937 2761 3273 2817 redderetur.
3318 2758 3554 2825 Congre-

1963 2862 2166 2930 εειιὶοηί
2195 2877 2306 2916 sua)
2335 2860 2579 2916 assiduas
2602 2859 2813 2929 vigilias
2859 2856 3162 2927 imponebat
3193 2872 3206 2908 :
3237 2866 3291 2908 et
3328 2862 3390 2907 ut
3433 2852 3553 2907 sine

1964 2954 2362 3010 intermissione
2389 2966 2486 3021 pro
2511 2951 2590 3007 eis
2619 2958 2837 3006 orarent
2862 2963 2980 3003 cum
3010 2947 3262 3019 lacrymis
3294 2942 3542 2998 docebat.

1964 3047 2176 3101 Severo
2205 3046 2257 3100 in
2281 3054 2538 3114 quantum
2562 3043 2800 3099 cruciatu
2823 3039 3244 3111 alﬁigebat,quis
3266 3038 3365 3092 hoc
3380 3036 3553 3091 verbis

1966 3139 2188 3207 explere
2220 3137 2427 3191 valeat?
2456 3145 2514 3192 et
2537 3135 2899 3191 intercedente
2926 3149 2987 3189 ea
3021 3148 3121 3202 pax
3153 3147 3335 3201 regum
3358 3174 3372 3199 ,
3408 3129 3551 3183 tuiti-

273 3232 516 3288 verentia
539 3232 870 3303 interrogare
900 3232 1341 3300 praesumebatur,
1373 3232 1463 3287 illa
1493 3234 1579 3302 pia
1603 3232 1859 3288 sollicitu-
1887 3220 1935 3285 ϐ
1964 3230 2106 3301 gatio
2135 3228 2286 3297 belli,
2316 3227 2460 3283 salus
2491 3227 2674 3297 patriae
2705 3226 2919 3291 aderat;
2945 3233 3002 3278 ut
3031 3225 3144 3294 ejus
3175 3223 3453 3276 obtentum
3482 3219 3551 3273 in-

270 3322 399 3379 dine
429 3332 777 3393 maternoque
804 3323 1012 3389 ati‘ectu,
1048 3324 1191 3394 quod
1222 3324 1380 3381 lectio
1409 3325 1744 3391 continebat,
1789 3326 1853 3381 ad

271 3415 466 3471 anima:
492 3416 716 3471 salutem
769 3416 1061 3484 praedicare
1100 3432 1207 3473 non
1234 3418 1502 3474 cessabat.
1548 3419 1697 3473 Sicut
1742 3419 1856 3488 apis

271 3508 482 3566 diversa
503 3524 698 3580 genera
727 3510 919 3565 ﬁorutn
949 3526 1280 3583 congregans
1312 3512 1452 3570 unde
1495 3512 1650 3569 mella
1690 3514 1857 3570 conﬁ-

271 3602 415 3669 ciat;
444 3602 524 3657 sic
549 3603 636 3657 illa
662 3602 729 3657 ab
751 3601 868 3672 his,
897 3618 1032 3674 quos
1062 3605 1338 3672 invitabat,
1380 3606 1648 3676 spiritales
1677 3608 1857 3663 stude-

271 3693 366 3749 bat
391 3707 614 3764 carpere
636 3694 913 3764 ilosculos,
950 3696 1091 3751 unde
1118 3697 1246 3752 boni
1268 3699 1450 3767 operis
1493 3699 1723 3754 fructum
1747 3711 1853 3755 tam

271 3785 376 3841 sibi
428 3802 586 3856 quam
632 3788 746 3843 suis
793 3790 1112 3859 sequacibus
1157 3792 1461 3847 exhiberet.
1514 3793 1649 3848 Dum
1699 3806 1855 3851 nocte

270 3877 424 3949 quasi
468 3878 554 3933 vel
609 3878 769 3933 unius
814 3880 961 3934 horae
1004 3881 1239 3950 spatium
1289 3882 1566 3938 videretur
1606 3899 1853 3939 somnum

270 3989 515 4045 carpere,
545 3989 756 4044 semper
785 3976 944 4031 lectio
973 3975 1267 4045 legebatur.
1299 3976 1429 4046 Quae
1460 3977 1691 4045 legebat,
1718 3980 1771 4033 in
1796 3996 1853 4034 se

271 4070 446 4125 somni
489 4082 782 4124 marcorem
820 4069 1080 4134 sentiens,
1116 4070 1338 4139 putabat
1375 4086 1493 4126 eam
1526 4070 1636 4139 jam
1666 4072 1854 4141 paulu-

271 4160 381 4215 lum
402 4161 759 4231 requiescere.
776 4160 876 4216 Ubi
897 4175 927 4215 a
944 4161 1177 4218 lectione
1197 4174 1461 4219 cessasset
1480 4180 1630 4220 meus
1652 4166 1853 4223 intenta

267 4252 337 4309 ad
364 4252 652 4317 Christum,
682 4260 932 4321 tanquam
958 4253 1004 4308 si
1028 4252 1265 4310 diceret:
1299 4254 1412 4325 Ego
1452 4256 1672 4319 dormio,
1698 4266 1745 4311 et
1766 4273 1854 4313 cor

267 4360 439 4398 meum
476 4344 649 4417 uigilat
680 4344 853 4414 (Cant.
876 4345 956 4415 v),
992 4346 1208 4400 aiebat:
1237 4345 1413 4414 Quare
1454 4355 1601 4404 taces
1636 4349 1850 4421 ?Lege,

270 4451 340 4492 ne
366 4450 569 4496 cesses.
589 4436 1019 4507 Atubisurgendi
1043 4440 1227 4493 horam
1250 4439 1483 4495 mediam
1502 4439 1703 4498 faceret
1718 4458 1847 4511 nox,

274 4546 576 4601 quanquam
589 4540 746 4587 antea
763 4539 933 4587 totum
946 4533 1017 4587 im
1026 4532 1525 4603 plevissetcursum,
1540 4551 1657 4606 quae
1677 4536 1853 4592 adhuc

1967 3321 2288 3390 telligentes,
2319 3318 2656 3375 benedictum
2698 3331 2892 3372 nomen
2930 3315 3135 3370 Domini
3165 3313 3549 3369 collaudarent.

1961 3416 2264 3485 Quamlibet
2289 3414 2355 3468 de
2394 3429 2521 3482 pace
2568 3428 2752 3482 regum
2782 3427 2901 3467 cum
2947 3425 3070 3479 rege
3113 3410 3232 3464 ραςιί
3266 3408 3551 3463 victoriam

1960 3511 2258 3575 obtineret,
2306 3507 2472 3576 magis
2515 3521 2575 3560 se
2609 3506 2715 3561 Deu
2745 3505 2991 3559 devotam
3022 3512 3265 3573 prompte
3314 3500 3551 3567 Optabat,

1952 3610 2013 3658 et
2042 3600 2279 3655 omnium
2331 3597 2555 3654 servitio
2604 3597 2970 3665 mancipabat,
3024 3610 3128 3649 non
3173 3608 3367 3648 curans
3398 3591 3552 3663 quale

1958 3692 2274 3761 obsequium
2301 3689 2527 3758 faceret,
2554 3704 2673 3759 qua:
2700 3690 2821 3744 totis
2852 3684 3144 3761 [omnibus]
3190 3687 3409 3756 implere
3439 3690 3551 3738 stus

1960 3782 2120 3837 debat
2164 3780 2493 3836 servitium:
2533 3780 2697 3849 pedes
2744 3777 2981 3833 omnium
3032 3778 3275 3831 manibus
3322 3775 3553 3845 propriis

1962 3873 2169 3936 lavans,
2200 3872 2403 3927 sabano
2427 3880 2637 3939 tergens
2668 3879 2723 3926 et
2759 3870 3029 3938 osculans,
3060 3878 3135 3934 et,
3166 3869 3210 3925 si
3236 3868 3551 3937 permissum

1957 3964 2164 4027 fuisset,
2195 3963 2260 4018 ad
2284 3961 2687 4023 similitudinem
2715 3948 2892 4016 Maria:
2925 3960 3055 4017 fu~is
3100 3961 3336 4017 crinibus
3367 3967 3548 4013 exter-

1956 4070 2084 4126 gere
2112 4070 2215 4111 non
2246 4054 2597 4110 retinebatur.
2621 4054 2775 4110 Unde
2809 4069 2902 4122 pro
2934 4064 3036 4108 tam
3073 4053 3349 4109 immensis
3381 4051 3547 4107 bene-

1958 4147 2114 4217 liciis,
2146 4161 2264 4215 quae
2292 4154 2418 4201 sunt
2447 4145 2499 4200 in
2529 4159 2590 4203 ea
2638 4145 2819 4200 divino
2849 4160 3070 4199 munere
3116 4144 3330 4209 collata,
3372 4133 3548 4196 Domi-

1955 4254 2059 4295 nus
2091 4239 2347 4293 virtutum
2377 4237 2595 4307 largitor
2622 4252 2741 4293 eam
2767 4236 2819 4291 iu
2851 4220 3116 4291 miraculis
3138 4234 3415 4290 clariorem
3438 4235 3530 4289 red

1956 4333 2092 4389 didit
2141 4334 2194 4387 in
2227 4331 2451 4386 Francia
2482 4347 2497 4386 :
2530 4330 2621 4386 ubi
2663 4332 2788 4385 dum
2841 4345 3063 4401 regnare
3115 4330 3414 4395 videretur,
3447 4319 3549 4381 sibi

1955 4428 2128 4498 magis
2156 4425 2377 4483 caeleste
2405 4441 2566 4497 quam
2615 4434 2886 4481 terrenum
2934 4424 3254 4494 praeparavit
3297 4435 3542 4489 regnum.

1958 4518 2183 4577 Fecerat
2229 4515 2331 4573 sibi
2376 4517 2697 4582 oratorium,
2747 4523 3009 4586 quatenus
3055 4512 3259 4567 vicibus
3310 4512 3434 4564 dum
3484 4524 3544 4563 se

273 4638 374 4679 nec
415 4638 663 4694 soporem
690 4634 954 4691 senserat,
980 4624 1089 4694 jam
1134 4636 1312 4694 parata
1340 4625 1407 4682 de
1449 4586 1619 4682 εει-ξω
1644 4628 1710 4684 ad
1743 4629 1854 4684 υο-
1884 4586 1939 4648 Ῑ)
1962 4612 2077 4683 regi
2115 4609 2457 4676 subduceret,
2491 4623 2705 4678 semper
2732 4606 2805 4661 ibi
2834 4606 3119 4660 Dominum
3161 4603 3282 4659 cteli
3332 4601 3546 4656 invoca-

273 4714 405 4769 mini
435 4715 713 4770 servitium
739 4716 979 4787 gaudens
1018 4718 1269 4787 surgebat
1299 4726 1358 4772 ut
1387 4734 1509 4773 cum
1541 4720 1731 4777 ﬁducia
1772 4722 1853 4775 di-

270 4819 417 4865 ceret
441 4826 455 4861 :
490 4807 665 4863 Media
690 4817 834 4864 nocte
860 4811 1130 4883 surgebam
1156 4812 1225 4866 ad
1246 4813 1592 4881 conﬁtendum
1617 4815 1726 4878 tibi.
1752 4815 1853 4870 Do-

270 4900 408 4955 mine
436 4898 605 4970 (Psal.
638 4900 855 4968 cxvm).
883 4901 1013 4956 Nam
1045 4902 1351 4973 frequenter
1381 4914 1432 4959 et
1471 4905 1707 4961 dormire
1735 4907 1849 4960 visa

268 5002 352 5048 est
381 5001 435 5047 et
458 4991 729 5062 psalmum
749 4994 1038 5049 decantare
1067 4995 1119 5049 iu
1150 4994 1266 5065 ipso
1288 5010 1502 5065 sopore,
1523 4998 1594 5051 ita
1622 5007 1679 5051 ut
1706 5006 1855 5053 recte

269 5094 325 5143 et
356 5084 617 5141 veraciter
644 5087 849 5143 diceret
888 5106 901 5141 :
934 5086 1206 5145 Heditatio
1234 5091 1405 5144 cordis
1430 5091 1529 5143 mei
1559 5090 1612 5144 in
1643 5106 1854 5159 conspe-

1957 4715 2063 4772 ret,
2092 4710 2142 4759 in
2170 4720 2273 4775 quo
2303 4701 2559 4758 beneﬁcia
2592 4699 2685 4754 Dei
2708 4706 3027 4769 prastantur
3057 4698 3122 4751 ad
3150 4696 3539 4752 invocationem

1955 4798 2072 4867 ejus
2101 4796 2355 4860 nominis,
2384 4791 2536 4862 cujus
2564 4791 2777 4847 assidua
2808 4790 2877 4845 ibi
2906 4787 3003 4845 l‘uit
3026 4789 3214 4843 oratio.

2026 4908 2113 4964 ﬂ.
2158 4908 2442 4976 Postquam
2472 4918 2533 4959 se
2575 4904 2628 4960 in
2672 4903 2997 4958 monasterio
3037 4899 3258 4959 reclusit
3295 4907 3538 4954 matrona

1954 5002 2268 5066 Mammeso,
2305 4998 2541 5063 nomine,
2569 4997 2695 5052 dum
2747 4996 2849 5051 iter
2891 5003 3097 5065 ageret,
3146 4994 3200 5048 in
3251 4992 3409 5048 oculo
3442 5007 3540 5047 suo

1951 5094 2129 5165 gravis
2157 5101 2238 5148 est
2265 5089 2528 5146 serdicula
2560 5089 2817 5158 ingressa.
2856 5086 2952 5144 Ubi
2996 5102 3101 5143 ttna
3127 5099 3251 5151 vox,
3280 5097 3418 5139 unus
3440 5082 3540 5137 do-

268 5186 355 5232 ctu
385 5186 473 5231 tuo
514 5194 711 5247 semper
756 5178 929 5251 (Ptol.
982 5180 1155 5251 svnt).
1186 5181 1472 5237 Charitatis
1516 5191 1693 5237 autem
1736 5181 1852 5251 ejus
1950 5187 2055 5253 lor,
2088 5198 2224 5240 unus
2252 5185 2477 5248 clamor,
2520 5182 2611 5237 diu
2665 5191 2929 5251 noctuque
2978 5180 3151 5237 inerat
3178 5178 3256 5242 ei,
3291 5183 3347 5229 ut
3388 5187 3537 5229 suam

268 5270 520 5327 ardorem
551 5285 657 5340 quo
703 5286 893 5328 omnes
944 5274 1188 5329 homines
1224 5272 1438 5341 dilexit,
1470 5276 1588 5345 quis
1618 5291 1848 5346 unquam

269 5362 467 5431 poterit
492 5362 721 5418 imitari?
752 5363 1217 5434 Besplenduerunt
1253 5368 1305 5420 in
1342 5382 1403 5421 ea
1432 5384 1658 5437 quaeque
1684 5370 1852 5424 virtu-

267 5460 370 5522 tes,
404 5454 663 5512 modestia
689 5471 811 5513 cum
843 5458 1186 5524 verecundia,
1216 5459 1477 5527 sapientia
1501 5477 1621 5517 eum
1643 5462 1851 5532 simpli-

265 5549 451 5615 citate,
499 5551 762 5608 severitas
808 5566 931 5607 cum
978 5553 1408 5621 mansuetudine,
1436 5556 1681 5612 doctrina
1726 5570 1849 5613 cum

268 5640 588 5711 humilitate,
638 5644 742 5699 vita
775 5643 1005 5715 denique
1054 5646 1415 5714 immaculata,
1463 5649 1568 5703 vita
1622 5651 1854 5721 irrepre-

271 5729 571 5801 hensibilis,
602 5735 716 5791 vita
746 5734 963 5793 sibimet
990 5752 1202 5810 semper
1229 5741 1469 5810 aequalis.

350 5830 426 5883 it).
463 5829 524 5886 ιιι
550 5839 753 5891 tantum
783 5846 845 5889 se
872 5841 1184 5891 extraneam
1216 5835 1285 5892 de
1314 5834 1473 5893 rebus
1503 5836 1734 5906 propriis
1770 5837 1849 5897 l‘e-

1962 5279 2175 5335 ﬁdelem
2208 5277 2463 5332 Dominus
2490 5262 2814 5331 declareret.
2845 5274 3157 5343 Quanquam
3206 5269 3274 5324 ibi
3315 5264 3542 5336 corpore

1954 5374 2066 5445 jam
2098 5387 2203 5427 non
2230 5378 2394 5436 esset,
2426 5370 2491 5424 ad
2516 5369 2907 5426 invocationem
2941 5381 3151 5438 quoque
3192 5361 3426 5418 nominis
3455 5360 3540 5416 sui

1962 5466 2190 5536 benigne
2236 5464 2426 5520 adfuit.
2472 5464 2727 5519 Dominus
2758 5461 2934 5532 posuit
2975 5460 3024 5514 ei
3070 5460 3123 5513 in
3151 5470 3333 5521 sensu,
3367 5466 3425 5511 ut
3473 5456 3540 5513 ad

1960 5574 2114 5615 suum
2140 5556 2432 5630 oratorium
2460 5562 2727 5626 pergeret,
2755 5563 2808 5608 et
2837 5552 2903 5606 ad
2931 5554 3047 5621 ejus
3069 5552 3455 5605 invocationem
3479 5565 3541 5607 se

1957 5652 2153 5708 salvari
2183 5654 2445 5706 crederet.
2472 5653 2542 5704 At
2560 5649 2650 5702 ubi
2680 5649 2876 5702 femina
2896 5647 3082 5701 dolore
3110 5646 3264 5715 plena
3295 5646 3539 5701 manibus

1959 5746 2290 5807 servulorum
2335 5759 2552 5801 suorum
2582 5750 2898 5806 sustentata,
2952 5744 3039 5796 vix
3071 5743 3134 5794 ad
3182 5741 3310 5795 illud
3360 5751 3537 5795 orato-

1888 5896 1927 5923 __‘
1958 5841 2097 5900 rium
2124 5838 2248 5896 duci
2279 5845 2510 5907 poterat,
2538 5834 2926 5892 validissimum
2952 5836 3225 5897 sustinens
3270 5835 3512 5903 dolorem
