4076 6348
580 325 676 383 671

1445 328 1716 385 SANCTA
1754 324 2197 383 RADEGUNDIS
2227 369 2243 394 ,
2288 322 2547 381 REGINA
2590 323 2921 383 FR'ANCIE
2950 366 2969 394 ,

3773 331 3879 385 67?.

580 458 639 500 se
665 445 716 499 in
745 458 1105 515 panmentum
1135 448 1360 521 projecit
1380 458 1434 504 et
1452 451 1683 505 clamare
1709 450 1874 518 coepit
1901 466 1912 500 :
1939 446 2163 501 Domina
2194 444 2243 505 Α
2270 454 2325 498 et
2352 458 2486 513 quas
2511 445 2789 514 paradisus
2817 444 3002 512 habet,
3055 444 3170 514 ipsa
3197 447 3387 501 devota
3420 459 3526 528 tam
3560 451 3879 506 muneribus

581 536 951 611 Badegundis,
978 542 1141 598 credo
1170 553 1221 599 te
1247 545 1446 598 virtute
1474 543 1566 597 Dei
1595 558 1715 598 esse
1747 545 1957 610 plenam
1980 583 1994 605 ,
2024 540 2174 608 cujus

584 633 916 688 voluntatem
966 636 1132 705 magis
1178 637 1343 690 fecisti
1393 650 1549 706 quam
1598 636 1871 690 hominum
1920 634 2174 688 :domina

590 724 758 791 bona,
775 728 970 796 pietate
990 729 1167 796 plena,
1193 728 1451 784 miserere
1473 728 1601 795 mei,
1618 727 1835 782 subveni
1851 725 2173 789 infelici,ora

585 831 686 887 pro
716 834 801 874 me
833 827 891 874 ut
919 820 1050 874 mihi
1078 820 1332 876 reddatur
1354 820 1562 886 oculus,
1592 820 1712 889 quia
1746 834 1853 887 pra:
1883 818 2029 887 gravi
2056 832 2175 871 cru-

588 914 731 968 ciatu
761 923 816 970 et
842 914 1029 970 dolore
1077 916 1327 984 affligitur
1356 916 1528 969 anima
1581 929 1721 969 mea.
1764 914 1853 967 Sic
1898 914 2007 977 illa,
2056 926 2176 980 quas

588 1006 806 1068 dolores
835 1010 1071 1063 omnium
1104 1009 1156 1062 in
1182 1024 1241 1064 se
1266 1010 1377 1062 sola
1408 1006 1625 1083 [solam]
1657 1005 1928 1061 transtulit
1965 1005 2089 1059 dum
2121 1004 2175 1059 in

593 1113 821 1169 corpore
854 1100 967 1165 fuit,
1015 1115 1182 1172 usque
1206 1101 1333 1154 dum
1378 1100 1458 1154 eis
1488 1099 1687 1155 mederi
1715 1098 1993 1167 potuisset,
2028 1097 2177 1152 beni-

590 1209 693 1265 gne
720 1194 993 1249 exaudivit
1019 1195 1084 1248 ad
1117 1196 1509 1249 invocationem
1540 1191 1771 1246 nominis
1815 1192 1917 1245 sui.
1953 1189 2178 1247 Domino

592 1286 881 1341 miserante
910 1302 1002 1355 per
1030 1285 1147 1355 ejus
1177 1286 1534 1339 interventum
1558 1284 1708 1337 dolor
1740 1283 1891 1353 fugit,
1925 1283 2071 1337 salus
2092 1282 2178 1336 ad-

593 1378 756 1442 venit,
787 1378 997 1432 oculum
1029 1392 1186 1447 quem
1213 1377 1324 1447 jam
1353 1392 1412 1431 se
1438 1374 1738 1444 perdidisse
1778 1374 2053 1439 credebat,
2083 1389 2177 1429 so-

592 1468 703 1523 lum
735 1469 973 1524 dolorem
1028 1469 1293 1535 sentiens,
1327 1483 1515 1523 sanum
1548 1467 1773 1535 recipit:
1808 1481 1928 1536 quae
1958 1473 2035 1521 tot
2065 1463 2178 1520 die-

595 1559 698 1615 bus
742 1576 841 1615 nec
882 1560 1059 1614 cibum
1103 1567 1426 1629 sumpserat,
1475 1574 1574 1613 nec
1605 1560 1783 1612 lumen
1815 1556 1919 1612 diei
1950 1556 2175 1621 viderat,

598 1652 823 1723 pedibus
853 1653 962 1706 suis
993 1653 1138 1707 nullo
1169 1659 1504 1707 sustentante
1535 1649 1816 1705 incolumis
1863 1649 1928 1703 ad
1960 1648 2177 1703 domum

594 1759 746 1802 suam
779 1761 992 1801 reversa
1023 1753 1124 1811 est,
1156 1745 1382 1800 Domino
1408 1758 1574 1815 usque
1604 1744 1660 1798 in
1698 1752 2015 1812 przcsentem
2035 1741 2179 1797 diem

594 1840 820 1911 gratiam
852 1853 1035 1908 agens.

669 1930 757 1985 15.
799 1930 1095 1999 Adjiciatur
1118 1939 1172 1986 et
1212 1930 1352 1985 aliud
1386 1930 1451 1983 ad
1481 1928 1688 1983 laudem
1716 1927 1914 1983 Christi
1945 1926 2176 1981 miracu-

602 2025 711 2080 lum
759 2026 849 2096 qui
893 2040 1020 2080 suos
1062 2023 1327 2094 trepidare
1372 2022 1491 2077 aliis
1540 2020 1684 2076 facit.
1725 2020 2022 2088 Vinoberga
2076 2034 2179 2073 una

601 2118 718 2187 ejus
745 2116 847 2171 fuit
892 2116 1108 2184 famula,
1157 2130 1275 2185 qum
1317 2128 1448 2169 ausu
1500 2113 1787 2169 temerario
1832 2112 1883 2166 in
1928 2111 2180 2165 cathedra

595 2210 766 2267 beata:
810 2210 1007 2280 reginte
1035 2217 1155 2279 post
1182 2207 1299 2278 ejus
1326 2206 1629 2262 discessum
1678 2204 1867 2261 sedere
1917 2216 2178 2273 praesum-

594 2304 728 2375 psit.
757 2302 873 2369 Quo
904 2302 1074 2365 facto,
1105 2299 1305 2370 judicio
1330 2300 1421 2355 Dei
1447 2312 1697 2368 percussa
1729 2297 1806 2351 sic
1838 2296 2082 2360 ardebat,
2125 2301 2183 2348 ut

594 2395 835 2450 viderent
863 2406 1049 2448 omnes
1073 2382 1275 2447 fumum
1302 2392 1370 2447 de
1400 2405 1460 2445 ea
1486 2390 1540 2445 in
1567 2390 1733 2443 altum
1768 2387 2096 2457 procedere,
2128 2396 2184 2442 et

596 2486 685 2542 illa
732 2500 910 2542 coram
958 2485 1101 2540 omni
1151 2482 1351 2554 populo
1380 2482 1765 2552 pro‘clamaret,
1814 2478 2080 2533 confitens
2122 2493 2184 2534 se

596 2595 877 2652 peccasse;
908 2591 962 2635 et
1004 2586 1289 2650 prOpterea
1319 2576 1556 2641 arderet,
1591 2574 1717 2643 quia
1758 2573 1812 2628 in
1844 2572 2012 2627 beata:
2056 2569 2186 2626 sede

596 2672 932 2729 consederat.
966 2670 1162 2726 Tribus
1192 2670 1379 2724 diebus
1405 2680 1456 2723 et
1498 2668 1670 2721 tribus
1718 2665 1964 2721 noctibus
1994 2664 2184 2718 incen-

596 2765 742 2820 dium
775 2744 930 2834 passa
961 2763 1258 2817 vociferans
1288 2761 1591 2815 clamabat:
1641 2759 1865 2812 Domina
1896 2756 2185 2826 Radegun-

596 2855 701 2923 dis,
755 2854 994 2923 peccavi,
1032 2852 1168 2906 male
1199 2851 1303 2922 egi,
1358 2850 1594 2920 indulge,
1644 2848 1904 2919 refrigera
1948 2845 2187 2901 membra

598 2949 738 3004 duro
766 2947 1003 3001 cruciatu
1034 2954 1259 3010 exusta;
1295 2941 1659 2998 misericordia
1687 2941 1855 3011 larga,
1880 2939 2035 2993 bonis
2056 2953 2188 3008 ope-

596 3044 741 3100 ribus
756 3041 1009 3112 gloriosa,
1035 3056 1151 3111 quae
1176 3040 1424 3094 omnibus
1448 3040 1740 3103 misereris,
1770 3039 2031 3092 miserere
2056 3036 2181 3090 mei.

596 3135 653 3190 ln
683 3144 827 3190 tanta
859 3148 1014 3204 paena
1046 3134 1215 3202 ipsam
1244 3134 1419 3187 omnis
1469 3131 1696 3201 populus
1728 3130 1935 3194 videns,
1981 3144 2080 3197 pro
2124 3141 2187 3183 ea

2275 549 2433 604 quam
2465 536 2715 605 precibus
2742 535 2842 592 sibi
2867 536 3119 591 obtinuit.
3150 535 3284 591 Cum
3314 538 3509 607 quibus
3540 538 3881 595 incessabili-

2277 636 2358 683 ter
2378 629 2488 699 jugi
2522 628 2866 684 meditatione
2891 628 3127 699 psalmos
3153 636 3208 683 et
3231 629 3464 699 hymnos
3491 644 3556 686 se
3581 630 3879 689 decantare

2275 721 2547 777 credebat.

2355 816 2437 869 t5.
2455 815 2703 871 Pervenit
2725 814 2937 871 tandem
2958 815 3023 869 ad
3050 829 3169 870 eam
3187 814 3255 869 de
3269 814 3470 870 domno
3485 815 3786 871 Mammete
3806 818 3879 887 (α)

2278 917 2535 980 martyre,
2588 909 2729 978 quod
2775 908 3163 979 Hierosolymis
3192 917 3375 963 sancta
3429 925 3528 964 sua
3569 912 3882 979 requiesce-

2281 1011 2403 1059 rent
2428 1000 2686 1055 membra.
2719 999 2845 1055 Haec
2869 999 3092 1055 audiens
3137 998 3289 1053 avida
3322 1010 3378 1055 et
3419 1000 3697 1055 sitibunda
3728 1012 3881 1069 pota-

2279 1096 2371 1151 bat
2394 1096 2541 1149 velut
2568 1093 2823 1166 'ltydrops
2853 1094 2942 1163 qui
2994 1102 3251 1162 quantum
3282 1092 3483 1148 fontem
3522 1094 3716 1157 trahit,
3761 1102 3880 1148 tan-

2282 1200 2393 1246 tum
2426 1189 2542 1244 sitis
2574 1188 2750 1243 addita
2781 1187 3016 1255 crescit;
3048 1188 3147 1241 ista
3192 1187 3261 1243 de
3299 1202 3423 1242 rore
3455 1187 3549 1242 Dei
3588 1187 3719 1256 plus
3764 1203 3879 1241 mae
3936 1248 3948 1265 .

2282 1281 2491 1337 defacta
2520 1279 2679 1335 calet.
2709 1278 3032 1333 Transmisit
3057 1278 3232 1332 virum
3264 1277 3633 1334 venerabilem
3667 1278 3880 1333 Reova-

2283 1373 2388 1429 lem
2418 1374 2810 1444 presbyterum,
2840 1372 2929 1442 qui
2980 1380 3108 1429 tunc
3142 1373 3418 1428 saecularis
3446 1382 3566 1428 erat
3604 1382 3666 1428 et
3707 1373 3883 1427 adhuc

2282 1477 2553 1536 superstes
2580 1475 2666 1521 est
2706 1481 2954 1537 corpore,
2990 1466 3055 1520 ad
3088 1466 3446 1536 patriarcham
3487 1466 3882 1539 Hierosolymi-

2286 1568 2467 1615 tanum
2509 1574 2733 1629 poscens
2759 1559 2826 1614 de
2867 1559 3009 1615 beati
3037 1559 3334 1615 Mamntetis
3361 1560 3700 1629 pignoribus.
3732 1560 3881 1627 Quod

2284 1652 2366 1708 vir
2394 1652 2490 1708 Dei
2518 1653 2746 1722 benigne
2773 1652 3072 1721 suscipiens
3099 1653 3406 1723 rogationes
3432 1652 3638 1722 populo
3670 1653 3881 1721 indixit,

2287 1747 2611 1802 voluntatem
2633 1745 2726 1801 Dei
2757 1745 3031 1814 inquirens
3058 1762 3071 1798 :
3094 1744 3247 1799 tertia
3264 1744 3375 1811 die,
3394 1743 3559 1799 missa
3582 1746 3882 1808 celebrata,

2208 1840 2258 1901 B
2284 1839 2424 1896 beati
2452 1839 2705 1910 martyris
2728 1839 3033 1909 sepulcrum
3057 1851 3177 1892 cum
3209 1839 3357 1893 omni
3380 1837 3572 1907 populo
3600 1837 3755 1906 adiit,
3784 1839 3881 1893 alta

2290 1948 2441 1998 voce,
2496 1933 2652 2003 plena
2706 1932 2812 1986 fide
2861 1930 3165 2001 hujusmodi
3214 1930 3394 1986 verbis
3434 1938 3773 1999 protesta'ur
3809 1929 3882 1984 di-

2285 2045 2414 2086 cens
2442 2045 2455 2084 :
2489 2030 2688 2085 Precor
2711 2036 2783 2092 te,
2815 2026 3096 2083 confessor
3121 2035 3178 2082 et
3206 2033 3408 2096 martyr
3427 2024 3659 2093 Christi,
3691 2023 3739 2077 si
3760 2038 3882 2079 vera

2286 2128 2369 2175 est
2396 2120 2585 2173 ancilla
2614 2118 2708 2174 Dei
2731 2119 2882 2174 beata
2914 2115 3276 2187 Radeguudis,
3309 2116 3613 2170 innotescat
3634 2116 3692 2168 in
3720 2114 3883 2185 genti-

2288 2213 2384 2266 bus
2414 2212 2652 2281 potentia
2683 2221 2792 2273 tua.
2846 2211 3098 2279 permitte
3129 2218 3186 2263 ut
3230 2207 3299 2263 de
3340 2209 3567 2278 pignore
3602 2215 3701 2261 tuo
3730 2219 3880 2262 mens

2288 2302 2703 2372 fidelis'accipiat
2742 2304 2881 2372 quod
2914 2302 3102 2370 poscit.
3151 2298 3405 2356 Oratione
3437 2300 3736 2369 completa,
3790 2299 3883 2355 ubi

2294 2398 2470 2450 omnis
2503 2394 2725 2465 populus
2746 2407 2901 2447 amen
2926 2391 3226 2459 respondit,
3251 2392 3401 2446 venit
3436 2390 3504 2444 ad
3537 2400 3789 2445 sanctum
3812 2404 3882 2445 se-

2297 2487 2564 2557 pulcrum,
2615 2500 2937 2555 semperque
2965 2485 3137 2540 beatte
3168 2483 3325 2539 fidem
3354 2486 3741 2553 pronuntians,
3772 2493 3883 2537 tan-

2288 2583 2447 2654 gebat
2491 2584 2810 2645 membrum,
2856 2583 3019 2652 quale
3064 2581 3406 2636 beatissimus
3455 2580 3522 2635 ad
3573 2581 3884 2650 petitionem

2290 2662 2506 2732 domum
2551 2676 2896 2748 Radegundis
2941 2679 3071 2732 dare
3112 2678 3351 2747 juberet.
3383 2677 3580 2748 Tetigit
3627 2679 3688 2733 in
3728 2694 3884 2736 manu

2292 2772 2508 2827 dextera
2535 2769 2771 2841 singulos
2802 2771 3028 2840 digitos:
3061 2772 3147 2826 ubi
3179 2774 3246 2825 ad
3278 2771 3545 2826 minorem
3573 2773 3725 2827 venit
3751 2773 3881 2844 digi-

2294 2875 2424 2931 tum,
2464 2879 2523 2920 se
2551 2865 2701 2920 suavi
2733 2873 2873 2919 tactu
2905 2865 2971 2919 de
3002 2865 3217 2935 propria
3257 2880 3418 2919 manu
3453 2865 3599 2931 tulit,
3628 2877 3689 2920 ut
3718 2867 3881 2921 beata

2293 2958 2490 3026 reginas
2515 2956 2783 3011 desiderio
2810 2956 3164 3023 satisfaceret,
3191 2965 3246 3012 et
3274 2956 3396 3026 ejus
3426 2956 3764 3013 voluntatem
3784 2959 3881 3013 im-

2293 3050 2483 3118 pleret.
2502 3050 2671 3115 Quem
2685 3048 3005 3120 digitum'vir
3017 3050 3342 3119 apostolicus
3354 3064 3474 3103 cum
3491 3048 3660 3119 digno
3684 3049 3881 3108 honore

2294 3140 2465 3196 beatae
2486 3139 2797 3209 Radegundi
2816 3140 3011 3195 direxit
3027 3157 3040 3192 :
3056 3141 3123 3195 de
3136 3140 3506 3211 Hierosolyma
3523 3156 3699 3211 usque
3713 3142 3880 3198 Picta-

598 3231 910 3302 precabatur
941 3240 1204 3300 tamquam
1235 3231 1279 3283 si
1311 3243 1551 3299 praesens
1579 3239 1742 3289 esset,
1772 3229 1991 3283 dicens:
2042 3226 2176 3295 Quia
2207 3237 2252 3300 ς,
2284 3233 2363 3287 vis
2380 3232 2431 3287 in
2447 3233 2560 3301 ejus
2575 3232 3003 3302 honoresemper
3021 3234 3136 3287 laus
3151 3234 3241 3288 Dei
3261 3233 3718 3305 personuit.jQuid
3734 3244 3882 3305 putas

599 3322 899 3393 ubicunque
943 3337 1009 3377 ex
1056 3322 1159 3376 fide
1191 3324 1487 3388 invocatur,
1540 3320 1729 3375 adest:
1762 3320 1983 3374 domina
2031 3319 2194 3385 bona,

601 3415 840 3486 parce,ei
866 3429 930 3469 ne
953 3422 1101 3468 tanto
1121 3414 1363 3468 cruciatu
1394 3411 1579 3467 infelix
1610 3412 1846 3467 deficiat.
1878 3412 1969 3465 Sic
1993 3411 2197 3465 beatis-

599 3508 732 3563 sima
764 3507 829 3562 ad
856 3522 1041 3577 preces
1064 3504 1297 3560 omnium
1323 3505 1554 3575 benigne
1572 3504 1814 3572 indulget
1836 3500 2186 3575 [indulgens],

601 3596 777 3671 ignem
799 3598 1092 3654 ferventem
1117 3595 1469 3665 compescuit,
1498 3610 1685 3664 sospes
1716 3595 1780 3647 ad
1800 3594 2015 3648 domum
2039 3607 2190 3650 suam

604 3691 801 3747 rediit:
834 3700 888 3747 et
932 3692 1011 3747 sic
1039 3690 1191 3745 istius
1224 3704 1380 3759 poena
1410 3703 1597 3744 omnes
1643 3688 1769 3744 fecit
1791 3698 1975 3744 cautos
1998 3706 2061 3744 ac
2094 3690 2191 3745 de-

601 3793 777 3842 votos.

674 3877 761 3931 14.
791 3875 1191 3948 Suredas[Sais,
1217 3874 1290 3930 lib
1312 3890 1370 3941 .l,
1389 3890 1537 3930 num.
1558 3872 1646 3946 15]
1672 3874 1725 3928 in
1745 3873 1870 3927 villa
1884 3873 2007 3929 dum
2022 3883 2188 3941 esset,

604 3968 800 4024 devoto
828 3983 890 4023 ac
922 3967 1064 4022 fideli
1089 3967 1271 4021 animo
1314 3981 1466 4022 mens
1489 3966 1714 4039 [mente]
1745 3968 1945 4021 intenta
1977 3966 2192 4022 Christo

605 4060 860 4132 reliquias
901 4068 1211 4115 sanctorum
1229 4061 1469 4114 omnium
1498 4060 1657 4129 plena
1684 4058 1965 4114 devotione
1988 4060 2193 4116 habere

603 4157 847 4226 cupiens,
897 4155 1139 4211 exoranti
1198 4154 1413 4211 advenit
1462 4154 1544 4209 vir
1592 4153 1915 4209 venerabilis
1970 4154 2189 4224 Magnus

604 4251 882 4318 presbyter
909 4261 1030 4303 cum
1079 4246 1317 4317 reliquiis
1347 4246 1528 4302 domni
1574 4245 1803 4301 Andreae
1853 4256 1908 4301 et
1963 4245 2189 4301 aliorum

609 4353 765 4409 quam
790 4338 1159 4407 plurimorum.
1188 4337 1391 4405 Quibus
1434 4352 1596 4407 super
1625 4337 1794 4392 altare
1826 4337 2033 4407 positis,
2066 4352 2187 4392 cum

604 4442 759 4490 nocte
780 4433 971 4488 devota
1000 4432 1181 4503 vigilat
1210 4430 1694 4499 superformulam,
1725 4441 1777 4487 et
1799 4444 1857 4487 se
1888 4431 1955 4485 ad
1986 4432 2185 4487 oratio-

606 4540 729 4580 nem
756 4532 1064 4595 prosterntt,
1108 4540 1300 4594 parvus
1326 4537 1487 4592 sopor
1518 4524 1565 4578 ei
1596 4523 1845 4589 accessit,
1875 4522 2105 4592 qualiter
2133 4521 2185 4576 ei

2299 3339 2456 3393 quam
2470 3326 2674 3379 ardenti
2692 3326 2889 3391 animo,
2908 3340 2977 3395 qu
2990 3340 3074 3379 am
3092 3325 3533 3381 fideli-devotione
3547 3328 3683 3381 tanti
3700 3329 3879 3399 pigno-

2298 3418 2370 3471 ris
2386 3418 2663 3485 przcmium
2682 3427 3086 3486 exspectans,se
3100 3418 3629 3487 abstinentiaejmanci
3639 3423 3806 3491 pavit?
3817 3427 3880 3477 At

2297 3509 2382 3563 ubi
2407 3524 2464 3563 se
2496 3510 2649 3564 beata
2678 3512 2859 3579 regina
2892 3510 2992 3564 hoc
3021 3525 3215 3565 munus
3234 3511 3450 3567 cmleste
3473 3514 3748 3583 accepisse
3768 3529 3881 3571 cum

2296 3604 2441 3657 omni
2471 3602 2746 3658 alacritate
2776 3603 3053 3672 gauderet,
3084 3613 3192 3659 tota
3222 3606 3558 3662 hebdomada
3591 3624 3715 3665 cum
3741 3613 3879 3666 omni

2294 3696 2708 3765 congregatione
2737 3711 2793 3748 se
2843 3696 2895 3750 in
2942 3697 3283 3765 psallentium
3333 3698 3528 3769 vigiliis
3576 3710 3631 3755 et
3674 3701 3880 3771 jejuniis

2294 3788 2513 3855 aptavit,
2546 3787 2829 3841 Dominum
2864 3788 3186 3843 benedicens
3215 3805 3274 3843 se
3301 3789 3405 3843 tale
3427 3805 3624 3845 munus
3646 3795 3879 3863 accipere

2294 3880 2576 3936 meruisse.
2608 3879 2697 3934 Sic
2727 3879 2866 3933 Deus
2896 3881 3006 3934 suis
3038 3880 3281 3935 fidelibus
3311 3897 3429 3951 quae.
3463 3884 3737 3949 postulant
3780 3900 3878 3941 non

2294 3973 2543 4041 abnegat.
2579 3972 2908 4042 Frequenter
2958 3983 3012 4028 et
3055 3974 3283 4029 dulciter
3312 3977 3463 4045 quasi
3514 3976 3566 4031 in
3602 3976 3788 4047 ﬁgura,
3831 3985 3877 4032 ut

2296 4079 2455 4119 nemo
2481 4064 2781 4133 intelligere
2799 4073 3001 4134 posset,
3024 4066 3237 4121 dicebat
3263 4084 3277 4121 :
3310 4069 3403 4123 Cui
3433 4069 3737 4124 animarum
3760 4085 3878 4125 cura

2293 4166 2397 4224 est,
2430 4156 2639 4213 fortiter
2669 4158 2880 4213 laudem
2910 4160 2977 4212 ab
3009 4160 3312 4215 hominibus
3343 4159 3506 4215 debet
3536 4163 3751 4217 timere.
3781 4164 3878 4219 Sed

2293 4249 2638 4304 nihilominus
2689 4259 2945 4321 quantum
2980 4252 3065 4305 illa
3113 4252 3213 4306 hoc
3236 4254 3404 4308 vitare
3453 4253 3707 4319 volebat,
3742 4264 3879 4310 tanto

2294 4341 2462 4413 magis
2487 4356 2549 4397 ac
2571 4344 2737 4412 magis
2769 4344 3025 4397 virtutum
3074 4344 3294 4413 largitor
3333 4344 3432 4399 sibi
3468 4345 3519 4399 in
3551 4346 3798 4401 omnibus
3826 4348 3879 4400 fi-

2294 4435 2466 4489 delem
2500 4435 2776 4491 declarare
2808 4436 3058 4493 studebat
3087 4455 3098 4489 :
3132 4438 3203 4492 ita
3229 4448 3287 4492 ut
3309 4439 3613 4509 ubicunque
3642 4440 3881 4497 inﬁrmus

2293 4543 2322 4581 a
2351 4543 2666 4598 quacunque
2694 4530 2944 4585 detentus
2975 4530 3283 4586 inﬁrmitate
3304 4545 3422 4586 eam
3452 4533 3879 4598 invocasse-Lsa-

606 4617 863 4673 Dominus
904 4616 1202 4671 declararet
1244 4624 1427 4670 votum
1472 4629 1625 4670 suum
1671 4613 1969 4684 impletum,
2005 4612 2191 4668 dicens
2220 4615 2270 4673 D
2296 4621 2459 4676 lutem
2484 4622 2796 4692 recipiebat.

604 4710 669 4765 ad
701 4724 857 4764 eam:
889 4708 1188 4780 Cognosce,
1221 4706 1521 4775 benedicta,
1563 4707 1687 4777 quia
1715 4720 1842 4760 non
1891 4703 1974 4758 hac
2018 4703 2190 4759 solum

608 4802 867 4872 reliquim,
909 4817 1041 4872 quas
1094 4802 1372 4873 presbyter
1411 4802 1631 4871 flla'gnus
1674 4799 1882 4863 attulit,
1931 4797 2019 4853 hic
2066 4808 2192 4854 sunt

606 4903 831 4959 tantum,
857 4893 950 4949 sed
993 4904 1218 4965 quantas
1263 4894 1316 4948 in
1349 4893 1539 4949 Atbeia
1569 4892 1791 4966 [Athiés]
1822 4891 1944 4946 villa
1968 4905 2190 4961 congre-

602 4987 761 5058 gasti,
798 4995 923 5041 totae
954 4985 1039 5041 hic
1066 4995 1453 5041 convenerunt.
1505 4986 1608 5041 Ubi
1636 4985 1821 5041 oculos
1853 4984 2081 5055 aperuit,
2112 4983 2189 5038 vi.

601 5083 678 5138 dit
710 5081 879 5135 virum
908 5078 1398 5150 splendidissimum
1428 5078 1650 5148 quiboc
1680 5078 1729 5135 ei
1755 5079 2190 5145 nuntiaverat,et

603 5175 838 5248 gaudens
866 5173 1149 5227 Dominum
1180 5171 1473 5229 benedixit.
1504 5172 1793 5241 Postquam
1828 5170 1880 5225 in
1919 5178 2188 5226 monaste-

602 5269 737 5323 rium
787 5276 870 5322 est
904 5267 1139 5336 ingressa
1169 5304 1183 5331 ,
1216 5274 1470 5345 quantam
1524 5263 1921 5319 multitudinem
1973 5271 2187 5317 sancto-

603 5379 719 5419 rum
760 5361 1087 5418 fidelissimis
1114 5358 1363 5431 precibus
1388 5360 1813 5429 congregaverlt,
1861 5358 1959 5411 hoc
1993 5357 2182 5412 Oriens

605 5463 850 5521 testatur,
893 5453 1106 5524 Aquilo,
1153 5452 1377 5518 Auster,
1426 5452 1511 5507 vel
1557 5451 1821 5507 Occidens
1862 5448 2180 5520 profitetur:

603 5547 725 5618 quia
752 5532 985 5618 undique
1018 5546 1277 5617 pretiosas
1306 5559 1542 5616 gemmas
1572 5545 1816 5614 cmloque
1856 5542 2179 5607 reconditas,

677 5704 762 5776 (α)
807 5704 979 5761 Vitam
1009 5704 1181 5760 sancti
1209 5703 1525 5776 Mamantist
1539 5716 1636 5759 seu
1684 5701 1984 5776 Mammetis
2034 5716 2182 5757 mar-

608 5773 762 5844 tyris,
810 5776 900 5844 qui
951 5776 1091 5844 apud
1138 5777 1442 5830 Cesaraeam
1488 5773 1840 5844 Cappadocia:
1886 5773 2073 5829 urbem
2129 5788 2185 5827 tv

658 5858 787 5898 onas
809 5845 1068 5915 septemb.
1129 5860 1319 5917 passus
1363 5845 1578 5911 dicitur,
1627 5844 1790 5900 habes
1837 5845 1893 5899 in
1936 5844 2179 5900 biblioth.

2370 4712 2456 4768 16.
2506 4713 2595 4768 Vir
2624 4713 2849 4782 illusler,
2880 4714 2989 4770 Leo
3020 4715 3262 4784 nomine,
3287 4716 3355 4771 ad
3380 4718 3662 4773 concilium
3693 4720 3878 4790 synodi

2294 4813 2545 4861 evocatus
2573 4820 2602 4859 a
2631 4806 2762 4860 viris
2790 4806 3094 4876 apostolicis
3125 4806 3350 4863 Leontio
3380 4806 3799 4881 [Burdegalemi]
3831 4820 3879 4864 et

2295 4895 2530 4951 Eusebio
2574 4895 2960 4969 [Sanctoneusi]
3004 4898 3291 4968 episcopis,
3344 4899 3471 4954 dum
3522 4900 3625 4954 iter
3676 4910 3875 4970 ageret,

2294 4988 2435 5043 oculi
2464 4988 2580 5057 ejus
2600 4990 2750 5059 gravi
2777 4999 2901 5045 sunt
2920 4990 3151 5061 caligine
3177 4982 3418 5059 obducti,
3439 4992 3720 5059 sanguinis
3749 4992 3879 5047 nube

2292 5080 2559 5149 conperti,
2593 5090 2652 5135 ut
2677 5096 2783 5137 non
2813 5081 2915 5136 nisi
2939 5097 2970 5136 a
3003 5082 3216 5137 famulis
3242 5092 3572 5137 sustentatus
3604 5084 3876 5154 pergeret',

2291 5172 2503 5242 penitus
2517 5173 2775 5247 lnecviam
2804 5174 3031 5229 videret.
3063 5174 3163 5242 Qui
3197 5175 3471 5243 ingressus
3498 5177 3875 5230 monasterium

2290 5264 2479 5330 beatas,
2516 5265 2604 5321 ubi
2633 5266 2771 5321 filias
2796 5281 2924 5321 suas
2954 5268 3001 5322 ei
3023 5266 3247 5322 devotus
3277 5267 3493 5321 tradidit
3520 5268 3756 5323 Domino
3776 5284 3877 5323 ser-

2294 5360 2518 5425 vituras,
2553 5360 2796 5415 introivit
2823 5360 2876 5415 in
2903 5360 3198 5416 oratorium
3224 5360 3438 5416 domnae
3465 5360 3649 5415 Mariae
3681 5363 3875 5417 nomini

2291 5452 2591 5509 dedicatum
2627 5469 2641 5505 :
2676 5460 2799 5521 post
2822 5452 3121 5508 orationem
3152 5453 3332 5508 datam
3362 5455 3659 5522 prosternit
3687 5471 3749 5509 se
3782 5454 3875 5509 fide

2294 5545 2483 5617 plenus
2512 5558 2672 5613 supra
2694 5555 2895 5600 sancta:
2921 5544 3175 5613 cilicium,
3203 5545 3431 5601 viriliter
3450 5560 3568 5599 eam
3604 5545 3873 5610 invocans,

2290 5702 2520 5758 Floriac.
2551 5700 2821 5757 Johannes
2845 5716 2873 5754 a
2905 5701 3103 5766 Bosco,
3129 5700 3369 5769 ejusdem
3398 5700 3654 5769 martyris
3700 5708 3868 5753 trans-

2289 5769 2541 5829 lationem
2576 5772 2779 5827 brachii
2836 5772 3104 5841 LingOnas
3148 5766 3338 5825 factam
3387 5766 3572 5841 refert.
3631 5772 3685 5825 In
3739 5769 3868 5824 Mar-

2288 5845 2552 5916 tyrologio
2579 5843 2738 5898 Rom.
2771 5858 2860 5898 χιί
2896 5840 3013 5898 Kal.
3043 5842 3315 5913 Septemb.
3348 5840 3559 5897 colitur.
