4076 6348
228 351 350 410 673

1461 334 1644 393 Vl'l'A.
1686 326 1893 386 LIBER
1932 324 2313 382 SECUNDUS.

3419 324 3531 384 676

230 478 302 525 et
351 464 531 523 tandiu
569 460 896 533 superjacult
925 470 1206 530 quousque
1256 453 1409 510 dolor
1438 449 1710 514 discessit,
1736 458 1826 500 ca-
1855 441 1905 502 A
1930 450 2080 501 rator
2110 443 2399 514 legatorios
2427 457 2548 500 cum
2578 440 2871 514 evangeliis
2896 455 3031 499 auro
3056 450 3112 499 et
3156 442 3381 514 gemmis
3429 455 3529 501 or-

238 563 357 633 ligo
385 561 560 630 fugata
604 566 706 623 est,
754 553 1064 623 coagulatus
1120 548 1342 620 sanguis
1391 560 1450 601 se
1480 543 1631 598 venis
1682 537 1841 593 mini-

240 653 545 711 strantibus
598 650 868 722 perduxit,
917 647 1185 716 clarisque
1232 642 1403 699 oculis
1460 638 1549 711 qui
1599 634 1846 691 manibus

244 753 581 802 sustentatus
612 750 854 806 venerat,
904 753 1064 794 sanus
1096 736 1278 801 rediit,
1327 733 1395 788 de
1442 730 1619 786 cilicio
1671 728 1844 782 beate

244 837 435 894 lumen
478 833 706 904 recepit,
739 835 893 888 hctus
938 841 1098 901 atque
1146 827 1451 890 incolumis,
1483 822 1549 877 ad
1581 819 1846 893 synodum

268 932 362 987 ubi
404 938 661 1000 coeperat,
708 925 1024 991 ambulavit,
1074 921 1215 993 quod
1263 928 1384 989 post
1432 919 1551 985 ipso
1583 912 1850 969 referente

248 1026 506 1081 universa
552 1022 789 1095 synodus
831 1019 1059 1088 audivit,
1090 1032 1153 1072 ae
1195 1014 1321 1070 inde
1364 1010 1671 1081 regrediens
1698 1003 1852 1060 nobis

252 1119 378 1175 haec
415 1134 510 1173 ore
534 1117 753 1187 proprio
782 1112 1054 1169 disseruit.
1091 1111 1205 1180 Ipsa
1238 1108 1286 1162 ei
1319 1105 1444 1160 fecit
1469 1100 1683 1157 devotio
1729 1096 1852 1152 fun-

254 1211 573 1268 damentum
621 1206 852 1263 basilica:
897 1205 1109 1259 domnae
1157 1195 1497 1266 Radegundts
1543 1199 1847 1263 percutere,

258 1303 356 1360 ubi
382 1313 437 1359 et
458 1311 672 1358 centum
702 1300 850 1356 dedit
867 1296 1071 1354 solidos
1093 1295 1158 1349 ad
1191 1292 1444 1347 labricam
1476 1288 1642 1356 ipsam
1667 1284 1858 1339 facien-

261 1394 413 1451 dam.
442 1392 636 1461 Quanti
663 1390 858 1447 inﬁrmi
901 1388 969 1442 ad
997 1387 1115 1457 ejus
1148 1382 1542 1439 invocationem
1573 1385 1694 1432 sunt
1738 1373 1854 1429 sani

262 1484 466 1542 redditi
513 1484 632 1554 quis
678 1494 996 1538 enumerare
1033 1476 1243 1533 valeat?
1269 1474 1401 1541 Quis
1452 1485 1570 1527 eam
1620 1479 1852 1537 unquam

264 1577 407 1633 vidit
433 1587 487 1633 et
512 1587 781 1633 terrenum
810 1572 1082 1628 hominem
1110 1584 1231 1625 esse
1271 1564 1535 1621 credidit?
1563 1561 1664 1616 Per
1689 1560 1854 1612 Deum

266 1671 394 1728 caeli
421 1669 736 1727 ﬁducialiter
759 1675 814 1722 et
835 1665 1098 1721 veraciter
1124 1661 1267 1728 dico,
1297 1657 1424 1729 quia
1453 1655 1533 1710 sic
1562 1665 1776 1720 semper
1803 1648 1857 1703 in

267 1762 446 1820 oculis
473 1761 712 1816 omnium
743 1754 1115 1826 resplendebat
1142 1765 1264 1807 cum
1291 1748 1467 1804 anima
1511 1743 1692 1799 vultus
1717 1741 1850 1809 ejus,

1947 538 2106 592 natis.

2020 633 2106 687 19.
2138 635 2209 688 At
2235 634 2325 689 ubi
2351 633 2573 705 lignum,
2606 634 2693 691 ubi
2750 634 2897 690 salus
2952 632 3135 691 mundi
3179 634 3531 707 pependerat,

1949 725 2182 781 Pictavis
2210 725 2287 797 (a)
2310 727 2579 783 civitatem
2611 742 2733 782 cum
2761 729 3175 798 congregatione
3220 737 3532 783 sanctorum

1950 818 2185 891 advenit,
2207 828 2261 874 et
2281 819 2519 889 pontifex
2542 820 2645 875 loci
2672 835 2793 875 cum
2822 821 2965 875 omni
2990 819 3189 891 populo
3208 819 3403 875 devote
3428 818 3533 875 hoc

1952 910 2113 967 vellet
2143 912 2426 982 excipere;
2455 912 2701 968 inimicus
2732 912 2943 967 humani
2975 912 3185 981 generis
3216 926 3310 981 per
3329 910 3536 967 satelli-

1953 1015 2031 1062 tes
2061 1021 2188 1062 suos
2215 1006 2345 1078 egit,
2373 1016 2428 1061 ut
2455 1006 2684 1077 pretium
2717 1006 2901 1061 mundi
2947 1005 3287 1075 repellerent,
3336 1018 3438 1059 nec
3483 1003 3538 1059 in

1954 1099 2168 1154 civitate
2197 1100 2434 1169 recipere
2460 1099 2679 1167 vellent,
2708 1098 2936 1168 qualiter
2988 1099 3143 1154 beata
3197 1097 3540 1168 lladegundis

1957 1189 2389 1245 tribulationibus
2417 1190 2741 1260 subjaceret,
2774 1190 2919 1245 aliud
2949 1205 3046 1259 pro
3076 1189 3183 1244 alio
3214 1199 3541 1259 asserentes,

1955 1280 2178 1337 Judaico
2208 1281 2440 1346 ordine;
2483 1282 2623 1352 quod
2672 1292 2912 1338 nostrum
2966 1297 3071 1338 non
3121 1291 3204 1337 est
3249 1282 3542 1350 disserere,

1957 1371 2057 1442 ipsi
2086 1372 2353 1428 viderint:
2390 1373 2638 1427 Dominus
2669 1375 2806 1428 novit
2831 1375 2918 1444 qui
2965 1382 3083 1428 sunt
3126 1375 3257 1445 ejus.
3304 1371 3407 1429 Sed
3456 1373 3546 1429 illa

1959 1464 2147 1534 spiritu
2162 1463 2612 1533 fervente,animo
2633 1464 2939 1532 dimicante,
2959 1466 3152 1520 iterum
3176 1465 3242 1520 ad
3272 1465 3547 1535 benignis-

1960 1557 2154 1612 simum
2187 1571 2364 1627 regem
2391 1555 2593 1626 dirigit,
2623 1556 2745 1626 quia
2773 1557 2824 1612 in
2867 1558 3134 1612 civitatem
3184 1557 3409 1614 salutem
3456 1572 3549 1614 re-

1961 1650 2143 1721 cipere
2199 1651 2505 1705 noluerunt.
2562 1649 2780 1705 Interim
2833 1664 3112 1720 quousque
3159 1650 3307 1705 missi
3351 1651 3434 1706 sui
3479 1648 3550 1707 de

1968 1746 2167 1801 domno
2192 1761 2319 1815 rege
2344 1752 2764 1812 reverterentur,
2814 1746 2867 1799 in
2913 1744 3179 1800 Turonico
3225 1760 3322 1801 suo
3365 1759 3551 1800 mena-

269 1866 334 1911 ut
357 1869 464 1910 non
489 1851 758 1908 immerito
784 1810 1121 1907 eritrinsecus
1151 1850 1467 1915 appareret,
1494 1836 1635 1909 quod
1660 1834 1854 1891 intrin-
1892 1810 1941 1869 Β
1970 1841 2136 1896 sterio
2162 1840 2399 1894 νῑτοι-υιη
2430 1839 2571 1909 quod
2596 1839 2857 1905 condidit,
2892 1849 2948 1895 ut
2977 1840 3145 1910 ipsam
3174 1840 3405 1895 salvam
3432 1879 3447 1906 ,
3477 1838 3551 1896 ibi

269 1959 434 2002 secus
461 1942 744 2014 gerebatur

358 2039 440 2094 l7.
485 2038 607 2091 Post
639 2042 989 2105 congregatas
1018 2038 1325 2086 sanctorum
1355 2025 1636 2095 reliquias,
1674 2022 1716 2076 si
1751 2018 1865 2073 ﬁeri

275 2132 563 2203 potuisset,
611 2123 786 2200 ipsum
832 2127 1116 2183 Dominum
1165 2124 1232 2179 de
1261 2122 1392 2178 sede
1430 2116 1727 2188 majestatis
1754 2128 1866 2168 suae

276 2223 664 2292 visiblliterjhic
694 2222 935 2278 habitare
965 2218 1295 2289 expetiisset.
1320 2213 1387 2270 Et
1415 2226 1715 2283 quanquam
1743 2222 1866 2264 eum

278 2318 588 2376 carnalibus
614 2316 785 2371 oculis
815 2329 923 2370 non
952 2314 1274 2375 intueretur,
1307 2305 1565 2377 spiritalis
1596 2317 1746 2358 mens
1787 2301 1868 2355 in-

279 2416 432 2465 tenta
459 2408 657 2465 sedulis
689 2406 934 2477 precibus
964 2400 1448 2473 contemplabatur.
1477 2397 1583 2453 Sed
1615 2396 1737 2465 quia
1765 2391 1871 2447 Do-

283 2500 466 2558 minus
496 2514 603 2556 non
632 2498 859 2570 privabit
888 2497 1040 2553 bonis
1070 2510 1163 2550 eos
1192 2494 1279 2562 qui
1307 2488 1580 2545 ambulant
1626 2487 1676 2540 in
1709 2484 1869 2539 inuo-

283 2594 487 2659 centia,
515 2602 571 2650 et
597 2592 691 2664 qui
717 2605 841 2648 eum
868 2604 935 2646 ex
961 2597 1074 2643 toto
1101 2586 1262 2665 corde
1294 2593 1347 2639 et
1373 2597 1438 2637 ex
1468 2590 1575 2635 tota
1606 2577 1783 2632 anima
1813 2583 1871 2629 et

286 2702 361 2745 ex
403 2696 512 2743 tota
544 2694 726 2743 mente
752 2682 1027 2756 quaesierit
1072 2678 1244 2755 [PsaL
1278 2680 1531 2744 LXXXIII),
1574 2673 1713 2728 sicut
1758 2671 1872 2723 hare

288 2783 445 2839 beata
471 2782 625 2847 fecit,
653 2780 830 2836 divina
861 2775 1149 2833 clementia
1194 2788 1252 2828 se
1282 2771 1567 2840 benignam
1608 2761 1870 2825 exhibuit,

290 2876 450 2946 eique
478 2874 530 2929 in
561 2888 722 2930 sensu
751 2872 949 2943 posuit,
982 2871 1036 2924 in
1064 2867 1217 2938 cujus
1237 2873 1456 2936 pectore
1487 2862 1573 2916 die
1604 2869 1874 2926 noctuque

291 2966 687 3038 requiescebat,
728 2964 950 3019 utsicut
990 2961 1143 3015 beata
1194 2958 1421 3020 llelena,
1475 2951 1733 3022 sapientia
1777 2948 1875 3038 im-

294 3037 444 3126 buta,
477 3061 667 3113 timere
706 3056 797 3111 Dei
830 3054 1023 3124 plena;
1052 3051 1208 3106 bonis
1238 3046 1493 3117 operibus
1538 3042 1770 3113 gloriosa
1809 3037 1877 3091 li-

297 3168 457 3225 gnum
484 3152 736 3215 salutare,
770 3149 859 3204 ubi
891 3146 1117 3218 pretium
1146 3142 1327 3199 mundi
1360 3156 1457 3212 pro
1496 3145 1681 3192 nostra
1704 3133 1878 3187 salute

298 3262 591 3319 appensum
642 3248 813 3301 luerat
866 3253 921 3298 ut
950 3256 1048 3295 nos
1073 3240 1140 3294 de
1170 3244 1437 3309 potestate
1476 3227 1673 3286 diaboli
1702 3227 1879 3294 eripe-

301 3350 403 3409 ret,
430 3338 761 3411 perquisivit,
814 3336 884 3390 ita
934 3342 1012 3399 ut,
1046 3333 1289 3394 invento,
1316 3325 1577 3381 ambabus
1637 3320 1881 3375 manibus

301 3433 598 3504 plauderet,
629 3438 684 3486 et
713 3430 764 3484 in
794 3438 930 3485 terra
960 3440 1100 3496 genu
1132 3423 1273 3479 ﬁexo
1300 3418 1580 3474 Dominum
1609 3412 1880 3475 adoraret,

303 3523 393 3579 ubi
424 3525 592 3592 ipsam
646 3521 701 3575 in
728 3530 938 3576 mortuo
989 3516 1251 3571 suscitato
1298 3508 1623 3565 dominicam
1670 3516 1883 3559 crucem

304 3630 462 3686 supra
494 3615 718 3685 positam
749 3609 971 3682 agnovit
995 3609 1180 3664 dicens
1205 3626 1218 3661 :
1254 3604 1318 3659 In
1348 3603 1554 3659 ueritate
1579 3610 1634 3653 tu
1663 3615 1712 3653 es
1733 3596 1886 3653 Chri-

307 3722 414 3767 stus
438 3707 604 3764 Filius
636 3707 762 3773 Dei,
802 3706 891 3776 qui
911 3706 964 3758 in
993 3704 1128 3757 hunc
1157 3700 1400 3754 mundum
1440 3695 1636 3761 venisti,
1682 3702 1891 3760 tuosque

310 3807 531 3877 captivos
560 3820 683 3875 quos
703 3800 905 3865 creasti,
930 3798 1150 3870 pretioso
1170 3793 1416 3865 sanguine
1433 3788 1727 3851 redemisti;
1749 3782 1891 3855 quod

311 3901 439 3958 fecit
460 3899 546 3954 illa
574 3899 626 3952 in
658 3892 903 3951 orientali
930 3892 1125 3962 patria,
1156 3888 1258 3942 hoc
1280 3884 1406 3941 fecit
1431 3884 1585 3938 beata
1612 3878 1895 3947 Radegun-

311 3994 396 4052 dis
426 3995 479 4049 in
511 3992 699 4047 Gallia.

390 4087 477 4141 18.
515 4086 578 4139 Et
604 4082 724 4154 qnia
755 4081 871 4136 sine
900 4076 1124 4134 consilio
1151 4075 1204 4129 in
1235 4069 1435 4127 mundo
1458 4068 1587 4124 dum
1611 4066 1762 4132 vixit,
1815 4064 1895 4121 ni-

319 4182 396 4238 hil
436 4180 608 4235 lacere
645 4175 829 4239 voluit,
886 4168 1178 4228 transmisit
1220 4166 1423 4220 litteras
1472 4160 1538 4215 ad
1586 4157 1896 4230 praecellen-

317 4274 583 4331 tissimum
613 4270 866 4325 domnum
889 4264 1215 4333 Sigibertum
1245 4271 1447 4328 regem,
1473 4253 1627 4324 cujus
1674 4250 1901 4321 imperio

318 4369 485 4441 patria
517 4367 614 4421 ista
642 4362 953 4434 regebatur,
984 4366 1040 4411 ut
1067 4355 1118 4411 ei
1142 4352 1473 4428 permitteret
1502 4360 1598 4417 pro
1622 4344 1785 4402 totius
1807 4361 1903 4416 pa-

321 4437 435 4521 tria:
463 4461 637 4518 Salute
662 4470 717 4517 et
766 4458 882 4528 ejus
930 4453 1077 4525 regni
1124 4446 1431 4514 stabilitate,
1483 4440 1683 4515 lignum
1730 4437 1905 4496 crucis

322 4560 530 4617 Domini
558 4558 624 4614 ab
654 4557 976 4625 imperatore
1004 4546 1259 4622 [Justinoj
1292 4552 1546 4613 expetere
1574 4557 1589 4596 :
1643 4536 1784 4610 quod
1816 4534 1905 4590 ille

321 4651 699 4721 benignissime
725 4648 790 4703 ad
822 4644 1125 4716 petitionem
1152 4647 1351 4694 sanctae
1379 4635 1574 4705 reginae
1623 4643 1902 4686 assensum

324 4745 573 4817 praebuit.
606 4742 697 4798 llla
728 4739 1011 4797 devotione
1040 4736 1214 4805 plena,
1249 4729 1516 4787 desiderio
1565 4738 1793 4781 accensa
1839 4722 1904 4777 ad

324 4847 700 4915 imperatorem
752 4852 859 4892 non
914 4847 1135 4889 munera
1176 4829 1373 4899 dirigit,
1421 4842 1539 4897 qua:
1584 4839 1644 4879 se
1690 4831 1907 4892 propter

326 4940 494 4997 Deum
521 4949 805 5006 pauperem
836 4931 963 4987 fecit
988 4948 1002 4997 ;
1030 4928 1124 4985 sed
1173 4927 1414 4982 oratione
1439 4924 1737 5006 obtinente,
1785 4933 1905 4974 cum

328 5002 579 5092 comitatu
628 5002 934 5086 sanctorum
982 5037 1116 5092 quos
1170 5017 1558 5076 incessabiliter
1604 5002 1906 5076 invocabat,

329 5127 522 5183 missos
553 5134 677 5176 suos
702 5118 916 5175 direxit.
948 5114 1053 5171 Sed
1106 5111 1249 5183 quod
1297 5125 1393 5165 sua
1442 5114 1568 5163 vota
1615 5103 1907 5177 poscebant

330 5214 580 5282 obtinuit,
611 5224 666 5268 ut
692 5213 902 5268 beatum
951 5208 1150 5278 lignum
1202 5204 1377 5260 crucis
1425 5199 1631 5255 Domini
1675 5210 1806 5251 auro
1854 5202 1910 5250 et

331 5306 557 5379 gemmis
603 5311 847 5359 ornatum
874 5340 889 5366 ,
940 5305 993 5354 et
1034 5296 1229 5352 inultas
1283 5300 1613 5348 sanctorum.
1635 5286 1906 5356 reliquias,

333 5378 465 5468 quas
488 5396 679 5451 Oriens
706 5391 987 5455 retinebat,
1023 5403 1128 5442 uno
1156 5385 1395 5440 residens
1442 5383 1561 5437 loco
1609 5395 1667 5435 se
1715 5378 1912 5433 habere

334 5490 560 5563 gloriata
590 5497 691 5543 est.
724 5484 803 5541 Ad
836 5482 1147 5554 petitionem
1175 5485 1376 5533 sancta:
1407 5471 1703 5528 transmisit
1751 5471 1914 5538 impe-

409 5671 487 5741 (a)
511 5659 1162 5741 Gregorius'l‘uronensis,
1187 5657 1279 5713 lib.
1304 5654 1356 5723 9,
1377 5672 1426 5712 c.
1444 5656 1541 5741 d0:
1570 5653 1760 5741 Delatis
1787 5651 1914 5741 relji-

338 5724 489 5811 quiis',
509 5724 694 5811 inquit,
714 5735 1068 5811 petiitreginq
1081 5732 1370 5803 episcopum
1389 5738 1455 5810 _ut
1478 5743 1604 5811 cum.
1626 5727 1818 5811 honore
1842 5724 1923 5783 de.

342 5797 444 5867 liiio
467 5797 746 5881 grandique
758 5797 1031 5881 psalleritio
1049 5797 1487 5881 ianonusterium
1502 5797 1880 5879 collocarentur
1888 5815 1920 5881 ,ε

344 5883 431 5939 sed
460 5867 545 5935 ille
575 5867 855 5949 despiciens
900 5875 1270 5946 suggestionem
1299 5874 1431 5943 ejus,
1482 5870 1722 5935 ascensis,
1742 5867 1925 5937 equiti-

1968 1949 2088 1991 cum
2120 1934 2399 2003 psallentio
2445 1934 2781 1990 sacerdotum
2830 1950 3045 1991 crucem
3090 1934 3301 1989 Domini
3344 1936 3428 1991 vel
3478 1934 3553 2005 pi—

1968 2041 2132 2097 gnora
2163 2033 2467 2081 sanctorum
2496 2025 2913 2081 commendavit.
2943 2024 3055 2080 Non
3089 2025 3353 2081 minorem
3406 2024 3552 2096 inju-

1968 2120 2107 2174 riam
2136 2127 2217 2174 est
2247 2132 2401 2187 passa
2432 2125 2620 2173 sancta
2649 2132 2781 2172 crux
2812 2132 2909 2187 per
2935 2117 3210 2185 invidiam,
3258 2133 3416 2188 quam
3448 2117 3556 2173 Do-

1970 2212 2148 2267 minus
2176 2211 2263 2282 qui
2292 2226 2386 2282 per
2412 2225 2689 2266 cursorem
2722 2208 2863 2283 [Al.‘,
2896 2210 3289 2281 percussorem]
3337 2209 3549 2265 iidelem

1972 2316 2190 2360 vocatus
2215 2312 2269 2359 et
2293 2313 2575 2359 revocatus
2600 2311 2722 2358 ante
2745 2302 2984 2372 presides
3005 2312 3060 2358 et
3077 2302 3283 2372 judices
3333 2317 3550 2357 omnem

1974 2398 2226 2453 malitiam
2299 2397 2561 2466 patienter
2605 2394 2898 2462 sustinuit,
2955 2402 3014 2450 ut
3067 2394 3209 2465 quod
3275 2405 3553 2451 creaverat

1973 2506 2077 2546 non
2111 2492 2329 2559 perlici.
2361 2490 2414 2543 ln
2446 2499 2645 2557 quanto
2674 2503 2734 2543 se
2758 2486 2997 2544 cruciatu
3020 2488 3214 2556 posuit,
3244 2487 3554 2559 in.jejuniis,

1976 2587 2026 2639 in
2060 2583 2268 2653 vigiliis,
2323 2582 2376 2636 in
2422 2582 2731 2650 profusione
2778 2581 3132 2652 lacrymarum
3181 2589 3289 2635 tota
3337 2594 3561 2651 congre-

1974 2676 2118 2746 gatio
2147 2691 2263 2741 sua,
2290 2676 2342 2729 in
2396 2673 2541 2729 luclu
2587 2683 2641 2728 et
2693 2671 2817 2727 ﬁetu
2865 2671 3112 2747 omnibus
3156 2670 3343 2727 diebus
3392 2686 3563 2742 usque

1976 2784 2081 2838 quo
2114 2769 2349 2838 respexit
2380 2767 2635 2822 Dominus
2660 2764 3012 2820 humilitatem
3059 2764 3264 2820 ancillas
3292 2778 3426 2829 sum,
3473 2764 3565 2833 qui

1976 2861 2122 2917 dedit
2152 2861 2203 2914 in
2228 2859 2389 2915 corde
2416 2860 2557 2930 regis
2580 2868 2637 2913 ut
2668 2858 2866 2913 laceret
2887 2856 3148 2926 judicium
3198 2865 3252 2912 et
3292 2855 3560 2926 justitiam

1980 2953 2031 3007 in
2064 2952 2242 3007 medio
2274 2950 2452 3021 populi
2476 2951 2497 3003 ?
2527 2948 2659 3003 Nam
2687 2949 2911 3003 devotus
2936 2961 3026 3002 rex
3050 2962 3145 3016 per
3167 2945 3376 3002 ﬁdelem
3404 2960 3562 3001 suum

1982 3047 2150 3101 virum
2224 3044 2491 3099 illustrem
2535 3042 2804 3097 Justinum
2864 3040 3113 3095 comitem
3164 3038 3456 3094 transmisit
3501 3037 3568 3096 ad

1981 3138 2154 3193 virum
2208 3136 2559 3206 apostolicum
2604 3133 2856 3188 domnum
2920 3130 3244 3187 Eufromium
3288 3130 3360 3200 (ὁ)
3394 3130 3567 3186 Turo-

1986 3231 2120 3286 aicze
2150 3228 2383 3283 civitatis
2409 3228 2739 3297 episcopum,
2772 3236 2828 3280 ut
2856 3239 2976 3280 cum
3010 3225 3213 3280 honore
3241 3224 3403 3295 digno
3450 3223 3568 3294 glo-

1986 3324 2180 3379 riosam
2210 3336 2423 3377 crucem
2468 3319 2681 3374 Domini
2727 3320 2809 3374 vel
2853 3329 3158 3375 sanctorum
3212 3319 3464 3390 reliquias
3512 3318 3570 3376 in

1989 3415 2316 3470 monasterio
2341 3413 2556 3468 domum
2588 3411 2929 3481 Radegundis
2977 3412 3378 3481 introponeret;
3425 3413 3571 3482 quod

1990 3516 2045 3564 et
2071 3508 2265 3562 factum
2293 3516 2395 3563 est.
2428 3503 2700 3560 Exultavit
2728 3505 2781 3559 in
2811 3503 3005 3574 gaudio
3052 3504 3207 3559 beata
3253 3518 3374 3560 cum
3422 3504 3573 3564 omni

1991 3599 2126 3657 cella
2157 3614 2250 3654 sua
2279 3640 2294 3665 ,
2325 3613 2490 3668 seque
2520 3596 2622 3652 hoc
2650 3595 2719 3651 de
2747 3595 2896 3651 caelis
2924 3594 3120 3650 donum
3152 3594 3350 3651 bonum
3391 3604 3448 3650 et
3474 3595 3575 3650 da-

1995 3702 2104 3747 tum
2138 3690 2429 3762 perfectum
2458 3704 2569 3744 sua:
2599 3688 3016 3758 congregationi,
3044 3703 3202 3755 quam
3245 3688 3311 3743 ad
3362 3687 3573 3752 Domini

1996 3784 2275 3841 servitium
2307 3782 2672 3852 congregavit,
2721 3781 2968 3847 contulit,
3021 3782 3074 3840 in
3125 3782 3313 3856 spiritu
3341 3787 3577 3842 sentiens

1996 3877 2137 3950 quod
2184 3885 2304 3948 post
2347 3876 2462 3946 ejus
2527 3875 2807 3935 transitum
2870 3895 3058 3951 parum
3122 3880 3316 3937 habere
3373 3888 3577 3951 posset.

1999 3971 2331 4040 Quamquam
2360 3968 2446 4024 illa
2478 3983 2599 4027 cum
2630 3988 2755 4043 rege
2782 3973 2905 4029 caeli
2931 3973 3271 4043 gloriaretur,
3322 3973 3462 4030 unde
3501 3974 3582 4032 eis

1999 4061 2280 4127 subvenire
2311 4076 2530 4135 posset:
2563 4070 2663 4121 hoc
2689 4065 2891 4121 donum
2919 4068 3139 4124 caeleste
3176 4069 3435 4138 provitrix
3485 4084 3581 4140 op-

2004 4156 2155 4224 tima,
2191 4160 2538 4229 gubernatrix
2570 4158 2729 4227 bona,
2779 4168 2837 4216 ut
2888 4176 3015 4217 oves
3056 4176 3161 4217 non
3205 4178 3583 4235 usquequaun

2006 4252 2355 4322 relinqueret,
2386 4253 2614 4322 pretium
2646 4251 2828 4307 mundi
2851 4252 2918 4309 de
2945 4256 3165 4327 pignore
3192 4257 3414 4325 Christi,
3441 4258 3584 4329 quod

2006 4344 2074 4400 de
2103 4344 2389 4416 longinqua
2420 4346 2638 4414 regione
2662 4347 2905 4416 expetiit,
2952 4347 3020 4403 ad
3069 4346 3329 4405 honorem
3384 4349 3487 4406 loci
3532 4360 3585 4410 et

2008 4438 2355 4515 salvationem
2381 4437 2561 4507 populi
2610 4452 2706 4493 suo
2748 4439 2801 4493 in
2846 4441 3172 4495 monasterio
3216 4441 3449 4508 dimisit;
3498 4444 3587 4502 ubi

2010 4533 2204 4586 virtute
2255 4531 2347 4585 Dei
2376 4540 2716 4601 c00perante,
2778 4535 3014 4601 potentia
3065 4534 3187 4589 εαξη
3230 4537 3587 4606 ministrante,

2014 4636 2275 4677 caecorum
2304 4621 2441 4676 oculi
2471 4621 2648 4676 lumen
2678 4620 2963 4691 recipiunt,
3009 4638 3164 4680 aures
3212 4626 3390 4681 surda:
3435 4637 3588 4697 pate-

2015 4719 2169 4783 ﬁunt,
2200 4725 2465 4771 mutorum
2496 4716 2672 4786 lingua
2700 4716 2766 4769 ad
2797 4730 2953 4769 suum
2983 4717 3123 4773 redit
3149 4718 3421 4785 cilicium;
3447 4722 3589 4778 clau-

2015 4809 2068 4864 di
2092 4810 2381 4869 ambulant,
2415 4808 2686 4863 daemones
2712 4807 3029 4880 elfugantur.
3055 4810 3191 4878 Quid
3216 4813 3367 4882 plura
3389 4814 3412 4869 i
3437 4815 3585 4882 Quis-

2015 4905 2134 4977 quis
2157 4920 2183 4959 a
2213 4918 2525 4973 quacunque
2550 4901 2859 4960 inﬁrmitate
2887 4903 3138 4961 detentus
3166 4922 3230 4962 ex
3278 4906 3381 4964 ﬁde
3427 4924 3592 4965 vene-

2016 4998 2228 5066 rit,per
2280 4994 2526 5051 virtutem
2576 5006 2776 5051 sanctae
2830 4997 3004 5053 crucis
3054 5013 3217 5055 sanus
3262 5001 3417 5056 redit.
3466 5000 3596 5070 Quis

2017 5098 2172 5159 queat
2197 5088 2376 5145 dicere
2406 5096 2660 5157 quantum
2688 5097 2743 5144 et
2771 5089 2927 5160 quale
2955 5088 3156 5147 donum
3178 5092 3303 5148 huic
3336 5092 3451 5149 urbi
3470 5091 3598 5148 bea-

2020 5192 2074 5239 ta
2098 5183 2359 5241 contulit?
2390 5181 2537 5239 Unde
2561 5184 2801 5254 quisquis
2824 5198 2891 5239 ex
2918 5183 3022 5241 ﬁde
3049 5185 3200 5253 vivit,
3232 5186 3351 5253 ejus
3396 5184 3600 5242 nomini

2020 5278 2311 5336 benedicit.
2338 5277 2850 5334 Praaccllentissimis
2874 5277 3017 5332 enim
3045 5276 3275 5332 dominis
3301 5275 3515 5349 regibus
3543 5286 3601 5334 et

2020 5371 2380 5427 serenissima
2408 5370 2619 5425 domum
2648 5369 3009 5440 Brunighilda:
3039 5368 3257 5438 reginae,
3280 5383 3413 5439 quos
3469 5384 3597 5427 caro

2022 5466 2214 5520 dilexit
2242 5462 2458 5529 aﬁectu,
2488 5472 2540 5517 et
2570 5461 2927 5518 sacrosanctis
2956 5460 3195 5515 ecclesiis
3248 5460 3330 5517 vel
3382 5462 3599 5531 pontiﬁ-

2026 5666 2115 5719 bus
2146 5662 2281 5718 υξιιω
2302 5679 2355 5717 se
2376 5660 2607 5715 contulit.
2641 5658 2918 5712 Maroveus
2942 5667 3065 5711 tunc
3090 5657 3332 5712 Pictavos
3357 5656 3602 5726 regebat.

2098 5736 2175 5805 (ὁ)
2206 5735 2443 5791 Mortuus
2496 5744 2636 5785 anno
2660 5727 2763 5783 575
2798 5728 3112 5798 Gregorium
3142 5728 3340 5803 habuit
3384 5741 3603 5785 succes-

2026 5821 2200 5863 sorem
2208 5844 2222 5858 .
