4076 6348
510 381 615 442 675

1470 364 1740 424 SANCTA
1781 328 2240 422 RADEGUNDIS,
2289 350 2548 409 REGINA
2590 344 2931 405 suimet/r3.

3687 345 3794 400 676

506 496 660 553 cibus
687 506 869 549 earum
916 502 1037 544 cum
1086 482 1478 541 contestatione
1523 479 1703 536 divina
1750 490 1903 531 suum
1952 486 2100 528 com-
2124 471 2177 530 Α
2204 466 2329 525 illud
2356 467 2611 535 signaret,
2646 462 2819 533 aliqua
2842 461 2909 516 de
2932 454 3206 514 sororibus
3235 454 3363 515 Vidi!
3386 471 3550 529 θυμω
3576 472 3795 519 murum
3850 524 3857 545 ξ

510 586 780 645 mendavit
815 579 1215 639 monasterium.

580 681 669 735 20.
704 677 831 732 Post
864 679 962 729 hoc
989 674 1184 727 donum
1218 669 1436 723 cmleste
1479 672 1756 733 acceptum
1808 654 2101 713 transmisit

510 772 661 825 beata
695 770 887 823 missos
918 780 1063 827 suos,
1096 761 1455 833 supradictum
1510 754 1919 825 presbyterum,
1978 760 2099 799 cum

510 865 654 931 aliis,
687 862 750 915 ad
785 861 1161 930 imperatorem
1192 871 1309 910 cum
1342 850 1570 923 simplici
1622 848 1939 900 vestimento
1983 854 2103 913 gra-

514 958 609 1011 tias
641 930 818 1025 agere.
846 951 900 1004 In
936 948 1211 1005 redeundo
1237 946 1397 1013 cmpit
1431 958 1575 998 mare
1603 940 1849 994 fluctibus
1881 934 1984 1005 agi,
2015 930 2101 985 ubi

510 1055 635 1103 sunt
665 1050 827 1100 multa
859 1042 1093 1112 pericula
1130 1039 1290 1109 passi,
1324 1035 1583 1105 procellas
1628 1031 1832 1087 scilicet
1872 1038 1925 1082 et
1973 1037 2103 1079 tem-

510 1146 763 1209 pestates,
791 1135 973 1205 quales
1000 1148 1056 1187 se
1088 1146 1355 1200 nunquam
1380 1126 1576 1180 vidisse
1602 1122 1905 1177 fatebantur
1931 1136 1945 1183 ;
1976 1132 2105 1185 qua-

512 1231 752 1300 draginta
783 1227 970 1283 diebus
1017 1234 1071 1280 et
1117 1222 1469 1301 quadraginta
1521 1218 1768 1273 noctibus
1820 1216 1870 1268 in
1926 1210 2105 1265 medio

515 1325 646 1380 tnari
684 1324 834 1381 navis
864 1337 1047 1376 eorum
1081 1316 1319 1388 periculo
1350 1313 1680 1383 subiacebat.
1721 1308 1835 1365 iam
1884 1305 1949 1361 de
2004 1306 2107 1358 vita

512 1419 858 1486 desperantes
886 1422 1111 1467 mortem
1144 1424 1254 1479 pra:
1307 1407 1479 1461 oculis
1527 1404 1811 1467 habentes,
1864 1399 2001 1453 inter
2050 1412 2109 1450 se

514 1525 696 1580 pacem
730 1508 1015 1571 facientes,
1046 1501 1167 1572 quia
1192 1501 1302 1573 jam
1327 1515 1420 1554 eos
1444 1512 1590 1552 tuane
1621 1496 1911 1549 absorbere
1928 1489 2113 1561 cupie-

514 1599 626 1664 bat,
658 1614 714 1653 se
748 1597 995 1652 videntes
1023 1596 1074 1649 in
1110 1603 1256 1647 tanto
1283 1590 1539 1662 periculo,
1572 1602 1731 1641 voces
1786 1585 1850 1638 ad
1910 1582 2107 1637 caelum

514 1693 714 1747 dabant
739 1692 1031 1745 clamantes
1059 1701 1122 1743 ac
1155 1687 1431 1739 dicentes:
1466 1681 1692 1735 Domina
1746 1675 2111 1749 Radegundis,

515 1786 738 1839 subveni
769 1783 939 1838 servis
996 1781 1101 1835 tuis
1136 1777 1299 1834 :dum
1353 1777 1444 1830 tibi
1495 1774 1797 1841 obedimus,
1849 1768 2115 1825 submersi

2205 556 2366 613 millia
2400 558 2622 611 millium
2647 555 2948 611 dmttionttm
2981 552 3031 606 in
3059 551 3236 627 specie
3265 565 3549 621 caprarum
3572 562 3798 610 astare;
3850 542 3861 545 ἡ

2203 651 2289 711 ubi
2314 660 2494 707 sancta
2522 647 2798 705 dexteram
2833 645 3041 702 beatam
3079 661 3199 698 cum
3230 644 3381 715 signo
3409 644 3589 699 crucis
3623 646 3802 699 ctera.

2204 744 2298 808 vit,
2320 743 2493 803 omnis
2542 742 2627 799 illa
2651 740 2937 797 multitudo
2970 740 3270 795 dannonum
3316 739 3499 810 fugata
3526 738 3803 808 nusquam

2203 847 2518 905 comparuit.
2772 832 2775 837 λ

2274 950 2363 1007 25.
2392 950 2565 1007 Simili
2590 949 2749 1007 modo
2769 950 2897 1007 dum
2928 960 3054 1006 ante
3079 964 3229 1009 suam
3253 950 3445 1007 cellam
3470 958 3639 1003 nocte
3659 958 3807 1002 asta-

2209 1054 2308 1109 ret,
2344 1059 2555 1114 semper
2584 1045 2745 1103 corde
2774 1055 2829 1101 et
2860 1047 2911 1100 in
2944 1060 3038 1103 ore
3066 1060 3284 1101 cursum
3313 1046 3643 1108 decantatis,
3664 1045 3805 1098 intra

2208 1152 2398 1191 arcana
2430 1138 2607 1193 cordis
2638 1138 2719 1193 sui
2767 1148 2975 1195 secrete
3000 1138 3141 1209 jugis
3172 1139 3285 1193 laus
3318 1139 3410 1193 Dei
3443 1137 3805 1207 personabat,

2212 1237 2470 1283 nocturna
2508 1229 2643 1294 avis,
2675 1245 2794 1298 qua:
2844 1229 3150 1289 hominibus
3191 1240 3275 1286 est
3325 1229 3562 1297 ingrata,
3596 1230 3808 1283 vocife-

2212 1336 2335 1383 rans
2378 1322 2429 1381 in
2481 1323 2653 1381 medio
2697 1322 3022 1379 monasterio
3052 1323 3102 1378 in
3131 1324 3322 1378 arbore
3370 1337 3432 1376 se
3475 1320 3803 1383 infestabat.

2212 1412 2349 1471 Dicit
2384 1412 2448 1467 ad
2489 1430 2605 1469 eam
2637 1431 2736 1471 una
2781 1418 2847 1471 do
2873 1416 3172 1471 astantibus
3217 1431 3231 1469 :
3272 1416 3490 1469 Domina
3533 1415 3720 1479 beata,
3759 1414 3805 1467 si

2211 1506 2392 1575 juties,
2428 1505 2478 1560 in
2528 1507 2697 1561 verbo
2746 1518 2837 1562 tuo
2863 1508 3024 1578 ejicio
3054 1523 3231 1563 avem.
3262 1508 3389 1573 Quae
3427 1507 3565 1561 dicit
3604 1508 3660 1560 ei
3700 1524 3713 1557 :
3748 1506 3803 1559 Si

2215 1608 2393 1662 nocet,
2426 1597 2477 1651 in
2526 1597 2742 1659 nomine
2773 1597 2986 1661 Domini
3012 1598 3167 1664 vade,
3198 1598 3549 1655 nihilominus
3590 1599 3805 1663 signum

2215 1690 2391 1745 crucis
2432 1706 2593 1760 super
2618 1706 2738 1747 eam
2784 1689 3002 1749 faciens.
3038 1691 3342 1749 Ambulavit
3377 1690 3627 1760 dixitque
3674 1690 3761 1743 ari
3792 1706 3807 1743 :

2218 1782 2273 1841 in
2321 1784 2538 1841 nomine
2568 1784 2777 1841 Domini
2826 1786 2993 1849 nostri
3025 1785 3152 1843 Jesu
3175 1783 3369 1840 Christi
3397 1784 3556 1852 jubet
3586 1783 3807 1837 domina

516 1893 620 1933 non
655 1889 937 1946 pereamus
970 1892 982 1940 ;
1018 1873 1183 1927 libera
1214 1888 1311 1926 nos
1362 1871 1429 1926 de
1462 1871 1647 1924 mortis
1698 1867 1933 1940 periculo
1980 1864 2099 1937 quia
2137 1854 2185 1913 Β
2220 1872 2582 1943 Radegundis,
2614 1875 2657 1929 si
2698 1890 2801 1929 non
2842 1890 2908 1930 ex
2954 1875 3046 1930 Dei
3081 1886 3232 1945 parte
3261 1874 3476 1937 venisti,
3506 1884 3569 1929 ut
3594 1873 3667 1927 ab
3711 1875 3809 1927 hoc

518 1967 629 2039 jam
663 1983 810 2021 tnare
838 1979 1080 2035 paratum
1111 1974 1192 2019 est
1221 1973 1278 2018 ut
1307 1979 1403 2018 nos
1434 1961 1583 2016 vivos
1628 1961 1929 2014 absorbent.
1982 1957 2108 2013 Ubi-
2146 2024 2159 2038 .

522 2074 734 2129 cunque
769 2062 1009 2112 invocata
1043 2056 1186 2113 fuisti
1226 2056 1440 2109 miserta
1470 2072 1547 2121 es,
1583 2071 1721 2108 nunc
1766 2052 1953 2123 adjuva
1990 2061 2109 2105 tuos

521 2170 589 2209 ne
620 2165 857 2223 pereant.
894 2153 971 2207 Ad
1006 2152 1099 2205 has
1132 2168 1287 2208 voces
1320 2152 1371 2206 in
1402 2149 1579 2205 medio
1627 2147 1756 2203 mari
1784 2147 1999 2202 adxenit
2022 2158 2112 2198 co-

521 2246 722 2310 lumba,
752 2263 868 2314 qua:
902 2254 981 2299 ter
1011 2260 1203 2299 navem
1234 2259 1419 2297 eorum
1444 2242 1789 2306 circumiens,
1821 2238 1973 2291 tertia
1998 2235 2113 2289 vice

518 2341 575 2396 in
609 2341 823 2394 numine
852 2338 1127 2391 Trinitatis
1155 2352 1313 2405 quam
1366 2335 1520 2388 beata
1562 2346 1775 2401 semper
1820 2329 1983 2383 ciirde
2030 2326 2113 2380 di-

531 2434 678 2498 lexit,
711 2448 831 2486 cum
863 2430 1098 2496 volaret,
1135 2444 1323 2483 servus
1350 2428 1519 2481 beatte
1552 2427 1744 2493 regina:
1768 2422 1983 2477 nomine
2015 2422 2112 2475 Ba-

529 2517 1014 2579 t:3.~aios'extendit
1063 2536 1303 2586 manum,
1353 2520 1420 2573 de
1465 2518 1631 2571 eauda
1674 2516 1789 2585 ejus
1838 2527 1945 2569 tres
1999 2514 2116 2568 tulit

525 2631 747 2684 pennas,
782 2630 915 2686 quas
949 2613 1083 2667 mari
1116 2613 1419 2682 iutinguens
1454 2619 1823 2677 tempestatem
1874 2620 2118 2677 comprs-

520 2706 709 2761 enitet
738 2705 801 2760 ad
836 2706 1227 2758 invocationem
1278 2701 1508 2757 nominis
1560 2703 1726 2754 beatm
1773 2699 2116 2768 Radegundis

522 2799 768 2852 columba
802 2809 919 2864 quae
948 2796 1216 2863 apparuit,
1250 2802 1366 2863 eius
1398 2792 1627 2847 famulos
1676 2791 1741 2844 de
1793 2792 1981 2843 mortis
2025 2788 2115 2858 ja-

520 2902 626 2944 ttua
655 2889 777 2942 vitae
806 2885 1059 2951 reddidit,
1092 2893 1151 2941 et
1178 2884 1313 2939 facta
1346 2894 1426 2939 est
1457 2882 1815 2953 tranquillitas
1846 2896 2035 2951 magna
2062 2879 2115 2935 in

524 2979 704 3037 medio
736 2980 889 3034 mari.
926 2978 1003 3034 Illi
1034 2994 1162 3034 vero
1191 2978 1298 3031 alta
1332 2992 1461 3032 voce
1491 2977 1788 3031 clamantes
1818 2975 2069 3029 dicebant
2100 2990 2113 3026 :

523 3074 823 3143 Advenisti,
857 3074 993 3133 bona
1022 3072 1260 3136 domina,
1298 3072 1491 3143 pietate
1521 3074 1698 3142 plena,
1733 3078 1850 3124 tuos
1872 3068 2118 3145 captivos

522 3170 733 3241 eripere
760 3184 827 3224 ne
870 3166 1118 3222 ﬂuctibus
1172 3176 1561 3239 mergerentur.
1614 3167 1691 3219 Ad
1742 3163 1857 3243 ejus
1908 3177 2113 3217 invoca-

2216 1964 2334 2029 loco
2361 1965 2629 2032 discedas,
2658 1976 2710 2021 et
2738 1967 2951 2035 penitus
2982 1968 3068 2023 hic
3091 1979 3309 2025 cantare
3340 1982 3446 2022 non
3484 1980 3808 2036 praesumus.

2214 2054 2490 2125 Tanquam
2522 2056 2566 2111 si
2611 2072 2674 2112 ex
2707 2072 2799 2113 ore
2829 2057 2927 2119 Dei
2974 2060 3236 2128 prolatum
3280 2060 3525 2115 audisset
3556 2058 3810 2124 verbum,

2214 2147 2361 2202 dedit
2386 2148 2620 2211 volatum
2662 2159 2715 2205 et
2745 2165 3002 2218 nusquam
3029 2150 3348 2220 comparuit.
3380 2150 3577 2206 Merito
3600 2149 3651 2205 ei
3682 2163 3809 2204 aves

2215 2248 2269 2297 et
2293 2239 2476 2295 bestiae
2514 2241 2789 2304 obediunt,
2814 2243 2935 2311 quia
2976 2242 3066 2301 illa
3098 2257 3370 2314 nunquam
3400 2242 3668 2311 prateriit
3706 2241 3809 2298 Do-

2217 2330 2352 2389 mini
2393 2332 2611 2388 obedire
2644 2343 2933 2402 praecepto.

2287 2424 2379 2479 2i.
2410 2422 2475 2478 Et
2497 2425 2543 2480 si
2572 2441 2666 2491 pro
2695 2425 3004 2483 infirmitate
3029 2428 3316 2498 aliquoties
3336 2442 3686 2501 requsescere
3706 2441 3802 2481 ve-

2221 2515 2427 2582 luisset,
2462 2516 2657 2586 spiritu
2699 2516 2934 2587 vigilanti
2965 2518 3195 2587 dicebat,
3226 2529 3476 2591 tanquam
3509 2520 3808 2579 aduocans

2218 2622 2334 2659 eam
2376 2622 2496 2677 qua:
2527 2608 2787 2675 psalmum
2818 2608 3028 2666 dicebat
3060 2629 3072 2665 :
3107 2613 3239 2681 Age,
3272 2612 3379 2667 die.
3411 2611 3555 2671 Nulli
3586 2611 3806 2667 dabisat

2220 2707 2303 2755 est
2331 2697 2469 2766 quod
2495 2697 2807 2768 spiritaliter
2834 2714 2955 2765 cum
2996 2701 3196 2759 sanctis
3226 2702 3510 2771 psallebat,
3537 2715 3632 2757 aut
3658 2714 3807 2759 certe

2222 2804 2319 2843 nec
2349 2805 2511 2863 sopor
2540 2808 2656 2848 eam
2688 2796 2996 2864 superabat.
3028 2796 3178 2857 Mens
3207 2798 3406 2853 intenta
3437 2796 3504 2851 ad
3532 2796 3805 2855 Christum

2224 2881 2529 2952 frequenter
2567 2889 2727 2951 etiam
2768 2888 2821 2945 in
2853 2905 3048 2959 sopore
3078 2892 3270 2960 posita,
3301 2892 3369 2947 de
3400 2891 3584 2948 futuro
3608 2892 3807 2959 judicio

2223 2984 2278 3030 et
2320 2978 2387 3031 de
2411 2990 2614 3036 :cterno
2648 2984 2867 3052 praemio
2899 2985 3222 3053 praedicans,
3252 2985 3626 3057 expergefacta
3658 2986 3808 3040 nobis

2222 3066 2434 3125 dicebat
2458 3089 2469 3124 :
2497 3073 2759 3145 Colligite,
2782 3076 3016 3147 colligite
3048 3079 3284 3135 triticum
3306 3077 3661 3143 dominicum,
3684 3080 3808 3148 quia

2224 3173 2351 3215 vere
2373 3161 2491 3218 dico
2516 3165 2666 3222 vobis
2689 3183 2794 3227 non
2824 3170 2911 3224 diu
2938 3171 3040 3226 erit
3066 3180 3123 3227 ut
3141 3170 3425 3241 colligatis.
3454 3170 3645 3228 Videte
3667 3170 3806 3239 quod

524 3264 721 3318 tionem
756 3276 858 3317 non
892 3270 1094 3314 tantum
1127 3261 1230 3330 sui,
1264 3258 1358 3315 sed
1388 3274 1572 3314 omnes
1602 3266 1729 3315 sunt
1754 3256 1959 3312 liberati
2011 3270 2105 3325 per
2132 3244 2179 3309 C
2213 3254 2367 3326 dico,
2423 3260 2652 3330 colligite
2706 3266 2832 3334 quia
2892 3281 3020 3323 vere
3096 3266 3402 3336 quzesiturte
3461 3269 3595 3323 estis
3666 3267 3807 3325 istud

524 3357 777 3411 virtutem
808 3356 972 3425 ipsius
998 3354 1209 3409 domne:
1228 3352 1590 3424 Radegundis.
1618 3352 1761 3422 Ipsas
1788 3365 1989 3423 pennas
2014 3349 2115 3403 huc

526 3446 832 3513 attulerant,
862 3451 917 3499 et
941 3443 1229 3499 fabricatas
1260 3443 1358 3514 ipsi
1394 3443 1481 3516 qui
1512 3443 1578 3499 de
1609 3452 1781 3496 morte
1816 3447 1939 3492 sunt
1988 3439 2117 3493 libe-

526 3541 654 3606 rati,
688 3555 781 3609 per
814 3539 929 3593 loca
984 3548 1171 3609 sancta
1226 3535 1407 3591 devoti
1454 3535 1734 3590 dederunt.
1786 3532 2118 3603 Ubicumque

525 3631 772 3688 invocata
804 3630 984 3700 fuerit,
1016 3602 1247 3700 benigne
1273 3628 1527 3695 exaudit;
1563 3628 1607 3682 si
1647 3628 1952 3682 febricitans
1983 3666 1999 3693 ,
2031 3602 2119 3683 aut

526 3728 791 3799 pustulam
818 3725 1043 3791 habens,
1072 3733 1163 3779 aut
1192 3740 1222 3779 a
1242 3738 1559 3793 quacunque
1583 3734 1761 3781 tentus
1786 3721 2116 3787 infimitate,

527 3838 624 3894 pro
656 3821 938 3893 interiecto
968 3821 1369 3893 longinquitatis
1405 3830 1560 3875 terra:
1586 3819 1761 3889 spatio
1789 3820 1854 3876 ad
1882 3835 1999 3873 cam
2032 3835 2119 3875 ve-

526 3914 645 3970 nire
675 3930 779 3967 non
813 3915 1071 3983 potuisset
1097 3957 1112 3983 ,
1145 3914 1369 3969 candela
1400 3915 1456 3967 in
1486 3914 1602 3987 ejus
1650 3913 1865 3969 nomine
1894 3929 2119 3977 accensa

529 4018 747 4063 omnem
774 4005 977 4061 febrem
1010 4004 1234 4076 depulit.

602 4098 687 4151 21.
718 4096 984 4164 Quantum
1017 4112 1168 4151 suam
1199 4096 1662 4169 congregationem
1694 4097 1949 4155 dilexerit
1996 4098 2118 4169 quis

529 4187 681 4246 eﬂarl
704 4188 907 4245 valeat?
939 4204 1037 4246 nec
1064 4191 1107 4245 si
1142 4200 1367 4251 centeno
1406 4192 1580 4246 sonitu
1628 4192 1825 4263 linguae
1856 4194 2117 4261 plectrum

531 4290 754 4337 moveat
781 4280 885 4336 hoc
900 4280 1115 4349 explere
1139 4281 1297 4336 valet.
1325 4280 1561 4337 instituit
1580 4294 1656 4352 ut,
1673 4284 1799 4357 dum
1818 4286 2121 4351 reficerent,

531 4385 749 4441 semper
779 4372 937 4429 lectio
966 4374 1255 4444 legeretur,
1288 4383 1343 4428 ut
1396 4392 1499 4428 non
1552 4377 1724 4432 solum
1767 4375 1949 4434 fauces
1980 4377 2123 4443 acci-

532 4462 681 4534 piant
706 4463 905 4529 cibum,
934 4463 1030 4519 sed
1060 4472 1115 4518 et
1141 4478 1296 4518 aures
1327 4463 1544 4520 audiant
1575 4465 1665 4522 Dei
1690 4468 1931 4524 verbum.
1956 4467 2124 4536 Quid-

532 4554 664 4624 quid
691 4564 783 4609 aut
812 4554 928 4609 aliis
958 4554 1210 4624 praecepit
1250 4565 1339 4609 aut
1380 4557 1488 4626 ipsa
1520 4552 1665 4624 fecit,
1696 4560 1870 4613 omnia
1904 4568 2122 4631 propter

2229 3357 2475 3420 tempus;
2509 3368 2667 3420 vere,
2700 3372 2827 3413 vere
2877 3358 3183 3427 quaesitura
3230 3358 3359 3415 estis
3410 3360 3543 3415 istos
3585 3360 3704 3415 dies
3754 3367 3806 3414 et

2232 3444 2391 3501 valde
2443 3447 2849 3507 desideratura.
2876 3450 3027 3518 Quod
3061 3452 3161 3508 etsi
3192 3462 3318 3508 tunc
3362 3453 3567 3523 ignavia
3627 3463 3807 3508 nostra

2227 3536 2328 3593 hoc
2357 3537 2533 3609 tepide
2562 3542 2877 3610 accipiebat,
2901 3542 3010 3612 jam
3045 3554 3221 3601 tamen
3253 3558 3395 3599 nunc
3442 3543 3659 3599 venisse
3689 3558 3807 3613 pro-

2227 3631 2415 3693 bemus
2442 3634 2587 3711 quod
2632 3634 2785 3691 dixit.
2833 3634 2963 3697 Illud
3004 3638 3374 3707 prepborticum
3421 3638 3473 3692 in
3518 3637 3673 3692 nobis
3712 3639 3808 3692 im-

2227 3723 2428 3796 pletum
2458 3734 2571 3780 est:
2600 3723 2806 3781 Mittam
2838 3727 2971 3785 vobis
2998 3730 3185 3795 [amem
3223 3729 3276 3787 iit
3306 3737 3442 3783 terra
3472 3728 3652 3798 (Atlas
3691 3734 3807 3793 vti;

2228 3815 2442 3883 famem,
2460 3817 2654 3887 inquit,
2674 3833 2777 3873 non
2806 3819 2955 3887 panis
2971 3828 3020 3874 et
3034 3834 3183 3889 aqua:
3201 3820 3294 3877 sed
3312 3820 3563 3875 audiendi
3587 3819 3821 3876 verbum

2230 3907 2349 3962 Dei.
2394 3909 2543 3964 Licet
2575 3912 2981 3979 prmdicationes
3030 3928 3161 3981 quas
3206 3914 3436 3971 instituit
3485 3913 3807 3984 recitenturl;

2228 4007 2406 4063 tamen
2464 4002 2698 4059 cessavit
2746 4002 2832 4061 illa
2879 4003 3207 4065 incessabiiis
3260 4018 3385 4074 vox,
3441 4004 3809 4063 desiderabilis

2231 4090 2547 4159 admonitio,
2566 4092 2742 4153 dulcis
2768 4094 3010 4155 allectus.
3035 4094 3165 4157 Nam
3188 4096 3396 4164 qualem
3419 4095 3649 4164 vultum.
3674 4096 3809 4157 Deus

2230 4188 2521 4261 plasmator
2566 4187 2704 4251 bone
2734 4191 2748 4244 t
2797 4190 3005 4258 qualem
3041 4190 3251 4257 faciem,
3279 4191 3493 4260 qualem
3524 4204 3807 4259 personam

2229 4279 2437 4348 habuit,
2462 4279 2579 4351 quis
2639 4288 2809 4351 potest
2851 4294 3080 4351 unquam
3111 4280 3423 4351 exponere?
3460 4279 3568 4338 Sed
3608 4288 3664 4336 et
3714 4281 3809 4335 hoc

2229 4376 2506 4439 rrminisci
2537 4376 2857 4445 supplicium
2890 4382 2992 4429 est.
3040 4374 3147 4431 Nos
3180 4389 3305 4428 vero
3336 4372 3566 4429 humiles
3597 4371 3808 4427 deside—

2240 4481 2422 4525 ramus
2451 4465 2501 4521 in
2534 4482 2593 4529 ea
2627 4465 2945 4533 doctrinam,
2976 4466 3220 4535 formam,
3251 4465 3475 4532 vultum,
3509 4480 3808 4537 personam,

2231 4561 2532 4625 scientiam,
2566 4560 2837 4631 pietatem,
2866 4559 3173 4625 bonitatem,
3223 4558 3564 4621 dulcedinem
3607 4574 3619 4613 :
3652 4573 3809 4630 quam

536 4647 705 4702 Deum
738 4661 954 4717 semper
984 4648 1245 4717 implevit.
1278 4651 1542 4717 Quidquid
1575 4662 1662 4705 aut
1688 4652 1957 4723 prohibuit
1984 4652 2120 4720 fieri,
2150 4637 2207 4701 D
2232 4654 2518 4726 specialem
2549 4667 2579 4707 a
2614 4650 2835 4717 Domino
2878 4650 3013 4708 inter
3051 4661 3273 4713 caeteros
3313 4649 3559 4713 homines
3606 4649 3811 4705 habuit.

534 4748 631 4793 aut
655 4739 768 4805 ipsa
790 4740 976 4794 vitavit
1005 4738 1397 4807 facere,omnia
1430 4742 1480 4795 in
1509 4743 1623 4797 zelo
1650 4742 1740 4798 Dei
1764 4753 1816 4797 et
1846 4743 1979 4797 nihil
2008 4757 2125 4799 car-

536 4831 725 4887 naliter
752 4840 845 4886 aut
870 4833 997 4902 egit,
1039 4841 1130 4886 aut
1160 4834 1355 4902 sapuit.
1392 4833 1455 4887 Et
1486 4835 1605 4905 quia
1641 4850 1910 4904 nunquam
1954 4836 2124 4890 otiosa

536 4923 606 4977 ab
632 4937 798 4989 opere
841 4923 937 4977 Dei
981 4935 1101 4978 esse
1132 4924 1315 4991 voluit,
1349 4925 1623 4979 insistebat
1666 4927 1844 4998 utique
1870 4927 2121 4997 orationi,

536 5013 752 5071 lectioni
770 5024 823 5070 et
840 5015 1197 5086 eleemosynis
1210 5029 1273 5070 ac
1286 5017 1749 5085 praedicationibus
1773 5022 2121 5088 incessanter,

536 5113 789 5169 omnibus
813 5111 1026 5179 diebus,
1054 5120 1114 5166 ut
1142 5111 1289 5166 nulla
1317 5122 1458 5167 esset
1496 5128 1613 5189 quae
1639 5128 1697 5168 se
1733 5114 1802 5173 de
1830 5116 2121 5189 ignorantia

535 5212 845 5261 excusaret.

609 5297 700 5352 Β.
732 5297 963 5353 Tantum
998 5295 1230 5367 denique
1257 5296 1457 5352 donum
1484 5297 1535 5352 in
1568 5312 1626 5354 se
1656 5298 1913 5370 largiente
1946 5300 2123 5356 divina

540 5392 711 5462 gratia
738 5381 945 5460 habuit,
977 5398 1036 5446 ut
1081 5390 1395 5447 humilitatis
1426 5392 1737 5463 magistrum
1783 5394 1869 5463 qui
1896 5394 1961 5448 de
2004 5394 2125 5449 creti

542 5484 680 5540 solio
708 5487 774 5539 ad
806 5494 975 5540 terras
1001 5483 1278 5540 descendit
1301 5484 1582 5551 imitando,
1614 5484 1894 5538 Dominum
1934 5499 2125 5555 seque-

544 5587 693 5634 retur
716 5578 769 5632 in
800 5578 1012 5648 spiritu,
1041 5593 1361 5648 quocunque
1384 5581 1501 5633 iret.
1530 5579 1811 5648 Postquam
1836 5594 2127 5651 congrega—

544 5671 622 5727 tlo
646 5686 706 5727 se
745 5671 1071 5726 recondebat
1097 5670 1206 5741 jam
1246 5671 1313 5725 ad
1346 5674 1736 5742 pausationem,
1771 5673 1857 5728 illa
1883 5714 1899 5742 ,
1924 5682 1979 5728 ut
2010 5690 2129 5746 pcr-

545 5766 836 5820 noctansin
868 5764 1130 5834 oratione,
1156 5780 1249 5819 sua
1287 5776 1468 5820 sancta
1497 5764 1711 5820 dextera
1744 5770 2126 5826 monasterium

548 5871 643 5928 per
673 5858 884 5926 signum
917 5856 1092 5913 crucis
1119 5857 1379 5913 salvabat.
1408 5858 1646 5925 Quadam
1682 5861 1796 5914 vice
1818 5861 1939 5916 dum
1974 5862 2126 5917 beata

2296 4746 2387 4804 25.
2419 4746 2587 4813 Quam
2620 4756 2803 4809 sancta
2833 4744 2928 4803 fuit
2954 4747 3060 4805 vita
3085 4744 3222 4815 ejus.
3244 4754 3351 4807 tam
3375 4758 3541 4813 purus
3566 4753 3619 4800 et
3640 4743 3814 4799 dulcis

2232 4849 2497 4919 aspectus.
2525 4840 2659 4894 Ante
2701 4853 2897 4892 annum
2929 4836 3183 4892 transitus
3212 4838 3314 4903 sui,
3344 4835 3479 4893 vidit
3507 4836 3558 4891 in
3588 4836 3707 4890 visu
3733 4836 3813 4891 lo-

2232 4948 2351 4999 cum
2381 4931 2479 4985 sibi
2515 4943 2778 5001 paratum,
2809 4931 3060 5001 venitque
3086 4930 3150 4985 ad
3175 4946 3293 4986 eam
3313 4929 3526 5003 juvenis
3549 4930 3814 5003 praedives

2233 5022 2643 5101 pulcherrimus,
2692 5032 2745 5076 et
2792 5022 2940 5091 quasi
2989 5021 3278 5103 juvenilem
3324 5020 3528 5078 habens
3576 5030 3811 5089 aetatem,

2230 5116 2319 5189 qui
2349 5116 2495 5170 suavi
2532 5124 2673 5169 tactu
2706 5115 3007 5186 blandoque
3031 5115 3301 5184 colloquio
3323 5114 3448 5173 dum
3493 5130 3614 5177 cum
3644 5129 3709 5173 ea
3741 5116 3814 5168 lo-

2229 5210 2621 5295 queretur,illa
2654 5210 2719 5265 de
2742 5225 2799 5264 se
2827 5196 3030 5275 zelans,
3048 5209 3354 5269 blanditiam
3380 5208 3685 5278 respuebat.
3710 5207 3809 5276 Qui

2229 5302 2361 5365 dixit
2390 5302 2620 5372 eizQuid
2652 5318 2737 5357 ine
2765 5302 3030 5359 desiderio
3056 5316 3279 5357 accensa
3298 5317 3418 5359 cum
3449 5300 3610 5359 tantis
3632 5300 3813 5370 lacry-

2231 5396 2332 5451 mis
2364 5409 2543 5465 rogas,
2560 5408 2778 5464 gemens
2807 5393 3209 5465 requiris,‘l’nsis
3229 5392 3476 5474 precibus
3500 5390 3696 5461 poscis,
3716 5406 3811 5460 pro

2231 5502 2317 5541 me
2346 5494 2491 5540 tanto
2523 5493 2573 5540 te
2596 5486 2833 5539 cruciatu
2860 5483 3052 5554 affligis
3074 5485 3162 5553 qui
3208 5498 3420 5552 semper
3445 5483 3537 5537 tibi
3577 5481 3813 5537 adsisto?

2230 5579 2332 5647 'l‘u,
2365 5592 2576 5648 gemma
2598 5578 2851 5647 pretiosa,
2886 5579 3098 5639 noveris
3128 5588 3177 5633 te
3202 5577 3252 5637 in
3283 5576 3585 5641 diademate
3624 5576 3811 5646 capitis

2231 5672 2337 5731 mei
2367 5672 2591 5741 primam
2633 5684 2754 5726 esse
2781 5685 3071 5739 gemmam.
3106 5670 3247 5731 Nulli
3275 5670 3493 5733 dubium
3526 5669 3670 5740 quod
3699 5670 3812 5738 ipse

2231 5779 2347 5820 eam
2379 5763 2614 5817 visitavit
2638 5764 2722 5819 cui
2752 5776 2813 5816 se
2843 5771 2951 5817 tota
2982 5762 3266 5817 devotione
3294 5762 3511 5816 tradidit
3539 5761 3729 5817 vivens
3760 5761 3809 5815 in

2233 5875 2460 5929 corpore
2487 5869 2541 5914 et
2560 5855 2786 5928 gloriam
2813 5869 2917 5927 qua
2948 5853 3170 5913 fruitura
3192 5863 3310 5912 erat
3337 5858 3384 5911 ei
3410 5855 3669 5911 ostendit.
3701 5852 3808 5908 Sed
