4076 6348
264 325 385 380 677

1518 325 1702 388 VlTA.
1743 325 1951 396 LIBER
1987 321 2369 390 SECUNDUS.

3445 309 3554 371 678

265 434 426 492 hunc
479 433 656 490 visum
713 435 978 490 secretius
1027 448 1148 490 cum
1199 437 1588 495 contestatione
1655 439 1862 496 duabus
1890 441 1937 508 Α
1970 441 2167 496 Flenda
2200 454 2328 510 ergo
2355 434 2512 492 nobis
2539 435 2659 491 talis
2680 447 2784 491 non
2813 441 2928 502 est,
2959 431 3053 490 sed
3082 431 3381 489 tremenda.
3408 429 3556 487 Ami-

263 525 407 584 satis
424 523 668 580 ﬁdelibus
680 521 953 593 disseruit,
967 535 1024 580 ut
1042 529 1394 598 sesuperstite
1407 527 1537 584 nulli
1557 540 1858 586 narrarent.
1911 535 1916 542 ”

351 607 413 667 Et
438 613 559 687 quia
586 614 748 670 multa
777 625 902 670 sunt
928 615 1099 671 adhuc
1128 619 1256 672 satis
1285 626 1338 672 et
1365 633 1553 690 magna
1587 636 1705 688 qua:
1735 637 1864 690 pro-

265 719 396 775 pter
449 705 810 778 prolixitatem
852 707 1186 776 prteterimus
1215 749 1228 773 ,
1263 724 1327 762 ne
1367 709 1647 778 prolixitas
1679 721 1862 770 nostra

263 789 614 852 audientibus
642 798 817 868 potius
848 797 1120 852 fastidium
1150 807 1407 869 generet,
1439 816 1596 870 quam
1631 801 1862 858 nitorem

263 887 702 962 sermonis[Al.,
736 887 935 961 sermo]
960 891 1228 947 ostendat.
1261 891 1528 960 Quantum
1558 893 1626 948 de
1654 910 1859 962 amore,

270 981 347 1036 de
371 982 728 1048 nutrimentis,
754 981 820 1036 de
837 982 1116 1048 charitate,
1131 984 1196 1038 de
1216 985 1614 1056 praedicatione,
1634 986 1700 1043 de
1717 985 1864 1042 omni

264 1074 493 1128 omnino
524 1083 709 1127 sancta
739 1075 853 1144 ejus
874 1077 1282 1132 conversatione
1305 1077 1714 1143 reminiscimur,
1742 1095 1865 1134 cru-

266 1164 479 1218 ciamur
516 1175 571 1219 et
614 1163 858 1220 dolentes
906 1168 1074 1220 oculis
1115 1168 1367 1223 distensis
1395 1171 1714 1240 requirimus
1746 1179 1864 1225 tan-

268 1269 381 1314 tam
415 1260 691 1330 pietatem,
726 1261 818 1315 sed
851 1277 950 1316 nec
978 1263 1280 1317 invenimus
1317 1264 1457 1334 quod
1503 1264 1856 1332 perdidimus.

265 1355 316 1408 Ο
350 1363 456 1408 tam
505 1354 634 1408 dura
674 1352 912 1414 conditio
942 1370 1061 1426 qua:
1094 1357 1246 1410 nobés
1291 1356 1596 1412 infelicibus
1646 1357 1857 1414 evenit!

265 1463 303 1503 ο
330 1447 536 1520 piisima
585 1447 828 1518 domina,
859 1450 1057 1504 utinam
1088 1450 1413 1506 obtinuisses
1441 1467 1562 1506 cum
1593 1451 1712 1508 (εωιὶ
1759 1453 1865 1507 Do-

269 1545 444 1626 mino2
475 1553 529 1598 ut
552 1552 675 1600 ante
701 1552 753 1599 te
783 1559 911 1600 oves
936 1559 1070 1614 quas
1089 1558 1511 1618 congregaveras
1532 1543 1858 1602 direxisses!

264 1635 375 1704 Tu,
405 1646 675 1708 pastorem
701 1636 895 1692 bonum
922 1652 1173 1708 sequens,
1198 1653 1411 1709 gregem
1438 1637 1667 1694 Domino
1697 1638 1864 1694 tradi-

263 1727 460 1784 disses.

1969 534 2138 588 simus
2167 533 2380 601 quidem
2424 531 2477 586 in
2511 529 2759 601 przesenti
2792 529 2992 584 saeculo
3029 527 3300 582 dominam
3343 533 3395 580 et
3440 539 3554 581 tua-

1971 642 2103 684 trem
2141 645 2152 680 :
2202 628 2293 682 sed
2325 627 2377 682 in
2419 643 2642 699 regnum
2671 626 2870 680 Christi
2919 623 3277 694 praemisimus
3317 621 3551 676 interce-

1967 721 2201 774 dentem.
2234 719 2563 773 Admirabile
2593 718 2807 787 quidem
2856 715 3104 785 gaudium
3146 715 3272 770 fecit
3296 715 3348 768 iu
3377 713 3548 780 czrlis,

1968 814 2019 868 in
2053 814 2209 868 terris
2234 829 2361 868 vero
2384 812 2775 870 intolerabilem
2803 811 3004 867 luctum
3026 810 3263 884 reliquit.

2037 905 2126 959 27.
2178 904 2403 973 Quando
2453 904 2569 974 ejus
2619 913 2802 960 sancta
2851 904 3027 959 anima
3087 904 3153 958 de
3207 901 3309 956 hoc
3357 899 3555 955 satculo

1969 1000 2216 1072 migravit
2269 999 2333 1054 ad
2391 999 2694 1064 Christum,
2753 1015 2858 1054 non
2889 1008 3004 1054 erat
3044 997 3117 1053 ibi
3164 995 3396 1068 pontifex
3427 993 3552 1048 loci.

1969 1089 2272 1146 Ambulavit
2333 1093 2548 1148 nttntius
2619 1093 2699 1146 ad
2751 1092 2922 1146 virum
2980 1090 3330 1162 aposmlicum
3398 1087 3553 1141 dom-

1969 1200 2092 1236 num
2144 1182 2456 1253 Gregorium
2505 1183 2786 1238 Turonica:
2830 1183 3064 1238 civitatis
3110 1182 3454 1252 episc0pum,
3499 1185 3557 1232 et

1967 1273 2202 1329 advenit.
2257 1273 2363 1330 Sed
2419 1287 2673 1356 quantum
2725 1290 2962 1344 prmsens
3003 1273 3135 1328 vidit
3183 1272 3354 1327 oculis
3403 1277 3555 1324 ante-

1967 1380 2122 1436 quam
2171 1381 2285 1419 eam
2326 1366 2623 1431 sepeliret,
2669 1365 2736 1420 de
2803 1365 2918 1433 ejus
2965 1365 3250 1418 virtutibus
3308 1359 3363 1416 in
3417 1359 3557 1414 libro

1968 1456 2348 1512 miraculorum
2408 1455 2584 1528 (Greg.
2643 1455 2837 1510 Turon.
2889 1457 2951 1510 de
2997 1454 3081 1510 Gl.
3138 1453 3346 1524 Confes.
3405 1450 3552 1524 106),

1978 1565 2138 1620 quem
2200 1550 2545 1622 composuit,
2604 1549 2848 1606 inseruit.
2893 1549 3026 1604 Cum
3073 1555 3250 1603 autem
3309 1544 3455 1600 venit
3483 1543 3552 1599 ad

1977 1641 2150 1698 locum
2210 1642 2299 1698 ubi
2355 1652 2599 1697 sanctum
2658 1657 2854 1714 corpus
2924 1638 3142 1711 iacebat
3210 1637 3374 1709 (quod
3437 1636 3557 1706 ipse

1970 1743 2153 1806 postea
2211 1751 2330 1792 cum
2389 1742 2730 1790 sacramento
2775 1733 3074 1802 lacrymans
3128 1729 3360 1799 dicebat,
3410 1725 3555 1797 quod

338 1820 427 1876 26.
483 1821 599 1877 .lam
644 1821 709 1876 ad
753 1820 1046 1892 gloriosum
1097 1822 1214 1891 ejus
1265 1821 1510 1876 venimus
1563 1822 1864 1887 transitum,
1899 1823 2022 1890 Bin
2065 1831 2244 1900 specie
2292 1829 2520 1886 hominis
2551 1826 2844 1896 angelicum
2877 1823 3080 1878 vultum
3103 1820 3354 1894 viderat),
3391 1818 3554 1877 facies

261 1929 426 1983 quem
456 1913 572 1969 sine
605 1913 909 1984 profusione
933 1914 1289 1984 Iacrymarum
1317 1914 1499 1970 dicere
1538 1931 1642 1970 non
1666 1931 1858 1986 possu-

261 2020 407 2060 mus.
437 2005 630 2060 Fluunt
654 2005 922 2076 lacrymte,
951 2003 1018 2062 de
1043 2004 1165 2059 imis
1195 2004 1442 2060 medullis
1471 2008 1700 2078 gemitus
1735 2023 1857 2076 pro-

262 2107 542 2167 rumpunt,
575 2096 668 2152 sed
692 2098 744 2156 in
763 2096 911 2152 nullo
938 2096 1323 2152 consolationis
1347 2098 1520 2154 locum
1552 2098 1851 2176 inveniunt,

262 2188 393 2243 dum
425 2188 753 2260 plangimus;
786 2190 829 2242 si
856 2189 925 2244 de
951 2189 1067 2257 ejus
1092 2188 1234 2244 ﬁdeli
1265 2188 1550 2245 devotione
1578 2192 1754 2245 minus
1775 2191 1856 2245 di-

262 2283 459 2348 cimus,
492 2281 611 2352 plus
653 2297 958 2352 peccamus.
995 2280 1174 2351 Usque
1203 2279 1271 2335 ad
1302 2280 1444 2335 diem
1477 2281 1731 2336 transitus
1773 2282 1855 2336 sui

263 2388 559 2444 numquam
598 2357 787 2427 tninuit
815 2388 1031 2427 cursum
1085 2370 1342 2440 implere;
1387 2382 1440 2428 et
1485 2373 1626 2445 quod
1657 2373 1854 2444 cmpit,

262 2467 431 2522 corde
462 2465 678 2522 retinuit
708 2483 721 2518 :
751 2465 872 2536 quia
904 2480 1008 2519 non
1039 2464 1126 2536 qui
1157 2464 1405 2534 cmperit,
1438 2465 1528 2518 sed
1559 2463 1645 2535 qui
1679 2479 1859 2534 perse-

263 2560 539 2617 veraverit
563 2575 732 2629 usque
760 2557 812 2612 in
864 2559 1059 2626 finem,
1106 2557 1223 2638 ipse
1264 2559 1443 2613 salvus
1468 2558 1589 2613 erit.
1623 2559 1720 2615 Ubi
1747 2559 1856 2632 jam

262 2658 331 2712 ad
360 2657 520 2712 ﬁnem
548 2657 666 2709 vitae
695 2656 839 2710 venit
865 2661 1110 2708 sanctum
1147 2651 1265 2722 ejus
1294 2652 1706 2724 corpusculum,
1738 2653 1856 2706 lon-

263 2766 390 2820 gum
445 2748 661 2803 trahens
690 2731 1004 2818 martyrium
1051 2761 1148 2820 pro
1177 2760 1362 2802 amore
1411 2745 1660 2812 Domini;
1720 2747 1859 2803 beati

265 2840 465 2913 [forsan
522 2840 693 2895 beata:
713 2839 769 2894 id
794 2848 869 2893 est
894 2837 1167 2911 Moniales]
1199 2853 1386 2894 omnes
1405 2839 1713 2910 congregati
1747 2839 1860 2894 luc-

265 2945 420 2990 tuose
457 2934 598 2991 circa
624 2933 741 3004 ejus
783 2931 995 2988 tborum
1041 2931 1231 2986 flentes
1255 2930 1613 3000 etejulantes,
1642 2942 1858 3002 pectora

267 3027 413 3082 duris
442 3026 634 3097 pugnis
684 3033 739 3078 et
765 3023 1032 3094 lapidibus
1061 3023 1344 3091 ferientes,
1369 3038 1528 3079 voces
1557 3023 1620 3078 ad
1663 3026 1856 3079 ctelutn

268 3117 463 3181 stabant
503 3117 795 3172 clamantes
818 3130 881 3170 ac
903 3115 1179 3171 dicentes:
1215 3115 1459 3182 Domine,
1486 3131 1551 3170 ne
1581 3115 1858 3186 permittas

1965 1921 2108 1984 illius
2149 1922 2291 1975 velut
2343 1935 2463 1973 rosa
2494 1929 2548 1974 et
2578 1919 2740 1973 lilium
2790 1916 3053 1985 fulgebat;
3103 1915 3175 1969 ita
3208 1911 3554 1968 tremefactus

1965 2023 2045 2067 est
2074 2027 2137 2066 ac
2165 2021 2307 2066 metu
2337 2025 2651 2075 concussus,
2687 2018 2936 2079 tanquam
2984 2009 3028 2062 si
3064 2014 3187 2062 ante
3215 2003 3556 2077 praesentiam

1963 2101 2132 2157 beata:
2175 2100 2446 2171 genitricis
2495 2099 2700 2153 Domini
2760 2098 3001 2153 adstaret
3036 2098 3262 2152 devotus
3310 2095 3391 2150 vir
3444 2093 3558 2150 Deo

1966 2194 2177 2264 plenus.
2197 2194 2589 2265 Expectabatur
2624 2192 2862 2263 pontifex
2885 2192 2985 2246 loci
3019 2201 3071 2244 ut
3099 2206 3217 2245 eam
3247 2205 3367 2244 cum
3392 2189 3557 2259 digno

1963 2290 2217 2359 sepeliret
2248 2285 2472 2344 honore.
2505 2288 2638 2342 Tota
2667 2286 3011 2357 congregatio
3041 2285 3180 2338 circa
3220 2282 3336 2353 ejus
3379 2289 3555 2336 torum

1963 2392 2111 2438 stans
2145 2383 2446 2454 psallebat;
2483 2380 2570 2437 ubi
2615 2380 2957 2451 psallentium
2989 2377 3068 2434 vel
3105 2377 3375 2448 paululum
3406 2375 3572 2445 quie-'

1964 2477 2181 2542 scebat,
2217 2475 2566 2531 intolerabilis
2599 2475 2843 2546 planctus
2874 2472 3078 2528 aderat.
3116 2469 3318 2534 Triduo
3358 2483 3557 2539 cxpec-

1965 2579 2107 2624 tatus
2153 2580 2234 2624 est
2265 2569 2502 2638 pontifex
2525 2609 2540 2634 ,
2587 2567 2708 2638 quia
2731 2568 2879 2621 vicos
2902 2565 3280 2629 circumiebat;
3307 2559 3400 2617 sed
3427 2561 3555 2630 quia

1965 2679 2069 2717 non
2115 2663 2304 2728 venit,
2355 2659 2694 2734 supradictus
2729 2659 2809 2714 vir
2861 2657 3188 2730 apostolicus
3227 2655 3296 2710 de
3327 2657 3554 2710 caritate

1967 2758 2096 2812 fisus
2149 2759 2273 2828 quia
2324 2756 2547 2827 perfecta
2590 2757 2778 2808 caritas
2835 2755 2975 2818 foras
3030 2753 3184 2806 mittit
3216 2745 3448 2808 timorem
3505 2747 3556 2822 (Ι

1962 2849 2121 2903 Joan.
2149 2848 2246 2919 tv),
2291 2847 2343 2903 in
2372 2848 2598 2902 Basilica
2639 2855 2840 2902 sancta:
2868 2845 3044 2900 Mariae
3076 2846 3152 2915 (ε)
3182 2844 3402 2899 nomine
3429 2857 3555 2900 con-

1965 2943 2099 3010 dita,
2150 2941 2236 2995 ubi
2266 2955 2419 2994 sacra
2450 2938 2712 3009 virginum
2747 2953 2971 3008 corpora
3003 2937 3068 2991 de
3100 2937 3428 2992 monasterio
3457 2948 3556 2990 suo

1965 3033 2285 3100 conduntur,
2313 3048 2428 3088 eam
2453 3047 2571 3087 cum
2603 3032 2765 3102 digno
2796 3031 3044 3100 sepelivit
3073 3029 3298 3086 honore.

2036 3128 2124 3182 '28.
2152 3127 2283 3180 Dum
2336 3125 2436 3179 sub
2468 3139 2622 3179 muro
2673 3139 2796 3178 cum
2835 3123 3118 3194 psallentio
3164 3130 3406 3176 sanctutn
3437 3120 3554 3189 eiul

265 3223 370 3266 nos
395 3218 500 3264 tam
529 3223 690 3280 Bm“
719 3207 974 3263 damnum
996 3207 1331 3277 Ρθιίὲιυωεη
1365 3217 1605 3266 ηοεῑΐυηι
1634 3209 1858 3280 νεοὶρῖε.
1889 3211 1934 3273 C
1964 3235 2161 3289 corpus
2195 3226 2520 3290 portaretur,
2574 3216 2696 3288 quia
2734 3213 3038 3271 instituerat
3086 3223 3142 3268 ut
3187 3213 3330 3268 mtlla
3364 3213 3553 3268 vivens

266 3316 368 3354 nos
398 3316 495 3356 cur
525 3301 578 3355 in
611 3300 846 3356 tenebris
877 3299 1169 3370 relinquis?
1202 3298 1268 3354 Et
1298 3300 1420 3368 quia
1473 3301 1560 3354 illa
1600 3300 1858 3372 quidquid

265 3393 603 3464 potissimum
634 3394 810 3450 facere
839 3392 1039 3459 voluit,
1067 3408 1280 3463 semper
1297 3393 1385 3450 die
1431 3394 1624 3449 natalis
1649 3393 1858 3449 Domini

270 3484 453 3544 facere
483 3487 678 3556 elegit,
725 3485 988 3556 gloriosus
1031 3484 1283 3541 transitus
1329 3485 1445 3557 ejus
1495 3488 1574 3542 sic
1611 3487 1857 3558 contigit.

265 3578 403 3634 Nam
446 3586 632 3649 quarta
676 3573 810 3633 feria
841 3594 996 3633 mane
1023 3579 1193 3647 primo
1223 3578 1344 3635 idus
1372 3581 1666 3650 Augustas,
1717 3581 1859 3652 quod

266 3671 395 3727 fecit
425 3672 562 3726 idem
587 3669 786 3725 mensis
804 3669 922 3726 dies
937 3685 1032 3724 ιιιιι
1047 3670 1148 3741 (a),
1165 3671 1330 3730 clausi
1344 3681 1469 3729 sunt
1495 3673 1612 3742 ejus
1624 3673 1762 3729 oculi
1782 3673 1857 3744 (ὁ)

263 3779 324 3825 et
351 3767 628 3824 obscurati
654 3775 783 3822 sunt
809 3765 1002 3823 nostri.
1039 3766 1130 3822 Vm
1160 3766 1314 3824 nobis
1338 3767 1462 3836 quia
1489 3769 1852 3838 peccavimus,

264 3860 520 3916 afflictum
563 3869 644 3916 est
689 3859 877 3915 dolore
903 3874 1001 3916 cor
1035 3867 1311 3927 nostrum,
1344 3859 1594 3917 flevimus
1622 3871 1678 3918 et
1704 3863 1857 3930 plan-

266 3961 466 4029 gimus,
524 3957 667 4028 quod
717 3958 915 4013 diutius
943 3973 1045 4012 una
1092 3973 1188 4013 nos
1218 3967 1270 4014 te
1301 3958 1500 4014 habere
1523 3974 1628 4015 non
1661 3961 1858 4016 merui-

265 4066 410 4115 mus.
443 4051 620 4122 Ipsum
653 4065 810 4116 mane
841 4050 928 4106 ubi
957 4050 1112 4108 nobis
1155 4058 1356 4110 tantum
1387 4051 1588 4114 malum
1611 4053 1854 4122 contigit,

264 4142 357 4198 ubi
382 4157 484 4197 una
511 4157 635 4208 vox,
664 4157 800 4196 unus
822 4142 1087 4210 planctus,
1107 4156 1246 4196 unus
1271 4143 1477 4198 clamor
1501 4144 1663 4200 caelos
1691 4127 1857 4216 pene-

265 4235 471 4301 trabat;
506 4235 746 4305 lapidarii
797 4235 890 4306 qui
924 4236 974 4296 in
1007 4244 1188 4292 monte
1231 4237 1614 4305 operabantur,
1647 4239 1697 4294 in
1727 4253 1854 4299 aere

265 4327 550 4382 audierunt
590 4327 834 4397 angelum
884 4327 976 4381 Dei
1029 4327 1374 4398 loquentem;
1425 4343 1558 4383 unus
1609 4327 1743 4385 dixit
1788 4331 1856 4387 ad

266 4420 398 4474 alios
429 4419 592 4489 :quid
625 4419 840 4474 facitis?
888 4419 1143 4474 dimittite
1190 4434 1308 4474 eam
1350 4419 1558 4487 adhuc;
1602 4420 1724 4494 quia
1773 4422 1856 4477 hae

267 4525 424 4566 voces
477 4511 543 4570 ad
584 4511 794 4566 Domini
853 4519 1214 4579 pervenerunt
1274 4524 1452 4576 aures.
1504 4513 1714 4581 Angeli,
1765 4515 1855 4587 qui

1965 3313 2106 3370 foras
2139 3308 2448 3365 monasterii
2463 3309 2678 3380 januam
2703 3306 3050 3379 egrederetur
3072 3305 3176 3384 (ιι),
3203 3313 3313 3360 tota
3328 3319 3552 3376 congrcn

1961 3406 2103 3478 gatio
2129 3420 2289 3473 supra
2306 3420 2516 3466 murum
2546 3403 2842 3458 lamentans
2863 3441 2878 3466 ,
2910 3401 2981 3455 ita
3007 3409 3063 3455 ut
3094 3399 3337 3470 planctus
3366 3413 3550 3454 earum

1961 3479 2242 3574 Superaret
2273 3499 2444 3580 ipsum
2483 3493 2864 3566 psallentium,
2898 3508 2992 3565 pro
3026 3491 3233 3570 psalmo
3261 3489 3551 3561 lacrymas,

1960 3609 2056 3672 pro
2079 3595 2288 3660 cantico
2320 3591 2600 3666 mugitum,
2624 3598 2679 3644 et
2708 3588 2960 3660 gemitum
2987 3600 3084 3656 pro
3107 3581 3318 3639 alleluia
3342 3582 3413 3656 (e)
3430 3585 3550 3636 red-

1961 3683 2178 3740 debant.
2209 3683 2553 3752 Rogaverunt
2594 3678 2876 3735 desursum
2919 3686 2978 3732 ut
3005 3676 3194 3733 subtus
3237 3686 3434 3731 turrem
3461 3688 3550 3730 re-

1963 3785 2273 3847 pausttretur
2297 3773 2554 3836 feretrum
2580 3775 2631 3834 in
2656 3786 2762 3843 quo
2785 3770 2938 3834 beata
2958 3769 3290 3840 portabatur,
3308 3766 3546 3838 graviter

1959 3869 2289 3925 sustinentes
2339 3867 2455 3938 ejus
2509 3864 2830 3930 absentiam.
2879 3861 2986 3919 Sed
3043 3869 3102 3916 ut
3139 3876 3292 3916 suam
3335 3858 3550 3917 fidelem

1964 3961 2220 4016 Dominus
2247 3959 2546 4015 declararet
2587 3957 2639 4012 ln
2669 3955 2846 4011 medio
2869 3953 3070 4026 populi,
3101 3953 3174 4009 ibi
3205 3949 3331 4006 dum
3357 3964 3550 4022 pausa-

1960 4067 2107 4120 retur
2126 4067 2370 4120 sanctum
2394 4069 2607 4126 corpus,
2632 4067 2832 4108 caecum
2863 4050 3182 4107 illuminavit
3204 4066 3217 4103 :
3239 4049 3328 4122 qui
3363 4047 3546 4105 multis

1960 4153 2112 4208 annis
2142 4151 2315 4206 lucem
2343 4149 2447 4205 diei
2477 4129 2582 4202 non
2613 4147 2840 4213 viderat,
2868 4146 3049 4202 lumen
3077 4143 3308 4214 recepit;
3362 4143 3451 4214 qui
3476 4139 3548 4199 ad

1959 4260 2150 4304 manus
2179 4249 2380 4304 tractus
2411 4250 2651 4319 venerat,
2681 4248 2802 4322 post
2849 4237 3105 4306 feretrum
3133 4237 3284 4295 nullo
3327 4244 3546 4292 susten-

1957 4349 2105 4395 tante
2154 4339 2338 4394 videns
2363 4379 2378 4405 ,
2417 4333 2666 4406 tanquam
2693 4334 2738 4390 si
2769 4331 2974 4389 nullum
3005 4331 3279 4387 habuisset
3303 4329 3546 4386 laborem

1961 4436 2257 4510 oculorum,
2290 4433 2354 4487 ad
2378 4440 2617 4488 sanctum
2647 4429 2954 4502 sepulcrum
2984 4425 3137 4492 abiit,
3165 4434 3219 4480 et
3245 4439 3411 4494 usque
3443 4423 3545 4476 ho-

1959 4529 2046 4592 die
2069 4527 2210 4595 clare
2253 4527 2416 4593 videt.

267 4618 386 4659 eam
417 4602 698 4671 ferebant,
741 4602 1130 4672 respondentes
1158 4602 1401 4658 dixerunt
1438 4629 1448 4657 ;
1506 4605 1625 4660 Jam
1657 4583 1852 4661 factum
2167 4591 2242 4675 Ne
2290 4583 2726 4690 pr;termitmtur
2762 4624 2816 4670 et
2860 4612 3003 4668 aliud
3045 4609 3382 4667 ωίηουίυω·
3433 4607 3535 4665 Ubi

267 4704 376 4751 est.
407 4694 544 4762 Quid
575 4694 868 4749 faciemus?
900 4693 1046 4748 Illam
1086 4694 1288 4764 recepit
1309 4695 1604 4764 paradisus,
1630 4697 1717 4751 ubi
1743 4698 1856 4769 glo-

269 4787 441 4842 riatur
465 4801 587 4842 cum
619 4785 868 4850 Domino.
901 4784 1181 4850 Credimus
1219 4785 1360 4854 quod
1389 4802 1486 4841 nos
1532 4802 1638 4852 non
1687 4787 1754 4842 de
1795 4804 1854 4850 se

269 4891 506 4954 separat,
537 4895 657 4952 quae
684 4891 744 4936 se
787 4879 837 4936 ei
885 4877 1101 4947 placere
1147 4878 1315 4946 voluit
1357 4893 1476 4946 cum
1508 4895 1615 4952 quo
1645 4893 1851 4948 regnat.

344 5039 420 5112 (rt)
451 5039 648 5112 Quarta
674 5037 803 5093 feria
816 5033 1084 5112 Christum
1105 5035 1385 5090 Dominum
1411 5045 1592 5112 natum
1614 5050 1734 5090 esse
1753 5036 1854 5090 Ce-

271 5107 553 5167 dren'uset
579 5109 839 5164 Maximus
872 5107 1164 5162 Monachus
1186 5121 1338 5175 aeque
1359 5107 1763 5175 existimarunt,
1798 5113 1856 5160 ut

269 5184 510 5251 Scaliger
531 5181 621 5236 lib.
650 5196 702 5234 Vt
733 5181 801 5240 de
827 5177 1099 5251 emendat.
1139 5186 1306 5247 temp.
1340 5177 1427 5232 ubi
1449 5177 1515 5232 de
1535 5191 1677 5232 anno
1706 5185 1857 5232 nata.-

197 5314 203 5320 _
269 5257 338 5313 lis
367 5250 602 5316 Domini,
625 5250 948 5306 observavit.

344 5324 440 5450 (1ιῖἶ
461 5320 1098 5404 Gregorins_Turonensis
1120 5318 1214 5373 lib.
1245 5333 1299 5373 ιι
1329 5334 1378 5401 c.
1408 5319 1462 5386 2,
1493 5319 1698 5402 obitum
1723 5333 1853 5402 san-

344 5413 376 5450 e
443 5395 739 5450 adesundts
761 5393 932 5450 illigat
954 5405 1097 5450 anno
1123 5390 1441 5450 duodecimo
1473 5405 1612 5450 regis
1643 5390 1853 5450 tinlde-

269 5390 376 5456 cla:
398 5390 739 5464 Radegiindis
761 5393 932 5464 illigat
954 5390 1441 5464 anngduodecimo
1473 5392 1612 5462 regis
1643 5390 1855 5464 tihilde-

269 5457 434 5534 berti,
465 5457 869 5536 q'ui're'spondei
893 5476 1035 5524 anno
1057 5460 1252 5527 Christi
1281 5477 1332 5516 ι).
1363 5457 1598 5529 Luxvit,
1623 5477 1729 5533 quo
1756 5457 1853 5516 do-

268 5541 464 5602 minica
493 5537 667 5592 littera
693 5536 734 5591 E
763 5537 1031 5595 currebat.

340 5610 413 5677 (ε)
431 5609 484 5662 1η
506 5609 646 5662 illam
667 5606 942 5660 basilicam
957 5603 1115 5677 modo
1128 5614 1326 5658 sanctae
1343 5603 1682 5677 Radegundis
1696 5604 1859 5658 nomi-

269 5679 322 5737 ni
340 5675 563 5734 dicatam
579 5679 860 5748 collegium
879 5675 1537 5748 canonicorutn-successit
1559 5693 1571 5730 :
1595 5675 1694 5732 alia
1722 5688 1855 5748 vitro

271 5751 430 5808 titulo
479 5761 678 5805 sanctae
720 5744 903 5803 crucis
947 5747 1196 5816 insignita
1225 5744 1488 5818 hodieque
1513 5762 1541 5802 a
1565 5747 1855 5812 sanctimo-

271 5822 504 5890 nialibus
527 5818 884 5887 Benedictiuis
905 5825 1218 5890 occupatur.

1957 4731 2074 4773 eam
2108 4715 2352 4785 sepelivit
2396 4712 2734 4783 supradictus
2763 4707 3046 4776 episcopus
3073 4747 3089 4773 ,
3142 4701 3538 4771 coopertorium

1957 4824 2063 4874 non
2099 4807 2310 4876 posuit,
2343 4817 2626 4874 antequam
2659 4799 2894 4872 pontifex
2926 4798 3031 4862 loci
3073 4794 3300 4853 veniret.
3332 4795 3542 4851 Libera:

1955 4913 2077 4970 quae
2099 4909 2224 4954 ante
2269 4912 2386 4962 eam
2433 4909 2620 4958 cereos
2649 4899 3027 4966 putaverunt,
3063 4897 3188 4959 totae
3220 4889 3271 4943 in
3293 4903 3426 4960 gyro
3455 4902 3544 4942 se-

2030 5057 2110 5128 (ά)
2121 5057 2254 5112 Νειιι
2264 5072 2325 5125 pe
2337 5055 2432 5125 jux
2443 5051 2741 5128 tareguiam
2759 5065 2918 5128 quam
2930 5058 3148 5128 sanctas
3155 5045 3421 5128 Caesarius
3437 5059 3542 5128 rno-

1960 5119 2188 5189 nialibus
2205 5119 2555 5196 praescripsit.
2570 5119 2701 5178 Nam
2721 5119 3371 5196 recapitulatiouislArtic.
3395 5133 3408 5170 ι
3428 5124 3542 5170 sta-

1957 5204 2078 5266 luit,
2109 5210 2164 5253 ut
2207 5189 2354 5254 itaita
2384 5189 2448 5251 ea:
2475 5195 2612 5250 vobis
2641 5207 2799 5266 usque
2825 5189 2893 5266 «'4
2933 5189 3147 5266 mortem
3168 5205 3318 5244 suam
3337 5189 3401 5241 de
3423 5203 3536 5240 mo-

1958 5263 2182 5326 nasterio
2235 5271 2436 5341 egredi,
2488 5267 2564 5321 vel
2587 5267 2651 5322 de
2699 5263 2814 5335 ipsa
2853 5264 3068 5341 basilico
3110 5263 3162 5316 in
3192 5277 3294 5330 qua
3313 5266 3535 5341 januam

1959 5343 2148 5400 habetis
2169 5384 2184 5411 ,
2217 5335 2302 5397 mit
2331 5342 2653 5411 permittatur
2679 5380 2694 5406 ,
2736 5345 2824 5391 aut
2867 5353 2958 5406 per
2997 5335 3215 5404 seipsam
3259 5339 3535 5403 pur-sumat

1956 5432 2114 5474 ιειτε.

2037 5488 2110 5560 (e)
2152 5484 2528 5560 Hanelaititite
2559 5476 2977 5560 vocent‘aflpluia
3005 5476 3131 5534 olim
3146 5473 3211 5560 in
3252 5472 3536 5560 fissaquiis

1959 5543 2263 5627 usurpatam
2292 5558 2400 5628 jam
2423 5543 2697 5616 annotavit
2726 5543 3004 5610 Meuanias
3032 5558 3224 5628 noster
3251 5545 3305 5628 i_n
3335 5543 3530 5628 librum

1958 5616 2412 5692 sacratnentoi'utn
2442 5645 2455 5682 :
2483 5642 2641 5696 quant
2671 5637 2853 5696 vocem
2887 5619 3155 5696 praecipue
3182 5616 3235 5674 in
3265 5616 3536 5696 funeribus

1955 5701 2292 5760 sacerdotum
2317 5691 2714 5767 Graci'saepius
2742 5691 3073 5764 ingeminant
3089 5729 3108 5760 ,
3140 5697 3198 5746 ut
3225 5694 3439 5748 constat
3463 5699 3527 5741 ex

1956 5773 2306 5844 Eucbologio.
