4076 6348
596 364 698 425 679

1553 366 1820 423 SANCTA
1861 360 2322 433 BADEGUNDIS,
2364 360 2619 423 REGINA
2657 360 3001 422 FRANCIE.

3760 358 3876 415 68f)

594 480 762 552 pulcri
788 479 1100 544 adstabant;
1126 494 1456 552 unaquaque
1482 481 1536 536 in
1561 496 1661 537 suo
1688 496 1850 538 cereo
1878 498 2032 537 suum
2064 496 2163 537 no-
2194 484 2244 543 Α
2269 481 2324 535 in
2354 480 2496 535 beati
2546 481 2812 536 Antistitis
2852 477 3074 534 Basilica
3123 476 3479 549 vigilaverunt
3500 517 3515 541 ,
3546 479 3666 532 tota
3703 490 3876 534 nocte

594 585 717 627 men
744 569 1339 639 dabatscriptum,tota:
1368 571 1457 626 uni
1482 586 1545 627 ex
1571 572 1785 627 famulis
1808 588 1995 628 cereos
2024 574 2171 641 ipsos

591 661 739 733 juxta
771 662 1158 718 ordinationem
1188 666 1487 721 tradebant.
1522 664 1607 719 Fit
1662 668 1933 721 contentio
1976 668 2027 722 in
2080 683 2173 737 po-

596 755 755 823 pulo;
788 756 878 810 alii
908 756 1157 811 dicebant
1182 772 1369 813 cereos
1405 759 1547 826 ipsos
1577 758 1627 811 in
1667 758 1783 827 ejus
1815 769 2053 813 sanctum
2085 774 2174 814 se-

596 846 842 915 pulcrum
874 847 1007 901 mitti
1032 847 1257 911 debere,
1290 849 1377 903 alii
1407 848 1677 915 dicebant,
1704 864 1831 903 non.
1867 850 1999 904 Dum
2030 850 2167 905 istud

602 950 873 1008 ageretur,
920 941 987 996 de
1026 942 1175 1011 pueri
1220 942 1443 998 brachio
1480 944 1568 1013 qui
1603 952 1743 999 totos
1773 944 2006 1010 tenebat,
2038 962 2175 1001 unus

599 1031 799 1087 exilivit
829 1032 880 1085 in
911 1031 1075 1087 altum
1120 1048 1280 1101 super
1334 1050 1550 1089 omnem
1601 1036 1879 1105 populum,
1934 1047 1987 1091 et
2037 1038 2175 1093 sein

597 1133 782 1177 sancto
800 1123 1045 1191 sepulcro
1069 1126 1133 1181 ad
1156 1127 1317 1195 pedes
1344 1128 1512 1182 beata:
1544 1130 1755 1197 posuit,
1782 1131 1993 1199 etquod
2020 1131 2177 1186 haesi-

598 1215 826 1281 tabatur,
854 1214 1165 1271 declaravit.
1214 1218 1584 1288 Respicientes
1618 1221 1683 1274 ad
1728 1237 1921 1278 nomen
1950 1265 1965 1289 ,
2025 1224 2178 1294 cujus

600 1315 745 1361 esset
767 1321 977 1373 cereus,
1009 1309 1282 1365 inventum
1314 1319 1395 1365 est
1419 1311 1593 1367 Calva:
1616 1328 1833 1368 nomen.
1854 1314 1963 1369 Hoc
1991 1316 2179 1370 videns

594 1398 876 1467 episcopus
908 1399 991 1453 vel
1039 1402 1213 1455 omnis
1264 1402 1513 1471 p0pulus,
1570 1403 1895 1459 admirantes
1926 1405 2177 1461 virtutem

603 1485 775 1543 beata:
820 1490 1164 1560 Radegundis
1190 1533 1204 1559 ,
1259 1492 1483 1547 Domino
1511 1494 1922 1551 benedixerunt.
1953 1497 2178 1563 Quanta:

595 1588 720 1649 post
747 1580 862 1649 ejus
896 1582 1177 1637 transitum
1229 1584 1302 1638 ibi
1357 1594 1480 1639 sunt
1526 1585 1681 1640 factae
1712 1589 1967 1656 virtutes,
1993 1591 2180 1660 quanti

596 1674 912 1732 daemoniaci
944 1677 1175 1743 liberati,
1219 1678 1403 1749 quanti
1437 1679 1805 1736 febricitantes
1834 1691 1958 1737 sunt
1988 1683 2179 1739 redditi

595 1767 838 1833 sanitati,
861 1768 982 1837 quis
1012 1782 1331 1824 enumerare
1354 1769 1527 1823 valeat
1553 1772 1576 1822 τ

2275 574 2624 642 energumeni
2654 572 3052 636 clamaverunt;
3084 569 3225 624 inter
3250 582 3384 638 quos
3423 567 3689 623 mulieres
3731 566 3879 624 duas

2275 664 2508 735 graviter
2560 662 2847 718 infestabat
2896 663 3159 726 inimicus,
3214 661 3484 732 praecipue
3508 675 3617 715 una
3657 669 3875 718 tantum

2275 754 2654 820 bacchabatur,
2692 762 2751 809 ut
2773 755 2823 809 in
2850 753 2967 823 ejus
2996 753 3208 809 fremitu
3226 750 3334 806 tota
3350 751 3875 807 tremeretbasilica.

2281 846 2562 915 Postquam
2588 846 2711 901 inde
2734 846 2813 901 vir
2840 845 3162 901 venerabilis
3182 845 3509 913 Arnegisilus
3529 843 3704 899 abbas
3727 844 3879 899 basi-

2278 938 2394 994 lica:
2418 941 2586 994 beatae
2602 941 2797 1010 regina:
2825 954 2946 995 cum
2974 939 3085 995 suis
3112 937 3379 993 Monachis
3398 937 3588 1003 exivit,
3618 936 3691 991 ad
3719 952 3875 993 suam

2280 1034 2479 1088 vadens
2526 1033 2797 1090 basilicam
2847 1050 3063 1089 cursum
3097 1034 3357 1103 implere,
3405 1048 3567 1102 quam
3618 1034 3717 1087 il'a
3746 1036 3880 1091 satis

2280 1125 2581 1193 dilexerat,
2618 1125 2761 1195 ipsas
2786 1133 2905 1196 post
2944 1140 3003 1181 se
3033 1124 3282 1179 mulieres
3313 1125 3603 1179 audierunt
3622 1124 3881 1179 claman-

2282 1226 2402 1284 tes,
2437 1216 2645 1273 Venite.
2698 1217 2830 1285 Quae
2879 1217 3136 1287 ingressa:
3186 1215 3460 1270 basilicam
3505 1216 3881 1271 vociferantes

2281 1309 2531 1363 domnam
2560 1307 2934 1379 Radegundem
2984 1317 3041 1362 ut
3068 1308 3147 1363 eis
3192 1316 3439 1377 parceret
3469 1308 3877 1377 supplicabant.

2282 1399 2397 1457 Una
2426 1417 2491 1456 ex
2526 1402 2628 1455 illis
2653 1442 2667 1466 ,
2692 1416 2809 1470 qua:
2839 1402 3053 1471 gravius
3083 1399 3459 1463 tribulabatur,
3490 1400 3605 1470 jam
3643 1410 3731 1454 ter
3760 1401 3882 1470 qui-

2282 1506 2381 1547 nos
2424 1490 2626 1546 habens
2658 1505 2827 1545 annos
2864 1506 2929 1544 ex
2972 1505 3076 1561 quo
3106 1504 3223 1545 eam
3262 1490 3481 1559 spiritus
3511 1505 3751 1559 nequam
3782 1491 3880 1545 fla-

2282 1577 2535 1651 gellabat,
2568 1597 2689 1635 cum
2719 1580 2981 1635 matutina
3018 1580 3293 1635 dicebatur
3318 1622 3333 1646 ,
3362 1580 3594 1635 saeviens
3622 1581 3878 1639 inimicus

2284 1688 2377 1727 vas
2402 1671 2541 1742 quod
2573 1673 2876 1736 invaserat,
2908 1671 3143 1740 reliquit.
3172 1670 3263 1725 Illa
3284 1670 3387 1725 alia
3409 1670 3478 1725 ad
3505 1673 3736 1727 tertiam
3754 1683 3880 1729 ante

2283 1766 2477 1820 ostium
2508 1766 2673 1835 ipsius
2703 1765 2936 1821 basilicae
2964 1775 3049 1849 est
3080 1764 3326 1831 liberata,
3350 1776 3404 1821 et
3435 1766 3575 1821 ultra
3604 1768 3873 1836 nequissi-

677 1857 764 1913 50.
803 1857 876 1911 De
906 1857 1208 1928 Burgundia
1240 1874 1360 1912 cum
1388 1861 1503 1915 viro
1528 1862 1819 1931 apostolico
1850 1864 2082 1919 Leifaslo
2104 1863 2182 1936 (α)
2216 1866 2261 1928 Β
2290 1873 2408 1913 mus
2446 1859 2614 1912 hostis
2640 1857 2719 1912 eis
2755 1872 2947 1913 nocere
2986 1873 3091 1912 non
3125 1859 3307 1912 valuit.
3341 1858 3509 1924 Quam
3539 1858 3691 1928 larga
3714 1870 3797 1915 est
3827 1870 3878 1915 et

595 1950 848 2018 episcopo
871 1950 1092 2005 veniens
1119 1950 1235 2019 ejus
1262 1951 1395 2007 abba
1436 1955 1651 2009 nomine
1674 1956 1845 2021 Abbo,
1875 1955 2000 2010 dum
2030 1964 2174 2012 esset

593 2039 832 2097 Pictavis
864 2042 914 2096 in
937 2043 1170 2107 civitate,
1196 2043 1372 2099 dentis
1391 2045 1612 2100 incurrit
1646 2047 1877 2102 validum
1907 2048 2171 2104 dolorem.

594 2130 691 2187 Die
712 2142 972 2204 noctuque
995 2150 1097 2190 una
1124 2150 1233 2190 vox
1256 2176 1270 2201 ,
1296 2151 1430 2190 unus
1457 2138 1609 2194 dolor
1638 2139 1813 2195 inerat
1844 2141 1915 2204 ei,
1949 2151 2174 2197 mortem

592 2226 812 2282 evenire
856 2227 956 2282 sibi
993 2238 1183 2298 optans
1226 2238 1281 2283 ut
1314 2240 1458 2284 tanto
1490 2243 1698 2287 careret
1737 2233 1943 2289 dolore.
1968 2235 2067 2301 Qui
2098 2235 2177 2289 in-

591 2316 828 2385 spirante
854 2316 957 2372 sibi
987 2319 1166 2374 divina
1208 2320 1574 2376 misericordia
1617 2324 1822 2393 rogavit
1868 2340 1927 2379 se
1964 2326 2086 2380 duci
2108 2326 2176 2381 ad

588 2417 791 2463 saneta:
817 2408 1090 2466 basilicam
1124 2429 1135 2465 :
1173 2411 1260 2466 ubi
1302 2413 1577 2481 ingressus
1603 2456 1617 2480 ,
1650 2428 1771 2469 cum
1804 2415 1907 2471 fide
1948 2432 2007 2471 se
2052 2427 2177 2473 ante

586 2508 834 2557 Sanctum
851 2503 1157 2572 sepulcrum
1192 2513 1350 2558 terrae
1374 2506 1616 2575 projecit,
1651 2518 1879 2563 mortem
1912 2526 2018 2578 prae
2044 2526 2177 2565 ocu-

588 2587 659 2646 lis
709 2592 954 2663 habens,
1018 2596 1213 2665 pallam
1258 2600 1590 2665 corporalem
1652 2601 1884 2671 desuper
1932 2616 2172 2661 sanctum

592 2681 852 2736 tumulum
892 2686 1162 2741 mordicus
1208 2687 1580 2758 apprehendit.
1610 2690 1710 2757 Qui
1741 2703 1945 2763 septem
1974 2696 2167 2753 diebus

592 2787 693 2828 nec
722 2773 897 2830 cibum
943 2789 1247 2846 sumpserat
1272 2823 1287 2848 ,
1317 2796 1416 2837 nec
1444 2797 1632 2838 somno
1662 2785 1807 2840 refici
1858 2796 2093 2855 poterat,
2125 2790 2176 2844 in

592 2864 697 2922 hoc
725 2883 907 2924 morsu
932 2887 1097 2941 sopor
1121 2876 1385 2945 accessitl;
1441 2877 1594 2933 dolor
1620 2876 1895 2949 discessit,
1926 2898 2088 2938 sanus
2112 2885 2177 2938 ad

586 2959 888 3031 hospitium
912 2964 1089 3021 rediit.
1120 2967 1271 3036 Quod
1304 2978 1423 3039 post
1446 2970 1562 3041 ipso
1592 2972 1857 3029 referente
1879 2975 2059 3044 plures
2089 2990 2179 3031 co—

590 3066 919 3123 gnoverunt,
956 3058 1044 3113 ubi
1070 3072 1129 3114 se
1163 3057 1428 3116 fatebatur
1457 3062 1524 3120 de
1553 3060 1741 3119 mortis
1768 3064 1931 3130 janua
1954 3081 2050 3134 per
2071 3068 2177 3120 vir-

593 3153 757 3202 tutem
784 3147 993 3204 domnae
1024 3150 1362 3222 Radegundis
1384 3169 1506 3209 esse
1548 3166 1859 3213 revocatum

2283 1952 2433 2006 dives
2461 1951 2829 2007 misericordia
2870 1951 2963 2006 Dei
2992 1966 3112 2021 qua:
3144 1964 3269 2005 suos
3291 1950 3463 2006 vereri
3494 1948 3646 2015 facit,
3676 1961 3735 2009 et
3759 1951 3875 2007 loca

2278 2045 2506 2117 requirit
2550 2046 2664 2115 ipse
2692 2046 2947 2099 virtutum
2980 2043 3205 2113 largitor
3251 2059 3314 2098 ac
3361 2044 3749 2112 dispensator,
3786 2047 3871 2100 ubi

2278 2152 2374 2208 per
2400 2153 2527 2193 suos
2569 2138 2757 2194 fideles
2810 2152 2959 2192 suam
2988 2137 3223 2193 ostendit
3265 2137 3578 2206 potentiam.
3614 2139 3701 2191 Ad
3738 2138 3876 2191 basi-

2282 2230 2434 2287 licam
2466 2233 2636 2286 sancti
2669 2232 2766 2285 viri
2802 2241 2926 2285 sunt
2947 2230 3034 2285 alii
3073 2230 3315 2298 liberati,
3345 2231 3433 2286 alii
3470 2246 3599 2287 vero
3630 2232 3872 2287 basilicas

2279 2323 2493 2378 domnae
2521 2323 2866 2393 Radegundis
2911 2335 3037 2379 sunt
3066 2324 3255 2381 directi
3292 2342 3304 2376 :
3340 2334 3397 2379 ut
3445 2326 3590 2380 sicut
3634 2328 3871 2395 :equalcs

2278 2415 2447 2484 gratia
2475 2424 2631 2469 erant
2651 2456 2667 2483 ,
2700 2415 2773 2470 ita
2801 2415 3020 2484 aequalis
3050 2425 3105 2471 et
3136 2417 3304 2471 virtus
3324 2416 3729 2473 ostenderetur.

2350 2507 2437 2563 52.
2473 2509 2604 2575 Quis
2634 2509 2774 2565 male
2796 2509 3019 2576 habens,
3045 2512 3291 2579 quamvis
3320 2511 3425 2565 vita
3457 2510 3803 2580 desperatus,
3828 2514 3872 2566 si

2280 2600 2472 2670 pallam
2504 2602 2859 2658 subteriorem
2879 2611 3061 2657 custos
3088 2603 3328 2672 ejusdem
3354 2605 3493 2658 sacri
3524 2606 3762 2673 sepulcri
3794 2605 3871 2658 in.

2280 2693 2436 2747 tinxit
2465 2694 2519 2746 in
2534 2694 2699 2749 calice
2719 2709 2889 2763 aqum,
2917 2702 2972 2748 et
2992 2693 3137 2748 dedit
3166 2694 3215 2749 ei
3238 2694 3562 2750 febricitanti
3589 2696 3861 2763 poculum,

2283 2800 2389 2838 non
2418 2786 2597 2840 statim
2647 2793 2703 2840 ut
2757 2784 2896 2841 bibit
2944 2795 3068 2840 ante
3094 2795 3337 2840 sanctum
3394 2788 3510 2855 ejus
3561 2788 3865 2856 sepulcrum

2275 2876 2464 2946 jacens
2492 2891 2656 2947 sopor
2702 2878 2960 2943 accessit,
2993 2878 3211 2933 morbus
3239 2880 3495 2933 recessit?
3521 2878 3743 2933 Christo
3768 2882 3868 2934 lar-

2280 2972 2460 3041 giente
2488 2974 2738 3029 omnibus
2758 2972 2948 3028 diebus
2978 2974 3029 3027 in
3058 2973 3273 3029 nomine
3296 2972 3461 3042 ipsius
3478 2973 3691 3028 Domini
3715 2972 3861 3028 Jesn-

2280 3069 2477 3123 Christi
2509 3067 2583 3122 ibi
2614 3068 2797 3122 multa:
2842 3068 3071 3121 virtutes
3108 3066 3240 3121 fiunt
3266 3110 3279 3132 ,
3310 3068 3453 3122 unde
3484 3068 3729 3122 recessit.
3764 3066 3866 3121 Nos

2281 3175 2493 3231 quoque
2537 3160 2700 3215 etiam
2742 3158 2883 3213 fideli
2928 3158 3218 3213 devotione
3256 3166 3311 3212 et
3360 3157 3649 3213 sedulitate
3692 3156 3862 3211 debita

664 3238 752 3293 51.
790 3239 857 3293 Ει
885 3243 1007 3311 quia
1032 3258 1148 3298 mos
1175 3254 1258 3299 est
1285 3246 1335 3299 in
1360 3245 1645 3303 festivitate
1671 3245 1809 3304 beati
1834 3247 2021 3306 Hilarii
2055 3252 2180 3307 reli-
2204 3263 2250 3327 ο
2284 3268 2601 3308 veneramur
2649 3254 2700 3306 in
2736 3251 2893 3305 terris
2921 3295 2933 3317 ,
2966 3252 3122 3318 cujus
3160 3249 3337 3304 anima
3360 3248 3720 3315 confidimus,
3742 3262 3864 3317 gau-

593 3331 715 3400 quis
744 3331 1081 3389 Monasteriis
1104 3336 1448 3393 circumcirca
1474 3339 1728 3408 proximis
1748 3382 1762 3407 ,
1789 3357 1908 3411 quae
1930 3351 2057 3398 sunt
2084 3342 2178 3411 ibi,

592 3437 759 3494 usque
788 3425 843 3479 in
868 3427 1095 3482 mediam
1117 3439 1327 3484 noctem
1353 3428 1562 3499 vigilias
1587 3431 1882 3498 celebrare;
1919 3434 1986 3489 de
2001 3433 2178 3488 media

591 3526 749 3571 nocte
774 3519 1137 3588 unusquisque
1151 3521 1315 3575 abbas
1341 3536 1463 3575 cum
1490 3523 1601 3577 suis
1633 3523 1891 3579 fratribus
1924 3524 1992 3580 ad
2022 3542 2179 3581 suum
2230 3536 2233 3539 '

594 3608 885 3663 revertitur
914 3612 1300 3667 monasterium
1337 3627 1549 3669 cursum
1584 3614 1883 3672 celebrare.
1915 3617 2180 3685 Quamdiu

687 3766 1163 3841 a)‘Leifastus_seu
1212 3769 1459 3841 Lefastus
1502 3770 1789 3841 episcopus
1844 3773 2184 3841 Eduensis,

593 3838 823 3912 d‘A‘utun
848 3848 1022 3912 ,_post_
1040 3839 1303 3912 Siagrium
1330 3882 1347 3904 ,
1376 3840 1465 3912 qui
1491 3838 1634 3897 anno
1662 3838 1726 3899 nc
1752 3846 1904 3901 obiit.
1937 3856 1996 3901 ut
2022 3838 2186 3903 sentit

592 3908 813 3963 Carolus
876 3908 927 3962 le
984 3908 1172 3966 Cointe
1226 3914 1277 3966 in
1328 3908 1522 3968 Annal.
1572 3913 1768 3970 Franc.
1815 3916 1881 3972 ad
1934 3932 2000 3973 an
2056 3918 2184 3984 ($00,

2286 3347 2473 3403 demus
2495 3354 2551 3401 et
2591 3345 2881 3415 gloriamur
2919 3344 3059 3413 quod
3105 3341 3415 3412 prazfulgeat
3454 3342 3506 3396 in
3542 3342 3724 3407 caelis,
3753 3338 3863 3410 ipso

2286 3447 2573 3509 prmstante
2612 3438 2701 3508 qui
2750 3452 2869 3492 cum
2921 3435 3077 3491 Patre
3123 3445 3176 3491 et
3206 3434 3626 3503 Spiritu-sancto
3658 3434 3787 3488 vivit
3814 3443 3861 3487 ct

2285 3546 2341 3591 et
2368 3541 2555 3604 regnat
2574 3532 2627 3587 in
2659 3532 2852 3588 saecula
2881 3530 3194 3586 saeculorum
3212 3570 3226 3594 ,
3251 3529 3440 3584 Amen.

2296 3790 2443 3830 num.
2475 3776 2529 3829 7.
2560 3775 2954 3833 Sammartliani
3004 3774 3313 3844 Auspicium
3359 3774 3499 3828 inter
3531 3774 3787 3843 Siagrium
3810 3782 3859 3829 et

2294 3847 2565 3902 Lefastum
2592 3848 2803 3903 locant:
2827 3847 2919 3902 sed
2945 3847 3089 3916 prior
3109 3845 3370 3902 sententia
3394 3845 3463 3900 ob
3496 3845 3858 3901 Beaudonivia

2296 3927 2508 3974 aztatem
2538 3919 2886 3989 praaferenda.

596 4088 3857 4129 Ἦ

1010 4154 1141 4269 Ᾰ

795 4303 945 4328 -κ

1050 4206 1490 4337 ὲΑΝοΤλῈ
1541 4214 2787 4390 ΒΑυΕαῠΝῡιείιιΕριΜῑ
2843 4206 3409 4415 ramenta

1707 4482 2707 4589 TESTAMENTUM
2740 4559 2777 4623 ,

2186 4694 2304 4735 8W8

1002 4826 2001 4959 EPISTULA”
2073 4827 2324 4958 AD
2416 4825 3535 5021 EPISCOPOSV

664 5165 813 5221 Hanc
842 5164 994 5220 initio
1024 5165 1287 5223 institutae
1316 5172 1753 5243 congregationis
1782 5187 1894 5230 suae
1923 5188 2021 5245 pro
2048 5173 2165 5244 ejus
2194 5173 2357 5231 tutela
2385 5182 2440 5230 et
2464 5173 2755 5230 stabilitate
2780 5172 3018 5245 scripsit,
3050 5173 3385 5248 concilioque
3409 5176 3719 5242 Turonensi
3743 5198 3857 5243 coa-

588 5256 901 5312 lirmandam
931 5256 1125 5313 absens
1162 5258 1378 5315 obtulit.

659 5421 683 5448 η
716 5412 829 5467 Νοιι
852 5412 1009 5469 video
1031 5414 1181 5488 quod
1192 5424 1413 5488 tempus
1437 5418 1561 5472 huic
1582 5418 1821 5486 epistolae
1847 5418 2025 5488 aptius
2047 5432 2176 5474 con—

589 5491 774 5547 gruat,
805 5497 964 5554 quam
995 5485 1205 5540 concilii
1237 5501 1277 5540 ιι
1320 5485 1671 5543 Turonensis.
1703 5488 1836 5543 Cum
1865 5485 2007 5543 enim
2038 5490 2174 5544 scri-

587 5560 675 5618 pta
706 5554 775 5629 sit
825 5553 895 5608 ad
933 5556 1214 5629 episcopos
1259 5556 1379 5613 illos
1430 5560 1574 5627 ipsos
1623 5559 1789 5629 (quod
1840 5574 1907 5613 ex
1942 5560 2174 5629 illorum

592 5625 856 5697 rescripto
899 5627 1065 5696 patet)
1117 5625 1208 5697 qui
1256 5625 1484 5684 concilio
1526 5625 1827 5684 Turonensi
1857 5628 2172 5697 adfuerunt,

584 5693 877 5771 verisimile
908 5705 1000 5771 est
1030 5693 1149 5750 tum'
1169 5697 1234 5751 ad
1279 5714 1373 5771 eos
1403 5700 1642 5766 missam,
1674 5715 1793 5754 cum
1842 5714 1945 5754 una
1994 5693 2175 5755 essent

591 5764 642 5813 in
675 5778 739 5816 eo
768 5764 995 5841 concilio
1019 5770 1347 5835 congregati.
1381 5772 1480 5835 Qui
1520 5764 1655 5841 hanc
1682 5773 1736 5826 in
1765 5772 2002 5841 longiora
2036 5781 2171 5826 tem-

593 5844 724 5892 pora
753 5833 1023 5895 ditl‘erunt,
1050 5848 1104 5893 et
1129 5833 1250 5907 post
1272 5833 1441 5896 annos
1472 5840 1653 5909 viginti
1700 5833 2015 5911 paulo'ante
2053 5843 2174 5899 obi-

2180 5905 2269 5945 ης-*Ὶ

2282 5428 2394 5474 tum
2408 5436 2451 5502 _a
2469 5429 2650 5502 sanncta
2671 5420 2999 5502 Radeguude
3014 5425 3271 5502 scriptam
3283 5428 3488 5495 volunt,
3509 5439 3851 5502 praterquam

2281 5491 2420 5568 quod
2450 5510 2478 5546 a
2508 5490 2767 5568 Gregorio
2796 5490 3097 5568 T'uronensi
3125 5490 3579 5568 refelluntur,'q'ui
3614 5490 3761 5557 initi'o
3788 5507 3850 5559 in-

2280 5562 2496 5640 stitutie
2528 5561 2595 5640 ab
2646 5578 2705 5616 ca
2750 5565 3177 5640 congregationis
3218 5567 3421 5640 editam
3446 5561 3628 5636 docet,
3664 5573 3752 5627 lib.
3784 5591 3849 5640 rx,

2280 5638 2399 5711 ca’p.
2430 5630 2533 5697 59,
2568 5632 2669 5711 hoc
2692 5630 3469 5711 etiaminonanimadvertunt,
3498 5630 3850 5711 Euphronium

2279 5702 2588 5781 episcopum
2620 5704 2700 5773 (ut
2728 5704 2795 5758 de
2824 5707 3034 5761 caeteris
3063 5707 3155 5781 qui
3199 5724 3299 5781 una
3348 5702 3684 5781 rescribu'nt,
3732 5718 3849 5773 nibil

2281 5772 2499 5854 dicam).
2531 5790 2592 5828 ea
2632 5772 2895 5854 'tempgraf
2930 5791 3034 5830 non
3063 5772 3323 5854 attigisse,
3381 5789 3595 5849 totoque
3638 5772 3850 5854 ainplius

2279 5843 2537 5899 decennio
2563 5856 2758 5901 sancta:
2788 5844 3126 5917 ftadegundis
3154 5843 3358 5906 obitum
3390 5843 3756 5921 pravertisse'.
