4076 6348
231 378 339 438 681

1732 374 2029 437 ΝΟΤΙΤΙΑ.

3424 374 3532 441 68Ξ

274 514 277 517 δ
316 494 553 551 Dominis
578 493 810 561 sanctis,
840 500 899 551 et
924 493 1215 563 apostolica
1244 493 1372 551 sede
1417 493 1741 564 dignissimis
1771 510 1827 549 in
1853 501 1910 561 Α
1934 513 2118 567 pronae
2162 500 2361 556 mentis
2390 500 2570 556 studio
2599 501 2843 572 cogitans
2870 501 3033 558 etiam
3057 499 3126 558 de
3151 500 3377 558 aliarum
3404 518 3532 573 pro-

230 588 455 644 Christo
483 588 743 660 patribus,
778 589 1027 646 omnibus
1052 589 1319 660 episcopis
1349 588 1693 661 Badegundis
1722 604 1842 658 pec-

229 680 437 737 catrix.

313 774 573 845 Congrute
600 775 922 844 provisionis
966 783 1092 830 tunc
1132 773 1454 830 roboraliter
1482 774 1547 829 ad
1590 775 1837 830 ell’ectum

230 870 414 926 tendit
441 870 740 941 exordium,
773 886 894 926 eum
926 870 1266 942 generalibus
1298 870 1554 939 patribus.
1585 867 1831 936 medicis,

230 979 303 1019 ac
354 965 677 1033 pastoribus,
728 964 882 1019 ovilis
930 965 1029 1020 sibi
1084 964 1358 1019 commissi
1404 978 1566 1019 causa
1618 962 1835 1018 auribus

228 1054 487 1121 traditur,
520 1070 815 1124 eorumque
856 1054 1105 1110 sensibus
1134 1060 1559 1120 commendatur,
1605 1068 1835 1123 quorum

231 1145 581 1217 participatio
608 1146 675 1201 de
701 1146 963 1202 charitate
991 1146 1271 1201 consilium
1295 1186 1312 1213 ,
1346 1146 1413 1203 de
1441 1155 1704 1215 potestate
1731 1144 1841 1200 suf-

228 1238 487 1308 fragium,
519 1239 587 1295 de
613 1239 857 1295 oratione
887 1239 1193 1294 ministrare
1219 1238 1417 1308 poterit
1443 1240 1827 1293 interventum.

231 1332 304 1391 Et
331 1334 583 1405 quoniam
627 1335 755 1389 olim
802 1334 992 1389 vinclis
1033 1332 1311 1387 laicalibus
1340 1331 1610 1397 absoluta,
1638 1330 1826 1387 divina

228 1425 556 1496 providente
584 1435 641 1481 et
665 1427 960 1496 inspirante
986 1425 1295 1489 clementia,
1317 1424 1385 1478 ad
1407 1422 1682 1496 religionis
1710 1438 1837 1479 nor-

226 1531 380 1577 mam
411 1520 524 1575 visa
554 1535 675 1575 sum
707 1520 1005 1575 voluntarie
1034 1517 1171 1574 duce
1195 1516 1414 1573 Christo
1445 1517 1698 1571 translata
1724 1534 1739 1582 ;
1772 1530 1836 1572 ae

312 1666 338 1695 °
367 1656 534 1713 Soror
574 1658 745 1713 sancti
771 1657 1022 1722 Ctesarii;
1051 1664 1141 1711 aut
1171 1665 1319 1712 certe
1353 1655 1536 1725 junior
1563 1655 1752 1722 altera,
1783 1654 1830 1710 si

227 1728 375 1800 degit
407 1730 565 1799 legas.
595 1728 1004 1800 Dure-siquidem
1036 1727 1535 1800 ejusdemguominis
1558 1736 1613 1782 et
1639 1741 1828 1783 mune-

228 1798 319 1856 ris
344 1798 585 1855 Caesaris:
630 1800 861 1855 fuerunt.
898 1799 1012 1854 Una
1055 1801 1225 1853 sancti
1277 1798 1497 1853 Caesarii
1550 1812 1829 1866 germana,

228 1887 397 1940 quam
426 1871 690 1927 Ctesarius
720 1870 884 1925 frater
914 1871 1130 1925 condito
1157 1886 1186 1923 ιι
1208 1884 1267 1924 se
1294 1870 1619 1924 monasterio
1664 1868 1832 1940 abba-

230 1938 422 1996 tissam
458 1942 726 2010 prmfecit,
773 1944 929 2012 eique
959 1941 1350 2011 regulam,'sub
1397 1955 1500 2010 qua
1547 1955 1683 2012 cum
1721 1938 1835 1993 suis

231 2014 462 2078 viveret,
497 2013 748 2068 instituit.
780 2011 1054 2068 Posterior
1102 2013 1302 2079 altera,
1350 2026 1472 2081 quae
1520 2011 1713 2082 priori,
1748 2025 1831 2065 su-

1942 589 2168 646 fectibus
2187 635 2202 658 ,
2233 604 2289 647 ut
2318 603 2588 648 annuente
2617 593 2836 649 domino
2865 609 2984 649 mea
3032 594 3301 651 desideria
3344 595 3527 651 efﬁce-

1942 693 2127 739 rentur
2154 686 2373 755 reliquis
2400 684 2705 755 prol‘utura,
2738 686 3049 742 iustitueute
3078 696 3238 758 atque
3279 701 3532 743 remune-

1941 787 2094 833 rante
2122 779 2620 849 prrecellentissimo
2650 780 2848 835 domno
2891 796 3018 852 rege
3044 780 3316 850 Clotario,
3346 795 3535 837 mona-

1947 873 2167 927 sterium
2197 873 2495 941 puellarum
2518 872 2732 928 Pictava
2756 872 2887 929 urbe
2915 873 3191 936 constitui,
3224 872 3535 928 conditum-

1947 980 2072 1035 que,
2104 976 2361 1035 quantum
2390 966 2522 1022 mihi
2550 967 2917 1023 munificentia
2966 966 3162 1036 regalis
3190 974 3275 1020 est
3322 965 3538 1034 largita,

1945 1055 2085 1111 facta
2132 1058 2421 1115 donatione
2468 1059 2669 1114 dotavi.
2722 1059 2943 1129 Insuper
2992 1056 3389 1128 congregationi
3443 1068 3541 1125 per

1946 1163 2035 1203 me
2079 1147 2298 1205 Christo
2346 1159 2635 1220 praestante
2684 1151 2922 1207 collecta:
2970 1148 3229 1221 regulam,
3279 1147 3381 1203 sub
3425 1161 3532 1216 qua

1941 1253 2125 1297 sancta
2152 1241 2387 1297 Ctesaria
2412 1243 2594 1313 deguit
2622 1251 2671 1312 ⁸,
2699 1251 2804 1298 etc.

2010 1336 2230 1406 Reliqua
2279 1335 2460 1389 videsis
2505 1344 2627 1389 tom.
2678 1334 2901 1405 prwced.
2957 1331 3059 1387 col.
3104 1328 3241 1396 522,
3290 1327 3376 1382 ubi
3425 1325 3537 1381 hth

1940 1425 2159 1495 epistola
2187 1442 2219 1479 a
2250 1425 2496 1496 Gregorio
2525 1424 2809 1480 Turouemi
2837 1424 3078 1480 refertur.

1941 1656 2163 1727 perstite
2189 1655 2363 1712 adhuc
2392 1653 2629 1710 Caesarie
2672 1649 3042 1729 defunctae,.in
3094 1647 3381 1729 abbatissa:
3422 1660 3539 1729 mu;

1939 1720 2069 1784 nere
2099 1729 2379 1792 successit,
2411 1736 2471 1782 ut
2500 1734 2701 1799 auc_tor_
2714 1733 2797 1799 est
2820 1723 3118 1796 Cyprianus
3144 1723 3196 1775 in
3216 1720 3333 1774 Vita
3362 1720 3533 1799 sancti

1939 1799 2182 1864 Caesarii,
2217 1787 2379 1869 quam
2406 1797 2660 1869 Caesar-ite
2689 1796 2847 1869 hujus
2868 1787 3061 1869 rogatu
3101 1791 3420 1869 composuit.
3454 1787 3538 1842 Ab

1942 1870 2043 1924 hac
2084 1865 2269 1925 eadem
2306 1866 2651 1937 Radegundis
2680 1868 2918 1937 regulam
2948 1865 3165 1937 Caesarii
3184 1904 3198 1928 ,
3230 1876 3387 1933 quam
3416 1872 3539 1914 mo-

1942 1942 2180 1997 nasterio
2209 1954 2308 1995 suo
2336 1936 2595 2005 traderet,
2627 1936 2851 2009 expetit.
2878 1937 2998 1994 Jac.
3023 1936 3178 1992 Sum.

235 2163 3531 2201 ω

649 2312 1649 2445 DECRETUM
1743 2308 3136 2453 EPISCOPORUM.

771 2564 943 2619 QUOD
988 2564 1303 2610 SUSCEPTA
1345 2564 1571 2609 ΒΕΔΤΕ
1615 2564 2026 2609 RADEGUNDIS
2072 2564 2376 2609 EPISTOLA
2422 2560 2999 2608 CONSCBIPSERUNT.

306 2690 561 2753 Domina:
599 2690 929 2751 beatissima;
951 2736 964 2761 ,
992 2699 1049 2747 et
1090 2691 1145 2746 in
1184 2689 1397 2746 Christo
1443 2687 1687 2745 ecclesiae
1713 2686 1837 2764 tiliae
1872 2695 1921 2756 Β
1949 2706 2152 2747 mensae
2183 2688 2478 2746 divinitatis
2506 2702 2787 2759 provisura
2825 2684 3087 2757 remedia,
3119 2694 3226 2742 etc.

250 2786 609 2861 Radegundi,
654 2786 1034 2857 Euphronius,
1078 2785 1461 2849 Praetextatus,
1519 2782 1839 2848 Germanus,

251 2882 435 2951 Felix,
456 2883 850 2950 Domitiannus,
876 2878 1145 2936 Victorius
1165 2888 1220 2934 et
1241 2875 1554 2942 Domnulus,
1579 2875 1845 2945 episcopi.

327 2979 567 3036 Sollicita
609 2984 734 3033 sunt
780 2975 977 3047 jugiter
1002 2974 1146 3030 circa
1192 2984 1360 3041 genus
1409 2969 1703 3025 humanum
1748 2968 1851 3021 im-

2022 2785 2241 2856 Reliqua
2269 2784 2451 2838 videtis
2481 2781 2639 2855 Greg.
2673 2781 2714 2836 Τ
2718 2796 2869 2836 uron.
2902 2778 2994 2835 lib.
3029 2795 3118 2848 ιχ,
3144 2794 3264 2848 cap.
3294 2773 3399 2847 59,
3442 2771 3541 2839 ωι.

1957 2876 2061 2933 516
2090 2885 2212 2930 tom.
2244 2875 2465 2946 praeced.

254 3130 3541 3205 ψ

1361 3313 1530 3359 ANNO
1574 3312 1805 3359 DOMINI
1850 3308 2425 3355 DLXXIlI-DLXXVII.

608 3481 1883 3695 BENEDICT
1896 3476 2204 3691 US
2290 3468 2951 3683 PAPA
3030 3476 3197 3681 Ι.

262 3794 3546 3827 —-———-—-———-——————-——-————-———————-—-—-¢

889 3942 1386 4033 ΝΟΤΙΤῙΑ
1460 3948 1636 4033 ΕΧ
1711 3945 1841 4029 [ιΙῖ

1950 3942 2071 4029 i0
2128 3940 2570 4027 PONTIF
2573 3937 2918 4027 ICALI.

342 4199 657 4256 Benedictus
688 4206 715 4236 ει
746 4197 960 4254 natione
984 4194 1258 4252 Romanus
1279 4210 1343 4252 ex
1365 4203 1519 4267 patre
1547 4193 1844 4261 Bonifacio,
1872 4193 1921 4256 C
1952 4187 2165 4261 eodem]
2208 4198 2448 4262 tempore
2487 4203 2619 4262 gens
2647 4189 3118 4263 Langobardorum
3168 4206 3191 4236 α
3241 4198 3438 4256 invasit
3464 4208 3551 4257 to.

266 4293 410 4350 sedit
454 4306 622 4348 annos
650 4290 677 4330 ι)
704 4299 931 4359 quatuor
957 4289 1060 4358 (a),
1092 4303 1331 4345 mensem
1379 4302 1567 4355 unum,
1619 4286 1736 4341 dies
1775 4285 1857 4339 vi-

265 4384 400 4458 ginti
429 4393 548 4441 octo
578 4383 725 4458 [ϐοά.
762 4381 914 4451 Luc.,
956 4378 1188 4452 novem].
1221 4378 1472 4451 Ejusdem
1497 4376 1649 4451 [Cod.
1698 4376 1854 4444 Lua,

1962 4294 2070 4339 tam
2101 4282 2327 4354 italiam,
2361 4284 2628 4355 simulque
2649 4294 2703 4339 et
2731 4284 2901 4342 fames
2926 4288 3110 4358 nimia,
3133 4300 3190 4346 ut
3221 4292 3382 4348 etiam
3414 4296 3548 4350 mul-

1964 4378 2139 4434 titudo
2165 4385 2463 4433 castrorum
2495 4392 2555 4434 se
2579 4377 2818 4435 traderet
2848 4382 3232 4453 Langobardis,
3261 4393 3318 4440 ut
3345 4395 3549 4457 tempe-

1523 4540 1731 4600 ΝΟΤΑΞ
1772 4539 2094 4602 SEVERINI
2131 4542 2312 4599 BINll.

342 4649 368 4680 ι
396 4638 546 4695 Cum.
570 4637 807 4693 Romana
840 4636 995 4693 sedes
1025 4636 1095 4692 ob
1124 4634 1383 4691 tumultus
1408 4635 1634 4691 bellicos
1664 4650 1852 4692 vacas-

265 4722 349 4767 set
393 4725 601 4765 menses
644 4711 830 4765 decem
875 4719 927 4764 et
956 4716 1067 4762 tres
1105 4707 1254 4774 dies,
1291 4706 1649 4773 Benedictus,
1692 4722 1850 4777 quem

267 4782 438 4838 Graeci
460 4782 724 4836 Bonosum
753 4782 1047 4843 nominant,
1072 4786 1283 4833 creatus
1304 4786 1386 4832 est
1407 4778 1643 4847 pontifex
1672 4778 1759 4832 die
1785 4778 1851 4832 16

264 4850 411 4917 Maii,
453 4867 593 4906 anno
622 4852 820 4907 Christi
844 4850 1213 4917 Redemptoris
1254 4848 1377 4903 575.
1412 4848 1579 4919 llujus
1615 4860 1851 4917 tempore

267 4924 603 4995 Langobardi
633 4924 859 4976 maxima
890 4938 954 4995 ex
988 4930 1138 4990 parte
1168 4920 1429 4995 idolorum
1459 4920 1713 4984 cultores,
1728 4921 1843 4995 _Ec-

265 4989 483 5050 clesiam
508 4994 623 5048 dira
655 4989 1025 5063 persecutione
1050 4997 1338 5063 vexarunt,
1369 4991 1484 5063 loca
1510 5005 1660 5044 sacra
1687 4989 1845 5063 ell'os-

263 5068 341 5122 sis
367 5060 677 5119 sanctorum
707 5072 999 5133 martyrum
1030 5061 1291 5130 sepulcris
1319 5060 1687 5130 profanarum,
1716 5061 1846 5133 tedi-

262 5135 380 5191 ﬂcia
412 5136 462 5190 in
494 5135 761 5190 suburbiis
790 5131 975 5188 nam
1012 5134 1313 5200 diruerunt,
1362 5141 1602 5185 sanctum
1646 5131 1844 5185 Cerbo-

260 5207 410 5262 nium
434 5208 739 5274 episcopum
758 5220 877 5259 eum
898 5205 1008 5258 suis
1020 5203 1231 5274 clericis
1244 5203 1296 5256 in
1314 5200 1557 5274 exsilium
1574 5202 1839 5274 fugarunt,

261 5271 533 5347 octoginta
563 5271 813 5341 rusticos,
849 5290 1072 5347 quorum
1098 5271 1445 5347 quadraginta
1478 5271 1845 5328 immolatitias

260 5345 453 5404 carnes
498 5347 801 5411 comedere,
856 5345 947 5399 alii
978 5353 1139 5411 caput
1177 5358 1351 5411 caprae
1376 5345 1607 5400 adorare
1629 5357 1844 5398 recusa-

259 5420 408 5482 bant,
451 5419 713 5487 supplicio
743 5419 930 5471 mortis
969 5414 1284 5487 affecerunt.
1308 5414 1427 5487 Hae
1471 5417 1846 5487 persecutione

259 5505 323 5546 ea
356 5485 610 5545 miracula
654 5489 993 5557 contigerunt
1036 5501 1156 5557 qum
1205 5485 1459 5557 inlibris
1507 5486 1841 5557 dialogorum

258 5572 610 5616 recensentur
640 5558 777 5629 apud
806 5555 1064 5614 eumdem
1084 5555 1396 5629 Gregorium
1415 5556 1489 5629 de
1510 5555 1845 5629 sancto_Cer—

258 5631 421 5686 bonin
450 5626 723 5699 episc0po,
755 5630 999 5696 Santulo,
1033 5628 1255 5696 aliisque
1286 5626 1635 5699 presbyteris.
1678 5626 1847 5699 Justi-

258 5718 362 5758 nus
391 5697 679 5771 imperator
705 5700 1040 5755 Anastasium
1073 5700 1482 5771 Antiochenum,
1508 5698 1577 5771 ob
1602 5697 1844 5767 quaedam

256 5774 483 5828 crimina
512 5771 588 5826 illi
617 5772 826 5841 objecta
852 5772 1176 5841 depositum,
1202 5770 1481 5838 relegavit.
1500 5770 1622 5841 Qua
1646 5784 1704 5824 re
1724 5784 1847 5824 cum

255 5858 504 5911 magnam
553 5839 698 5911 apud
746 5839 1218 5897 Deumot'feusam
1263 5841 1455 5896 merito
1495 5839 1848 5910 incurrisset,

255 5914 441 5970 omnia
465 5914 541 5969 illi
570 5914 826 5981 deinceps
869 5916 922 5966 in
953 5912 1105 5982 pejus
1147 5926 1307 5969 ruere
1340 5920 1637 5983 coeperunt.
1670 5916 1850 5973 Persas

544 6009 821 6071 Pauor“
868 6008 1129 6070 LXXII.

1958 4649 2150 4706 magna
2198 4644 2380 4706 strage,
2423 4632 2717 4706 exercitum
2766 4632 2885 4706 ejus
2929 4640 3347 4699 prostraverunt.
3382 4631 3550 4706 Cujus

1956 4701 2334 4761 rei'nuntium'
2354 4705 2477 4759 dum
2527 4703 2591 4757 ad
2635 4701 2809 4770 ipsum
2856 4704 3231 4770 imperatorem
3286 4701 3550 4771 perlatum

1956 4786 2118 4839 esset,
2154 4786 2334 4831 mente
2361 4772 2688 4828 abalienatus
2715 4773 2830 4837 iuit,
2862 4773 3109 4828 dilucidis
3152 4774 3419 4829 interdum
3465 4778 3548 4831 iu-

1961 4847 2196 4900 tervallis
2225 4846 2288 4901 ad
2317 4844 2585 4899 modicum
2614 4843 2872 4898 duntaxat
2904 4845 3160 4913 temporis
3199 4847 3427 4914 spatium
3458 4863 3548 4903 re-

1959 4918 2248 4987 sipiscens.
2280 4916 2365 4971 Ab
2398 4916 2501 4970 hoc
2526 4914 3195 4987 malocorporisliberatus
3217 4927 3318 4981 est,
3336 4920 3551 4987 quando

1951 4989 2018 5041 ad
2060 4986 2454 5042 conciliandum
2501 4985 2601 5058 sibi
2633 4985 2873 5041 divinum
2905 5002 3098 5043 numen
3143 4985 3401 5058 templum
3446 5005 3547 5045 ex-

1950 5058 2146 5113 struxit
2175 5058 2272 5113 Dei
2303 5056 2547 5128 genitrici
2580 5057 2790 5128 Marini,
2822 5073 2940 5125 qua!
2970 5060 3019 5114 ei
3054 5056 3267 5115 tantum
3290 5060 3550 5116 sanctita-

1950 5132 2021 5184 tis
2070 5127 2333 5201 prtestitit,
2385 5139 2440 5183 ut
2486 5127 3045 5201 dilucidogintervallo
3088 5131 3283 5201 potius,
3330 5133 3542 5188 cunctis

1951 5209 2099 5255 recte
2124 5200 2422 5269 dispositis,
2448 5208 2642 5254 statum
2675 5199 2988 5269 reipublicae
3013 5203 3067 5258 in
3089 5199 3209 5258 tuto
3231 5201 3547 5260 collocaret.

1951 5270 2060 5342 (Ea:
2080 5272 2295 5325 miscell.
2331 5270 2501 5340 Hist.)

2021 5341 2048 5380 ι»
2079 5343 2248 5397 Annis
2278 5353 2527 5411 quatuor,
2564 5359 2747 5399 mense
2775 5360 2882 5401 uno
2910 5350 2967 5398 et
2994 5343 3179 5411 viginti
3202 5352 3325 5398 octo
3353 5343 3546 5401 diebus

1956 5413 2140 5488 sedem
2168 5413 2495 5488 pontiﬁcium
2523 5416 2714 5488 tenuit.
2738 5416 2877 5488 Obiit
2899 5414 3041 5488 enim
3065 5429 3205 5488 anno
3231 5415 3547 5488 Redempto-

1956 5486 2029 5540 ris
2059 5485 2228 5539 nostri
2259 5484 2383 5550 577,
2416 5485 2589 5556 pridie
2617 5486 2882 5553 Kalendas
2909 5484 3156 5553 Augusti.

2033 5565 2055 5591 ε
2084 5556 2202 5622 Quo
2253 5565 2491 5623 tempore
2539 5556 2869 5625 Langobardi
2918 5559 2968 5609 in
3018 5556 3222 5610 Italiam
3273 5559 3545 5626 venerint,

1957 5640 2119 5694 supra
2147 5627 2255 5681 dixi
2283 5630 2333 5682 in
2364 5628 2501 5681 [Iulis
2531 5629 2595 5681 ad
2628 5628 2799 5681 Vitam
2826 5626 3067 5683 Joannis.
3102 5626 3228 5683 Haec
3273 5631 3545 5685 Anastasii

1956 5698 2183 5770 fortasse
2225 5698 2568 5768 intelligenda
2594 5708 2721 5753 sunt
2748 5700 2815 5770 de
2860 5698 3170 5753 eorumdem
3214 5701 3545 5770 grassatione

1955 5766 2064 5835 illa,
2098 5783 2262 5839 quam
2292 5766 2511 5824 sanctus
2542 5769 2829 5840 Gregorius
2874 5770 3015 5824 inter
3057 5766 3240 5827 saevas
3282 5771 3543 5829 Ecclesia

1955 5840 2359 5910 persecutiones
2388 5850 2727 5895 annumerat.

2029 5916 2104 5985 (τι)
2139 5915 2337 5969 Eadem
2368 5915 2528 5969 habet
2557 5913 2689 5969 Cod.
2723 5927 2827 5969 ms.
2863 5912 3132 5985 Hardysil.
3162 5912 3304 5971 Lua

2984 6009 3064 6070 22
