4076 6348
3580 454 3597 465 \,

1042 562 2061 683 BENEDICTI
2112 557 2659 671 ΡΔΡΕ
2716 557 2788 668 I

598 810 1363 946 EPISTOLA
1395 839 1427 877 “
1468 809 1676 937 AD
1759 803 2250 935 DAVID
2333 798 3307 937 EPISCOPUM.‘

855 1119 1090 1181 Probat
1119 1135 1200 1180 ex
1233 1118 1431 1191 sacris
1462 1118 1717 1193 litteris,
1747 1130 2059 1176 summam
2098 1110 2478 1178 Trinitatem
2505 1108 2681 1168 unita
2697 1111 2824 1167 tem
2857 1123 3021 1167 esse.

367 1264 835 1327 Rmmdissinm
865 1264 1016 1323 fratri
1042 1267 1298 1337 episeopo
1341 1265 1531 1334 David,
1564 1262 1882 1319 Benedictus
1913 1261 1967 1323 Α
1995 1257 2131 1313 Deus
2158 1255 2350 1321 Israel,
2381 1257 2470 1327 qui
2497 1256 2642 1310 sedes
2668 1272 2825 1324 super
2855 1257 3116 1310 cherubim
3160 1256 3299 1327 (ise.
3337 1257 3594 1330 xxxv")?

306 1357 535 1421 salutem
566 1358 620 1417 in
643 1356 889 1413 Domino.
1998 1353 2053 1409 Si
2082 1353 2260 1407 unitas
2290 1367 2397 1406 non
2424 1363 2528 1417 est,
2562 1365 2727 1418 quare
2760 1368 2772 1405 ε
2797 1368 2885 1421 qui
2911 1355 3074 1417 sedes,
3102 1353 3255 1416 dixit,
3285 1363 3339 1409 et
3370 1369 3475 1407 non
3493 1355 3589 1424 qui

371 1447 718 1517 Responderi)
762 1446 956 1503 litteris
1002 1448 1194 1503 vestris
1238 1446 1447 1516 plenius
1484 1444 1743 1516 cogitavi;
1795 1444 1892 1499 sed
1994 1443 2213 1513 sedetis,
2231 1454 2285 1499 et
2306 1442 2549 1513 adiunxit
2577 1442 3117 1514 [Labb.,sbstruxit|?
3144 1444 3199 1499 Si
3226 1444 3456 1499 Trinitas
3483 1460 3595 1502 non

301 1557 419 1606 cum
451 1540 552 1600 hoc
574 1540 887 1606 meditarer,
918 1548 1098 1599 tantus
1120 1550 1207 1595 me
1232 1539 1385 1595 dolor
1408 1539 1602 1609 tetigit,
1634 1546 1693 1593 ut
1722 1538 1895 1609 magis
1996 1546 2099 1601 est,
2129 1551 2297 1605 quare
2334 1538 2385 1587 in
2421 1536 2726 1605 Regnorum
2767 1534 2904 1588 libro
2951 1534 3167 1597 dicitur,
3198 1533 3411 1589 Domine
3453 1536 3596 1591 Deus

306 1633 437 1695 ﬂare
476 1648 639 1703 quam
680 1632 883 1701 aliquid
923 1631 1142 1699 dicere,
1185 1633 1481 1688 delectatus
1525 1633 1650 1688 sim.
1682 1630 1790 1689 Sed
1827 1644 1896 1686 ne
2000 1632 2339 1697 omnipotens,
2383 1628 2519 1683 Deus
2565 1626 2752 1693 Israel,
2775 1644 3034 1683 sermones
3069 1631 3141 1682 tui
3163 1629 3471 1698 ﬁdelessunt
3495 1630 3590 1700 (ΙΙ

311 1726 552 1782 funditus
569 1732 899 1791 remaneret,
920 1741 1085 1794 pauca
1108 1727 1257 1780 vobis
1279 1725 1579 1781 rescribere
1600 1724 1804 1788 curavi,
1828 1722 1897 1778 ad
2002 1723 2129 1794 Reg.
2155 1738 2247 1790 vit,
2281 1721 2375 1775 HI
2410 1721 2538 1793 Reg.
2569 1722 2721 1792 rm)?
2749 1721 2805 1777 Si
2836 1723 3013 1777 unitas
3043 1738 3146 1777 non
3176 1732 3281 1788 est,
3304 1740 3471 1795 quare
3494 1726 3593 1795 tui,

308 1821 514 1888 potiora
554 1833 650 1873 vos
678 1825 921 1886 tempora
964 1832 1199 1889 congrue
1242 1818 1493 1872 invitatis.
1528 1816 1681 1883 Quod
1714 1823 1896 1870 autem
2001 1815 2213 1881 dicitur,
2244 1824 2453 1879 etnon,
2502 1816 2692 1883 vestri,
2717 1814 2895 1884 potius
2918 1816 3240 1871 intimetur?
3269 1816 3326 1871 Si
3356 1818 3594 1875 Trinitas

311 1912 507 1968 litterae
540 1920 646 1967 tua!
677 1920 840 1967 teStes
868 1921 1029 1977 sunt,
1083 1911 1339 1980 quosdam
1387 1911 1522 1965 intra
1565 1908 1899 1979 provinciam

314 2006 567 2061 Baeticam
589 2019 729 2072 esse,
760 2004 851 2073 qui
877 2004 1144 2067 dicerent,
1169 2004 1436 2058 neminem
1459 2003 1719 2058 veraciter
1740 2015 1905 2071 posse

318 2100 571 2171 probare,
616 2096 930 2152 Trinitatem
961 2094 1217 2150 unitatem
1248 2095 1385 2161 ﬁeri,
1429 2109 1549 2150 eum
1583 2108 1753 2162 neque
1789 2101 1901 2147 tres

311 2206 498 2256 unum,
533 2204 705 2259 neque
738 2203 901 2247 unum
930 2187 983 2241 in
1018 2187 1189 2241 tribus
1220 2196 1400 2255 posset
1428 2199 1746 2254 quemquam
1776 2200 1903 2255 pro-

311 2283 427 2352 prie
475 2280 775 2349 approbare
808 2296 822 2334 :
853 2292 992 2349 quas
1034 2278 1103 2334 ob
1148 2292 1360 2345 causas,
1408 2276 1756 2332 dilectissime
1799 2276 1900 2342 ﬁli,

316 2375 564 2431 consulta
614 2373 706 2431 tibi
736 2374 1046 2442 apostolica:
1087 2371 1231 2427 sedis
1278 2371 1553 2437 misimus,
1584 2379 1642 2426 ut
1687 2379 1782 2425 aut
1819 2370 1904 2425 his

308 2484 407 2525 eos
433 2468 500 2522 ad
530 2479 732 2525 rectam
764 2465 925 2520 tidem
955 2464 1197 2520 converti
1233 2465 1426 2532 iacias,
1462 2473 1553 2518 aut
1580 2464 1648 2519 ah
1676 2464 1903 2518 ecclesia

312 2570 595 2628 antequam
634 2559 798 2628 pestis
830 2559 946 2613 hac
979 2556 1137 2613 latius
1161 2554 1502 2624 divulgetur,
1533 2555 1783 2624 repellas.
1813 2554 1913 2610 liis

2004 1924 2110 1965 non
2141 1917 2243 1975 est,
2277 1922 2377 1964 cur
2404 1909 2454 1961 in
2483 1908 2690 1977 psalmo
2718 1923 2847 1963 Lvnt
2878 1918 3122 1964 cantatur
3153 1928 3167 1964 :
3202 1909 3423 1966 Domine
3455 1911 3596 1969 Deus

2004 2003 2265 2071 uirtutum,
2316 2001 2453 2055 Deus
2502 2000 2692 2067 Israel,
2733 2001 2943 2057 intende
2984 2006 3051 2057 ad
3103 2005 3383 2060 visitandas
3428 2023 3603 2064 omnes

2006 2098 2217 2166 gentes?
2245 2096 2300 2151 Si
2331 2096 2504 2150 unitas
2530 2110 2635 2149 non
2684 2105 2785 2163 est,
2835 2111 3002 2165 quare
3047 2099 3253 2151 intende
3301 2100 3495 2167 posuit,
3549 2111 3604 2155 et

2009 2203 2138 2250 non,
2169 2188 2451 2255 intendite,
2480 2199 2536 2243 ut
2565 2187 2882 2255 praedicatus
2910 2198 3020 2255 est,
3058 2190 3360 2244 intimavit?
3388 2191 3443 2245 Si
3476 2190 3602 2247 Tri-

2008 2283 2149 2337 nitas
2178 2298 2283 2336 non
2311 2289 2417 2347 est,
2449 2297 2612 2351 quare
2640 2282 2693 2335 in
2718 2281 3034 2353 Apocalypsi
3056 2285 3214 2336 tertio
3239 2282 3376 2337 dixit
3410 2301 3421 2335 :
3461 2285 3600 2339 San-

2011 2383 2142 2441 ctus,
2157 2385 2618 2443 sanctus,sanctus,
2638 2373 2883 2429 Dominus
2904 2374 3035 2429 Deus
3048 2377 3389 2443 omnipotens,
3406 2378 3600 2446 quiest,

2012 2476 2060 2521 et
2079 2469 2287 2537 quierat
2309 2468 2495 2539 (Apoc.
2518 2467 2591 2537 Iv)
2606 2470 2628 2519 ι
2643 2468 2697 2524 Si
2723 2469 2900 2523 unitas
2922 2482 3025 2522 non
3049 2480 3151 2534 est,
3171 2484 3334 2537 quare
3358 2486 3483 2533 non,
3504 2472 3595 2539 qui

2013 2568 2158 2627 sunt,
2195 2560 2492 2629 pluraliter,
2518 2560 2633 2626 sed,
2655 2563 2741 2631 qui
2768 2568 2897 2625 erat,
2921 2560 3263 2630 designavit?
3286 2562 3340 2616 Si
3371 2559 3605 2617 Trinitas

315 2649 532 2712 (frater)
577 2651 979 2720 Scripturarum
1014 2649 1336 2706 teatimoniis
1362 2648 1625 2719 (lthacius
1649 2649 1769 2704 adv.
1800 2648 1909 2704 Va-
1936 2665 1988 2728 Β
2017 2668 2123 2709 ιιοιι
2151 2663 2252 2718 est,
2285 2669 2450 2723 quare
2480 2655 2532 2708 in
2566 2653 2978 2709 Deuteronomio
3021 2653 3225 2708 dictum
3269 2662 3351 2709 est
3380 2673 3391 2709 :
3429 2654 3609 2709 Domi-

316 2744 600 2808 rimadum,
630 2757 679 2797 c.
729 2742 782 2811 l)
823 2743 1080 2796 unitatem
1127 2741 1403 2797 Trinitatis
1428 2756 1689 2811 agnosce,
1716 2750 1772 2796 et
1807 2741 1907 2798 de-

320 2836 442 2890 sine
489 2837 803 2890 Arianorum
852 2834 1165 2904 pravitatem
1222 2833 1406 2902 sequi,
1474 2841 1534 2888 ut
1591 2834 1659 2887 ab
1718 2833 1907 2890 eadem

319 2928 496 2998 possis
560 2937 900 2997 peccatorum
950 2924 1332 2995 indulgentiam
1388 2926 1723 2995 promereri,
1773 2926 1909 2981 Isaia

320 3019 579 3091 propheta
607 3020 864 3076 dicente:
903 3018 1035 3075 Vide
1074 3018 1353 3073 Dominum
1399 3018 1612 3073 sabaoth
1652 3019 1925 3074 sedentem

320 3129 471 3185 super
492 3115 727 3175 thronum
753 3116 1032 3181 excelsum,
1054 3123 1106 3171 et
1126 3116 1386 3184 seraphim
1414 3117 1612 3170 stabant
1643 3117 1693 3169 in
1723 3117 1912 3171 circui-

323 3216 381 3265 tu
405 3208 511 3276 eius
541 3226 560 3265 :
590 3226 679 3277 sea:
704 3210 803 3264 ala:
834 3210 921 3265 uni
937 3251 952 3273 ,
996 3220 1043 3263 et
1068 3225 1160 3265 sea;
1186 3209 1286 3265 alte
1326 3209 1496 3264 alteri.
1524 3208 1740 3265 Duabus
1768 3212 1910 3265 vela.-

323 3299 444 3354 bant
469 3304 649 3371 facient
674 3305 803 3371 ejus,
841 3302 1041 3355 duabus
1068 3310 1241 3355 autem
1270 3301 1502 3357 uelabant
1528 3304 1678 3371 pedes
1707 3304 1839 3374 ejus,
1863 3312 1914 3356 et

327 3392 528 3448 duabus
565 3395 820 3448 volabant.
856 3393 921 3455 Et
951 3394 1238 3451 clamabant
1266 3395 1333 3447 ad
1374 3394 1680 3449 alterutrum
1700 3436 1715 3460 ,
1747 3396 1945 3453 dicem.

326 3492 401 3541 (es
430 3501 451 3539 .'
479 3485 722 3553 Sanctus,
743 3496 972 3555 sanctus,
1007 3496 1245 3551 sanctus;
1274 3484 1526 3542 Dominus
1546 3486 1684 3543 Deus
1704 3488 1916 3544 sabaotlt

344 3577 477 3645 (lsa.
510 3580 603 3648 vi).
635 3580 687 3634 Si
721 3580 955 3633 Trinitas
990 3594 1093 3633 non
1122 3590 1221 3644 est,
1258 3594 1425 3647 quare
1456 3582 1630 3641 tertio,
1676 3592 1913 3649 sanctus,

328 3668 614 3725 dixerunt?
649 3673 711 3727 Et
738 3674 779 3725 si
810 3673 984 3726 unitas
1013 3689 1118 3726 non
1145 3682 1248 3735 est,
1277 3687 1445 3741 quare
1472 3673 1574 3726 sub
1604 3673 1739 3726 trina
1763 3690 1918 3739 repe-

327 3762 519 3817 titione
550 3780 711 3818 unum
740 3764 906 3818 Deum
938 3778 999 3818 ac
1030 3764 1314 3817 Dominum
1346 3763 1693 3817 intimarunt?
1714 3764 1771 3818 Si
1800 3764 1919 3819 Tri-

332 3858 472 3911 nitas
503 3873 607 3911 non
640 3865 743 3923 est,
772 3872 867 3910 cur
915 3857 966 3910 in
995 3855 1268 3911 Geneseos
1294 3855 1487 3908 dicitur
1522 3872 1533 3906 :
1570 3854 1715 3908 Dixit
1758 3855 1916 3919 Deus,

333 3951 449 4023 fecit
470 3950 621 4018 Deus,
649 3959 694 4003 et
714 3950 963 4003 benedixit
990 3949 1124 4002 Deus
1156 3946 1362 4021 (Genes.
1391 3946 1468 4016 I)?
1499 3945 1555 4002 Si
1589 3962 1715 3999 vero
1746 3946 1919 4001 unitas

2010 2762 2113 2800 nus
2132 2743 2271 2799 Deus
2299 2756 2438 2809 tuus,
2468 2745 2606 2799 Deus
2627 2747 2935 2823 “misericors
2986 2754 3083 2811 est,
3114 2756 3162 2799 et
3208 2748 3382 2800 audiet
3434 2765 3608 2803 vocem

2012 2848 2152 2894 tuam
2172 2838 2407 2911 (Denter.
2437 2838 2546 2910 tv)?
2570 2820 2821 2895 Siiunitas
2842 2854 2946 2893 non
2970 2847 3069 2905 est,
3107 2854 3272 2909 quare
3310 2835 3485 2894 audiet
3509 2857 3608 2911 po-
3639 2820 3648 2829 V

2012 2935 2140 3004 suit,
2163 2943 2220 2990 et
2245 2949 2352 2989 non
2379 2934 2616 2996 audient,
2648 2932 2949 2987 intimavit?
2977 2932 3059 2986 Si’
3080 2934 3316 2988 Trinitas
3364 2951 3468 2988 non
3502 2946 3607 3002 est,

2012 3042 2181 3099 quare
2207 3029 2259 3081 in
2286 3027 2412 3082 Jesu
2444 3027 2585 3081 Nave
2608 3026 2799 3082 dicitur
2822 3026 2959 3081 libro
2991 3045 3005 3080 :
3036 3026 3290 3083 Dominus
3315 3027 3457 3083 Deus
3488 3032 3611 3083 deo-

2012 3135 2128 3173 rum
2154 3131 2229 3174 est
2250 3117 2431 3191 (Iosue
2460 3135 2532 3186 tt;
2564 3117 2721 3174 Deut.
2754 3118 2845 3189 x)?
2874 3117 2928 3174 Si
2964 3120 3137 3174 unitas
3166 3138 3268 3175 non
3298 3131 3403 3186 est,
3444 3138 3612 3191 quare

2015 3222 2110 3281 est,
2142 3212 2299 3281 dixit,
2330 3222 2384 3267 et
2415 3228 2543 3282 non,
2577 3222 2722 3277 sunt,
2756 3227 2906 3268 more
2933 3213 3215 3267 locutionis
3248 3215 3499 3270 induxit?
3548 3216 3610 3274 Si

2016 3304 2248 3360 Trinitas
2269 3321 2377 3360 non
2403 3317 2511 3369 est;
2543 3320 2706 3375 quare
2724 3304 2869 3359 Eltas
2895 3305 3100 3359 orando
3126 3304 3246 3373 (III
3277 3307 3403 3377 Reg.
3433 3309 3606 3380 xvm),

2017 3397 2254 3462 Domine,
2282 3399 2501 3463 domine,
2530 3398 2735 3453 domine
2760 3394 2900 3451 Deus
2933 3394 3117 3463 Israel,
3144 3400 3351 3453 ostende
3388 3401 3509 3469 quia
3553 3408 3612 3453 tu

2017 3503 2073 3544 es
2104 3489 2239 3544 Deus
2264 3506 2427 3555 meus,
2457 3488 2631 3543 dixit?
2659 3487 2714 3545 Si
2748 3488 2929 3543 unitas
2957 3504 3063 3542 non
3095 3498 3197 3556 est,
3232 3505 3413 3559 quire,
3446 3501 3615 3547 osten-

2020 3581 2102 3650 de,
2131 3592 2185 3637 et
2213 3598 2319 3636 non
2344 3582 2631 3645 ostendite,
2682 3582 2907 3651 posuit?
2958 3581 3014 3637 Si
3065 3580 3298 3635 Trinitas
3350 3598 3454 3637 non
3504 3593 3611 3651 est,

2022 3689 2117 3727 cur
2137 3674 2504 3728 Mardochmus
2536 3674 2984 3744 orando(Esther.
3010 3674 3149 3745 xm),
3179 3673 3421 3741 Domine,
3452 3677 3618 3731 domi-

2022 3781 2086 3818 ne
2111 3764 2243 3819 Deus
2265 3767 2605 3836 omnipotens,
2631 3767 2803 3820 omnia
2822 3767 2876 3820 in
2896 3776 3139 3835 potestate
3160 3777 3249 3821 tua
3268 3776 3407 3832 sunt,
3435 3767 3617 3822 dixit?

2024 3856 2082 3912 Si
2113 3861 2288 3911 unitas
2316 3873 2421 3911 non
2476 3867 2579 3925 est,
2627 3873 2795 3928 quare
2840 3859 2894 3911 in
2922 3869 3011 3911 tua
3060 3859 3257 3927 posuit,
3311 3867 3363 3912 et
3412 3874 3516 3913 non
3565 3859 3621 3913 in

2026 3957 2221 4013 vestra,
2277 3949 2537 4019 signavit?
2591 3948 2648 4004 Si
2694 3949 2927 4005 Trinitas
2974 3966 3079 4011 non
3127 3958 3252 4015 est,
3303 3964 3399 4005 cur
3454 3950 3621 4005 etiam

334 4059 444 4100 non
470 4053 570 4109 est,
602 4058 768 4114 quare
796 4045 952 4096 tertio
977 4040 1134 4105 dixit,
1173 4041 1334 4105 Deus,
1363 4047 1416 4094 et
1445 4055 1550 4093 non
1580 4038 1712 4093 deos
1736 4040 1919 4107 plura-
1947 4054 1995 4119 ρ
2026 4037 2207 4094 Judith
2232 4042 2435 4095 orando
2463 4042 2598 4097 dixit
2629 4060 2644 4098 :
2680 4042 2897 4095 Domine
2928 4042 3058 4096 Deus
3090 4044 3321 4095 omnium
3348 4043 3618 4109 virtutum,

338 4135 459 4191 liter
486 4134 922 4191 commendavit?
950 4134 1017 4187 Et
1046 4136 1091 4187 si
1123 4133 1354 4187 Trinitas
1386 4145 1491 4185 non
1528 4138 1631 4193 est.
1661 4145 1825 4201 quare
1870 4131 1925 4187 in

336 4225 521 4282 Exodo
548 4228 745 4280 dictum
779 4235 860 4279 est
896 4225 1052 4278 tertio
1086 4242 1097 4276 ε
1130 4223 1371 4285 Domine,
1421 4222 1645 4286 domine,
1699 4222 1925 4287 domine,

336 4320 601 4374 miseratur
629 4330 677 4374 et
720 4320 1012 4373 misericors
1043 4315 1241 4387 (Exod.
1277 4316 1501 4384 xxx")?
1532 4316 1587 4370 Si
1619 4316 1793 4370 unitas
1821 4332 1930 4371 non

335 4422 441 4477 est,
473 4428 640 4482 quare
665 4412 792 4467 dum
836 4412 992 4466 tertio
1021 4410 1242 4477 diceret,
1277 4409 1522 4475 Domine,
1558 4418 1740 4480 postea
1768 4412 1931 4465 mise-

340 4516 489 4559 ralor
517 4504 861 4573 singulariter
882 4504 1035 4569 dixit,
1065 4512 1119 4557 et
1141 4517 1245 4557 non
1278 4500 1643 4568 miseratores,
1667 4513 1723 4555 ut
1752 4503 1932 4569 plures

338 4596 669 4662 ostenderet,
701 4596 1001 4651 intimavit?
1028 4595 1084 4650 Si
1115 4596 1349 4648 Trinitas
1380 4610 1484 4648 non
1512 4605 1617 4661 est,
1640 4610 1735 4649 cur
1757 4596 1931 4650 Abra-

341 4688 464 4745 ham
497 4690 561 4745 ad
595 4692 765 4746 ilicem
797 4689 1038 4746 Mambre
1064 4689 1279 4754 sedens,
1311 4689 1585 4759 tribusque
1609 4703 1926 4758 occurrens,

341 4782 429 4836 uni
476 4783 712 4851 domine,
737 4782 871 4837 dixit
900 4781 1115 4855 (Cenes.
1159 4779 1347 4849 xvtn);
1378 4790 1433 4835 et
1460 4797 1565 4835 non
1594 4782 1677 4852 (ut
1703 4780 1936 4852 viderat)

341 4876 510 4930 tribus
538 4877 877 4932 salutationis
902 4877 1225 4945 obsequium
1249 4874 1515 4929 reddidit?
1544 4874 1599 4930 Si
1623 4876 1802 4930 unitas
1828 4890 1935 4930 non

339 4978 441 5034 est,
476 4985 638 5039 quare
668 4987 789 5024 cum
824 4971 955 5025 Mos’.
983 4969 1183 5040 (Exod.
1219 4967 1342 5040 ιιι),
1381 4967 1517 5024 Deus
1556 4969 1835 5035 Abraham,
1886 4976 1939 5025 et

342 5060 479 5113 Deus
510 5060 682 5130 Isaac,
716 5073 763 5117 et
794 5062 930 5117 Deus
968 5061 1149 5128 Jacob,
1206 5064 1366 5116 tertio
1412 5061 1637 5129 diceret,
1680 5061 1937 5117 unitatem

341 5152 653 5221 ostendens,
688 5152 803 5206 Hoc
847 5153 972 5205 mihi
1006 5168 1188 5205 nomen
1217 5161 1311 5214 est,
1341 5151 1504 5217 dixit;
1538 5159 1593 5205 et
1637 5166 1763 5216 non,
1815 5152 1939 5207 Huic

342 5252 469 5297 sunt
501 5255 681 5299 nostra
714 5246 954 5310 nomina,
986 5242 1321 5314 designavit?
1350 5242 1405 5299 Si
1439 5242 1672 5299 Trinitas
1702 5258 1807 5298 non
1834 5254 1937 5317 est,

342 5352 509 5404 quare
540 5335 702 5391 David
737 5336 892 5393 tertio
939 5335 1071 5391 dixit
1104 5352 1117 5391 :
1149 5334 1427 5390 Benedicat
1456 5353 1552 5392 nos
1603 5336 1758 5404 Deus,
1803 5334 1941 5393 Deus

343 5438 537 5495 noster,
568 5429 830 5484 benedicat
860 5446 952 5487 nos
980 5427 1119 5481 Deus
1162 5425 1385 5498 ('Psalm.
1422 5429 1611 5499 XCVI)?
1656 5428 1711 5483 Si
1764 5432 1939 5484 unitas

344 5534 451 5576 non
483 5531 587 5588 est,
613 5538 779 5594 quare
808 5538 956 5589 cum,
995 5522 1157 5587 Deus,
1194 5520 1350 5575 tertio
1395 5522 1742 5587 nominasset,
1792 5521 1940 5576 bene.

343 5612 502 5679 dicat,
532 5624 588 5670 et
617 5630 749 5682 non,
783 5615 1123 5680 benedicant,
1162 5611 1405 5682 adjunxit
1432 5612 1454 5665 ?
1484 5615 1536 5667 Si
1565 5614 1796 5669 Trinitas
1828 5631 1934 5670 non

344 5718 448 5777 est,
481 5723 578 5764 cur
606 5708 771 5767 Isaias
811 5708 987 5765 denuo
1029 5708 1164 5765 dixit
1196 5726 1210 5763 :
1240 5706 1457 5761 Domine
1506 5707 1642 5761 Deus
1678 5707 1892 5763 sabaoth
1915 5745 1931 5771 ,

2028 4132 2223 4197 respice
2250 4134 2305 4185 in
2350 4135 2629 4187 orationem
2677 4150 2843 4187 meam
2894 4132 3122 4203 (ludit/1.
3177 4134 3295 4201 Ix)?
3344 4134 3400 4188 Si
3452 4136 3625 4188 unitas

2039 4241 2141 4280 non
2171 4237 2274 4297 est,
2309 4244 2497 4297 quare,
2546 4229 2760 4296 respice,
2821 4229 3014 4296 posuit,
3065 4237 3115 4283 et
3167 4244 3294 4291 non,
3347 4229 3624 4297 respicite,

2032 4318 2729 4386 designavit?SiTrinitas
2778 4334 2882 4373 non
2931 4330 3030 4383 est,
3079 4337 3245 4388 quare
3294 4321 3345 4374 in
3394 4322 3627 4376 .leremia

2032 4410 2247 4479 dicitur,
2282 4411 2532 4466 Dominus
2561 4410 2700 4475 Deus
2730 4419 2888 4465 vester
2934 4410 3070 4463 Deus
3118 4428 3267 4463 verax
3308 4419 3381 4463 est
3408 4408 3625 4482 (Jcrem.
3692 4444 3697 4449 -

2034 4502 2128 4571 x)?
2155 4504 2207 4557 Si
2244 4505 2418 4556 unitas
2451 4520 2554 4556 non
2583 4514 2686 4567 est,
2717 4519 2904 4572 quare,
2931 4518 3083 4555 remo:
3105 4513 3195 4565 est,
3227 4503 3380 4563 dixit,
3412 4510 3467 4556 et
3496 4519 3627 4569 non,

2036 4610 2276 4659 veraces,
2310 4596 2486 4663 potius
2514 4594 2821 4649 intimavit?
2850 4595 2904 4647 Si
2936 4594 3167 4647 Trinitas
3197 4610 3299 4646 non
3330 4603 3431 4659 est,
3461 4608 3630 4663 quare

2036 4686 2092 4740 in
2121 4686 2437 4757 Apocalypsi
2468 4686 2724 4754 scriptum
2756 4695 2838 4739 est
2870 4703 2880 4735 :
2918 4683 3165 4738 Dominus
3201 4686 3334 4739 Deus
3384 4695 3428 4738 et
3474 4686 3633 4755 spiri-

2037 4785 2119 4831 tus
2144 4778 2509 4847 prophetarum
2536 4776 2671 4828 misit
2694 4776 2934 4846 angelum
2961 4792 3130 4839 suum,
3168 4776 3431 4830 ostendere
3476 4778 3633 4832 servis

2036 4868 2141 4921 suis
2168 4884 2283 4937 quis
2309 4876 2505 4937 oportet
2537 4868 2650 4936 ﬁeri
2672 4870 2767 4921 cito
2796 4868 2976 4939 (tApoc.
3015 4868 3093 4931 1)?
3123 4869 3178 4923 Si
3208 4870 3379 4922 unitas
3399 4885 3504 4924 non
3529 4878 3632 4937 est,

2039 4977 2205 5032 quare
2233 4976 2353 5015 cum
2387 4960 2602 5016 Patrem
2632 4970 2686 5015 et
2707 4960 2902 5015 Filium
2932 4970 2985 5017 et
3014 4962 3269 5031 Spiritum
3303 4964 3634 5029 nominasse,

2039 5052 2177 5106 misit
2207 5052 2476 5119 Dominus,
2508 5051 2663 5118 dixit,
2693 5060 2748 5106 et
2776 5068 2903 5116 non,
2938 5052 3222 5117 miserunt,
3251 5053 3348 5106 sub
3375 5061 3637 5120 praetextu

2040 5144 2202 5199 trium
2226 5158 2574 5212 personarum
2600 5152 2654 5197 et
2676 5142 2950 5197 nominum
2970 5143 3263 5197 introduxit
3281 5143 3305 5195 ?
3322 5144 3374 5196 Si
3403 5142 3638 5199 Trinitas

2043 5254 2149 5294 non
2178 5246 2280 5301 est,
2328 5252 2493 5306 quare
2535 5239 2586 5291 in
2635 5236 3054 5293 Deuteronomio
3102 5237 3328 5290 dicitur:
3383 5235 3638 5291 Dominus

2047 5331 2184 5387 Deus
2206 5339 2367 5386 vester
2397 5331 2480 5384 llic
2505 5340 2599 5393 est,
2626 5329 2761 5384 Deus
2785 5330 2968 5403 (Deut.
2991 5330 3086 5397 x)?
3117 5328 3173 5385 Si
3200 5328 3373 5382 unitas
3396 5343 3502 5383 non
3532 5341 3637 5398 est,

2046 5439 2232 5496 quare,
2264 5422 2366 5476 Hic
2395 5432 2487 5481 est.
2519 5423 2674 5489 dixit,
2705 5432 2908 5486 etnon,
2943 5422 2997 5475 hi
3017 5432 3162 5488 sunt,
3197 5420 3387 5490 plurali
3413 5436 3644 5479 numero

2045 5516 2372 5586 designavit?
2401 5517 2455 5571 Si
2482 5516 2715 5571 Trinitas
2744 5531 2849 5570 non
2881 5526 2983 5581 est,
3019 5532 3183 5585 quare
3211 5516 3265 5571 in
3318 5516 3508 5573 eodem
3555 5517 3642 5573 di-

2045 5611 2182 5665 citur
2210 5609 2383 5662 libro:
2416 5605 2669 5661 Dominus
2700 5604 2840 5661 Deus
2869 5616 3007 5669 tuus,
3046 5606 3181 5661 Deus
3208 5625 3422 5681 magnus
3469 5618 3517 5664 et
3543 5625 3640 5680 po-

2040 5713 2147 5758 tens
2166 5712 2237 5757 est
2265 5700 2497 5772 (lbid.)?
2528 5702 2585 5756 Si
2612 5699 2785 5755 unitas
2800 5711 3019 5767 nonest,
3038 5718 3221 5773 quare,
3242 5721 3458 5778 magnus
3480 5717 3526 5761 et
3548 5721 3644 5774 po-

421 5854 452 5885 ι
480 5844 634 5901 Falsa
662 5852 720 5901 et
740 5847 1116 5901 commentitia
1145 5846 1210 5903 ab
1256 5847 1444 5902 eodem
1494 5846 1788 5901 Mercatore
1829 5841 2064 5913 farrago.
2094 5840 2254 5897 LABB.
