4076 6348
508 332 608 395 687

1449 342 1789 409 LICINIANI,
1834 335 2436 400 CARTIIAGINENSIS
2477 340 2781 401 EPISCOPI
2818 388 2834 413 ,

3681 351 3788 406 688

502 466 710 523 tens,et
732 472 834 512 non
864 452 1489 526 pluraliteruominatur?
1512 459 1568 513 Si
1593 459 1824 513 Trinitas
1850 474 1953 511 non
1982 466 2086 523 est,
2116 460 2167 516 A
2194 458 2313 524 ﬁde,
2367 460 2676 513 attendentes
2707 456 2973 526 spiritibus
3002 454 3188 513 erroris
3217 464 3265 514 cl
3292 459 3541 517 doctrinis
3591 466 3785 520 dmo-

498 567 597 607 cur
633 551 829 608 Tobias
857 552 1023 605 lilium
1058 567 1211 607 suum
1238 568 1355 607 cum
1388 552 1439 606 in
1471 552 1642 622 Reges
1664 553 1932 611 civitatem
1964 567 2083 606 cum

498 646 771 715 Raphaele
802 647 993 716 angelo
1018 648 1275 711 mitteret,
1300 646 1621 701 benedicens
1647 661 1762 710 eos,
1787 647 1857 700 ita
1885 647 2086 701 dixisse

497 737 719 792 docetur
754 756 766 790 :
803 737 940 791 Deus
968 738 1244 802 Abraham,
1272 749 1318 791 et
1350 737 1489 792 Deus
1518 737 1693 801 Isaac,
1717 747 1763 791 et
1806 737 1943 791 Deus
1989 736 2087 789 la-

496 830 610 893 cob,
644 831 749 898 ipse
774 830 983 899 impleat
1030 832 1426 885 benedictionem
1472 847 1619 885 suam
1665 832 1716 883 in
1744 831 1882 884 vobis
1932 830 2082 896 (Tob.

494 922 629 991 vn)?
661 922 715 978 Si
747 923 920 977 unitas
947 939 1051 977 non
1076 932 1175 991 est,
1210 938 1395 991 quare,
1424 925 1532 991 ipse
1560 924 1800 990 impleat,
1827 922 1981 986 dixit,
2032 929 2085 974 et

494 1030 603 1068 non
630 1015 724 1082 ipsi
743 1014 1018 1083 impleant,
1034 1014 1329 1068 inlimavit?
1348 1016 1644 1078 Postremo,
1662 1014 1707 1067 si
1724 1013 1956 1067 Trinitas
1979 1028 2083 1067 non

498 1115 603 1172 est,
632 1122 798 1175 quare
830 1108 1082 1162 Dominus
1111 1107 1399 1176 discipulos
1430 1121 1554 1160 suos
1585 1107 1637 1159 in
1669 1106 1884 1160 nomine
1914 1105 2087 1160 Patris

495 1209 552 1254 et
582 1199 703 1253 Filii
731 1209 784 1253 et
814 1200 1041 1269 Spiritus
1071 1201 1240 1254 sancti
1269 1200 1545 1254 universas
1574 1209 1761 1270 gentes
1802 1199 1944 1253 misit
1992 1199 2085 1252 ba-

492 1293 693 1362 ptizare
723 1292 937 1363 (Matth.
970 1294 1199 1363 xxvut)?
1227 1294 1281 1349 Si
1316 1293 1489 1347 unitas
1518 1306 1624 1345 non
1655 1286 1753 1356 es't,
1815 1306 1979 1358 quare
2029 1291 2083 1342 in

495 1385 717 1449 nomine,
770 1383 926 1448 dixit,
970 1392 1029 1439 et
1076 1400 1205 1451 non,
1255 1385 1309 1437 in
1354 1384 1677 1448 nominibus,
1728 1381 2085 1452 praecipiendo

494 1473 811 1544 perdocuit?
840 1473 896 1528 Si
925 1474 1160 1529 Trinitas
1188 1491 1293 1530 non
1317 1483 1420 1535 est,
1454 1490 1617 1543 quare
1643 1474 1917 1543 apostolus
1950 1474 2085 1526 Pau-

492 1566 579 1623 lus
606 1567 677 1621 ait
714 1584 725 1618 :
760 1565 843 1620 Ex
871 1568 1003 1637 ipso,
1036 1574 1083 1620 et
1112 1584 1200 1637 per
1226 1569 1413 1635 ipsum,
1443 1576 1489 1621 et
1517 1568 1571 1620 in
1595 1567 1707 1635 ipso
1755 1575 1869 1619 sunt
1914 1564 2086 1618 omnia

490 1656 677 1729 (Rom.
712 1659 824 1729 xl)?
854 1658 910 1715 Si
941 1658 1113 1714 unitas
1141 1673 1246 1713 non
1276 1669 1379 1725 est,
1410 1674 1599 1729 quare,
1626 1676 1689 1713 ex
1718 1659 1851 1726 ipso,
1885 1658 2079 1727 posuit,

488 1757 545 1804 et
575 1766 720 1817 non,
774 1765 841 1803 ex
875 1750 1040 1819 ipsis,
1093 1750 1353 1806 astruxit?
1400 1751 1457 1806 Si
1502 1752 1642 1807 enim
1693 1759 1838 1807 certo
1885 1751 2082 1806 certius

2191 550 2392 601 niorum
2422 551 2475 604 in
2502 551 2761 621 hypocrisi
2789 551 3100 620 loquentium
3131 554 3477 623 mendacium,
3504 566 3553 610 et
3602 569 3785 612 cante-

2187 642 2371 695 riatum
2418 642 2714 696 habentium
2761 660 2909 697 suam
2962 645 3338 710 conscientiam,
3407 647 3787 717 prohibentium

2187 734 2391 792 nubere.
2410 734 2659 787 abstinere
2687 752 2717 787 a
2739 735 2862 789 cibis
2890 753 3017 806 quos
3044 734 3181 789 Deus
3206 738 3389 790 creavit
3410 739 3477 791 ad
3494 741 3787 808 percipias-

2188 826 2313 879 dum
2340 842 2455 879 cum
2482 829 2767 897 gratiarum
2794 829 3006 893 actione,
3036 830 3290 898 ﬁdelibus,
3316 839 3363 884 et
3384 832 3463 886 his
3486 834 3576 902 qui
3596 850 3787 904 cogno-

2186 929 2365 975 verunt
2397 921 2678 985 veritatem,
2708 922 2829 991 quia
2853 923 3017 974 omnis
3045 930 3280 975 creatura
3303 921 3401 976 Dei
3431 925 3563 977 bona
3591 934 3691 989 est,
3735 935 3792 977 ει

2186 1012 2319 1064 nihil
2344 1013 2681 1082 rejiciendum
2700 1056 2715 1081 ,
2742 1014 2878 1083 quod
2907 1029 3024 1066 cum
3054 1014 3339 1082 gratiarum
3365 1016 3564 1069 actione
3609 1018 3789 1085 perci-

2187 1102 2344 1171 pitur.
2388 1104 2760 1170 Sanctiﬁcatur
2781 1104 2914 1156 enim
2936 1119 3025 1173 per
3048 1104 3251 1157 verbum
3274 1104 3371 1158 Dei
3399 1116 3446 1159 et
3469 1108 3785 1163 orationem.

2186 1191 2315 1247 Htec
2346 1210 2629 1265 proponens
2659 1195 2928 1263 fratribus,
2963 1196 3119 1249 bonus
3171 1196 3269 1249 eris
3316 1197 3544 1250 minister
3590 1197 3791 1251 Christi

2183 1286 2328 1354 Jesu,
2359 1290 2608 1342 enutritus
2638 1289 2787 1343 verba
2817 1290 2941 1357 ﬁdei
2971 1296 3017 1342 et
3046 1290 3189 1343 bona:
3214 1290 3479 1355 doctrinm,
3508 1306 3664 1355 quam
3690 1308 3786 1346 as-

2184 1391 2387 1436 secutus
2417 1398 2489 1435 es.
2522 1381 2729 1452 Ineptas
2752 1392 2919 1435 autem
2946 1392 2996 1435 et
3023 1382 3197 1434 inanes
3246 1382 3448 1451 fabulas
3494 1384 3683 1450 devita,
3729 1390 3789 1436 et

2184 1493 2359 1531 exerce
2383 1477 2597 1546 teipsum
2627 1476 2695 1527 ad
2724 1476 2979 1544 pietatem.
3010 1473 3149 1528 Nam
3176 1474 3456 1543 corporalis
3486 1477 3787 1529 exercitatio

2182 1569 2252 1621 ad
2278 1568 2534 1621 modicum
2563 1567 2703 1620 utilis
2732 1575 2825 1620 est.
2879 1564 3054 1620 Pietas
3112 1575 3281 1619 autem
3333 1566 3402 1618 ad
3457 1568 3631 1619 omnia
3674 1567 3787 1619 uti-

2185 1660 2248 1712 lis
2304 1670 2378 1712 est
2403 1700 2418 1725 ,
2477 1658 2863 1729 promissionem
2920 1657 3105 1711 habens
3160 1658 3276 1710 vita
3324 1673 3437 1726 qute
3485 1674 3623 1711 nunc
3669 1671 3780 1724 est,

2184 1759 2231 1805 et
2284 1751 2493 1820 futurte.
2546 1748 2747 1803 Fidelis
2808 1765 2974 1802 sermo
3037 1758 3085 1801 et
3142 1750 3278 1801 omni
3344 1750 3637 1818 acceptione
3690 1750 3781 1802 di-

487 1839 729 1894 volueris
758 1840 1016 1895 unitatem
1043 1841 1657 1913 Trinitatis'agnoscere,
1689 1859 1718 1898 a
1773 1859 1915 1911 szepe
1941 1843 2082 1898 dicto
2110 1832 2159 1893 Β
2186 1859 2333 1912 gnus.
2363 1841 2431 1895 In
2481 1842 2575 1895 hoc
2620 1842 2752 1895 enim
2808 1841 3099 1894 laboramus
3144 1850 3189 1894 et
3236 1838 3609 1906 maledicimur,
3657 1842 3783 1911 quia

488 1927 711 1983 doctore
738 1930 978 1998 gentium
1007 1931 1249 1999 apostolo
1270 1934 1468 2001 poteris
1485 1934 1730 1987 universa
1744 1933 2079 2003 condiscere,

487 2029 545 2077 et
577 2022 723 2089 sequi
752 2021 1069 2077 catholicam
1100 2023 1293 2092 ﬁdem,
1322 2036 1377 2079 et
1421 2026 1735 2080 Arianorum
1768 2026 2079 2094 pravitatem

485 2126 741 2183 reSpuere
771 2133 781 2167 :
819 2114 997 2168 Gratia
1028 2116 1237 2170 Domini
1265 2119 1423 2172 nostri
1469 2117 1594 2175 Jesu
1624 2119 1846 2187 Christi,
1877 2120 2078 2190 inquit,

485 2212 536 2256 et
564 2204 792 2256 charitas
819 2202 954 2271 Dei,
986 2216 1033 2259 et
1072 2210 1462 2263 communicatio
1485 2211 1650 2263 sancti
1679 2210 1924 2279 Spiritus.
1955 2209 2081 2281 Ipsa

485 2302 556 2346 est
580 2292 776 2360 Patris,
811 2306 860 2350 et
882 2293 1035 2363 Filii;
1090 2308 1136 2353 et
1185 2299 1412 2369 Spiritus
1454 2303 1618 2354 sancti
1668 2300 1757 2369 (11
1782 2302 1901 2357 Cor.
1929 2302 2078 2375 xm).

485 2389 766 2457 Quomodo
797 2400 975 2446 autem
1008 2393 1061 2446 in
1094 2392 1355 2449 Trinitate
1384 2410 1549 2449 unum
1578 2397 1741 2451 sunt?
1769 2396 1891 2465 quia
1920 2405 2078 2451 natu-

485 2497 548 2537 ra
583 2493 741 2552 atque
768 2494 794 2521 ει
826 2485 894 2537 ab
930 2485 1155 2540 invicem
1187 2488 1425 2553 separari
1456 2501 1561 2541 non
1614 2496 1855 2558 possunt.
1903 2488 2079 2543 Czete-

485 2590 630 2641 rum,
658 2576 828 2633 frater
853 2577 1192 2645 charissime,
1222 2595 1341 2649 quae
1370 2590 1459 2634 tua
1490 2582 1838 2637 continebant
1861 2581 2077 2651 scripta,

489 2682 556 2722 ex
585 2669 841 2738 subjectis
870 2672 1151 2727 sententiis
1180 2676 1416 2729 maxime
1442 2677 1621 2729 omnia
1677 2678 1879 2745 poteris
1932 2676 2079 2731 colli-

492 2773 622 2830 gere
653 2758 701 2812 ι’.
734 2760 968 2817 Necesse
994 2772 1095 2831 est,
1129 2765 1292 2819 frater
1336 2766 1673 2835 cbarissime,
1721 2768 1908 2823 adesse
1954 2768 2079 2824 divi-

487 2866 640 2915 num,
674 2852 762 2907 ubi
822 2854 1112 2910 humanum
1161 2869 1336 2912 cessat
1379 2860 1654 2914 auxilium.
1707 2859 1772 2915 Et
1826 2870 1882 2915 ut
1930 2862 2079 2929 juxta

487 2943 788 3009 apostolum
821 2943 1045 2998 Paulum
1074 2945 1338 3013 dicamus,
1370 2947 1497 3003 licet
1523 2950 1684 3004 verba
1732 2949 2077 3021 replicemus,

486 3050 606 3105 quae
634 3035 747 3105 ipse
776 3037 1059 3093 Timotheo
1088 3040 1274 3095 scribit
1303 3040 1484 3096 dicens
1513 3060 1525 3095 :
1555 3040 1786 3098 Ecclesia
1815 3044 1910 3099 Dei
1956 3046 2073 3111 civi,

484 3129 723 3184 columna
769 3142 817 3185 et
865 3134 1246 3201 ﬁrmamentum
1292 3145 1363 3189 est
1406 3137 1655 3192 veritatis.
1697 3136 1766 3192 Et
1810 3140 2076 3210 manifeste

2185 1952 2449 2007 speramus
2466 1936 2521 1989 in
2548 1935 2711 1989 Deum
2735 1937 2914 2000 vivum,
2948 1936 3125 2005 quiest
3154 1935 3375 1988 salvator
3398 1936 3630 1989 omnium
3679 1939 3779 1990 ho-

2186 2032 2401 2095 minum,
2458 2030 2773 2098 maximeque
2817 2028 3069 2095 ﬁdelium.
3117 2026 3349 2099 Prtecipe
3385 2027 3495 2081 hac
3534 2039 3582 2081 et
3628 2031 3782 2084 doce.

2190 2122 2354 2177 Nemo
2383 2122 2775 2175 adolescentiam
2817 2128 2956 2172 tuam
3000 2128 3305 2184 contemnat,
3352 2118 3441 2172 sed
3485 2119 3782 2186 exemplum

2185 2224 2290 2269 esto
2316 2215 2549 2284 ﬁdelium
2578 2214 2633 2266 in
2658 2214 2828 2274 verbo,
2875 2212 2929 2264 in
2979 2212 3373 2276 conversatione,
3422 2211 3476 2262 in
3499 2210 3780 2275 charitate,

2184 2308 2237 2361 in
2264 2308 2386 2377 ﬁde,
2406 2307 2460 2359 in
2486 2306 2736 2359 castitate.
2752 2302 2889 2357 Dum
2904 2304 3071 2368 venio,
3101 2302 3302 2357 attende
3329 2302 3553 2368 lectioni,
3581 2304 3778 2355 exhor-

2187 2400 2679 2475 tationimdoctrinw.
2712 2396 2765 2451 Ν
2770 2398 2839 2450 oli
2860 2395 3117 2466 negligere
3141 2396 3358 2466 gratiam
3376 2410 3490 2464 qua
3515 2396 3571 2448 in
3600 2406 3652 2447 te
3679 2403 3778 2459 est,

2183 2509 2298 2565 qua:
2317 2495 2439 2547 data
2461 2502 2535 2546 est
2563 2491 2653 2544 tibi
2684 2506 2772 2560 per
2797 2488 3119 2560 prophetiam
3164 2504 3280 2540 cum
3300 2487 3624 2557 impositione
3670 2502 3783 2539 ma-

2183 2608 2341 2644 nuum
2372 2589 2687 2661 presbyterii.
2715 2586 2845 2641 Ha'c
2871 2586 3143 2650 meditare,
3177 2588 3230 2638 in
3257 2585 3334 2640 his
3377 2595 3502 2651 esto,
3553 2596 3612 2640 ut
3660 2602 3785 2654 pro-

2185 2687 2344 2756 fectus
2378 2696 2492 2739 tuus
2543 2684 2842 2753 manifestus
2888 2682 2953 2735 sit
3019 2682 3271 2735 omnibus.
3322 2681 3537 2736 Attende
3593 2682 3687 2735 tibi
3728 2693 3781 2735 et

2182 2778 2443 2844 doctrinae,
2477 2778 2613 2832 insta
2634 2778 2688 2830 in
2716 2777 2841 2831 illis.
2876 2774 2989 2828 Hoc
3031 2776 3162 2827 enim
3210 2776 3421 2845 faciens,
3470 2787 3518 2829 et
3559 2777 3781 2844 teipsum

2181 2870 2377 2924 salvum
2432 2871 2622 2940 facies,
2672 2880 2717 2923 et
2746 2886 2829 2923 eos
2886 2869 2973 2937 qui
3024 2878 3070 2919 te
3116 2869 3336 2922 audiunt
3384 2865 3441 2941 (Ι
3473 2866 3608 2921 Tim.
3670 2864 3778 2938 tu).

2181 2963 2346 3019 Fame
2393 2964 2534 3020 enim
2594 2965 2755 3021 nimis
2810 2965 3065 3036 afﬂigitur
3093 2962 3318 3035 papulas
3346 2962 3642 3026 Romanus,
3672 2972 3782 3028 quo

2181 3055 2331 3111 clade
2377 3066 2537 3127 atque
2593 3056 2681 3111 alii
2738 3059 3098 3113 anxietatibus
3136 3066 3359 3111 vexatus
3402 3053 3617 3123 longam
3664 3050 3777 3120 epi-

2181 3147 2371 3201 stolam
2430 3149 2651 3203 minime
2718 3150 2955 3205 scribere
3007 3149 3170 3205 valui.
3219 3148 3484 3216 Tempore
3536 3158 3780 3212 congruo

487 3237 727 3290 magnum
753 3232 823 3276 est
851 3223 1058 3293 pietatis
1086 3237 1482 3293 sacramentum,
1510 3228 1649 3298 quod
1696 3230 2075 3298 manifestatum
2104 3222 2152 3287 C
2183 3240 2379 3298 denuoi
2408 3244 2477 3315 (si
2526 3259 2747 3301 necesse
2807 3246 2987 3317 fuerit)
3040 3246 3211 3309 mitte,
3263 3255 3317 3299 et
3371 3257 3434 3297 ea
3484 3256 3606 3312 qua:
3658 3241 3777 3297 (1θεὶ

485 3320 554 3364 est
578 3314 630 3363 in
659 3328 828 3379 carne,
854 3314 1200 3383 justiﬁcatum
1229 3319 1377 3370 estin
1404 3318 1589 3389 spiritu
1612 3359 1626 3385 ,
1658 3321 1897 3389 apparuit
1925 3338 2081 3392 ange-

485 3401 567 3467 lis,
604 3404 938 3471 prtedicatum
968 3416 1039 3461 est
1064 3408 1119 3461 in
1140 3409 1391 3479 gentibus,
1415 3410 1664 3465 creditum
1684 3423 1756 3464 est
1784 3417 1837 3465 in
1863 3414 2076 3480 mundo,

484 3504 803 3566 assumptum
829 3507 902 3551 est
928 3498 980 3551 in
1008 3500 1195 3568 gloria.
1229 3498 1458 3569 Spiritus
1492 3511 1661 3555 autem
1688 3504 1952 3572 manifeste
2000 3505 2081 3557 di-

485 3587 572 3655 cit,
608 3588 730 3658 quia
758 3590 812 3643 in
841 3590 1132 3645 novissimis
1156 3595 1464 3662 temporibus
1494 3595 1751 3650 discedent
1794 3598 2003 3667 quidam
2047 3616 2080 3653 a

556 3734 583 3762 ³
613 3724 883 3785 Hactenus
910 3730 1073 3785 verba
1100 3729 1309 3787 lthacii.
1338 3731 1497 3789 Lana.

558 3794 586 3833 ι)
616 3796 827 3853 Hi’ncm.
889 3800 1015 3855 dial.
1054 3802 1120 3856 de
1149 3812 1290 3857 statu
1320 3805 1563 3861 ecclesiae
1592 3805 1721 3862 citat
1750 3823 1817 3863 ex
1849 3809 2073 3867 Philone

2183 3333 2453 3391 deraveris
2488 3375 2503 3402 ,
2556 3351 2727 3392 sume.
2787 3336 2929 3392 Deus
2990 3346 3042 3392 te
3099 3334 3404 3390 incolumen
3462 3332 3773 3401 custodiat,

2179 3423 2347 3481 frater
2382 3427 2719 3484 charissime.
2772 3429 2965 3483 Amen.
3025 3428 3153 3483 Data
3208 3443 3260 3481 tv
3312 3424 3489 3481 Nonas
3549 3424 3774 3494 Aprilis,

2182 3517 2392 3574 JuStino
2424 3518 2629 3591 [l.abb.,
2676 3519 3000 3591 Justiniano|
3031 3527 3087 3575 et
3116 3518 3267 3575 Libio
3296 3518 3427 3574 viris
3454 3515 3771 3572 clarissimis

2182 3612 2491 3669 consulibus
2527 3624 2571 3669 ο.
3528 3614 3532 3619 “

2257 3761 2278 3790 ~=
2304 3750 2527 3807 Mendax
2556 3753 2834 3810 consulum
2863 3753 3155 3811 adnotatio.
3180 3752 3342 3810 ιω.

489 3870 727 3923 maximo
755 3871 1049 3939 legatorum
1103 3886 1134 3925 a
1201 3873 1397 3930 ludatis
1460 3876 1588 3932 Caio
1649 3879 1780 3950 imp.
1831 3883 2179 3941 directorum.
2212 3884 2371 3941 ιω.

492 4017 2071 4045 m

947 4029 956 4030 η
1124 4029 3387 4048 κἭβ-ῄ-ῇ--”ᾟῇ

1731 4183 1898 4228 anno
1942 4177 2169 4233 DOMlNI
2214 4182 2526 4235 DLxxxiv.

1245 4358 1954 4569 LICIN
1961 4358 2424 4570 IAN
2429 4365 2740 4578 US
2757 4513 2822 4620 ,

920 4709 2305 4848 CARTHAGINENSIS
2403 4720 3285 4850 EPISCOPUS.

1162 5003 1955 5122 NOTITIA
2031 5013 2279 5125 EX
2360 5012 2928 5126 ωινε.

555 5264 1503 5357 LicinianusCathaginisSpartaria:
1531 5288 1581 5343 in
1599 5289 1850 5359 Hispania
1864 5292 2073 5360 episco-
2104 5300 2158 5359 1)
2183 5290 2440 5360 quosdam
2471 5290 2561 5361 qui
2590 5291 2883 5347 credebant
2926 5292 3182 5359 epistolas
3208 5293 3277 5348 de
3300 5294 3441 5348 caelo
3480 5291 3762 5349 cecidisse.

486 5391 609 5446 pus,
638 5379 827 5434 claruit
872 5393 1015 5434 anno
1057 5379 1182 5434 584.
1226 5379 1448 5433 Exstant
1476 5381 1716 5448 epistolae
1744 5382 1951 5450 aliquot
1977 5381 2073 5437 ha-

482 5479 670 5525 ctenus
694 5472 907 5527 inediae
931 5489 946 5527 :
978 5487 1169 5541 nempe
1194 5471 1489 5541 t°epistola
1512 5472 1576 5525 ad
1608 5483 1849 5526 sanctum
1876 5474 2079 5542 Grego-

484 5560 620 5616 rium
653 5577 875 5633 papam;
906 5564 964 5618 2⁰
987 5565 1052 5619 ad
1078 5564 1440 5634 Epiphaniam
1470 5562 1751 5617 diaconum
1777 5578 1873 5618 suo
1900 5577 1954 5620 et
1977 5565 2075 5621 Se-

487 5656 599 5709 veri
628 5655 901 5726 episcopi,
945 5666 1002 5711 ut
1029 5657 1241 5713 videtur
1271 5656 1573 5711 Malacitani
1618 5654 1863 5721 nomine,
1889 5657 1942 5710 in
1970 5673 2073 5728 qua

487 5746 785 5800 ostenditur
840 5747 1058 5816 angelos
1105 5762 1226 5803 esse
1285 5749 1447 5803 totius
1505 5745 1745 5816 corporis
1791 5759 2070 5817 expertes;

486 5837 551 5891 3°
562 5836 630 5890 ad
645 5835 1289 5893 ViueentiumEbusitanae
1311 5838 1500 5893 insulae
1520 5838 1852 5908 episcOpum,
1884 5849 2069 5894 contra

2181 5382 2469 5450 Descriptse
2498 5391 2625 5438 sunt
2654 5383 2737 5437 hae
2766 5384 3009 5453 epistolae
3033 5398 3101 5439 ex
3130 5383 3329 5439 Codice
3357 5399 3460 5439 ms.
3479 5383 3763 5452 Toletano,

2178 5488 2310 5542 quas
2336 5473 2488 5541 prelo
2519 5472 2724 5542 paravit
2748 5474 3034 5529 cardinalis
3054 5475 3357 5544 d’Aguirre,
3387 5477 3462 5530 uti
3492 5478 3545 5530 in
3579 5476 3766 5531 notitia

2178 5581 2271 5620 sua
2302 5568 2416 5635 ipse
2442 5581 2541 5621 nos
2571 5567 2763 5633 docet,
2794 5584 2915 5640 pag.
2939 5567 3065 5625 100.
3092 5569 3153 5623 Et
3180 5569 3338 5624 ﬁdem
3363 5570 3583 5639 quidem
3614 5586 3765 5625 suam

2180 5656 2282 5712 hac
2329 5660 2382 5711 in
2443 5670 2593 5725 parte
2643 5660 2888 5713 liberavit
2936 5661 3393 5716 eminentissimus
3448 5662 3762 5729 cardiualis,

2178 5748 2337 5803 editis
2387 5748 2470 5803 his
2513 5751 2684 5803 tribus
2728 5750 2971 5818 epismlis
3001 5752 3168 5805 Cone.
3202 5751 3352 5821 Hisp.
3376 5760 3507 5807 tom-
3530 5752 3600 5818 ll,
3643 5767 3765 5823 pag.

2178 5840 2305 5896 427.
2340 5843 2563 5913 Scripsit
2589 5843 2893 5900 Licinianus
2928 5850 2987 5901 et
3027 5845 3130 5901 alia
3170 5845 3451 5915 quaedam,
3505 5855 3644 5903 teste
3671 5845 3766 5902 lsi-
