4076 6348
249 354 362 414 689

974 350 1310 410 EPISTOLA
1347 352 1587 421 PRIMA,
1627 355 1723 413 A-D
1760 351 2087 410 SANCTUM
2126 351 2535 410 GREGORIUM
2575 351 2829 412 ΡΑΡΑΜ.

3434 357 3543 417 690

244 471 391 527 adoro
416 465 722 550 Hispa]ensi
749 465 817 523 de
848 466 1051 538 Script.
1103 468 1309 524 Eccles.
1339 481 1459 537 cap.
1481 467 1572 534 29,
1606 481 1725 536 pag.
1754 465 1843 530 89,
1875 478 1927 535 Α
1952 469 2205 523 stinctum
2231 470 2298 524 ab
2325 469 2549 523 aemulis.
2578 470 2653 524 De
2685 468 2945 525 Liciniani
2969 470 3242 541 opusculis
3270 481 3326 528 et
3372 470 3544 531 Pseu-

244 573 313 622 «et
357 564 408 618 in
447 562 512 618 iis
540 560 810 631 praecipue
851 561 1132 631 epistolam
1162 561 1231 618 de
1284 561 1629 617 Sacramento
1670 559 1845 627 bapti-

245 659 484 721 smatis,
518 656 586 710 ad
633 656 952 726 Eutropium
1011 657 1293 723 abbatem,
1349 665 1536 726 postea
1587 653 1849 711 Valentia:

246 752 572 822 episcopum
590 790 605 815 ,
636 750 726 819 qui
755 750 824 804 ab
853 764 919 805 eo
948 748 1212 819 petierat,
1246 763 1413 818 quare
1456 747 1741 817 baptizatis
1769 746 1849 800 in-

252 843 501 898 ‘fantibus
554 842 863 898 chrismatis
928 844 1111 897 unctio
1175 841 1541 897 tribueretur?
1596 840 1691 896 sed
1737 839 1853 894 ham

251 932 491 1006 epistOIa
515 936 754 1005 periisse
781 934 1013 991 videtur.
1043 935 1231 991 Subdit
1249 934 1503 1003 Isidorus,
1520 932 1853 989 Licinianum

248 1024 724 1096 Constantinopoli
773 1028 1115 1093 occubuisse,
1162 1040 1390 1093 veneno,
1422 1034 1481 1081 ut
1515 1026 1729 1092 ferunt,
1759 1038 1856 1081 ex-

1953 562 2245 618 domaximi
2274 562 2329 618 in
2374 563 2641 620 Chronico
2673 565 2813 619 circa
2862 564 2953 620 illa
3006 565 3236 636 fingendi
3285 567 3497 624 licentia
3526 609 3544 637 ,

1955 669 2064 710 non
2107 668 2274 723 pauca
2321 655 2527 711 n0tavit
2555 654 2883 710 clarissimus
2910 656 3177 711 Antonius
3212 656 3346 712 Bibl.
3391 657 3543 727 ﬂisp.

1957 744 2079 800 Vet.
2113 746 2206 800 lib.
2239 762 2314 811 tv,
2358 761 2477 816 cap.
2505 745 2561 811 ἓ,
2593 762 2645 814 p.
2673 745 2799 809 2H,
2828 753 2933 800 etc.
2983 745 3278 815 Epistolam
3303 746 3370 800 ad
3403 745 3549 803 Gre-

1958 838 2166 908 goriqu
2197 852 2389 908 papam
2420 838 2487 893 de
2515 837 2654 893 libro
2696 836 3016 907 Regularum
3046 839 3221 904 eruit,
3272 837 3548 910 ediditque

1961 933 2256 990 Daeberius
2275 933 2531 1005 Spicileg.
2557 942 2689 989 tom.
2719 932 2793 999 ll,
2824 946 2947 1003 pag.
2972 930 3099 988 ⁸568.

178 1308 185 1337 ε
1092 1261 1479 1325 LICINIANI
1509 1310 1527 1337 ,
1572 1259 2270 1323 CARTHAGINENSIS
2318 1258 2667 1323 EPISCOPI
2697 1302 2715 1333 ,

331 1422 897 1509 EPISTULA
951 1420 1377 1514 PRIMA,
1415 1420 1575 1504 AD
1635 1419 2197 1505 SANCTUM
2250 1418 3005 1506 GREGORIUM
3038 1415 3472 1504 PAPAM.

1591 1576 1692 1640 (De
1717 1577 1844 1628 libro
1866 1576 2216 1643 Regularum.)

335 1792 565 1847 Domino
595 1788 908 1847 beatissimo
937 1786 1198 1857 Gregorio
1223 1799 1376 1857 papae
1422 1782 1726 1840 Licinianus
1747 1779 1864 1853 epi-
1896 1784 1946 1844 Β
1971 1781 2078 1837 vita
2125 1783 2243 1837 sine
2291 1782 2420 1848 (Ms.
2458 1783 2623 1839 Tolet.
2682 1784 2797 1840 sive
2837 1782 2914 1854 in]
2963 1784 3203 1854 potentia
3230 1825 3248 1851 ,
3299 1786 3557 1856 quoniam

255 1898 478 1954 scapus.

349 1977 566 2031 Librum
593 1975 917 2046 Regularum
949 1987 979 2027 a
1004 1974 1296 2029 Sanctitate
1328 1978 1418 2025 tua
1458 1969 1693 2035 editum,
1717 1973 1772 2021 et
1798 1966 1865 2021 ad

269 2083 376 2124 nos
401 2069 581 2123 divina
626 2067 795 2140 gratia
850 2066 1155 2137 opitulante
1184 2063 1446 2133 perlatum
1469 2101 1483 2125 ,
1508 2070 1656 2116 tanto
1690 2058 1863 2113 liben-

268 2159 382 2232 tius
419 2161 669 2229 legimus,
719 2166 917 2229 quanto
963 2158 1016 2211 in
1047 2171 1113 2211 eo
1146 2153 1417 2224 spiritales
1449 2152 1661 2220 regulas
1688 2150 1866 2205 inesse

258 2252 656 2320 cognoscimus.
690 2250 820 2317 Quis
859 2264 963 2304 non
993 2246 1242 2303 libentius
1266 2246 1438 2315 legat,
1472 2243 1561 2297 ubi
1598 2241 1710 2312 jugi
1752 2254 1866 2296 me-

260 2342 532 2399 dilatione
558 2342 878 2398 medicinam
910 2342 1105 2395 anima:
1133 2352 1245 2393 suae
1269 2336 1506 2391 inveniat
1530 2375 1545 2399 ,
1594 2334 1687 2389 ubi
1737 2350 1867 2389 con-

258 2436 487 2504 temptis
518 2435 677 2505 hujus
716 2433 900 2489 saeculi
932 2432 1094 2488 rebus
1117 2429 1335 2486 caducis
1386 2427 1439 2482 in
1471 2441 1565 2480 sua
1596 2424 1868 2479 mutabili-

268 2534 387 2582 tate
416 2527 748 2583 variantibus
773 2567 787 2588 .
818 2525 886 2579 ad
931 2532 1151 2579 aeterna:
1178 2523 1302 2576 vita:
1343 2519 1630 2574 stationem
1679 2515 1865 2571 oculos

260 2625 465 2684 mentis
493 2620 740 2690 aperiat?
770 2619 927 2674 Liber
952 2616 1039 2672 hic
1070 2625 1190 2670 tuus
1216 2613 1454 2668 omnium
1490 2618 1576 2665 est
1604 2614 1724 2663 aula
1751 2608 1863 2662 vit-—

262 2730 461 2777 tutum.
483 2718 595 2774 lllic
634 2713 919 2785 prudentia
947 2711 1083 2765 inter
1130 2709 1327 2763 bonum
1354 2715 1407 2761 et
1434 2704 1635 2759 malum
1663 2703 1864 2758 discre-

262 2814 469 2868 tionem
501 2808 683 2865 limitis
742 2803 1121 2875 figitzjustitia
1172 2800 1459 2864 unicuique
1488 2810 1586 2852 sua
1631 2795 1860 2862 tribuit,

269 2903 394 2959 dum
436 2901 547 2957 Deo
594 2901 863 2963 animam,
909 2909 1211 2962 corpusque
1262 2891 1456 2945 animae
1506 2888 1705 2944 subdit.
1749 2886 1864 2942 illic

271 2995 527 3053 fortitudo
546 2993 710 3048 etiam
741 2991 797 3046 in
823 2988 1065 3043 adversis
1095 2994 1161 3055 .et
1196 2984 1250 3040 iu
1281 2982 1553 3052 prosperis
1602 2978 1864 3049 reperitur

271 3104 483 3159 semper
506 3086 752 3158 aequalis,
781 3098 901 3154 qua:
932 3096 1031 3138 nec
1061 3082 1115 3135 in
1130 3078 1417 3134 contrariis
1443 3073 1727 3144 frangitur,
1762 3087 1861 3128 nec

1974 1874 2149 1930 omnia
2204 1891 2339 1931 vana
2387 1876 2487 1933 sub
2527 1878 2663 1934 sole.
2712 1878 2819 1934 Sed
2868 1893 3002 1948 opus
3047 1880 3429 1950 ipsum,quod
3462 1896 3558 1952 per

1972 1968 2221 2024 eumdem
2269 1972 2527 2025 honorem
2575 1971 2659 2026 vel
2707 1972 2997 2040 potentiam
3045 1973 3122 2039 fit,
3156 1974 3199 2028 si
3226 1983 3372 2031 recte
3398 1986 3561 2048 atque

1972 2062 2177 2118 utiliter
2206 2062 2296 2127 fit,
2328 2062 2379 2117 id
2403 2073 2508 2130 est,
2539 2071 2596 2117 ut
2626 2063 2803 2118 valeat
2825 2065 2891 2118 ad
2917 2078 3035 2119 eam
3059 2066 3283 2121 salutem
3314 2068 3561 2125 subdito-

1971 2169 2092 2209 rum
2139 2169 2260 2223 qurc
2311 2154 2603 2209 secundum
2658 2155 2830 2211 Deum
2879 2165 2983 2211 est.
3020 2177 3036 2209 ι
3072 2157 3296 2227 Propter
3315 2160 3456 2228 quod
3484 2160 3563 2217 ait

1970 2248 2298 2315 Apostolus:
2336 2248 2436 2314 Qui
2490 2250 2836 2318 episwpatum
2877 2251 3161 2317 desiderat,
3217 2270 3345 2325 opus
3371 2256 3563 2310 bonum

1971 2342 2248 2397 desiderat.
2296 2342 2580 2411 Exponere
2623 2344 2793 2397 voluit
2822 2344 2948 2412 quid
2994 2346 3064 2400 sit
3104 2347 3406 2416 episcopus,
3437 2349 3561 2418 quia

1972 2450 2166 2490 nomen
2189 2444 2272 2490 est
2310 2436 2514 2505 operis,
2546 2451 2650 2490 non
2695 2437 2916 2492 honoris
2943 2456 2954 2490 :
2986 2438 3233 2494 Grmcum
3262 2450 3345 2496 est
3374 2442 3519 2497 enim
3541 2482 3564 2512 ,

1968 2535 2023 2583 et
2050 2526 2175 2582 inde
2203 2527 2421 2582 ductum
2453 2529 2803 2597 vocabulum,
2838 2530 2981 2598 quod
3012 2530 3105 2586 ille
3130 2532 3221 2602 qui
3249 2533 3558 2602 praeficitur,

1968 2618 2047 2674 eis
2102 2620 2296 2689 quibus
2337 2619 2626 2684 praeficitur
2654 2621 3080 2689 superintendit,
3137 2636 3318 2678 curam
3359 2624 3567 2681 scilicet

1969 2724 2154 2765 eorum
2204 2726 2394 2780 gerens
2439 2711 2768 2781 :episcopus
2821 2711 2947 2783 [,Ills.
2985 2712 3173 2777 Tolet.,
3221 2715 3567 2785 episcopatus

1968 2800 2229 2873 episcopi]
2260 2802 2456 2873 quippe
2484 2802 2711 2859 intentio
2738 2813 2841 2858 est.
2874 2804 3015 2874 Ergo
3044 2804 3379 2876 episcopum,
3406 2808 3448 2862 si
3477 2822 3569 2863 ve-

1968 2894 2127 2951 limus
2150 2894 2356 2958 Latine,
2389 2894 2832 2964 superintendere
2855 2896 2982 2969 [Ms.
3017 2895 3205 2965 Tolet.,
3230 2899 3568 2970 superinten-

1967 2987 2203 3058 dentem]
2229 3001 2443 3054 possum
2488 2987 2688 3043 dicere.
2756 2987 2824 3042 Ut
2884 2988 3149 3057 intelligat
3198 3005 3301 3045 non
3346 3006 3404 3045 se
3447 3005 3570 3047 esse

1968 3079 2297 3147 episcopum,
2322 3078 2412 3147 qui
2439 3093 2670 3147 praeesse
2692 3078 2885 3134 dixerit
2910 3079 3035 3149 [Με.
3060 3080 3253 3148 Τοιεεη
3273 3080 3569 3154 dilexerit],

270 3184 326 3240 in
347 3182 622 3253 prosperis
662 3178 949 3233 exaltatur.
994 3174 1109 3229 illic
1140 3168 1499 3239 temperantia
1530 3166 1766 3223 furorem
1797 3166 1862 3219 li-
1890 3170 1938 3235 C
1967 3184 2078 3225 non
2110 3170 2388 3240 prodesse.
2421 3170 2497 3224 fta
2527 3171 2670 3224 enim
2710 3171 2776 3226 ah
2798 3172 2977 3227 studio
3006 3173 3398 3245 cognoscendae
3424 3174 3571 3230 veri.

270 3275 468 3334 bidinis
534 3271 764 3342 frangit,
815 3269 1158 3337 discreteque
1216 3259 1581 3330 voluptatibus
1654 3257 1871 3312 modum

281 3366 532 3438 imponit.
584 3363 698 3418 lllic
745 3366 940 3416 cuncta
971 3372 1089 3428 quae
1136 3354 1203 3410 ad
1239 3353 1365 3407 vitae
1408 3358 1627 3405 aeternre
1658 3346 1875 3418 partici-

274 3460 424 3532 pium
470 3456 741 3527 pertinent
766 3446 1222 3520 comprehendis:
1254 3451 1309 3500 et
1335 3458 1443 3499 non
1481 3442 1658 3497 solum
1695 3446 1877 3509 pasto-

276 3553 428 3609 ribus
450 3550 685 3621 regulam
708 3546 917 3603 vivendi
948 3543 1230 3608 describis,
1256 3540 1351 3596 sed
1377 3540 1538 3595 etiam
1569 3537 1653 3593 his
1674 3537 1765 3607 qui
1791 3550 1877 3591 re—

277 3644 495 3716 giminis
516 3641 752 3696 officium
782 3637 985 3694 nullum
1008 3636 1229 3700 habent,
1261 3632 1476 3689 vivendi
1518 3630 1756 3705 regulam
1784 3630 1878 3684 tri-

282 3735 420 3792 buis.
444 3734 651 3789 [labent
672 3732 815 3789 enim
834 3738 1078 3799 pastores
1103 3728 1157 3784 in
1174 3726 1312 3795 quad
1322 3725 1561 3794 ripartita
1585 3732 1675 3778 tua
1694 3721 1876 3776 distri-

283 3826 500 3881 butione
527 3824 715 3895 quales
742 3823 808 3878 ad
829 3822 933 3878 hoc
956 3820 1191 3877 officium
1210 3818 1453 3884 veniant;
1482 3817 1691 3885 qualem
1712 3816 1877 3868 vitam

285 3928 607 3994 gerantcum
621 3916 897 3981 venerint;
915 3914 1146 3985 qualiter
1157 3910 1427 3981 velqualia
1453 3908 1709 3973 doceant;
1736 3914 1790 3961 et
1811 3920 1879 3961 ne

286 4014 339 4069 in
357 4022 507 4068 tanto
524 4008 843 4067 sacerdotali
856 4007 1091 4063 culmine
1104 4003 1446 4067 extollantur,
1462 4001 1584 4070 quid
1604 4007 1783 4070 agant.

356 4105 694 4159 Attestantur
742 4098 866 4154 huic
894 4096 1109 4154 eximiae
1154 4096 1416 4150 doctrina:
1448 4092 1620 4148 sancti
1670 4090 1879 4161 antiqui

293 4196 483 4253 Patres
510 4195 783 4258 doctores,
829 4188 1249 4259 defensoresque
1300 4187 1573 4253 Ecclesiae,
1624 4185 1878 4251 Hilarius,

291 4288 629 4354 Ambrosius,
662 4283 1013 4356 Augustinus,
1054 4280 1345 4352 Gregorius
1376 4279 1743 4334 Nazianzenus
1778 4294 1791 4331 :
1823 4275 1883 4330 hi

286 4397 476 4441 omnes
499 4379 859 4436 testimonium
891 4376 982 4432 tibi
1003 4374 1274 4445 praebent,
1300 4373 1439 4428 sicut
1463 4371 1722 4442 apostolis
1749 4384 1884 4440 prte-

290 4475 520 4530 buerunt
538 4468 1069 4543 praphetzellilarius
1087 4475 1304 4522 sanctus
1317 4465 1464 4531 dicit,
1482 4479 1757 4534 exponens
1773 4479 1886 4519 ver-

1978 3263 2104 3317 tatis
2142 3277 2301 3317 nemo
2353 3262 2686 3332 prohibetur,
2733 3264 2877 3333 quod
2927 3265 2994 3319 ad
3047 3265 3314 3321 laudabile
3342 3267 3572 3336 pertinet

1977 3358 2142 3411 otium
2177 3373 2193 3411 :
2234 3357 2383 3412 locus
2414 3373 2542 3413 vero
2573 3358 2845 3428 superior,
2877 3358 2992 3413 sine
3023 3374 3130 3428 quo
3178 3359 3288 3429 regi
3342 3360 3573 3428 populus

1978 3467 2084 3509 non
2112 3462 2313 3523 potest,
2346 3453 2445 3508 etsi
2497 3452 2569 3508 ita
2610 3461 2856 3508 teneatur
2880 3461 3043 3522 atque
3081 3451 3490 3507 administretur
3516 3460 3574 3509 ut

1979 3544 2163 3613 decet,
2219 3554 2396 3600 tamen
2467 3545 2779 3601 indecenter
2850 3544 3142 3614 appetitur.
3209 3542 3576 3611 Quamobrem

1979 3641 2151 3695 otium
2198 3650 2443 3695 sanctum
2501 3639 2693 3708 quaerit
2749 3638 2983 3693 charitas
3033 3657 3049 3694 :
3104 3637 3461 3707 percipiendae
3510 3652 3576 3693 ac

1984 3732 2193 3789 tuendae
2240 3733 2535 3788 vacandum
2567 3742 2649 3788 est
2688 3733 2898 3786 veritati
2930 3729 3059 3803 [Με.
3094 3730 3288 3797 Tolet.,
3331 3731 3577 3786 veritatis

1982 3824 2255 3892 negotium
2303 3824 2506 3894 justum
2551 3824 2773 3891 suscipit
2832 3823 3128 3879 necessitas
3169 3823 3491 3893 cltaritatis].
3518 3822 3577 3877 Si

1983 3926 2158 3972 autem
2209 3917 2525 3988 imponitur,
2556 3917 2895 3986 suscipienda
2939 3926 3021 3974 est
3048 3928 3270 3988 propter
3294 3917 3577 3972 charilatis

1982 4012 2381 4067 necessitatem.
2399 4012 2502 4068 Sed
2524 4025 2623 4067 nec
2635 4012 2713 4067 sic
2728 4009 3038 4065 omnimodo
3049 4010 3290 4065 veritatis
3314 4006 3442 4079 [Ms.
3476 4008 3577 4062 To-

1983 4110 2096 4175 let.,
2127 4106 2361 4179 veritati]
2392 4106 2673 4163 delectatio
2697 4105 2993 4162 deserenda
3026 4113 3144 4172 est,
3173 4120 3240 4160 ne
3290 4103 3577 4160 subtraha—
3610 4114 3616 4121 ‘

1986 4211 2073 4256 tur
2105 4200 2194 4256 illa
2218 4200 2480 4268 suavitas,
2513 4212 2570 4255 et
2593 4200 2931 4269 Opprimatur
2960 4199 3062 4253 ista
3086 4197 3377 4253 necessitas

2058 4295 2358 4349 Attestatur
2388 4290 2677 4365 Gregorius
2698 4299 2937 4357 sanctus,
2972 4289 3125 4359 cujus
3156 4289 3353 4361 stylum
3382 4303 3578 4357 seque-

1988 4389 2084 4453 ris,
2140 4387 2297 4456 cujus
2349 4386 2602 4454 exemplo
2631 4385 2951 4440 delitescere
2977 4384 3256 4453 cupiebas,
3282 4392 3339 4436 ut
3365 4381 3577 4450 pondus

1992 4478 2275 4535 sacerdotii
2296 4477 2622 4545 declinat‘es,
2646 4477 2790 4547 quod
2818 4475 2975 4546 quale
3004 4476 3077 4530 sit
3104 4475 3157 4528 in
3184 4482 3295 4528 toto
3321 4473 3458 4525 libro
3487 4483 3580 4527 tuo

292 4568 361 4624 ba
382 4566 625 4638 Apostoli
647 4563 881 4620 doctoris
898 4561 1158 4631 gentium.
1186 4560 1259 4615 fta
1281 4559 1480 4615 etenim
1503 4570 1621 4628 qua:
1652 4558 1874 4627 propria:

1990 4574 2190 4644 liquide
2237 4573 2574 4638 declaratur;
2623 4580 2801 4625 tamen
2851 4578 3032 4638 portas
3089 4570 3230 4636 quod
3282 4569 3580 4622 metuebas.

291 4660 587 4730 disciplinae
612 4667 667 4713 et
692 4671 899 4713 morum
923 4662 1069 4722 sunt,
1102 4652 1170 4707 ad
1192 4650 1482 4708 sacerdotii
1509 4650 1758 4706 meritum
1783 4650 1886 4703 uti-

293 4753 362 4811 lia
381 4766 507 4809 esse
518 4750 808 4822 significat,
835 4748 882 4802 si
901 4746 1061 4803 etiam
1081 4743 1197 4799 haec
1220 4757 1339 4811 quae
1359 4740 1423 4798 ad
1447 4741 1702 4797 docendae
1726 4755 1787 4794 ac
1809 4748 1888 4794 te-

294 4846 487 4902 nendae
518 4844 641 4899 fidei
671 4840 949 4898 scientiam
977 4836 1284 4895 necessaria
1314 4842 1471 4898 sunt,
1505 4837 1645 4888 inter
1677 4833 1884 4902 reliqua

293 4954 402 4994 non
449 4937 676 4991 deerunt
707 4952 721 4989 :
748 4933 871 5003 quia
912 4947 1019 4987 non
1063 4929 1246 4984 statim
1284 4928 1410 4982 boni
1441 4935 1602 4996 atque
1631 4926 1776 4979 utilis
1798 4938 1887 4977 sa-

294 5028 530 5085 cerdotis
567 5035 651 5083 est
676 5066 691 5091 ,
741 5035 832 5080 aut
876 5020 1247 5078 tantummodo
1271 5019 1504 5075 scienter
1532 5016 1661 5090 [Μδ.
1696 5015 1888 5081 Tolet.,

298 5120 639 5193 innocenter]
676 5134 836 5190 agere
861 5159 876 5185 ,
910 5125 1003 5172 aut
1031 5114 1401 5170 tantummodo
1428 5112 1663 5167 scienter
1695 5109 1889 5179 praedi-

295 5231 455 5281 care;
478 5228 599 5269 eum
621 5221 670 5267 et
695 5211 952 5265 innocens
975 5216 1180 5261 tantum
1204 5206 1285 5261 sui
1312 5203 1543 5260 sufficiat
1564 5203 1609 5257 si
1638 5201 1769 5274 [Ma.
1790 5199 1892 5255 To-

295 5310 414 5373 let.,
458 5304 560 5361 sibi
585 5302 825 5373 proficiat
851 5299 973 5356 niSil
1004 5298 1194 5354 doctus
1214 5297 1323 5363 sit,
1352 5305 1407 5352 et
1435 5296 1625 5350 doctus
1656 5294 1757 5349 nisi
1799 5293 1896 5349 do-

298 5401 474 5457 ctrina
499 5395 747 5452 vivendo.

378 5515 674 5568 Attestatur
696 5508 822 5563 huic
852 5505 981 5578 [Με.
1010 5504 1206 5569 Tolet.,
1236 5502 1295 5560 Si
1340 5502 1637 5557 doctrinam
1669 5498 1898 5556 vivendo

304 5620 415 5661 non
470 5601 721 5672 adjuvet,
779 5599 996 5654 omnino
1042 5596 1142 5652 sibi
1174 5595 1307 5650 nihil
1355 5595 1544 5664 prosit.
1604 5593 1900 5648 Attestatur

309 5693 469 5761 huic,
496 5689 624 5763 etc.]
664 5689 806 5745 libro
828 5697 918 5743 tuo
949 5694 1168 5743 sanctus
1194 5684 1509 5740 Ambrosius
1535 5682 1587 5737 in
1615 5683 1720 5737 illis
1752 5682 1900 5737 libris

310 5800 451 5859 quos
474 5784 605 5842 fecit
643 5784 711 5841 de
738 5782 963 5839 Officiis.
1006 5783 1306 5838 Attestatur
1326 5787 1547 5835 sanctus
1578 5778 1901 5848 Augustinus

307 5879 499 5939 dicens
526 5895 541 5933 :
579 5896 598 5933 ε
630 5876 689 5934 In
723 5876 934 5933 actione
962 5890 1071 5934 non
1098 5874 1359 5941 amandus
1392 5882 1476 5932 est
1520 5872 1694 5929 honor
1722 5872 1775 5932 in
1802 5870 1902 5929 hac

1992 4666 2210 4721 Pondus
2227 4665 2368 4720 enim
2394 4672 2542 4719 tuum
2564 4678 2775 4717 sursum
2806 4660 2996 4731 fertur,
3024 4676 3133 4715 non
3154 4660 3405 4715 deorsum
3434 4678 3447 4714 :
3473 4674 3581 4720 non

1992 4756 2134 4824 quod
2165 4764 2214 4810 te
2243 4755 2308 4809 ad
2342 4755 2446 4809 ima
2470 4760 2702 4822 premat,
2725 4752 2817 4807 sed
2852 4751 2994 4821 quod
3027 4751 3095 4807 ad
3123 4763 3267 4806 astra
3293 4753 3538 4807 sustollat
3563 4768 3581 4817 ;

1993 4848 2118 4902 dum
2150 4862 2245 4918 per
2272 4847 2368 4901 Dei
2395 4846 2621 4916 gratiam
2640 4885 2655 4910 ,
2682 4854 2738 4901 et
2780 4845 3104 4901 obedientia:
3126 4845 3413 4912 meritum;
3446 4861 3581 4917 ope-

1993 4940 2176 5007 risque
2224 4937 2347 4993 boni
2383 4936 2725 4992 efficientiam
2751 4980 2768 5005 ,
2818 4938 2879 4993 ﬁt
2907 4953 3071 4996 suave
3113 4940 3254 5010 quod
3294 4955 3390 5011 per
3415 4940 3582 4995 imbe-

1995 5031 2269 5087 cillitatem
2311 5031 2596 5085 humanam
2645 5030 2930 5088 videbatur
2963 5032 3162 5088 habere
3210 5033 3579 5103 gravedinem.

1995 5125 2139 5180 Dicis
2159 5126 2301 5181 enim
2334 5141 2395 5181 ea
2422 5140 2540 5195 qum
2569 5136 2869 5183 consonant
2898 5129 3160 5197 apostolis
3189 5137 3242 5183 et
3267 5126 3581 5197 apostolicis

1996 5217 2124 5271 viris
2159 5235 2171 5271 :
2209 5217 2432 5287 pulcher
2475 5217 2615 5272 enim
2671 5219 2890 5287 pulchra
2935 5219 3117 5274 (Ιίνιιιςιί
3144 5259 3158 5283 ,
3190 5228 3241 5273 et
3275 5219 3327 5272 in
3357 5218 3438 5272 his
3471 5218 3584 5286 pul-

1998 5308 2184 5362 chrum
2220 5317 2272 5363 te
2302 5323 2421 5363 esse
2447 5309 2750 5365 ostendisti.
2776 5309 2908 5365 Nolo
2939 5324 3069 5377 ergo
3095 5318 3148 5364 te
3168 5308 3405 5364 similare
3435 5308 3585 5369 inde-

1999 5419 2126 5459 coro
2172 5405 2363 5474 pictori
2411 5402 2630 5473 pulchra
2686 5403 2961 5476 pingenti;
3012 5403 3135 5471 quia
3175 5402 3428 5466 spiritalis
3482 5402 3584 5457 do-

1999 5499 2173 5555 ctrina
2215 5513 2242 5551 a
2291 5498 2517 5567 Spiritali
2546 5504 2725 5552 mente
2761 5495 3137 5564 proficiscitur.
3164 5493 3290 5549 Plus
3314 5493 3585 5563 plerisque

2001 5591 2295 5647 atstimatur
2320 5590 2490 5661 pictor
2515 5589 2676 5642 homo
2703 5603 2863 5648 quam
2886 5587 3177 5641 inanimata
3205 5587 3410 5657 pictura
3447 5603 3460 5640 :
3490 5585 3583 5641 sed

2002 5683 2105 5739 hoc
2135 5698 2242 5740 non
2271 5680 2621 5739 assentationi
2646 5689 2738 5734 aut
2766 5680 3064 5734 adulationi
3094 5689 3333 5746 reputes,
3362 5679 3456 5734 sed
3485 5692 3582 5733 ve-

2003 5781 2177 5845 ritati;
2225 5780 2346 5847 quia
2376 5794 2476 5834 nec
2505 5794 2589 5834 me
2615 5778 2770 5834 decet
2793 5777 2923 5845 [Με.
2950 5775 3144 5845 Tolet.,
3171 5775 3406 5847 oportet]
3436 5791 3582 5831 men-

2004 5872 2130 5938 tiri,
2162 5888 2262 5931 nec
2292 5881 2343 5930 te
2366 5872 2521 5931 decet
2571 5871 2762 5930 falsum
2813 5870 3035 5929 laudare
3062 5869 3191 5927 st.
3225 5868 3413 5929 Tolct..
3450 5868 3580 5924 falso
