4076 6348
535 354 630 411 691

1989 343 2303 402 LICINIANI

530 468 780 540 laudari].
817 471 953 539 Ergo
984 469 1141 537 plane
1165 468 1292 522 licet
1316 465 1453 521 ﬁdus
1478 461 1801 540 [Ms.1‘olet.,
1829 459 2022 532 foedus]
2049 470 2103 516 et
2130 465 2184 523 Α
2208 457 2330 513 talis
2356 457 2631 511 ordinetur
2676 452 2769 523 qui
2800 465 2909 507 non
2934 449 3133 543 debet,
3157 444 3257 512 at:
3284 461 3395 504 non
3532 444 3632 517 qi
3658 460 3806 504 saeta

532 572 586 619 te
619 604 632 628 ,
689 572 744 616 et
788 561 959 616 omnia
994 570 1081 614 tua
1127 559 1349 629 pulchra
1378 558 1667 627 conspexi,
1708 563 1764 611 et
1809 565 2008 610 memet
2059 554 2113 607 in

537 654 994 723 comparationem
1028 652 1101 706 lui
1128 652 1263 707 satis
1296 650 1609 705 indecorum
1632 648 1761 702 vidi.

609 786 760 844 Unde
781 800 971 857 precor
998 799 1090 854 per
1117 786 1340 853 gratiam
1366 782 1459 837 Dei
1483 823 1498 847 ,
1524 795 1644 850 quae
1671 780 1725 833 in
1748 787 1800 833 te
1828 778 2109 843 exuberat,

532 890 725 938 utnon
772 894 988 950 rcspnas
1028 879 1403 947 deprecantem
1440 892 1454 941 ;
1510 874 1603 929 sed
1650 858 1880 927 libenter
1921 872 2119 926 doceas

536 989 657 1046 quat:
690 988 775 1027 me
805 974 973 1025 fateor
1002 972 1270 1041 ignorare.
1305 967 1687 1029 Compellimur
1716 967 1860 1019 enim
1887 965 2121 1019 necessi-

532 1075 648 1124 tate
673 1064 852 1120 facere
893 1064 1034 1134 quod
1060 1064 1254 1117 doceas
1276 1061 1403 1132 lMs.
1436 1059 1627 1121 Tolet.,
1658 1058 1794 1112 dicis
1826 1073 1929 1111 non
1960 1056 2116 1127 ﬁeri].

533 1156 748 1214 Peritos
775 1158 918 1212 enim
948 1155 1072 1209 dum
1115 1169 1220 1209 nou
1256 1153 1525 1222 reperitur
1549 1152 1643 1221 qui
1675 1150 1740 1204 ad
1773 1148 2009 1204 ofﬁcium
2035 1163 2122 1202 sa-

535 1249 808 1305 cerdotale
851 1247 1058 1312 veniat,
1101 1245 1226 1315 quid
1283 1244 1517 1299 flendum
1547 1254 1660 1310 est,
1691 1242 1793 1297 nisi
1824 1252 1882 1295 ut
1907 1240 2123 1310 imperi-

538 1351 650 1408 tus,
674 1349 848 1411 utego
871 1354 989 1393 sum
1010 1382 1025 1407 ,
1053 1338 1331 1392 ordinetur
1356 1336 1377 1388 ?
1406 1335 1571 1390 Jubes
1602 1342 1659 1387 ut
1684 1348 1792 1388 non
1842 1332 2123 1386 ordinetur

532 1434 835 1503 imperitus.
886 1432 991 1487 Sed
1042 1440 1330 1496 pertractet
1382 1428 1664 1500 prudentia
1710 1437 1839 1493 tua,
1871 1440 1939 1483 ne
1987 1426 2124 1482 forte

534 1522 600 1579 ad
625 1524 867 1593 peritiam
900 1520 1030 1594 [315.
1063 1520 1259 1585 Tolet.,
1282 1519 1411 1590 non]
1444 1520 1672 1575 sulliciat
1698 1520 1745 1573 ei
1778 1518 1916 1572 scire
1940 1518 2122 1573 Jesum

533 1613 806 1671 Christum
832 1656 845 1680 ,
873 1624 927 1670 et
950 1614 1090 1668 hunc
1117 1614 1430 1667 crucilimm
1458 1629 1471 1664 :
1502 1627 1544 1665 SI
1568 1620 1742 1665 autem
1776 1626 1879 1664 non
1905 1612 2120 1678 sufﬁcit,

532 1721 695 1762 nemo
723 1708 824 1760 erit
846 1707 897 1760 in
930 1705 1031 1759 hoc
1059 1704 1195 1757 libro
1224 1702 1349 1774 [Με.
1385 1702 1577 1766 Tolet.,
1611 1700 1771 1773 loco].
1805 1703 1895 1771 qui
1923 1702 2127 1770 peritus

533 1813 658 1854 esse
681 1799 923 1862 dicatur;
953 1810 1113 1850 nemo
1135 1795 1236 1849 erit
1268 1793 1446 1862 utique
1476 1792 1747 1855 sacerdos,
1774 1793 1817 1846 si
1843 1792 1945 1845 nisi
1976 1794 2122 1861 peric

533 1899 624 1945 tus
650 1903 772 1943 esse
796 1902 904 1941 non
933 1886 1113 1940 debet.
1145 1883 1376 1952 Bigamis
1421 1884 1564 1938 enim
1613 1895 1795 1950 aperta
1829 1882 2005 1937 fronte
2039 1898 2124 1936 re-

540 1987 803 2050 sistimus,
828 1998 897 2038 ne
922 1990 1317 2037 sacramentum
1349 1979 1529 2048 utique
1557 1985 1955 2045 corrumpatur.
1987 1976 2127 2043 Quid

538 2080 589 2136 si
620 2080 779 2134 unius
809 2078 992 2133 uxoris
1019 2077 1099 2131 vir
1129 2085 1251 2129 ante
1297 2088 1514 2128 uxorem
1542 2112 1556 2135 .
1604 2071 1889 2134 mulierem
1938 2071 2129 2141 tetige-

536 2174 655 2229 rit?
688 2173 826 2239 Quid
847 2174 890 2227 si
921 2184 1143 2226 uxorem
1183 2184 1291 2224 non
1342 2168 1630 2230 habuerit,
1681 2174 1736 2221 et
1787 2174 1968 2219 tamen
2013 2165 2132 2220 sine

540 2265 784 2320 mulieris
814 2275 959 2319 tactu
988 2278 1095 2317 non
1127 2262 1328 2317 fuerit?
1358 2260 1654 2315 Consulare
1705 2272 1802 2312 nos
1845 2257 1986 2327 style
2018 2266 2127 2322 tuo,

537 2367 594 2411 ut
634 2371 741 2410 non
792 2358 1078 2424 puniamur
1130 2368 1228 2409 nec
1286 2362 1492 2418 nostro,
1526 2364 1627 2405 nec
1674 2350 1852 2403 alieno
1882 2360 2121 2417 peccato.

538 2448 707 2504 Valde
736 2450 879 2503 enim
906 2447 1219 2513 metuimus,
1247 2460 1315 2501 ne
1346 2460 1438 2512 per
1464 2443 1839 2499 necessitatem
1865 2456 1930 2496 ea
1957 2441 2122 2496 facia-

538 2557 658 2598 mus
685 2557 805 2611 quaz
833 2557 940 2596 non
965 2541 1245 2595 debemus.
1275 2539 1415 2593 Ecce
1443 2537 1805 2593 obediendnm
1855 2544 1939 2590 est
1987 2550 2123 2605 pne-

537 2635 710 2705 ceptis
736 2635 860 2700 tuis,
892 2642 948 2689 ut
970 2635 1090 2688 talis
1121 2634 1240 2699 fiat,
1272 2631 1447 2701 qualis
1475 2629 1606 2702 [κε.
1640 2629 1836 2697 Tolet.,
1860 2627 2121 2700 qualem],

542 2730 839 2798 apostolica
863 2728 1021 2781 docet
1043 2725 1336 2782 auctoritas
1369 2732 1465 2780 :et
1499 2739 1603 2778 non
1654 2723 1922 2791 reperitur
1957 2722 2125 2791 qualis

552 2822 842 2892 quaeritur;
870 2820 1101 2876 cessabit
1121 2834 1248 2889 ergo
1278 2818 1418 2881 fides
1445 2833 1564 2888 qua:
1585 2825 1795 2871 constat
1823 2831 1889 2870 ex
1907 2814 2092 2868 auditu
2112 2856 2126 2881 ,

544 2914 781 2971 cessabit
809 2914 1123 2983 baptismus,
1156 2912 1201 2967 si
1222 2929 1328 2967 non
1351 2912 1510 2967 fuerit
1531 2912 1621 2983 qui
1652 2911 1904 2979 baptizet.
1938 2894 2155 2964 Cessa-V

547 3005 687 3060 bunt
727 3005 819 3061 illa
849 3012 1188 3061 sacrosancta
1220 3003 1472 3075 mysteria
1496 3045 1512 3068 ,
1542 3018 1663 3072 qua:
1689 3017 1784 3072 per
1824 2998 2131 3056 sacerdotes

550 3099 690 3154 ﬁunt
733 3110 788 3154 et
827 3098 1121 3153 ministros.
1147 3096 1205 3151 In
1235 3106 1461 3166 utroque
1484 3093 1777 3166 periculum
1809 3099 2018 3155 manet;
2044 3096 2134 3143 aut

2220 550 2477 618 mysteria
2496 544 2736 602 celebret
2761 544 2849 598 vel
2876 541 3167 597 ministret.

2295 638 2437 693 Ante
2484 649 2681 707 paucos
2708 648 2880 688 annos
2908 632 3153 688 Leander
3198 630 3483 699 episcopus
3527 626 3806 695 Spalensis

2219 744 2467 785 remeans
2523 730 2590 784 de
2644 726 2775 781 urbe
2800 726 2977 794 regia,
3038 724 3171 778 vidtt
3216 738 3313 777 nos
3349 721 3698 791 prmteriens,
3720 722 3808 789 qui

2219 818 2355 874 dixit
2385 820 2537 873 nobis
2564 816 2764 872 habere
2794 813 2921 889 [Με.
2951 813 3142 877 Tolet.,
3171 809 3251 885 se]
3277 811 3526 866 bomxlias
3578 825 3615 863 a
3638 820 3811 864 vestra

2227 913 2570 969 Beatitudine
2595 912 2769 967 editas
2796 910 2865 965 de
2894 910 3032 964 libro
3055 906 3369 963 sanctiJob.
3406 904 3473 959 Et
3500 905 3633 972 quia
3664 902 3814 958 festi-

2221 1022 2356 1067 nans
2388 1004 2718 1073 pertransiit,
2753 1002 2974 1057 minime
3001 1015 3094 1055 eas
3116 998 3423 1069 petentibus
3450 994 3612 1050 nobis
3638 1004 3815 1049 osten-

2221 1099 2321 1153 dit.
2354 1098 2542 1152 Postea
2597 1110 2727 1150 vero
2774 1093 3033 1163 scripsisti
3071 1094 3119 1147 ei
3169 1092 3236 1145 de
3259 1093 3395 1145 trina
3423 1089 3694 1143 tinctione
3719 1103 3736 1151 ;
3766 1087 3816 1140 in

2222 1205 2323 1259 qua
2358 1188 2587 1257 epistola
2638 1200 2905 1240 memoras
2929 1183 3268 1253 displicuisse
3308 1180 3455 1235 vobis
3497 1178 3631 1234 illud
3657 1193 3811 1248 opus,

2222 1279 2317 1336 sed
2369 1280 2469 1334 hoc
2495 1276 2777 1333 salubriori
2808 1276 3035 1331 consilio
3080 1277 3330 1330 statuisse
3370 1274 3508 1328 utin
3552 1273 3815 1329 librorum

2224 1373 2383 1427 ductu
2406 1370 2530 1443 [Με.
2558 1370 2743 1432 Tolet.,
2769 1368 2981 1439 ductus]
3007 1382 3098 1423 eas
3121 1378 3519 1437 trausponeres.
3550 1364 3818 1419 Habemus

2225 1482 2357 1523 sane
2381 1469 2591 1523 libellos
2617 1482 2711 1521 sex
2739 1466 2909 1520 sancti
2952 1464 3138 1520 Hilarii
3162 1464 3396 1534 episcopi
3426 1462 3805 1530 Pietaviensis,

2226 1576 2363 1631 quos
2411 1560 2479 1615 de
2508 1559 2699 1613 Graeco
2728 1556 2973 1625 Origenis
3002 1557 3054 1609 in
3081 1554 3327 1609 Latinum
3360 1554 3556 1609 vertit:
3591 1552 3687 1606 sed
3713 1567 3817 1606 non

2229 1654 2407 1707 omnia
2437 1648 2732 1705 secundum
2764 1648 3010 1703 ordinem
3049 1647 3170 1701 libri
3200 1645 3368 1700 sancti
3397 1644 3505 1700 Job
3548 1643 3815 1711 exposuit.

2232 1746 2299 1799 Et
2326 1744 2459 1797 satis
2492 1743 2657 1796 miror
2687 1742 2956 1795 hominem
2980 1739 3351 1794 doctissimum
3378 1748 3431 1794 et
3451 1744 3706 1790 sanctum
3729 1776 3744 1798 ,
3769 1744 3821 1789 ut

2159 1850 2202 1907 Β
2229 1834 2297 1888 de
2326 1833 2495 1889 stellis
2520 1834 2721 1887 naanias
2749 1831 2991 1900 Urigenis
3016 1827 3353 1884 transferret.
3388 1827 3515 1882 Mihi
3544 1869 3559 1893 ,
3591 1827 3822 1880 sanctis-

2236 1926 2373 1980 sime
2423 1926 2598 1988 l’ater,
2658 1924 2803 1978 nullo
2850 1931 3004 1991 pacto
3047 1920 3256 1975 suaderi
3289 1927 3493 1988 potest.
3520 1923 3579 1971 ut
3609 1916 3823 1971 credam

2237 2025 2381 2071 astra
2410 2018 2531 2071 cmli
2556 2016 2774 2085 spiritus
2832 2010 2959 2086 [Με.
2994 2000 3184 2072 Τοιει..
3245 2006 3466 2083 habere]
3502 2010 3819 2074 rationales,

2236 2125 2354 2180 qua:
2384 2123 2555 2178 neque
2586 2122 2706 2162 cum
2736 2105 2965 2177 angelis,
2996 2118 3168 2171 neque
3187 2118 3308 2157 cum
3340 2100 3653 2155 hominibus
3675 2098 3814 2153 facta

2242 2213 2364 2253 esse
2396 2198 2671 2267 Scriptura
2721 2204 2906 2249 sancta
2947 2194 3208 2249 declarat.
3242 2192 3500 2263 Dignetur
3525 2204 3657 2260 ergo
3689 2189 3822 2243 Bea-

2238 2290 2405 2345 titudo
2446 2300 2624 2345 vestra
2650 2305 2787 2357 opus
2814 2288 2986 2358 ipsum
3008 2287 3073 2341 de
3104 2287 3240 2340 libro
3267 2285 3437 2340 sancti
3460 2284 3599 2349 Job;
3634 2282 3731 2339 sed
3763 2293 3818 2339 et

2230 2382 2364 2436 alios
2396 2381 2565 2435 libros
2596 2379 2850 2445 morales,
2878 2393 3013 2448 quos
3044 2376 3235 2433 fecisse
3272 2387 3322 2432 te
3344 2392 3612 2432 memoras
3644 2376 3696 2430 in
3724 2376 3822 2431 hoc

2226 2470 2363 2525 libro
2378 2469 2718 2539 Regularum,
2742 2454 3014 2539 exiguitati
3041 2466 3168 2542 [Μδ.
3190 2450 3376 2532 Τοιεεη
3402 2466 3629 2539 nostrae]
3655 2477 3824 2522 trans-

2228 2563 2462 2618 mittere.
2522 2562 2623 2616 'l‘ui
2677 2561 2820 2616 enim
2865 2575 3073 2628 sumus,
3107 2569 3193 2615 tua
3238 2560 3417 2629 legere
3469 2559 3821 2615 delectamur.

2230 2654 2475 2725 Optabile
2523 2668 2753 2723 namque
2795 2664 2877 2706 est
2922 2653 3050 2706 mihi
3074 2660 3128 2706 et
3150 2654 3461 2721 praclarum
3482 2695 3499 2721 ,
3532 2651 3676 2705 sicut
3706 2660 3822 2704 tuus

2242 2742 2533 2814 Gregorius
2574 2743 2679 2809 ait,
2725 2757 2890 2811 usque
2938 2741 3007 2796 ad
3053 2741 3291 2795 ultimam
3322 2742 3531 2795 discere
3572 2750 3821 2795 senectu-

2243 2847 2369 2891 tem.
2416 2837 2748 2889 lncolumem
2794 2847 3046 2888 coronam
3100 2844 3331 2888 vestram
3377 2832 3444 2887 ad
3474 2831 3821 2887 erudiendatn

2243 2927 2536 2983 Ecclesium
2568 2943 2721 2981 suam
2742 2936 2924 2981 sancta
2949 2924 3184 2981 Trinitas
3212 2927 3351 2981 Deus
3378 2939 3706 2980 conservare
3735 2924 3817 2978 di-

2241 3030 2450 3089 gnetur,
2476 3018 2614 3074 sicut
2642 3028 2891 3087 optamus
2919 3060 2934 3086 ,
2966 3016 3277 3073 beatissime
3304 3015 3463 3073 Pater
3491 3013 3819 3087 [Hs.Tolet.,

2244 3107 2314 3165 Pa
2321 3106 2430 3181 pa].

549 3252 3814 3287 _—__-———_—_——————————_——_——-——_

2002 3351 2386 3415 LICINIANI

873 3514 1453 3604 EPISTOLA
1509 3506 1658 3609 II,
1734 3509 1892 3595 AD
1949 3492 2719 3592 EPIPHANIUM
2790 3490 3494 3591 DIACONUM,

597 3699 662 3742 ιιι
705 3698 829 3752 ρῦΔ
874 3696 1276 3742 OSTENDITUR
1318 3693 1598 3740 ARGELOS
1643 3692 1718 3736 8'1
1764 3688 2002 3735 ANIMAS
2048 3681 2439 3727 RATIONALES
2483 3681 2631 3726 ESSE
2673 3678 2985 3739 SPIRITUS,
3032 3678 3170 3725 ειη
3213 3676 3441 3722 TOTIUS
3484 3674 3791 3720 CORPORIS

2033 3766 2116 3809 BI
2127 3762 2387 3806 PERTES.

1792 3892 1890 3957 (Ex
1912 3904 1999 3941 ms.
2026 3887 2258 3939 Ecclesiae
2290 3882 2586 3944 Toletanis.)

1761 4007 2651 4033 Μ

634 4120 861 4177 Domino
909 4124 1095 4175 saneto
1145 4114 1298 4169 fratri
1341 4108 1645 4182 Epiphanio
1699 4104 1963 4167 diacono,
2004 4095 2145 4153 Lici-
2172 4093 2220 4155 C
2246 4106 2613 4175 cognovimus,
2662 4102 2805 4173 quod
2839 4112 3041 4172 quanto
3081 4108 3441 4172 congruenter
3469 4102 3830 4171 responderis,

562 4213 755 4268 nianus
779 4217 833 4264 et
861 4208 1091 4275 Severus
1116 4204 1315 4272 exigui.

636 4324 812 4380 Lectis
835 4320 1029 4376 litteris
1051 4320 1177 4387 tuis,
1206 4318 1371 4372 frater
1386 4312 1726 4379 clarissime,
1745 4306 1939 4380 grandi
1961 4317 2144 4360 sumus

564 4417 920 4474 admiratione
966 4414 1219 4485 permoti,
1267 4427 1336 4467 eo
1374 4412 1517 4479 quod
1564 4404 1846 4476 quemdam
1877 4403 2051 4456 virum
2095 4398 2147 4452 in

565 4517 718 4565 tanto
743 4505 1062 4563 sacerdotali
1084 4505 1322 4560 culmine
1350 4501 1727 4564 constitutum,
1774 4498 1929 4564 cujus
1953 4504 2150 4546 nomen

566 4605 637 4660 ob
668 4604 1020 4659 reverentiam
1069 4602 1186 4670 ejus
1215 4600 1398 4655 dicere
1443 4597 1714 4657 nolumus,
1760 4590 1961 4647 sentire
2003 4586 2151 4642 dicas

567 4707 937 4751 creaturarum
967 4694 1101 4748 nihil
1132 4708 1252 4748 esse
1280 4690 1421 4762 quod
1469 4685 1731 4757 spirituali
1762 4683 1979 4738 nomine
2021 4693 2151 4733 een-
2230 4724 2235 4729 .

569 4797 784 4855 scatur,
813 4798 1135 4852 omnemque
1163 4793 1407 4847 naturam
1435 4796 1555 4850 qua:
1582 4794 1685 4833 non
1729 4784 1813 4830 est
1840 4774 1979 4843 quod
2010 4771 2151 4825 Deus

572 4889 677 4944 est,
710 4877 975 4947 corporali
1018 4876 1179 4930 modo
1208 4884 1411 4928 tantum
1444 4874 1611 4935 ﬁniri;
1649 4881 1703 4924 et
1728 4877 1953 4933 excepto
1979 4862 2152 4918 Trini—

574 4980 686 5026 tate
710 4970 841 5029 Deo,
876 4983 980 5023 non
1005 4968 1179 5024 solum
1226 4966 1613 5020 irrationalium
1644 4962 1865 5031 spiritus
1888 4959 2155 5027 jumento-

574 5077 718 5127 rum,
750 5060 1006 5124 ferarum,
1048 5060 1130 5113 vel
1160 5060 1357 5121 avium,
1396 5056 1479 5112 vel
1506 5053 1853 5123 reliquorum,
1881 5052 1937 5104 in
1963 5048 2156 5119 quibus

578 5164 662 5209 est
689 5152 981 5209 secundum
1011 5152 1316 5218 Scripturas
1342 5148 1558 5216 spiritus
1583 5146 1704 5200 vitae
1726 5185 1743 5209 ,
1786 5158 1973 5196 verum
1994 5141 2155 5196 etiam

575 5244 919 5299 rationalium
956 5241 1172 5308 spiritus
1215 5241 1526 5308 angelorum
1572 5237 1658 5292 vel
1690 5236 2002 5299 hominum,
2050 5248 2156 5286 non

580 5330 777 5387 debere
807 5332 913 5386 dici
942 5331 1181 5401 spiritus,
1211 5329 1309 5385 sed
1333 5343 1581 5398 corpora,
1614 5337 1865 5394 tanquam
1915 5324 2158 5377 homines

582 5440 689 5479 non
713 5427 821 5493 jam
839 5441 902 5479 ex
923 5426 1109 5494 spiritu
1127 5435 1179 5480 et
1194 5420 1541 5493 corpore,sed
1556 5435 1624 5475 ex
1636 5418 1845 5473 duobus
1865 5416 2159 5472 subsistant

2249 4197 2425 4251 omnis
2453 4195 2541 4264 qui
2591 4194 2893 4262 Scripturas
2941 4202 3153 4246 sanctas
3181 4190 3360 4261 legere
3386 4202 3441 4247 et
3469 4192 3700 4249 credere
3725 4204 3835 4248 stu-

2250 4290 2363 4357 det,
2393 4289 2661 4357 intelligit.
2703 4287 2868 4342 Addis
2895 4289 3077 4352 etiam,
3117 4298 3173 4341 ut
3204 4288 3297 4341 tibi
3330 4288 3495 4343 libros
3540 4288 3684 4345 beati
3727 4292 3837 4345 Au-

2250 4381 2474 4452 gustini,
2510 4380 2605 4435 sed
2636 4389 2691 4436 et
2714 4388 3034 4435 cancrorum
3064 4382 3153 4449 qui
3182 4381 3251 4436 de
3278 4382 3378 4435 hac
3405 4395 3467 4436 re
3486 4381 3839 4450 definierunt,

2252 4482 2691 4543 quantuscunque
2742 4470 2942 4525 habere
2969 4471 3237 4535 videmur,
3291 4471 3357 4525 ad
3404 4472 3839 4527 convincendum

2252 4566 2446 4628 virum,
2480 4565 2570 4633 qui
2617 4563 3059 4631 respensionibus
3088 4564 3195 4619 tuis
3222 4565 3530 4618 nullatenus
3577 4565 3842 4619 assentire

2252 4656 2523 4726 dignatur,
2557 4653 2922 4708 transmittere
2960 4654 3255 4708 deluamus
3282 4671 3297 4708 :
3325 4653 3410 4709 vel
3435 4663 3585 4708 certe
3624 4655 3781 4708 nobis
3800 4653 3841 4707 si

2254 4748 2455 4818 aliquid
2482 4746 2742 4801 divinitus
2768 4743 2932 4801 fuerit
2952 4745 3294 4815 inspiratam,
3328 4755 3387 4799 ut
3405 4747 3709 4800 scribamus
3726 4747 3843 4800 bor-

2255 4840 2405 4893 taris.
2438 4836 2591 4893 Unde
2633 4836 2772 4892 sciat
2797 4837 3058 4892 sanctitas
3088 4848 3287 4901 vestra,
3317 4837 3365 4891 si
3392 4837 3565 4892 otium
3597 4846 3837 4892 nostrum

2254 4945 2362 4985 non
2414 4929 2750 4998 perturbaret
2780 4928 3037 4998 temporis
3060 4929 3314 4998 qualitas,
3360 4937 3417 4983 et
3452 4928 3639 4985 liceret
3686 4938 3747 4984 ut
3781 4928 3844 4984 li-

2256 5023 2384 5078 bros
2416 5022 2654 5088 eosdem,
2676 5036 2812 5093 quos
2839 5037 3130 5088 memoras,
3154 5022 3477 5077 haberemus
3492 5022 3546 5077 in
3570 5032 3840 5094 promptu,

2254 5114 2522 5169 voluntati
2552 5125 2655 5171 tuae
2685 5115 2921 5170 vetuisse
2946 5128 3157 5183 parere.
3200 5113 3309 5170 Sed
3340 5115 3465 5184 quia
3506 5130 3619 5170 non
3664 5130 3844 5186 possu-

2259 5221 2379 5260 mus
2407 5206 2548 5274 quod
2588 5206 2875 5276 volumus,
2924 5205 2981 5260 id
3008 5206 3201 5262 saltem
3250 5206 3500 5261 volumus
3548 5208 3694 5276 quod
3731 5221 3845 5278 pos.

2258 5316 2442 5357 sumus
2482 5320 2495 5355 :
2529 5311 2588 5357 et
2641 5302 2734 5357 tibi
2764 5317 2873 5356 non
2930 5315 3053 5369 qua
3110 5314 3209 5357 nos
3258 5300 3361 5371 ipsi
3388 5301 3719 5359 voluntatem
3765 5316 3847 5358 se-

2260 5404 2489 5464 quentes
2564 5403 2801 5449 nostram
2858 5394 3082 5450 deﬁnire
3160 5398 3538 5464 potuerimus,
3600 5393 3846 5465 quodque

582 5515 915 5584 corporibus,
942 5524 998 5569 et
1027 5515 1199 5586 angeli
1226 5512 1592 5569 tantummodo
1618 5511 1861 5579 corporei
1893 5522 2013 5563 esse
2039 5522 2137 5561 cret

2238 5489 2281 5559 ις
2294 5488 2506 5542 Videtur
2555 5486 2862 5559 legendum,
2913 5488 3010 5555 sed
3061 5483 3232 5559 quod]
3289 5489 3343 5543 in
3384 5487 3706 5543 memoriam
3752 5502 3846 5542 no-

586 5606 800 5663 dantur.
834 5606 947 5663 Hoc
971 5606 1129 5663 etiam
1162 5608 1215 5661 in
1238 5600 2159 5677 praajudicioanimarumadducens,

589 5697 731 5767 quod
759 5698 804 5751 si
821 5698 1020 5751 locales
1053 5697 1245 5763 forent,
1273 5698 1509 5765 profecto
1535 5704 1589 5750 et
1625 5693 1933 5762 corporales
1963 5694 2159 5748 forent.

666 5788 819 5845 Unde
846 5790 1024 5843 subito
1048 5798 1368 5857 pragventus,
1401 5788 1656 5843 nonnulla
1684 5787 1983 5843 testimonia
2024 5787 2166 5842 Scri-

2267 5589 2436 5634 stram
2462 5594 2525 5633 ex
2568 5578 2842 5634 seniorum
2886 5588 3198 5635 nostrorum
3251 5577 3661 5635 deﬁnitionibus
3699 5579 3847 5636 colli-

2269 5681 2457 5743 gentes
2486 5671 2944 5739 coacervavimus,
2976 5671 3217 5727 scribere
3246 5668 3488 5741 profecto
3516 5670 3842 5727 curabimus.

2343 5786 2451 5842 Sed
2484 5801 2627 5842 nunc
2665 5786 2776 5856 iam
2801 5785 3079 5841 videamus
3103 5784 3229 5855 quid
3257 5784 3331 5842 de
3371 5785 3581 5855 angelis
3608 5784 3851 5840 Psalmo-

600 5886 880 5935 nturarum
904 5888 1090 5935 contra
1114 5880 1217 5937 hoc
1244 5882 1557 5951 opposuisse
1582 5881 1795 5952 scriptis
1836 5882 1940 5938 tuis
1967 5881 2168 5939 inserta
2272 5880 2507 5951 graphus
2531 5879 2677 5938 dicat
2697 5896 2713 5937 :
2745 5879 2848 5949 Qui
2875 5880 2995 5952 fecit
3016 5879 3237 5951 (inquit)
3251 5879 3466 5953 angelos
3482 5892 3605 5938 satos
3624 5878 3850 5951 spiritu,
