4076 6348
366 306 472 363 695
1275 309 1609 368 EPISTOLA
1647 311 1712 379 Il,
1756 313 1846 368 AD
1888 310 2307 369 EPIPHANIUM
2356 320 2721 381 DIACONUM.
3533 324 3637 391 est

363 430 415 518 et
434 422 698 518 ‘ntinistros
720 435 839 475 suos
868 422 1127 489 ﬂammam
1152 423 1307 494 ignis.
1356 425 1616 481 Advertat
1660 427 1820 496 igitur
1863 428 1955 497 qui
1979 430 2035 489 Δ
2062 427 2327 499 intelligit,
2358 435 2439 487 vel
2468 437 2835 507 ratiocinator,
2868 444 3160 499 secundum
3187 449 3327 515 quod
3345 450 3472 505 dicit
3497 455 3639 518 Apo-

361 513 495 612 dicit
516 515 755 612 angelos
802 528 1091 612 corporeus
1132 531 1273 587 esse,
1319 518 1443 587 quia
1472 518 1608 573 dixit
1643 536 1656 572 :
1694 519 1797 586 Qui
1825 522 1947 590 facit
2049 525 2257 579 stolus:
2290 527 2452 584 Testis
2478 539 2552 583 est
2577 533 2710 585 enim
2738 536 2864 588 mihi
2898 536 3052 601 Deus,
3079 541 3161 591 cui
3185 513 3345 594 sentio
3372 543 3423 596 in
3446 513 3634 612 spiritu

358 608 749 701 hngelosAsuos
792 610 1019 679 spiritus,
1068 625 1175 665 non
1225 625 1469 681 corpora.
1520 613 1753 681 Angelus
1803 614 1945 667 enim
2048 629 2182 669 meo.
2215 616 2384 681 Quem
2422 619 2556 673 dixit
2581 621 2667 676 hic
2696 624 2974 691 spiritum,
3016 627 3139 680 alibi
3183 638 3414 685 mentem
3443 608 3637 701 appel-

361 700 573 761 Grasce,
606 698 791 754 Latine
829 702 1037 756 nuntius
1064 701 1279 765 dicitur,
1327 702 1377 756 id
1408 713 1513 768 est,
1563 702 1652 771 qui
1688 702 1813 757 facit
1840 703 1949 771 spin

358 792 496 845 ritus
526 804 652 845 suos
684 792 920 847 nuntios.
949 792 1239 862 Propterea
1267 802 1320 847 et
1349 799 1626 861 apostolus
1656 792 1853 847 Paulus
1876 794 1945 849 ad

357 884 614 939 Hebrmos
657 886 729 938 ait
772 901 787 939 :
821 884 1011 941 Nonne
1038 902 1210 940 omnes
1231 894 1357 941 sunt
1376 886 1818 941 administratores
1855 888 1953 956 spi-

354 977 486 1030 ritus
513 978 564 1029 in
587 978 922 1031 ministerium
948 978 1093 1032 missi
1136 988 1345 1047 propter
1372 994 1457 1031 eos
1484 979 1571 1047 qui
1603 978 1953 1033 hereditatem

354 1068 567 1139 capiunt
591 1066 812 1122 salutis?
840 1068 896 1121 In
926 1069 1117 1137 angelo
1150 1068 1294 1124 enim
1330 1085 1526 1124 nomen
1555 1070 1720 1125 ofﬁcii
1752 1068 1954 1126 intelli-

356 1159 456 1227 git,
480 1158 539 1213 in
562 1159 751 1227 spiritu
783 1160 993 1214 scilicet
1015 1174 1211 1214 nomen
1244 1171 1469 1215 naturas.
1504 1160 1769 1216 Similiter
1788 1164 1951 1217 etiam

356 1253 415 1309 in
444 1254 589 1308 Actis
632 1253 994 1321 apostolorum
1029 1254 1203 1309 Lucas
1226 1254 1293 1308 de
1320 1254 1569 1323 Philippo
1618 1256 1783 1311 refert
1808 1254 1953 1325 quod

353 1345 581 1415 angelus
625 1344 695 1399 sit
738 1345 787 1399 ei
819 1344 1060 1413 locutus,
1091 1354 1148 1399 ut
1180 1340 1532 1400 descenderet
1563 1346 1616 1400 in
1669 1360 1952 1402 occursum

357 1435 600 1504 EtbiOpi
648 1436 936 1501 eunucho;
987 1446 1043 1492 et
1088 1444 1207 1503 post
1236 1437 1507 1507 paululum
1538 1437 1692 1501 dicit,
1726 1445 1953 1507 praeter-

356 1526 528 1581 misso
560 1526 777 1580 nomine
802 1524 977 1593 angeli
1007 1542 1021 1581 :
1051 1525 1200 1581 Dixit
1221 1538 1389 1581 autem
1425 1528 1634 1600 spiritus
1663 1526 1907 1599 Philippo
1934 1543 1955 1583 :

362 1620 581 1686 Accede,
608 1627 656 1673 et
678 1620 905 1692 adjunge
920 1628 967 1673 te
993 1621 1061 1673 ad
1082 1636 1284 1675 currum
1306 1622 1482 1678 istum.
1506 1620 1694 1676 Videat
1714 1621 1953 1690 profecto

359 1728 522 1781 quem
570 1713 819 1780 superius
864 1712 1083 1768 dixerat
1132 1712 1407 1784 angelum,
1461 1722 1646 1783 postea
1701 1712 1950 1783 spiritum

359 1804 685 1873 nuncupari.
1773 1871 1779 1877 π

436 1895 545 1953 Sed
575 1907 630 1952 et
656 1894 725 1950 de
753 1894 958 1966 angelis
996 1894 1175 1963 malis,
1209 1895 1453 1964 quamvis
1479 1894 1548 1950 de
1575 1894 1835 1948 societate
1858 1892 1953 1949 bo-

366 2004 557 2044 norum
582 1986 891 2058 angelorum
920 1986 1266 2052 desciverint,
1294 1994 1473 2040 tamen
1501 1987 1627 2055 quia
1652 1985 1806 2039 unius
1828 1992 1953 2038 sunt

361 2090 587 2147 natura,
619 2091 799 2135 sancta
831 2078 1108 2144 Scriptura
1156 2076 1339 2132 multis
1385 2077 1518 2131 locis
1552 2091 1657 2130 non
1703 2090 1795 2129 eos
1832 2091 1953 2130 cor-

364 2189 520 2244 pora,
543 2171 639 2228 sed
668 2171 885 2240 spiritus
912 2184 1033 2225 esse
1065 2168 1249 2224 refert.
1294 2167 1492 2223 Paulus
1520 2167 1797 2238 apostolus
1826 2166 1902 2221 ait
1930 2184 1945 2221 :

365 2267 523 2332 Quod
548 2282 652 2322 non
679 2267 743 2319 sit
770 2264 913 2319 nobis
941 2263 1231 2318 colluctatio
1256 2263 1496 2317 adversus
1525 2277 1727 2315 carnem
1760 2275 1805 2314 et
1830 2278 1952 2315 san-

361 2358 589 2426 guinem,
617 2356 706 2410 sed
735 2358 977 2409 adversus
1009 2353 1266 2422 principes
1290 2362 1337 2405 et
1365 2359 1667 2423 potestates,
1712 2350 1951 2405 adversus

362 2448 542 2503 mundi
566 2456 786 2502 rectores
823 2446 1143 2499 tenebrarum
1181 2444 1364 2497 harum
1410 2458 1428 2496 :
1458 2454 1635 2496 contra
1660 2443 1951 2510 spiritualia

363 2540 603 2609 nequitiis
628 2540 683 2593 iu
726 2536 1026 2592 crelestibus.
1075 2536 1134 2595 Si
1165 2536 1325 2606 igitur
1351 2549 1576 2604 corpora
1608 2544 1808 2603 essent,
1842 2551 1949 2588 non

363 2632 615 2700 spiritus,
670 2645 774 2684 non
805 2630 1027 2683 dixisset
1066 2638 1289 2681 :contra
1332 2628 1627 2696 spiritualia
1674 2626 1949 2697 nequitia};

366 2724 488 2786 sed,
512 2733 696 2779 contra
723 2722 1021 2791 corporalia
1043 2721 1311 2793 nequitiae.
1338 2720 1405 2774 Et
1426 2719 1683 2775 Dominus
1708 2720 1759 2774 in
1774 2717 1951 2774 Evan-

360 2817 520 2888 gelio,
551 2814 677 2871 Cum
703 2816 914 2886 spiritus
942 2814 1160 2884 (inquit)
1204 2814 1497 2867 immundus
1526 2811 1705 2867 exierit
1743 2809 1805 2865 ab
1852 2812 1947 2866 ho-

360 2910 515 2975 mine,
551 2908 780 2962 ambulat
809 2923 898 2975 per
921 2906 1035 2960 loca
1061 2910 1326 2975 inaquosa,
1350 2921 1581 2977 quaerens
1610 2906 1866 2975 requiem,
1902 2913 1951 2959 et

361 3018 465 3057 non
492 3003 730 3071 inveniet,
754 3010 801 3058 et
821 3001 1005 3065 deinde
1026 3002 1178 3056 vadet
1202 3011 1248 3056 et
1274 3009 1498 3056 assuiuet
1533 3012 1720 3063 septem
1741 3001 1949 3068 spiritus

362 3100 625 3167 nequiores
653 3112 725 3151 se.
759 3096 825 3151 Et
849 3096 903 3150 in
934 3094 1240 3165 Regnorum
1264 3094 1415 3151 libris
1441 3093 1694 3151 scribitur
1723 3112 1735 3148 :
1779 3095 1947 3167 Egre-

2052 704 2149 771 lat,
2196 708 2463 764 dicendo:
2513 710 2622 783 Ego
2667 723 2837 768 autem
2877 726 3040 779 mente
3085 721 3249 773 servio
3284 721 3384 792 legi
3412 720 3530 778 Dei.
3576 724 3641 779 Et

2051 796 2249 853 iterum
2278 815 2293 851 :
2327 799 2439 855 Nos
2484 812 2655 858 autem
2686 805 2907 877 (inquit)
2939 824 3112 863 sumus
3161 813 3474 868 circumcisio
3496 857 3509 880 ,
3556 819 3641 885 qui

2052 890 2242 958 spiritu
2270 890 2380 946 Deo
2407 895 2671 949 servimus.

2126 980 2333 1037 Dicitur
2359 992 2413 1038 et
2441 985 2661 1053 spiritus
2683 987 2763 1041 vis
2790 990 3032 1057 quaedam
3064 993 3259 1047 animm
3294 1004 3475 1051 mente
3499 995 3640 1051 infe-

2054 1068 2190 1136 rior,
2211 1070 2303 1125 ubi
2329 1084 2551 1129 cunctas
2571 1073 2891 1145 imaginatur
2912 1079 3294 1137 similitudines
3319 1099 3628 1155 corporum,

2054 1161 2354 1216 secundum
2403 1163 2533 1219 illud
2581 1168 2865 1236 Apostoli:
2916 1168 3085 1225 Orabo
3126 1174 3344 1245 spiritu.
3390 1176 3546 1229 orabo
3588 1190 3638 1228 et

2128 1343 2335 1400 Dicitur
2361 1356 2417 1401 et
2464 1348 2687 1417 spiritus
2728 1353 2970 1408 omnium
3011 1355 3322 1410 animalium
3355 1358 3639 1414 irrationa-

2054 1434 2209 1501 lium,
2241 1438 2535 1494 secundum
2565 1441 2694 1496 illud
2723 1442 2950 1500 Genesis
2975 1445 3369 1517 :sUniveranue
3412 1449 3634 1520 (inquit)

2047 1528 2290 1598 jumenta
2318 1532 2371 1583 in
2397 1548 2557 1603 genus
2583 1550 2750 1601 suum,
2781 1546 2827 1589 et
2856 1553 3003 1592 omne
3022 1541 3156 1603 quod
3176 1550 3400 1595 movetur
3428 1544 3481 1595 in
3504 1552 3638 1596 terra

2054 1620 2110 1674 in
2140 1636 2324 1692 genere
2366 1638 2482 1687 suo,
2535 1635 2875 1697 cunctumque
2916 1631 3120 1685 volatile
3164 1633 3441 1687 secundum
3485 1650 3640 1703 genus

2053 1728 2242 1780 suum,
2298 1718 2543 1771 universa:
2595 1735 2712 1773 aves
2737 1761 2752 1785 ,
2802 1737 3071 1792 omnesque
3123 1725 3348 1779 volucres
3399 1727 3641 1797 ingressas

1985 1797 2038 1859 Β
2061 1814 2177 1856 sunt
2210 1807 2279 1857 ad
2314 1803 2428 1860 Noe
2458 1808 2514 1861 in
2549 1825 2744 1877 arcam,
2778 1812 2896 1865 bina
2932 1824 2980 1866 et
3004 1813 3146 1880 bina,
3194 1830 3257 1869 ea:
3283 1820 3439 1880 Δοηιιιὶ
3488 1835 3639 1873 carne

2056 1892 2112 1945 in
2149 1909 2252 1962 qua
2282 1904 2387 1949 erat
2416 1898 2627 1967 spiritus
2671 1874 2807 1953 sine.
2842 1902 2909 1955 Et
2950 1903 3108 1971 paulo
3132 1874 3256 1972 post
3282 1874 3640 1975 :‘Consumpta

2056 1994 2129 2036 est
2172 1987 2336 2043 omnis
2383 2003 2503 2041 caro
2548 2006 2661 2057 quia
2704 1994 2994 2045 movebatur
3040 2010 3193 2063 super
3223 2007 3427 2063 terram,
3486 2000 3639 2053 voluc

2052 2091 2217 2145 mas,
2267 2081 2606 2135 animantium
2630 2126 2644 2149 ,
2692 2084 2983 2151 bestimus,
3015 2088 3337 2155 omniumque
3376 2092 3635 2154 reptilium

2053 2186 2168 2240 qua:
2189 2180 2387 2236 reptant
2421 2188 2571 2239 super
2612 2182 2822 2238 terram;
2849 2177 3071 2229 universi
3100 2179 3348 2248 homines,
3374 2191 3421 2235 et
3450 2194 3631 2239 cuncta

2052 2262 2115 2316 in
2142 2263 2322 2329 quibus
2351 2262 2668 2333 spiraculum
2694 2266 2810 2320 vitta
2838 2277 2933 2333 est,
2965 2269 3018 2322 in
3038 2279 3173 2323 terra
3192 2284 3393 2325 mortua
3414 2281 3552 2329 sunt.

2129 2352 2317 2408 Videat
2348 2355 2508 2422 igitur
2534 2354 2628 2424 qui
2656 2356 2855 2411 nullam
2883 2369 3182 2414 creaturam
3212 2362 3342 2416 dicit
3361 2379 3481 2420 esse
3512 2366 3630 2436 spi-

2052 2443 2213 2499 ritum
2236 2480 2255 2511 ,
2286 2447 2498 2514 quantis
2545 2449 2873 2505 testimoniis
2904 2466 3179 2505 sacrarum
3226 2454 3623 2524 Scripturarum

2051 2536 2431 2603 convincatur;
2480 2546 2535 2592 et
2585 2540 2800 2596 desinat
2845 2542 3027 2597 dicere
3076 2555 3267 2612 praeter
3314 2546 3632 2605 Trinitatem

2053 2626 2287 2694 Domini,
2321 2644 2483 2684 omne
2512 2631 2655 2700 quod
2694 2645 2813 2687 esse
2846 2643 3037 2701 potest,
3067 2650 3263 2706 corpus
3299 2652 3438 2694 esse.
3466 2639 3635 2697 Omne

2052 2720 2300 2778 videlicet
2326 2738 2545 2792 corpus,
2581 2737 2634 2780 et
2661 2726 2830 2781 altum
2871 2737 2925 2783 et
2970 2730 3153 2796 latum,
3185 2743 3239 2785 et
3270 2733 3483 2801 longum
3529 2747 3631 2803 est,

2052 2814 2292 2870 inveniat
2322 2825 2378 2871 et
2416 2815 2559 2871 dicat
2603 2826 2777 2873 utrum
2818 2821 3092 2889 tripedalis
3136 2838 3203 2877 an
3250 2826 3635 2896 quatripedalis

2048 2907 2122 2965 sit
2147 2910 2326 2965 anima
2355 2910 2588 2966 hominis
2614 2914 2699 2967 vel
2730 2914 2950 2982 spiritus
2990 2917 3185 2987 angeli,
3220 2918 3358 2973 dicat
3384 2920 3545 2975 etiam
3568 2937 3635 2977 ex

2052 3016 2161 3067 quo
2185 3001 2456 3058 elemento
2485 3002 2679 3059 habeat
2709 3006 3067 3063 substantiam
3093 3027 3107 3062 :
3136 3013 3375 3078 exceptis
3410 3022 3636 3080 quatuor

2050 3092 2353 3162 elementis,
2403 3103 2544 3149 terra
2592 3096 2819 3164 scilicet,
2863 3106 2920 3155 et
2964 3116 3122 3171 aqua,
3153 3118 3297 3168 aere,
3353 3106 3438 3159 vel
3492 3107 3633 3177 igne,

362 3164 481 3243 dior
505 3187 718 3257 (inquit)
742 3196 788 3242 et
810 3203 896 3241 ero
923 3164 1133 3257 spiritus
1159 3184 1381 3240 mendax
1401 3186 1456 3249 in
1476 3202 1563 3240 ore
1589 3187 1815 3240 omnium
1831 3164 1952 3257 pro-
1981 3164 2028 3227 (ἶ
2060 3183 2200 3238 unde
2229 3184 2333 3238 alia
2363 3195 2643 3254 compacta
2668 3196 2798 3241 sunt
2817 3164 3072 3257 corpora,
3102 3164 3245 3246 dicat
3266 3164 3635 3262 quintumvali:

364 3278 633 3347 phetarum
655 3277 789 3348 ejus.
821 3275 891 3331 Et
924 3276 1052 3331 alibi
1082 3291 1095 3327 :
1129 3275 1357 3346 Spiritus
1388 3276 1738 3344 fornicationis
1761 3277 1956 3347 decepit

365 3383 474 3423 eos.
501 3367 580 3422 En
602 3367 763 3423 habet
790 3382 897 3421 non
926 3366 1099 3423 solum
1127 3367 1346 3437 angelos
1362 3367 1555 3435 bonos,
1588 3383 1771 3424 verum
1792 3370 1955 3425 etiam

364 3460 583 3532 angelos
609 3460 780 3517 malos
809 3460 1031 3531 Spiritus
1057 3460 1371 3530 nuncupari.

440 3555 509 3609 Et-
540 3558 663 3624 quia
693 3556 879 3618 multa,
913 3555 981 3609 de
1005 3556 1258 3610 thesauro
1296 3556 1695 3625 Scripturarum
1736 3564 1957 3625 propter

364 3647 685 3704 brevitatem
739 3649 1007 3703 sermonis
1054 3663 1219 3717 pauca
1249 3648 1373 3704 inde
1404 3648 1778 3720 decerpentes,
1820 3664 1957 3719 prte-

368 3741 736 3807 termittimus,
771 3755 839 3794 ne
868 3738 1140 3795 fastidium
1168 3741 1377 3795 scilicet
1401 3741 1704 3807 legentibus
1733 3756 1959 3811 genere-

374 3851 516 3905 ntus,
535 3838 647 3907 ipse
669 3837 759 3906 qui
783 3836 1004 3906 angelos
1033 3837 1251 3907 spiritus
1280 3850 1387 3890 non
1409 3850 1527 3890 esse
1547 3834 1738 3900 credit,
1768 3836 1955 3890 saltem

374 3930 532 3984 unius
564 3930 856 3985 testimOnii
904 3937 1214 3998 paupertate
1244 3928 1477 3983 instetur.
1508 3926 1749 3982 Proferat
1774 3929 1818 3981 si
1862 3942 1955 3982 us-

370 4024 512 4090 piam
542 4022 935 4091 Scripturarum
969 4020 1191 4091 reperiri
1223 4020 1456 4090 potuerit
1481 4022 1700 4089 angelos
1729 4034 1836 4076 non
1864 4019 1958 4075 de-

371 4114 498 4168 bere
525 4113 744 4183 spiritus
772 4112 1049 4182 appellari.
1087 4112 1460 4167 Verumtamen
1491 4111 1615 4182 quia
1644 4110 1763 4181 .hoc
1808 4112 1959 4167 inve«

371 4204 488 4259 nire
534 4204 835 4258 nullatenus
867 4203 1083 4270 pmerit,
1113 4200 1299 4256 credat
1343 4200 1632 4256 multifario
1673 4201 1961 4270 multisque

374 4295 551 4351 modis
593 4294 695 4350 dici
728 4296 965 4365 spiritus.
1002 4294 1207 4349 Dicitur
1253 4294 1473 4363 spiritus
1510 4292 1676 4360 Deus,
1704 4295 1848 4364 quod
1878 4300 1961 4348 est

375 4395 485 4442 tota
530 4382 787 4453 Trinitas,
840 4384 1135 4441 secundum
1167 4384 1309 4457 quod
1339 4384 1534 4456 legitur
1574 4386 1625 4439 in
1668 4376 1960 4454 Evangelio

374 4479 636 4539 Joannis:
669 4480 797 4536 Cum
830 4478 967 4535 Deus
1013 4478 1227 4544 spiritus
1274 4487 1367 4533 est.
1414 4477 1624 4533 Dicitur
1652 4484 1709 4532 et
1733 4477 1961 4549 Spiritus

2057 3273 2201 3343 quod
2252 3277 2578 3333 elementum
2621 3278 2763 3333 unde
2810 3281 3000 3349 angelo
3044 3282 3127 3338 vel
3153 3285 3348 3339 anima:
3388 3288 3636 3343 substan-

2060 3369 2188 3425 tiam
2216 3370 2327 3424 det.
2380 3370 2484 3425 Sed
2533 3371 2659 3440 quia
2690 3374 2933 3429 invenire
2990 3390 3092 3429 non
3144 3388 3338 3445 potest,
3392 3380 3635 3437 fortassis

2058 3464 2181 3530 quia
2207 3462 2259 3517 in
2284 3462 2565 3519 elementis
2586 3465 2934 3520 excellentior
2950 3483 3043 3522 aer
3062 3470 3146 3523 vel
3174 3470 3311 3539 ignis
3334 3482 3435 3537 est,
3455 3488 3633 3529 aerem

2059 3567 2150 3611 aut
2180 3558 2353 3625 ignem
2396 3557 2591 3629 allegat
2641 3570 2882 3614 naturam
2910 3560 3101 3615 animae
3125 3576 3245 3617 esse
3274 3563 3524 3631 hominis,
3552 3567 3637 3621 vel

2058 3642 2307 3712 spiritum
2338 3645 2537 3713 angeli,
2568 3654 2624 3705 et
2653 3658 2758 3699 non
2789 3646 2948 3714 pudet
2999 3657 3055 3701 ut
3084 3648 3335 3703 credatur
3364 3650 3488 3704 inde
3518 3665 3639 3708 esse

2059 3735 2294 3789 animam
2349 3736 2600 3799 hominis,
2624 3746 2717 3792 ant
2747 3738 2990 3805 spiritum
3021 3739 3210 3808 angeli,
3244 3740 3385 3795 unde
3408 3751 3489 3795 est
3517 3756 3639 3797 cor-

2062 3840 2161 3893 pus
2190 3826 2400 3895 pecoris
2431 3827 2515 3882 vel
2559 3828 2808 3883 hominis.
2854 3828 3025 3884 Omne
3070 3830 3230 3899 igitur
3271 3846 3465 3900 ccrpus
3494 3832 3636 3902 quod

2060 3920 2214 3985 vivit,
2246 3935 2313 3974 ex
2340 3932 2570 3989 quatuor
2619 3921 2898 3977 elementis
2930 3924 3170 3980 subsistit
3213 3942 3225 3977 :
3255 3940 3452 3993 corpus
3490 3927 3635 3981 enim

2061 4016 2277 4082 pr0prle
2308 4014 2536 4080 pertinet
2563 4012 2628 4066 ad
2655 4022 2874 4078 terram,
2906 4013 3096 4077 humor
3126 4015 3193 4070 ad
3219 4030 3431 4085 aquam,
3458 4030 3549 4070 aer
3570 4016 3637 4071 ad

2060 4103 2365 4172 pulmones,
2390 4120 2546 4173 quem
2569 4106 2840 4176 accipiunt
2860 4116 2913 4167 et
2937 4106 3164 4161 reddunt
3188 4116 3434 4177 tanquam
3461 4108 3637 4177 folles,

2062 4194 2200 4264 ignis
2230 4194 2295 4250 ad
2326 4199 2535 4252 oculos.

2134 4296 2241 4354 Nec
2270 4308 2485 4355 moveat
2510 4298 2652 4368 quod
2676 4297 2931 4366 diximus,
2961 4313 3110 4354 omne
3131 4314 3317 4369 corpus
3338 4298 3474 4368 quod
3496 4297 3638 4363 vivit,

2065 4404 2186 4446 cum
2227 4399 2281 4445 et
2308 4390 2531 4447 arbores
2562 4390 2747 4445 vivant
2775 4397 2831 4445 et
2868 4389 3055 4445 oculos
3102 4406 3210 4446 non
3240 4390 3499 4459 habeant,
3545 4406 3645 4445 nec

2068 4479 2208 4535 unde
2228 4494 2407 4537 aerem
2430 4479 2695 4550 accipiant
2726 4488 2781 4537 et
2808 4480 3058 4536 reddant.
3086 4480 3306 4535 Certum
3336 4490 3419 4543 est
3439 4480 3643 4536 scilicet

376 4571 539 4638 Deus,
572 4571 769 4641 quiest
798 4569 953 4626 tertia
980 4539 1324 4627 iit-Trinitate
1353 4584 1604 4640 persona,
1629 4570 1718 4639 qui
1745 4539 1961 4640 proprie
1984 4539 2039 4600 D
2067 4574 2211 4642 quod
2242 4574 2344 4628 ista
2372 4589 2480 4628 non
2506 4539 2737 4629 habeant
2761 4591 2777 4638 ς
2800 4581 3166 4627 verumtamen
3197 4579 3251 4625 et
3274 4540 3491 4638 ipsae-ex
3513 4586 3643 4640 quae

376 4665 675 4738 appellatur
724 4664 949 4735 Spiritus
993 4670 1222 4728 sanctus,
1258 4662 1471 4721 dicente
1518 4661 1775 4730 Apostolo
1816 4677 1830 4713 :
1867 4659 1998 4717 Ubi.

376 4768 549 4815 autem
584 4757 800 4830 spiritus
847 4756 1074 4821 Domini,
1106 4756 1179 4813 ibi
1227 4754 1455 4810 libertas.
1486 4752 1556 4808 Et
1606 4753 1802 4809 iterum
1847 4769 1863 4808 :
1903 4753 1965 4809 Si

376 4852 494 4923 quis
514 4861 684 4907 autem
705 4849 941 4920 spiritum
964 4845 1155 4903 Christi
1176 4862 1278 4901 non
1300 4846 1477 4911 habet,
1506 4844 1585 4899 hic
1609 4861 1711 4899 non
1738 4854 1809 4899 est
1829 4848 1964 4916 ejus.

388 4942 591 4997 Dicitur
618 4952 669 4999 et
699 4941 921 5013 spiritus
951 4938 1172 5013 angelus
1198 4954 1212 4992 :
1247 4936 1350 5006 Qui
1370 4934 1496 5007 facit
1521 4934 1737 5005 (inquit)
1760 4935 1965 5003 angelos

378 5052 502 5091 suos
545 5037 773 5107 spiritus.
806 5034 961 5093 Unde
986 5034 1096 5104 iam
1139 5036 1388 5105 superius
1434 5032 1739 5089 testimonia
1782 5029 1965 5086 redhi-

379 5127 615 5183 buitnus.

456 5218 661 5275 Dicitur
690 5226 746 5273 et
772 5218 991 5286 spiritus
1036 5216 1214 5275 anima
1242 5213 1479 5271 hominis
1511 5212 1805 5270 secundum
1839 5209 1968 5267 illud

383 5311 607 5370 Genesis
644 5330 657 5365 :
689 5310 953 5367 Formavit
985 5310 1137 5381 igitur
1171 5308 1419 5363 Dominus
1453 5308 1590 5363 Deus
1618 5307 1869 5362 hominem
1911 5306 1973 5360 de

384 5406 510 5461 limo
538 5414 710 5470 terra,
742 5414 786 5459 et
803 5403 1069 5473 inspiravit
1090 5403 1145 5455 in
1168 5401 1353 5470 faciem
1370 5404 1475 5471 ejus
1496 5400 1812 5469 spiraculum
1831 5401 1967 5467 vitaz,

385 5506 434 5555 et
464 5502 626 5567 [actus
670 5506 744 5551 est
770 5496 920 5557 homo
949 5495 1001 5548 in
1048 5495 1275 5549 animant
1324 5494 1585 5547 viventem.
1621 5493 1685 5547 Et
1715 5492 1969 5547 Salomon

388 5590 467 5646 ait
492 5607 506 5645 :
541 5590 667 5658 Quis
694 5591 790 5645 scit
817 5588 861 5642 si
882 5587 1093 5657 spiritus
1124 5584 1336 5638 Domini
1357 5583 1584 5639 ascendit
1614 5586 1851 5639 sursum?

468 5680 671 5737 Dicitur
717 5690 772 5737 et
814 5680 1029 5747 Spiritus
1074 5692 1257 5743 mens,
1304 5693 1423 5746 qua:
1471 5686 1553 5731 est
1583 5676 1749 5732 veluti
1784 5678 1972 5734 oculus

392 5775 617 5843 animae;
649 5774 702 5831 id
741 5783 823 5828 est
871 5773 1198 5838 intellectus,
1224 5770 1368 5827 unde
1396 5778 1587 5827 cuncta
1619 5771 1971 5843 intelligibilia

2071 4676 2193 4722 tuor
2219 4667 2495 4722 elementis
2525 4676 2771 4721 constare
2816 4664 3084 4723 videntur.
3109 4664 3532 4732 Quantacunque
3568 4665 3641 4721 sit

2070 4758 2363 4825 proceritas
2409 4759 2641 4821 arboris,
2671 4755 2773 4810 nisi
2814 4754 2921 4815 ﬁxa
2951 4754 3221 4809 radicibus
3260 4756 3565 4809 continetur
3609 4769 3641 4809 a

2071 4856 2238 4917 terra,
2292 4847 2451 4902 arbor
2477 4861 2600 4904 esse
2642 4861 2749 4902 non
2775 4853 2990 4915 potest,
3038 4855 3093 4911 et
3120 4844 3220 4911 nisi
3248 4861 3382 4918 aqua
3411 4846 3479 4903 ab
3516 4861 3644 4901 aere

2069 4948 2291 4995 attracta
2323 4955 2418 5011 per
2460 4940 2719 4997 medullas
2760 4938 2971 4995 arboris
2999 4952 3167 5008 usque
3188 4939 3257 4995 ad
3278 4940 3639 4995 summitatem

2076 5031 2235 5087 fuerit
2257 5033 2534 5102 perducta,
2566 5035 2745 5087 vivere
2775 5030 3076 5087 nullatenus
3106 5040 3307 5101 potest;
3340 5040 3396 5087 et
3419 5033 3518 5086 nisi
3549 5046 3644 5087 aer

2074 5127 2141 5182 ab
2179 5128 2299 5194 igne
2344 5128 2499 5201 fuerit
2523 5124 2832 5189 calefactus,
2862 5140 3056 5196 aquam
3085 5125 3265 5181 levare
3305 5140 3411 5179 non
3443 5133 3640 5194 potest.

2076 5217 2313 5287 Denique
2359 5216 2478 5271 ideo
2512 5216 2750 5270 autumni
2793 5214 2991 5285 frigore
3034 5215 3183 5283 lapsa
3224 5213 3422 5270 cadunt
3480 5212 3637 5279 folia,

2076 5311 2197 5381 quia
2228 5325 2321 5365 aer
2349 5325 2453 5363 non
2484 5310 2623 5365 sicut
2646 5324 2814 5365 verno
2839 5319 2931 5365 aut
2955 5310 3143 5369 aestivo
3171 5318 3414 5374 tempore
3444 5306 3641 5361 calefa-

2077 5412 2194 5458 ctus
2226 5410 2426 5457 tantam
2454 5402 2561 5456 vim
2587 5400 2769 5471 habet,
2799 5408 2857 5459 nt
2877 5416 3067 5471 aquam
3096 5400 3163 5455 ad
3189 5399 3465 5469 superiora
3483 5402 3645 5453 arbo-

2072 5496 2148 5551 ris
2177 5495 2374 5559 elevet,
2404 5503 2459 5549 et
2478 5494 2796 5550 viriditatem
2822 5491 2967 5549 loliis
2987 5502 3197 5558 servet;
3227 5491 3323 5547 sed
3365 5490 3640 5559 paulatim,

2076 5590 2299 5646 hiberno
2328 5600 2569 5659 tempore
2589 5588 2932 5652 succedente,
2965 5586 3291 5656 trigetaetus,
3318 5600 3450 5655 aqua
3470 5585 3536 5639 ad
3556 5581 3644 5637 in-

2075 5682 2267 5738 feriora
2294 5681 2645 5745 descendens,
2677 5679 2835 5732 arbor
2864 5677 3076 5734 arescit.

2149 5776 2289 5845 Ergo
2335 5792 2441 5831 non
2499 5771 2922 5843 itnprobabiliter
2962 5770 3194 5827 diximus
3241 5784 3402 5826 omne
3452 5780 3650 5840 corpus
