4076 6348
515 270 619 331 ’595

1995 273 2304 331 ιιειΝιΑΝι

514 391 700 444 vivens
754 401 819 442 ex
870 398 1097 456 quatuor
1144 388 1421 442 clementis
1473 387 1784 443 subsistere.
1826 388 2085 455 Quocirca
2114 391 2169 452 Α
2191 388 2369 443 omnia
2409 384 2527 444 loca'
2564 389 2854 445 illocaliter
2890 389 3154 445 continet.
3185 388 3245 446 Si
3282 402 3380 446 vas
3402 389 3566 462 igitur
3590 405 3625 445 a
3662 405 3796 449 vase

513 480 805 536 absurdum
831 490 934 543 εει,
960 491 1055 534 eta
1085 480 1325 535 veritatis
1347 480 1529 550 regula
1551 481 1806 547 alienum,
1833 490 1889 533 ut
1911 479 2088 534 anima

510 573 580 630 de
607 572 791 642 aliquo
829 571 1216 626 elementorum
1249 571 1438 626 horum
1492 572 1744 627 credatur
1773 572 2086 626 subsistere.

511 662 574 721 Si
603 679 750 717 omne
778 671 1043 733 peccatum
1088 663 1323 734 (dicente
1354 664 1634 732 Apostolo)
1660 665 1994 734 quodcunque
2014 665 2089 734 fe-

508 755 632 809 rerit
652 756 827 822 homo,
849 764 992 809 extra
1014 771 1198 823 corpus
1220 764 1323 819 est,
1345 754 1522 811 anima
1543 773 1662 827 quae
1680 772 1899 827 peccare
1918 764 2091 826 potest

511 844 694 915 utique
721 861 914 915 corpus
943 860 1049 899 non
1078 854 1179 911 est,
1212 848 1348 902 sicut
1376 847 1661 916 Apostolus
1689 848 1802 918 ipse
1830 849 1942 903 ait:
1968 847 2091 903 Cor-

509 953 631 1001 pore
656 940 855 1006 absens,
882 942 1066 1011 spiritu
1106 950 1278 994 autem
1302 956 1548 1010 presseris,
1581 941 1789 1010 judicat
1818 942 2088 997 hominem

506 1032 563 1086 in
613 1041 755 1086 tanta
808 1043 1067 1088 terrarum
1118 1034 1448 1103 longitudine
1498 1034 1845 1103 disparatum,
1904 1034 2089 1103 procul

508 1121 671 1178 dubio
699 1124 876 1179 anima
907 1124 1092 1178 Iocalis
1114 1140 1219 1178 non
1248 1135 1350 1181 est.
1379 1124 1433 1180 Si
1461 1140 1656 1196 corpus
1683 1126 1851 1181 occidi
1883 1134 2087 1195 potest,

508 1216 705 1276 anima,
751 1216 1045 1269 secundum
1094 1216 1235 1286 quod
1266 1216 1522 1271 Dominus
1573 1218 1627 1272 in
1660 1216 1951 1286 Evangelio
1980 1218 2085 1283 ait,

506 1304 677 1360 occidi
707 1320 811 1359 non
842 1316 1052 1375 potest;
1106 1307 1348 1376 profecto
1392 1308 1567 1362 anima
1599 1323 1717 1377 qua:
1764 1308 1933 1363 occidi
1982 1323 2089 1363 non

504 1402 702 1463 potest,
734 1410 929 1464 corpus
952 1411 1057 1451 non
1089 1406 1194 1452 est.
1226 1398 1280 1451 Si
1314 1398 1493 1452 anima
1525 1400 1698 1469 imago
1722 1398 1815 1453 Dei
1848 1408 1929 1454 est
1952 1400 2088 1469 (ipse

503 1484 699 1554 quippe
745 1487 917 1542 dicit:
970 1485 1248 1542 Faciamus
1294 1490 1547 1545 hominem
1593 1491 1661 1543 ad
1690 1492 1963 1560 imaginem
1990 1510 2086 1546 no-

501 1583 660 1633 stram
690 1587 737 1629 et
766 1578 1156 1633 similitudinem
1186 1564 1457 1651 nostram),
1487 1590 1543 1636 et
1572 1581 1695 1637 fecit
1726 1582 1867 1637 Deus
1910 1584 2086 1637 homi-

504 1684 627 1726 nem
656 1670 720 1723 ad
755 1672 1043 1743 imaginem
1091 1688 1262 1739 suam,
1298 1682 1355 1729 et
1406 1675 1545 1730 Deus
1591 1675 1937 1744 incorporeus
1966 1685 2081 1742 est;

504 1760 747 1828 profecto
776 1764 975 1829 anima.
1009 1781 1130 1834 qute
1160 1766 1336 1836 imago
1376 1766 1471 1822 Dei
1500 1778 1604 1837 est,
1632 1783 1827 1839 corpus
1855 1780 2084 1825 nonest.
2115 1784 2164 1844 Β

502 1850 670 1909 Porro
699 1854 745 1908 si
774 1848 951 1911 a'nima
981 1870 1177 1925 corpus
1218 1868 1322 1928 est,
1358 1859 1533 1931 imago
1578 1860 1674 1915 Dei
1708 1877 1813 1917 non
1843 1870 1944 1918 est.
1975 1862 2084 1918 Sed

502 1948 625 2017 quia
653 1964 836 2004 verum
867 1959 950 2006 est
976 1949 1263 2024 imaginem
1294 1954 1388 2010 Dei
1418 1968 1540 2011 esse
1564 1955 1831 2025 animam,
1870 1964 1925 2011 et
1951 1970 2084 2010 con-

502 2039 725 2095 trarium
757 2042 1050 2113 Scriptura:
1093 2054 1295 2102 sanctae
1345 2044 1452 2102 dici
1481 2060 1590 2103 non
1637 2055 1846 2118 potest,
1905 2048 2082 2103 anima

500 2143 697 2197 corpus
724 2148 832 2187 non
861 2143 963 2189 est.

568 2222 675 2279 Sed
723 2224 776 2280 in
803 2226 1117 2285 defensione
1164 2231 1463 2289 animarum
1513 2248 1896 2305 corporearum
1954 2235 2084 2292 illud

499 2317 732 2373 maxime
753 2326 999 2377 astruere
1021 2321 1253 2389 videtur,
1284 2328 1427 2396 quod
1454 2328 1630 2383 anima
1662 2330 2005 2385 contineatur
2027 2330 2084 2385 in

496 2406 639 2464 loco.
672 2408 944 2481 Rogamus
974 2415 1153 2485 itaque
1199 2419 1525 2487 respondeat
1562 2436 1592 2474 a
1615 2436 1719 2490 quo
1749 2422 1868 2475 loco
1913 2422 2083 2477 conti-

497 2500 616 2557 neri
657 2502 892 2557 animam
940 2518 1121 2573 posse.
1151 2506 1207 2563 Si
1247 2522 1277 2562 a
1302 2522 1533 2579 corpore
1580 2527 1699 2581 suo,
1732 2528 1861 2583 ergo
1891 2516 2083 2570 melius

499 2598 585 2645 est
613 2605 807 2661 corpus
835 2594 974 2663 quod
999 2596 1263 2664 continet,
1295 2615 1453 2669 quam
1482 2602 1659 2657 anima
1691 2620 1810 2675 qua:
1843 2608 2085 2663 continet

500 2693 719 2748 corpus.
751 2682 1129 2741 Verumtamen
1157 2688 1279 2759 quia
1309 2691 1503 2747 melius
1530 2707 1652 2749 esse
1679 2709 1877 2767 corpus
1904 2696 2083 2754 anima

501 2771 792 2828 absurdum
822 2784 908 2831 est
953 2776 1163 2846 dicere;
1195 2795 1324 2852 ergo
1370 2798 1475 2839 non
1503 2786 1678 2840 anima
1723 2789 2027 2844 continetur
2050 2804 2083 2845 a

501 2880 749 2936 corpore,
774 2870 869 2926 sed
898 2872 1076 2927 anima
1103 2876 1345 2933 continet
1373 2892 1589 2948 corpus.
1612 2879 1667 2937 Si
1697 2881 1766 2936 ab
1796 2883 1971 2937 anima
1996 2898 2082 2939 re-

499 2959 665 3029 gitur,
715 2961 762 3017 si
814 2962 1137 3033 viviﬁcatur,
1184 2978 1385 3039 quanto
1433 2972 1602 3041 magis
1641 2981 1695 3028 et
1741 2975 2081 3031 continetur?

497 3050 610 3109 Nec
632 3052 773 3109 enim
799 3056 877 3110 sic
904 3057 1088 3128 implet
1110 3074 1307 3132 corpus
1334 3065 1475 3133 quod
1504 3066 1760 3133 continet,
1789 3068 1929 3123 sicut
1962 3078 2079 3124 uter

497 3142 570 3198 im
584 3143 715 3212 pleri
721 3145 955 3248 Iidetur
976 3163 1133 3221 aqua,
1165 3161 1224 3207 ut
1254 3161 1458 3210 tantum
1488 3156 1712 3212 interius
1732 3158 1821 3227 sit,
1855 3173 1962 3214 non
1986 3175 2080 3216 ει·
2110 3174 2157 3239 c

499 3238 687 3293 terius.
721 3238 853 3321 Tota
884 3240 1046 3312 igitur
1069 3246 1245 3301 anima
1272 3249 1498 3306 interius
1526 3260 1630 3319 est,
1659 3261 1773 3308 tota
1816 3254 2074 3322 exterius,

502 3338 648 3419 tanta
669 3332 828 3388 estin
856 3339 1062 3394 minore
1087 3342 1329 3411 corporis
1352 3353 1525 3413 parte,
1552 3357 1747 3415 quanta
1778 3348 1831 3403 in
1855 3350 2077 3419 majore.

497 3417 556 3473 Si
577 3422 721 3477 enim
751 3432 985 3482 extrema
1002 3431 1241 3500 corporis
1265 3447 1387 3503 pars
1402 3436 1487 3491 vel
1508 3436 1676 3507 digito
1696 3417 1955 3509 tangatur,
1972 3450 2080 3497 tota

499 3512 685 3567 sentit.
719 3515 786 3570 Et
812 3531 934 3573 cum
959 3534 1149 3576 sensus
1181 3526 1426 3595 corporis
1454 3529 1699 3598 quinario
1720 3546 1943 3587 numero
1971 3534 2081 3589 dis-

502 3605 685 3671 pertiti
714 3606 843 3675 sint,
876 3609 965 3667 illa
1017 3612 1299 3683 dispertita
1324 3632 1431 3674 non
1462 3629 1546 3675 est
1572 3622 1627 3677 in
1660 3623 1941 3681 sensibus:
1968 3634 2080 3684 tota

496 3696 681 3768 itaque
700 3701 868 3770 videt,
902 3712 1016 3761 tota
1044 3708 1211 3775 audit;
1234 3718 1344 3765 tota
1371 3712 1581 3781 odorat,
1607 3724 1719 3773 tota
1748 3720 1938 3788 tangit,
1967 3728 2080 3776 tota

496 3802 679 3861 gustat
720 3805 823 3854 :et
840 3813 963 3855 cum
1009 3815 1203 3872 corpus
1232 3813 1415 3862 movet
1442 3807 1556 3878 ipsa
1605 3824 1701 3879 per
1729 3810 1926 3879 locum,
1971 3826 2079 3869 non

494 3895 741 3942 movetur
768 3889 885 3960 ipsa
909 3892 1127 3950 inloco.

568 3997 831 4065 Quocirca
876 4006 1035 4064 valde
1066 4012 1329 4069 veraciter
1352 4023 1461 4071 tres
1489 4016 1859 4092 intelliguntur
1884 4023 2079 4081 motio-

492 4101 590 4144 nes
619 4102 932 4183 naturarum
964 4114 979 4155 :
1011 4114 1115 4156 una
1156 4101 1283 4172 Dei,
1327 4119 1447 4174 quae
1478 4122 1577 4163 nec
1599 4110 1651 4164 in
1682 4120 1922 4182 tempore
1962 4126 2081 4183 εει,

501 4194 605 4237 nec
631 4182 685 4237 in
715 4183 875 4241 loco:
904 4187 1006 4242 alia
1032 4190 1255 4260 spiritus
1283 4195 1559 4254 rationalis
1580 4240 1596 4265 ,
1640 4217 1759 4271 quae
1786 4213 1991 4262 tantum
2021 4182 2077 4266 in

494 4286 740 4349 tempore
765 4288 867 4336 est.
899 4281 1007 4339 Sed
1048 4285 1267 4342 forsitan
1293 4291 1636 4360 respondebit
1666 4313 1680 4350 :
1712 4297 1779 4353 Ut
1818 4301 1943 4368 quid
1986 4318 2075 4359 re-

495 4371 724 4441 quiritur
750 4388 779 4426 a
811 4390 898 4431 me
920 4386 1115 4448 quanta
1141 4382 1317 4437 anima
1346 4386 1706 4453 magnitudine
1734 4394 2073 4464 extendatur,

488 4473 612 4517 cum
655 4464 920 4522 veraciter
961 4478 1170 4538 pateat,
1204 4482 1352 4529 extra
1380 4489 1574 4545 corpus
1599 4494 1752 4537 suum
1798 4500 1917 4542 esse
1960 4503 2067 4545 non

492 4564 674 4620 posse,
703 4562 758 4609 et
795 4559 1087 4614 secundum
1117 4564 1534 4634 magnitudinem
1565 4575 1804 4641 corporis
1832 4579 2064 4635 animam
2092 4557 2147 4619 Ῐ)

486 4644 787 4712 quantitate
815 4648 990 4706 ﬁniri?
1017 4652 1159 4723 Ergo
1188 4656 1235 4711 si
1265 4656 1415 4727 juxta
1443 4664 1791 4729 quantitatem
1822 4672 2066 4741 corporis

484 4737 756 4803 quantitas
783 4749 866 4795 est
896 4742 1110 4814 animae,
1146 4756 1292 4804 tanto
1313 4751 1540 4823 quisque
1579 4757 1769 4814 debeat
1807 4737 1934 4817 esse
1973 4779 2065 4818 sa-

487 4826 738 4895 pientior,
765 4842 964 4901 quanto
1018 4835 1179 4893 fuerit
1220 4854 1450 4911 corpore
1478 4848 1753 4915 grandior.
1818 4855 1888 4907 At
1934 4870 2064 4911 vero

483 4932 608 4973 cum
639 4919 954 4995 plerumque
968 4941 1253 4986 cernamus
1278 4936 1635 5003 sapientiores
1655 4956 1774 4997 esse
1803 4943 2062 5017 minores,

478 5023 640 5076 quam
672 5024 896 5080 corpore
920 5018 1235 5085 grandiores
1259 5065 1275 5091 ,
1304 5037 1407 5079 non
1438 5036 1522 5081 est
1547 5032 1739 5087 anima:
1767 5038 2061 5094 secundum

480 5102 727 5169 corporis
739 5103 1087 5172 quantitatem
1104 5112 1393 5180 quantitas.
1410 5116 1580 5174 Porro
1592 5126 1845 5191 autem,si
1860 5136 2058 5184 tantam

477 5191 901 5288 magnitudinem
930 5194 1120 5254 habeat
1148 5203 1346 5271 anima,
1379 5218 1631 5276 quantam
1661 5228 1885 5284 corpus;
1921 5235 2057 5288 quo-

474 5281 638 5374 modo
663 5282 717 5337 in
753 5299 973 5354 parvum
996 5304 1193 5361 corpus
1224 5303 1399 5352 tantas
1420 5313 1702 5371 corporum
1731 5281 2058 5374 granditates

472 5370 769 5441 imaginum
792 5379 1071 5436 continet?
1094 5384 1176 5438 An
1209 5400 1315 5441 non
1343 5370 1533 5446 omnes
1558 5370 1951 5465 magnitudines
1980 5402 2057 5455 ci-

472 5464 698 5521 vitatum
723 5483 857 5538 quas
885 5476 1153 5547 novimus,
1183 5484 1474 5552 montium,
1503 5464 1807 5557 ﬂuminum,
1851 5494 1971 5548 coeli
2001 5505 2057 5551 et

473 5564 657 5626 terra,
683 5561 766 5615 vel
796 5562 1123 5634 reliquarum
1147 5573 1450 5641 specierum
1481 5579 1661 5633 animo
1680 5587 2053 5640 continemus?

472 5646 606 5747 Quis
631 5650 793 5706 etiam
818 5652 1093 5718 locustam
1113 5664 1332 5732 grandis
1358 5668 1551 5725 animae
1569 5686 1689 5727 cum
1714 5681 1859 5730 tanta
1883 5680 2051 5747 spatia

473 5738 713 5799 locorum
754 5746 1038 5806 continet?
1086 5753 1193 5812 Sed
1232 5759 1358 5829 quia
1404 5762 1521 5831 ipsa
1567 5780 1761 5838 corpus
1790 5738 2046 5843 non-esu

2193 482 2550 547 contineatur,
2586 482 2715 537 illud
2742 482 2989 553 profecto
3032 483 3209 538 minus
3236 492 3322 538 est
3365 483 3509 553 quod
3532 484 3789 551 interius,

2194 574 2323 629 illud
2350 575 2523 644 majus
2551 583 2635 631 est
2665 576 2805 646 quod
2829 578 3085 632 exterius.
3112 576 3396 644 Quomodo
3420 592 3551 648 ergo
3582 578 3787 645 anima,

2192 668 2329 721 sicut
2378 667 2574 721 dicitur
2613 683 2833 737 parvum
2899 684 3120 736 corpus.
3164 677 3346 724 tantas
3388 670 3792 741 magnitudines

2191 776 2474 829 corporum
2506 763 2787 817 continet?
2831 762 2899 817 Et
2940 763 3140 819 idcirco
3167 763 3270 819 rite
3313 764 3554 819 creditur
3582 764 3788 828 anima,

2191 855 2539 924 quantitatem
2575 855 2795 920 nullam,
2823 855 3136 924 qualitatem
3167 855 3364 911 habere
3391 856 3584 920 ullam,
3615 855 3789 911 Deum

2192 964 2292 1004 nec
2320 948 2671 1019 quantitatem
2701 963 2800 1003 nec
2826 948 3134 1017 qualitatem
3174 946 3374 1003 habere
3402 964 3416 1000 :
3448 948 3576 1017 quia
3629 949 3794 1018 igitur

2191 1042 2411 1112 azqualis
2436 1041 2548 1095 Deo
2578 1049 2808 1109 nonest,
2828 1041 3136 1111 qualitatem
3164 1039 3395 1105 habere;
3425 1041 3551 1111 quia
3581 1053 3787 1111 corpus

2191 1149 2297 1189 non
2328 1143 2432 1200 est,
2460 1133 2815 1203 quantitatem
2848 1148 2955 1187 non
2989 1133 3207 1188 habere.

2260 1253 2391 1307 Cum
2429 1252 2588 1306 etiam
2636 1251 2853 1321 cogitet,
2888 1248 2930 1303 si
2962 1257 3156 1319 potest,
3193 1248 3318 1319 quid
3351 1248 3430 1303 sit
3457 1248 3514 1302 in
3555 1261 3792 1317 geome-

2193 1347 2306 1403 trite
2352 1347 2638 1416 disciplina
2674 1356 2947 1415 punctum,
2979 1344 3106 1414 quid
3134 1344 3185 1399 in
3218 1344 3379 1409 linea,
3424 1358 3545 1414 qua:
3589 1342 3798 1400 nullam

2190 1442 2348 1497 habet
2400 1440 2757 1505 latitudinem,
2812 1438 3014 1493 nullam
3063 1438 3421 1503 altitudinem,
3473 1436 3570 1492 sed
3616 1436 3797 1492 solum

2190 1533 2351 1588 habet
2430 1532 2851 1602 longitudinem;
2926 1529 3134 1585 auferat
3180 1529 3344 1586 etiam
3407 1528 3796 1598 cogitationem

2189 1626 2257 1680 ab
2297 1626 2534 1679 omnium
2587 1639 2767 1679 rerum
2816 1638 3219 1693 corporearum,
3262 1623 3507 1693 quamvis
3536 1622 3795 1677 minutis-

2189 1718 2469 1782 simarum,
2505 1730 2673 1786 usque
2702 1717 2767 1770 ad
2801 1716 2946 1770 filum
2992 1730 3225 1783 araneae,
3272 1713 3412 1785 quod
3441 1728 3541 1784 pro
3570 1713 3797 1769 modulo

2192 1825 2291 1864 suo
2338 1817 2393 1863 et
2438 1808 2771 1864 latitudinem
2802 1816 2857 1863 et
2896 1807 3232 1863 altitudinem
3282 1807 3481 1863 habere
3520 1804 3799 1876 dignosci-

2192 1914 2294 1959 tur.
2326 1903 2393 1958 Et
2424 1919 2543 1959 cum
2577 1902 2900 1977 intellexerit
2930 1902 3069 1956 hanc
3101 1902 3319 1968 lineam,
3360 1915 3521 1971 quam
3547 1900 3795 1956 diximus

2189 2010 2294 2051 non
2324 2010 2444 2050 esse
2466 2010 2801 2064 corpoream,
2836 1994 3207 2064 intelligatque
3236 2008 3348 2048 rem
3380 1992 3791 2062 incorpoream,

2188 2088 2445 2157 intelligat
2473 2102 2668 2158 corpus
2696 2102 2803 2142 non
2840 2101 3002 2152 esse;
3051 2086 3307 2153 intelligat
3347 2099 3482 2151 rem,
3514 2100 3637 2154 quae
3666 2085 3789 2154 regi

2187 2180 2239 2235 in
2264 2194 2500 2249 corpore.
2518 2178 2883 2243 confirmatur,
2914 2192 3109 2247 corpus
3137 2192 3257 2233 esse
3286 2193 3389 2232 non
3415 2191 3595 2247 posse.
3632 2178 3785 2247 Apo-

2187 2272 2357 2326 stolus
2394 2272 2537 2325 enim
2580 2271 2656 2323 ait
2699 2287 2711 2322 :
2748 2270 2888 2335 Quos
2930 2270 3186 2339 prtvscivit
3233 2268 3611 2338 praedestinavit
3658 2284 3789 2322 cors-

2189 2366 2377 2436 formes
2406 2364 2521 2433 ﬁeri
2548 2362 2787 2432 imaginis
2813 2360 2941 2415 Filii
2970 2363 3103 2432 ejus.
3146 2359 3412 2432 Intelligat
3440 2359 3607 2428 igitur
3644 2359 3793 2430 quod

2186 2458 2479 2526 Apostolus
2521 2457 2640 2511 ait:
2689 2456 2791 2523 Qui
2820 2456 3047 2509 adliceret
3095 2453 3344 2506 meretrici
3396 2452 3555 2505 unum
3594 2467 3793 2520 corpus

2188 2550 2427 2620 eﬂicitur;
2482 2550 2572 2619 qui
2631 2558 2799 2603 autem
2850 2548 3080 2602 adliceret
3126 2543 3352 2601 Domino
3396 2561 3530 2600 unus
3574 2545 3792 2613 spiritus

2187 2651 2281 2698 881.

2258 2732 2594 2802 Quapropter
2621 2729 2912 2786 secundum
2957 2738 3117 2784 rectte
3168 2728 3293 2784 ﬁdei
3336 2727 3619 2784 catholica
3646 2729 3790 2784 veri-

2188 2834 2375 2891 tatetn,
2422 2824 2696 2879 credimus
2726 2823 3012 2877 Dominum
3056 2822 3431 2891 incorporeum
3461 2819 3665 2877 fecisse
3688 2820 3789 2878 ali-

2184 2930 2289 2987 qua
2340 2916 2675 2985 incorporea,
2727 2913 2903 2984 aliqua
2961 2926 3261 2983 corporea,
3317 2915 3681 2983 praeposuisse
3725 2914 3788 2970 in

2185 3022 2382 3078 genere
2432 3021 2814 3077 corporearum
2857 3020 3038 3062 rerum
3095 3005 3374 3060 rationalia
3433 3004 3786 3062 irrationabi-

2188 3100 2348 3167 libus,
2384 3099 2736 3170 intelligibilia
2767 3114 2874 3154 non
2903 3097 3344 3167 intelligentibus,
3366 3107 3512 3168 justa
3543 3098 3784 3168 injustis,

2389 3192 2611 3259 pravis,
2689 3192 3013 3247 immortalia
3068 3191 3406 3246 mortalibus.
3467 3191 3526 3244 ln
3585 3206 3787 3259 genere

2186 3287 2348 3357 igitur
2377 3300 2560 3340 rerum
2587 3299 2991 3355 corporearum,
3037 3285 3306 3340 sensibilia
3354 3284 3786 3356 insensibilibus,

2186 3378 2415 3433 viventia
2454 3393 2559 3433 non
2591 3378 2915 3443 viventibus,
2947 3378 3185 3434 caelestia
3229 3378 3595 3443 terrestribus,
3640 3391 3786 3432 mas-

2184 3470 2421 3526 culinum
2472 3470 2769 3539 feminino,
2812 3471 3043 3527 maxime
3072 3471 3343 3527 valentem
3375 3470 3555 3525 minus
3595 3472 3786 3527 valeno

2185 3564 2327 3619 tiori.

2254 3654 2361 3711 Sed
2407 3655 2521 3711 haec
2561 3654 2792 3711 dicimus
2838 3656 3186 3712 ostendentes
3229 3655 3358 3726 quid
3404 3656 3599 3713 habeat
3644 3655 3787 3713 ordo

2183 3758 2408 3817 naturae,
2442 3764 2548 3805 non
2580 3750 2706 3820 quid
2736 3759 2980 3805 nostrum
3004 3760 3207 3806 asserat
3233 3748 3594 3806 commodum.
3647 3750 3787 3818 Quis

2182 3858 2289 3900 non
2320 3843 2481 3899 etiam
2511 3842 2665 3897 malit
2692 3841 2893 3899 habere
2926 3858 3116 3913 panem
3157 3858 3317 3913 quam
3356 3844 3582 3908 sorices,
3625 3858 3787 3914 gem-

2183 3951 2325 3991 mam
2376 3951 2536 4006 quam
2568 3936 2862 3991 famulam?
2908 3947 2961 3992 et
3004 3939 3322 4007 plerumque
3356 3938 3516 3993 etiam
3546 3938 3785 4007 amplius

2184 4026 2507 4097 appenditur
2534 4042 2703 4097 equus
2730 4042 2890 4098 quam
2922 4042 3129 4094 servus,
3177 4029 3302 4084 dum
3343 4029 3547 4085 scilicet
3575 4030 3783 4088 utilitas

2182 4120 2518 4192 appenditur,
2548 4136 2653 4177 non
2682 4122 2815 4177 ordo
2840 4125 3089 4180 creantis.

2256 4214 2359 4271 Sed
2381 4214 2489 4284 jam
2524 4215 2608 4270 vel
2638 4231 2779 4271 nunc
2808 4218 3055 4288 accipiat,
3090 4218 3406 4275 cbarissime
3451 4218 3639 4289 frater,
3685 4219 3777 4291 qui

2184 4314 2237 4361 te
2263 4306 2481 4360 minime
2509 4306 2694 4361 audire
2724 4307 3007 4374 detramat,
3042 4299 3472 4381 sanctum'atque
3500 4310 3779 4381 egregium

2183 4397 2587 4465 praedicatorem
2628 4398 2923 4455 antistitem
2951 4398 3306 4471 Augustinum
3341 4419 3354 4455 :
3385 4409 3439 4457 et
3482 4402 3605 4457 licet
3636 4414 3778 4470 pene

2181 4489 2236 4543 in
2280 4489 2529 4544 omnibus
2572 4490 2845 4557 opusculis
2888 4492 3020 4559 suis,
3064 4492 3153 4548 ubi
3194 4508 3317 4549 eum
3360 4508 3520 4549 causa
3569 4492 3771 4566 exegit,

2170 4566 2402 4636 animam
2436 4581 2526 4636 vel
2564 4582 2812 4651 angelum
2839 4580 3073 4637 instruat
3097 4583 3477 4654 incorporeum
3504 4625 3521 4651 ,
3548 4598 3771 4640 verum-

2172 4682 2350 4728 tamen
2396 4674 2520 4743 quia
2569 4675 2814 4745 angustia
2862 4677 3117 4745 temporis
3160 4677 3321 4748 (sicut
3360 4679 3473 4749 jam
3510 4678 3768 4748 diximus)

2171 4774 2428 4833 coarctat,
2456 4766 2620 4821 libros
2646 4766 2763 4837 ejus
2786 4781 2886 4823 nec
2908 4769 3061 4824 vobis
3084 4770 3464 4837 transmittere,
3490 4786 3589 4825 nec
3612 4772 3769 4825 nobis

2171 4855 2350 4925 legere
2379 4866 2568 4923 vacat,
2600 4872 2767 4927 pauca
2794 4860 2954 4913 etiam
2994 4875 3112 4931 qua:
3155 4861 3311 4917 nobis
3350 4876 3415 4917 ex
3459 4860 3614 4917 libris
3647 4862 3767 4931 ejus

2171 4950 2237 5003 ad
2277 4949 2764 5017 incorporalitatem
2795 4953 2987 5008 anima:
3013 4963 3102 5008 aut
3131 4955 3305 5024 angeli
3333 4954 3679 5010 astruendam
3710 4955 3765 5009 in

2169 5051 2404 5097 mentem
2435 5043 2681 5111 veniunt,
2726 5045 2962 5101 scribere
2993 5048 3320 5102 curavimus.
3350 5046 3406 5102 ln
3436 5047 3574 5102 libro
3603 5048 3766 5118 igitur

2169 5131 2258 5201 qui
2289 5134 2499 5188 titulum
2527 5134 2707 5201 habet,
2734 5135 2809 5190 De
2831 5150 3041 5192 summo
3062 5139 3222 5205 bono,
3249 5154 3410 5210 supra
3427 5150 3761 5196 memoratus

2168 5224 2390 5280 antistes
2424 5244 2435 5279 :
2475 5244 2494 5277 α
2536 5227 2726 5281 Omnis
2772 5239 2960 5283 natura
3017 5232 3231 5302 (inquit)
3278 5242 3368 5286 aut
3408 5234 3631 5302 spiritus
3668 5240 3762 5289 aut

2167 5330 2362 5386 corpus
2385 5329 2502 5386 est;
2535 5321 2755 5390 spiritus
2804 5321 3257 5379 incommutabilis
3288 5326 3427 5381 Deus
3467 5337 3573 5393 est,
3600 5328 3760 5397 spiri-

2166 5410 2299 5466 ritus
2323 5414 2718 5470 commutabilis
2742 5414 2879 5471 facta
2908 5428 3114 5481 natura,
3138 5419 3231 5474 sed
3257 5435 3483 5489 corpore
3504 5420 3755 5477 melior.»

2161 5499 2219 5555 In
2252 5502 2385 5557 libro
2418 5505 2579 5561 etiam
2620 5507 2687 5562 de
2716 5506 3030 5579 Virginitate
3069 5521 3269 5568 sanctae
3320 5513 3503 5570 Mariae
3528 5556 3543 5582 ,
3596 5528 3757 5584 quem

2161 5592 2226 5645 ad
2256 5593 2601 5651 Volusianum
2635 5602 2890 5671 scripsit:
2926 5620 2944 5653 ‹
2973 5603 3028 5658 Si
3058 5615 3238 5661 autem
3279 5606 3491 5677 (inquit)
3538 5607 3756 5677 quidam

2158 5684 2419 5741 rationem
2464 5689 2617 5745 reddi
2659 5689 2758 5748 sibi
2789 5694 3051 5764 flagitant,
3083 5698 3351 5767 quomodo
3378 5699 3519 5754 Deus
3547 5699 3752 5755 homini

2156 5779 2445 5847 permistus
2484 5783 2579 5867 sit,
2619 5794 2676 5842 ut
2718 5801 2826 5844 una
2865 5786 3022 5847 fieret
3059 5804 3286 5880 persona
3328 5791 3569 5859 Christi;
3625 5805 3752 5852 cum
