4076 6348
176 302 299 361 697

1085 292 1419 352 EPISTULA
1456 295 1525 366 II,
1567 296 1660 352 A-D
1701 294 2126 352 EPIPHANIUM
2163 295 2541 355 DIACONIJM.

3365 303 3468 361 698

172 417 292 475 hoc
318 413 479 472 simul
508 413 625 471 ﬁeri
653 415 970 485 oportuerit,
1011 413 1163 485 quasi
1205 412 1466 469 rationem
1517 412 1618 483 ipsi
1655 410 1777 468 red-
1802 414 1855 476 Α
1881 410 1933 466 in
1965 420 2077 466 toto
2106 428 2265 483 quam
2310 413 2367 469 in
2405 414 2607 481 aliquo,
2663 422 2717 470 et
2766 422 2872 471 tam
2914 427 3163 487 magnum
3207 414 3262 472 in
3300 431 3469 490 parvo

171 512 319 572 dant
360 511 429 567 de
476 525 536 566 re
580 525 702 581 quae
739 509 977 580 quotidie
1023 508 1104 578 Iit,
1156 507 1430 579 quomodo
1485 508 1776 562 misceatur

171 606 366 661 anima
406 603 643 673 corpori,
692 612 748 656 ut
792 617 897 658 una
943 617 1170 673 persona
1214 602 1304 656 liat
1345 600 1597 655 hominis.
1642 600 1773 654 Nam

171 696 327 752 sicut
358 693 413 749 in
457 694 658 751 unitate
703 709 946 764 personae
987 694 1166 748 anima
1214 692 1381 747 utitur
1428 706 1675 762 corpore,
1718 701 1777 748 ut

171 787 348 845 homo
391 789 495 855 sit;
540 789 615 843 ita
659 788 712 843 in
761 789 964 843 unitate
1004 802 1247 858 personae
1290 787 1432 843 Deus
1470 786 1636 841 utitur
1672 785 1771 841 ho-

170 881 331 936 mine
377 888 439 935 ut
488 879 733 935 Christus
785 879 874 935 sit.
916 897 935 930 ι
998 878 1066 933 Ει
1117 886 1238 948 post
1284 878 1556 949 paululum
1602 876 1771 932 dicit:

176 991 202 1025 ι
238 972 475 1028 Persona
506 971 741 1027 hominis
772 972 994 1026 mistura
1040 980 1121 1026 est
1161 970 1355 1026 anima:
1397 979 1451 1026 et
1490 970 1772 1038 corporis;

170 1078 414 1134 persona
444 1071 621 1119 autem
649 1061 849 1118 Christi
880 1062 1103 1117 mistnra
1132 1070 1218 1118 est
1246 1060 1341 1117 Dei
1369 1070 1426 1117 et
1456 1061 1708 1116 hominis.
1748 1078 1768 1113 ι

174 1160 251 1215 Ει
294 1167 418 1231 post
457 1157 725 1228 paululum
759 1174 773 1210 :
811 1157 1221 1212 «Verumtamen
1253 1156 1480 1210 duarum
1532 1155 1776 1223 incorpo-

169 1266 398 1309 rearum
428 1264 607 1305 rerum
630 1249 935 1305 commistio
967 1247 1176 1304 facilius
1197 1246 1343 1302 credi
1374 1244 1580 1311 debuit,
1609 1260 1773 1314 quam

168 1345 346 1401 unius
367 1344 698 1413 incorporeze
725 1351 782 1397 et
803 1340 1021 1396 alterius
1047 1354 1342 1409 corporeae.
1370 1326 1511 1393 Nam»
1528 1338 1572 1392 si
1594 1335 1773 1391 anima

166 1438 234 1495 in
281 1451 379 1492 sua
427 1444 617 1491 natura
669 1450 776 1490 non
830 1433 1059 1500 fallitur,
1120 1434 1490 1503 incorpoream
1545 1445 1605 1487 se
1652 1445 1774 1487 esse

165 1527 607 1600 comprehendit.
638 1526 806 1582 Multo
832 1526 1003 1597 magis
1031 1526 1405 1596 incorporeum
1436 1523 1768 1579 cstVerbum

168 1622 303 1692 Dei,
335 1637 399 1677 ac
421 1637 517 1693 per
546 1623 648 1676 hoc
670 1619 833 1676 Verbi
867 1619 960 1675 Dei
988 1628 1042 1675 et
1062 1619 1255 1674 anima:
1281 1617 1593 1675 credibilior
1611 1616 1774 1671 debet

166 1731 301 1773 esse
343 1713 670 1792 commistio,
712 1728 871 1783 quam
922 1714 1116 1768 anima:
1161 1720 1215 1767 et
1260 1710 1520 1782 corporis.
1563 1708 1669 1764 Sed
1714 1706 1771 1762 in

1877 518 2038 573 quam
2080 505 2133 560 in
2176 520 2388 578 magno.
2438 506 2554 563 Non
2601 507 2761 577 igitur
2806 508 2993 564 localis
3030 517 3112 564 est
3148 509 3348 566 anima.
3397 512 3467 568 Et

1875 598 2135 669 quidquid
2178 601 2387 657 illocale
2438 610 2542 666 est,
2596 617 2913 672 corporeum
2974 618 3080 658 non
3137 612 3255 659 est;
3304 604 3466 675 Igitur

1875 691 2055 747 anima
2100 706 2297 763 corpus
2335 710 2441 750 non
2488 705 2591 750 est.
2643 695 2773 750 Item
2822 695 3169 750 ratiocinatur
3209 712 3224 749 :
3270 695 3464 753 Anima

1876 785 2158 841 rationalis
2187 794 2291 854 est,
2323 796 2377 843 et
2405 787 2826 844 substantialiter
2854 788 2994 844 inest
3019 790 3210 845 animae
3247 790 3464 846 ratioci-

1876 879 2017 946 nari,
2048 888 2104 936 et
2131 880 2269 936 ratio
2297 881 2647 951 incorporalis
2684 891 2845 952 atque
2882 882 3106 939 illocalis
3142 892 3226 939 est
3255 902 3267 937 :
3303 885 3465 954 igitur

1875 974 2232 1046 incorporalis
2286 985 2370 1032 est
2413 978 2612 1032 anima.
2661 978 2790 1034 Item
2820 980 3066 1035 voluntas
3104 980 3298 1035 animae
3338 980 3466 1037 sub-

1875 1069 2071 1125 stantia
2110 1069 2227 1139 ejus
2256 1081 2357 1137 est,
2391 1081 2445 1127 et
2481 1073 2525 1126 si
2556 1081 2663 1127 tota
2688 1072 2802 1128 vult
2841 1073 3041 1139 anima,
3083 1081 3192 1128 tota
3218 1073 3465 1129 voluntas

1877 1169 1979 1226 est,
2022 1169 2075 1215 et
2104 1160 2353 1216 voluntas
2399 1176 2595 1232 corpus
2634 1177 2741 1218 non
2788 1174 2892 1219 est.
2942 1163 3108 1234 Igitur
3145 1162 3320 1218 anima
3353 1178 3461 1218 non

1874 1259 1959 1306 est
1976 1264 2193 1320 corpus.
2224 1253 2353 1307 Item
2385 1253 2641 1309 memoria
2669 1254 2895 1311 illocalis
2921 1254 3164 1324 quaedam
3193 1254 3464 1324 capacitas

1874 1349 1980 1408 est,
2005 1356 2125 1412 qua:
2153 1357 2253 1398 nec
2282 1344 2628 1401 multitudine
2670 1345 3084 1402 recordabilium
3114 1345 3460 1410 distenditur,

1876 1449 1975 1490 nec
2024 1436 2286 1504 paucitate
2340 1447 2621 1505 tenuatur,
2679 1448 2735 1496 et
2787 1439 3250 1510 incorporabiliter
3302 1441 3463 1495 etiam

1874 1527 2231 1595 corporalium
2260 1529 2638 1585 reminiscitur.
2683 1531 2897 1587 Etcum
2946 1531 3190 1587 meminit
3227 1531 3462 1597 animus,

1875 1626 2019 1673 totus
2047 1621 2313 1689 meminit,
2361 1630 2413 1675 et
2455 1630 2595 1677 totus
2636 1624 2893 1679 memoria
2937 1631 3042 1690 est,
3087 1624 3175 1693 qui
3219 1624 3464 1679 meminit

1875 1721 2018 1767 totus
2052 1730 2067 1769 :
2092 1722 2148 1768 et
2173 1714 2427 1769 memoria
2457 1729 2651 1785 corpus
2675 1731 2781 1772 non
2800 1725 2902 1771 est.
2928 1716 3044 1771 Non
3075 1716 3235 1787 igitur
3267 1728 3463 1786 corpus

166 1807 337 1863 nobis
391 1805 522 1876 ipsis
577 1804 887 1875 experimur
938 1803 1073 1858 illud
1098 1845 1114 1870 ,
1169 1802 1222 1856 in
1280 1801 1496 1856 Christo
1550 1798 1771 1855 credere
1797 1793 1849 1856 Β
1874 1816 1958 1862 est
1998 1808 2231 1862 animus.
2259 1809 2386 1865 Item
2416 1825 2610 1881 corpus
2637 1827 2736 1867 nec
2766 1812 3155 1882 appmpinquat
3200 1814 3330 1883 Deo,
3363 1828 3463 1870 nec

163 1897 427 1970 iubemur
476 1914 488 1949 :
540 1896 586 1952 si
641 1905 820 1951 autem
878 1904 1165 1964 utrumque
1220 1892 1376 1949 nobis
1427 1894 1768 1962 inexpertum

164 1988 501 2044 credendum
536 1988 939 2057 praeciperetur,
985 1985 1112 2057 quid
1154 1984 1347 2040 horum
1384 1985 1543 2039 citius
1578 1984 1766 2040 crede-

162 2083 396 2140 remus?
436 2081 716 2149 Quomodo
758 2094 867 2136 non
920 2079 1219 2136 fateremur
1265 2079 1372 2134 duo
1422 2080 1763 2149 incorporea,

161 2195 334 2250 quam
388 2195 553 2234 unum
608 2179 985 2249 incorporeum
1042 2178 1378 2249 alterumque
1446 2194 1765 2248 corporeum

165 2272 385 2328 facilius
442 2272 683 2340 potuisse
735 2271 985 2350 misceri?
1023 2289 1042 2323 ι
1112 2269 1237 2325 Haec
1290 2269 1583 2339 disputatio
1640 2285 1767 2325 vera

166 2366 385 2421 ratione
405 2365 716 2437 plenissima
746 2364 928 2434 magni
953 2362 1213 2419 antistitis
1243 2364 1549 2419 incredulos
1574 2379 1768 2434 provo-

165 2472 303 2513 cans
328 2458 392 2511 ad
427 2457 582 2512 fidem
612 2458 769 2512 ducet
802 2474 814 2509 :
846 2464 903 2510 ut
947 2455 1152 2511 scilicet
1198 2456 1337 2510 sicut
1384 2457 1609 2512 credunt
1652 2457 1769 2510 ani-

167 2565 315 2606 mam
362 2552 731 2619 incorpoream
756 2546 1010 2618 fcorpori,
1052 2558 1112 2605 ut
1152 2562 1256 2603 una
1296 2563 1519 2617 persona
1552 2548 1642 2603 ﬁat
1672 2548 1766 2605 ho-

169 2642 381 2709 minis,
439 2642 676 2711 potuisse
735 2639 980 2706 misceri;
1057 2639 1227 2694 multo
1284 2639 1493 2694 facilius
1544 2639 1767 2695 credere

170 2736 374 2793 debent
394 2734 629 2790 Verbum
660 2732 754 2789 Dei
783 2733 1182 2803 incorporeum,
1210 2730 1545 2803 incorporea:
1573 2732 1767 2786 animae

171 2827 415 2899 potuisse
440 2825 674 2881 misceri.

244 2938 459 2995 Inlibro
479 2937 641 2993 etiam
669 2937 732 2991 de
767 2936 976 3007 Origine
1004 2952 1214 3003 ammte,
1245 2949 1407 3007 quem
1433 2934 1498 2990 ad
1523 2945 1767 2991 sanctum

171 3029 559 3102 Hieronymum
632 3028 1003 3099 presbyterum
1068 3027 1330 3095 scripsit,
1391 3029 1767 3097 incorpoream

170 3139 388 3197 quoque
423 3137 546 3179 esse
578 3122 811 3177 animam
854 3121 1026 3192 inquit
1052 3138 1067 3177 :
1095 3123 1207 3175 etsi
1230 3121 1431 3191 di/ﬁcile
1460 3121 1767 3175 tardioribus

174 3186 476 3287 persuaderi
514 3223 698 3285 potest,
731 3212 855 3267 mihi
887 3223 1055 3267 tamen
1094 3213 1259 3283 fateor
1290 3228 1398 3267 esse
1439 3228 1760 3282 persuasum.
1796 3186 1841 3250 Ο

169 3307 303 3367 Haec
323 3308 486 3363 verba
516 3307 656 3363 beati
686 3305 966 3376 Augustini
995 3304 1289 3360 ostendunt
1319 3304 1439 3359 illos
1468 3319 1573 3358 non
1606 3319 1766 3375 posse

170 3402 475 3472 Intelligere
528 3399 720 3454 anima:
780 3396 1273 3469 incorporalitatem
1312 3440 1326 3462 ,
1395 3397 1485 3467 qui
1552 3396 1766 3467 ingenio

171 3494 370 3567 pusillo
398 3509 507 3549 non
528 3494 707 3548 valent
737 3490 1024 3561 seiungere
1050 3504 1311 3560 corporea
1342 3489 1409 3543 ab
1434 3491 1768 3558 incorporeis

175 3588 341 3645 rebus
366 3605 380 3641 :
405 3586 527 3657 quia
555 3584 763 3639 scilicet
793 3590 997 3638 tantum
1030 3582 1272 3650 corporis
1300 3581 1546 3636 sensibus
1575 3581 1763 3652 dediti,

168 3678 308 3735 nihil
347 3692 468 3734 esse
513 3675 826 3732 exiStimant
861 3673 1001 3745 quod
1044 3686 1148 3727 non
1181 3687 1275 3737 per
1304 3686 1498 3727 sensus
1524 3672 1767 3741 corporis

165 3772 480 3844 percepisse
508 3769 872 3826 meminerint.
895 3766 1123 3836 Scripsit
1146 3773 1324 3820 autem
1348 3764 1491 3820 idem
1520 3766 1768 3835 egregius

166 3864 369 3921 Doctor
396 3863 591 3917 librum
619 3860 686 3916 de
716 3858 1011 3931 quantitate
1040 3858 1255 3922 animae,
1297 3855 1480 3910 multis
1502 3864 1559 3910 et
1589 3855 1767 3909 multi-

167 3957 407 4030 plicibus
451 3951 906 4024 disputationibus
949 3949 1229 4012 refertum,
1261 3948 1313 4003 in
1347 3962 1451 4017 quo
1482 3947 1619 4003 inter
1660 3963 1767 4002 cre-

167 4062 287 4108 tera
313 4050 379 4105 de
408 4047 844 4116 incorporalitate
873 4045 1066 4100 animae
1100 4043 1357 4113 disputat.
1411 4059 1430 4093 ι
1459 4040 1575 4096 Non
1595 4042 1762 4111 enim,

167 4142 288 4207 ait,
323 4140 431 4195 ullo
460 4138 620 4194 modo
645 4180 661 4205 ,
690 4147 783 4192 aut
808 4136 983 4206 longa,
1013 4142 1104 4187 aut
1132 4134 1259 4198 lata,
1286 4141 1378 4187 aut
1403 4132 1555 4202 quasi
1586 4131 1766 4188 valida

167 4231 492 4305 suspicanda
521 4238 606 4286 est
626 4228 807 4283 anima
835 4241 1115 4295 corporea.
1148 4244 1168 4277 ι
1218 4224 1325 4279 Ista
1362 4234 1505 4290 sunt,
1546 4234 1605 4278 ut
1633 4224 1765 4278 mihi

169 4328 406 4393 videtur,
452 4334 507 4381 et
542 4323 611 4378 de
658 4318 1045 4377 consuetudine
1085 4332 1372 4387 corporum
1413 4317 1492 4371 sic
1531 4317 1766 4371 animam

169 4420 484 4491 quaerimus,
529 4415 757 4486 ideoque
796 4413 934 4469 bene
982 4409 1287 4482 praecipitur
1339 4408 1497 4465 etiam
1550 4408 1603 4462 in
1649 4422 1767 4477 my-

170 4511 370 4575 steriis,
419 4517 477 4562 ut
515 4507 694 4562 omnia
740 4517 966 4574 corpora
1019 4508 1351 4565 contemnat,
1402 4496 1764 4568 universoque

172 4604 299 4659 huic
336 4600 537 4657 mundo
576 4597 871 4664 renuntiet,
913 4595 1025 4665 qui,
1067 4604 1128 4649 ut
1155 4592 1417 4659 videmus,
1474 4607 1766 4662 corporeus
1790 4580 1847 4642 Ι)

172 4705 257 4754 est
286 4738 301 4763 ,
328 4693 568 4767 quisquis
593 4706 654 4748 se
685 4691 846 4747 talem
886 4688 1040 4744 reddi
1065 4688 1354 4754 desiderat,
1384 4689 1556 4757 qualis
1594 4702 1623 4741 a
1654 4686 1766 4743 Deo

173 4791 348 4847 factus
387 4797 493 4855 est,
537 4785 592 4841 id
629 4792 712 4841 est
752 4781 943 4838 similis
983 4780 1115 4837 Deo.
1140 4779 1253 4835 Non
1297 4779 1438 4835 enim
1487 4780 1590 4835 alia
1619 4780 1766 4835 salus

173 4886 369 4943 anima:
406 4892 509 4948 est,
555 4888 644 4936 aut
689 4876 987 4940 renovatio,
1017 4884 1111 4930 aut
1157 4872 1523 4931 reconciliatio
1553 4871 1764 4928 auctori

173 4996 294 5039 ειιο.

246 5092 597 5157 Claudianus,
624 5088 709 5143 vir
734 5083 1139 5147 disertissimus,
1184 5078 1352 5136 edidit
1390 5077 1557 5132 libros
1584 5076 1653 5133 de
1683 5076 1767 5133 In-

174 5185 555 5257 corporalitate
583 5181 776 5237 anima:
801 5187 933 5242 tres,
962 5175 1107 5231 omni
1131 5172 1454 5244 eloquentia:
1479 5171 1766 5242 splendore

176 5282 439 5352 fulgentes
472 5295 484 5331 :
518 5278 571 5331 in
605 5273 800 5345 quibus
839 5271 979 5326 inter
1014 5277 1209 5325 caetera
1252 5266 1449 5338 ingenii
1490 5265 1573 5321 sui
1601 5265 1768 5321 docu-

177 5380 356 5430 menta
416 5364 869 5440 praeclarissima;
909 5379 929 5412 ι
958 5362 1149 5427 Omne,
1197 5359 1390 5429 inquit,
1431 5357 1643 5413 illocale
1689 5356 1770 5412 in-

176 5476 499 5537 corporeum
546 5472 757 5530 quoque
801 5463 905 5511 est.
954 5453 1122 5508 Porro
1148 5451 1254 5505 vita
1299 5450 1543 5519 corporis
1585 5450 1768 5503 anima

175 5568 281 5625 est,
311 5568 368 5614 et
409 5556 465 5610 in
496 5566 723 5623 corpore
747 5548 911 5614 vivit;
955 5555 1010 5602 et
1035 5556 1142 5599 tam
1169 5545 1298 5599 vivit
1327 5543 1503 5597 anima
1535 5542 1587 5595 in
1616 5550 1767 5611 parte

178 5652 443 5723 corporis,
476 5660 639 5718 quam
674 5645 727 5699 in
758 5636 869 5698 toto
894 5653 1148 5710 corpore;
1182 5645 1389 5691 tantum
1418 5648 1548 5705 ergo
1569 5634 1691 5688 vita:
1712 5634 1769 5688 in

180 5756 335 5820 parte
370 5742 614 5813 corporis
653 5746 756 5806 est,
799 5744 1055 5808 quantum
1084 5736 1137 5788 in
1166 5739 1278 5786 toto
1302 5742 1548 5799 corpore,
1580 5736 1634 5782 et
1660 5728 1769 5781 vita

182 5841 303 5902 haec
327 5838 507 5895 anima
533 5842 654 5907 est;
685 5845 787 5889 nec
807 5830 977 5889 locale
1002 5836 1089 5887 est
1106 5825 1250 5899 quod
1283 5833 1388 5881 tam
1415 5834 1663 5895 magnum
1688 5828 1772 5878 est

1874 1901 2076 1957 recedit
2103 1916 2130 1955 a
2160 1902 2305 1967 Deo;
2348 1902 2560 1960 animus
2589 1914 2767 1960 autem
2797 1913 2852 1961 et
2880 1907 3152 1975 proximat
3181 1915 3234 1962 et
3258 1907 3464 1978 longin-

1872 2002 2000 2062 qnat
2027 1993 2333 2061 illocaliter;
2372 1996 2532 2065 igitur
2561 1999 2773 2071 animus
2802 1998 2986 2053 localis
3023 2013 3128 2053 non
3175 2007 3275 2054 est.
3314 2018 3334 2052 ι
3394 2000 3466 2055 Et

1874 2087 2130 2142 hactenus
2158 2086 2227 2143 de
2254 2087 2687 2159 incorporalitate
2709 2090 2902 2145 animae
2926 2089 3255 2160 disputatum
3280 2091 3367 2144 sit-

1944 2221 2235 2279 Videamus
2260 2223 2516 2294 deinceps
2546 2234 2723 2280 utrum
2749 2224 2972 2281 assertio
3002 2235 3185 2281 nostra
3211 2240 3276 2280 co
3319 2224 3462 2295 quod

1871 2315 2181 2383 angelorum
2227 2325 2414 2371 natura
2452 2317 2522 2372 sit
2550 2317 2885 2387 incorporea,
2934 2318 3114 2386 aliquo
3153 2318 3462 2373 testimonio

1872 2406 2175 2463 roboretur.
2210 2410 2406 2465 Beatus
2432 2418 2579 2465 certe
2603 2410 2948 2480 AuguStinus,
3002 2411 3129 2466 licet
3180 2411 3235 2465 in
3280 2408 3463 2465 multis

1871 2499 2147 2568 opusculis
2173 2507 2379 2554 astruat
2397 2499 2617 2571 angelos
2639 2501 3009 2571 incorpoream
3036 2516 3156 2557 esse
3182 2509 3425 2556 naturam
3444 2540 3461 2567 ,

1875 2598 2223 2646 veruntamen
2256 2590 2307 2644 in
2340 2590 2475 2646 libro
2501 2591 2777 2646 Trinitatis
2816 2606 2920 2646 non
2962 2592 3134 2648 solum
3177 2606 3248 2647 ex
3280 2591 3463 2647 incor-

1872 2696 2059 2752 poreo,
2086 2696 2270 2737 verum
2318 2684 2583 2767 etiam‘ex
2615 2699 2895 2754 corporeo,
2939 2683 2992 2738 id
3033 2694 3113 2739 est
3154 2699 3218 2739 ex
3264 2683 3465 2752 duplici

1872 2780 2191 2847 substantia,
2224 2796 2317 2836 eos
2343 2796 2464 2837 esse
2494 2791 2790 2848 asseverat,
2814 2792 2871 2837 ut
2892 2798 2958 2839 ex
2988 2798 3095 2838 una
3120 2782 3189 2837 ad
3216 2780 3311 2836 Dei
3333 2794 3466 2835 con«

1876 2873 2274 2942 templationem
2301 2890 2409 2929 non
2438 2876 2713 2941 recedant,
2760 2877 3053 2933 secundum
3101 2875 3243 2945 quod
3284 2873 3463 2928 Domi-

1874 2980 1975 3020 nus
2004 2966 2056 3019 in
2091 2967 2376 3038 Evangelia
2401 2979 2527 3023 cum“
2554 2970 2620 3024 de
2647 2984 2751 3025 non
2778 2968 3200 3024 condemnandis
3229 2967 3462 3036 parvulis

1873 3067 2056 3129 ageret
2097 3077 2111 3113 :
2159 3058 2293 3124 Quia
2319 3061 2489 3129 angeli
2516 3077 2692 3115 eorum
2719 3078 2916 3133 semper
2941 3062 3109 3115 vident
3141 3060 3322 3125 {aciem
3350 3058 3462 3113 Pa-

1874 3154 1968 3205 tris
1995 3154 2118 3221 mei,
2147 3155 2235 3223 qui
2265 3155 2317 3207 in
2347 3154 2487 3207 caelis
2522 3164 2632 3218 est;
2679 3170 2743 3208 ex
2783 3155 2889 3209 alia
2932 3154 2999 3208 ad
3042 3153 3216 3223 aliqua
3256 3151 3462 3222 agenda

1873 3245 1928 3301 in
1953 3253 2242 3314 conspectu
2277 3247 2551 3302 hominum
2582 3246 2843 3301 veraciter
2865 3253 3178 3315 appareant.
3200 3244 3288 3300 Sic
3318 3244 3462 3297 enim

1874 3336 1927 3391 in
1975 3337 2109 3392 libro
2150 3353 2187 3391 ιι
2231 3324 2473 3407 ejusdem
2514 3339 2694 3406 operis
2743 3355 2756 3391 :
2811 3356 2830 3388 ‹
2866 3341 3236 3401 Assumentes,
3270 3336 3461 3406 inquit,

1872 3432 2049 3501 angeli
2098 3432 2432 3499 corporalem
2479 3433 2714 3502 speciem
2758 3447 2785 3486 a
2816 3441 3066 3487 creatura
3105 3444 3362 3499 corporea
3408 3432 3464 3486 in

1872 3539 2027 3579 usum
2074 3525 2356 3594 ministerii
2399 3525 2502 3594 sui,
2544 3526 2683 3580 sicut
2730 3527 2919 3595 cuique
2962 3538 3097 3594 opus
3150 3531 3313 3587 esset,
3369 3532 3463 3577 aut

1872 3617 2046 3688 ipsum
2076 3631 2273 3688 corpus
2303 3632 2458 3672 suum
2486 3617 2571 3672 cui
2595 3631 2700 3673 non
2722 3617 3041 3682 subduntur,
3072 3615 3167 3671 sed
3188 3616 3462 3671 subditum

1871 3719 2085 3780 regunt,
2131 3709 2186 3764 in
2231 3710 2438 3779 species
2467 3726 2602 3780 quas
2638 3709 2820 3764 volent
2845 3707 3274 3764 accommodatas
3305 3716 3464 3775 atque

1871 3810 2025 3870 aptas
2077 3801 2374 3856 actionibus
2421 3803 2535 3856 suis
2573 3801 2915 3855 iininutantes
2959 3809 3119 3868 atque
3167 3806 3459 3863 vertentes,

1872 3894 2165 3951 secundum
2215 3893 2523 3948 attributam
2576 3892 2679 3948 sibi
2721 3907 2753 3947 a
2799 3892 3053 3947 Creatore
3092 3889 3403 3961 potentiam.
3435 3907 3456 3942 ι

1870 3988 2001 4045 Item
2029 3988 2081 4042 in
2106 3986 2239 4042 libro
2264 4002 2321 4042 Ill
2343 4001 2505 4056 supra
2530 3995 2946 4042 memoratorum
2972 3986 3229 4042 librorum
3257 4001 3273 4039 :
3300 4001 3319 4036 ε
3340 3981 3460 4039 Νοιι

1870 4082 2046 4138 solum
2078 4082 2267 4148 malos,
2302 4080 2491 4151 inquit,
2522 4080 2747 4136 sed'nec
2774 4081 2943 4135 bonos
2991 4079 3215 4152 angelos
3256 4075 3337 4133 I‘as
3379 4082 3463 4134 est

1871 4176 2047 4247 putari
2097 4183 2389 4241 creatores,
2442 4173 2509 4241 si,
2560 4188 2658 4243 pro
2700 4172 2989 4230 subtilitate
3035 4172 3117 4228 sui
3165 4185 3356 4228 sensus
3404 4175 3463 4227 et

1869 4268 2137 4338 corporis.
2167 4270 2375 4323 semina
2404 4281 2585 4322 rerum
2616 4266 2837 4321 istarum
2868 4265 3024 4321 nobis
3046 4264 3334 4320 occultiora
3365 4277 3463 4317 no-

1870 4367 2116 4413 verunt.»
2163 4358 2400 4428 Etpaulo
2422 4365 2584 4428 post:
2616 4375 2635 4408 ι
2667 4357 2797 4424 Quae
2824 4357 2879 4411 in
2905 4356 3058 4412 ccelis
3087 4364 3231 4422 sunt,
3264 4353 3454 4422 inquit,

1868 4467 1976 4507 non
2026 4453 2434 4522 investigamus,
2491 4465 2598 4522 quo
2642 4465 2823 4506 rerum
2870 4464 3095 4519 genere,
3145 4457 3200 4502 et
3235 4460 3461 4513 corpora

1870 4548 2110 4619 angelica
2161 4546 2454 4603 secundum
2503 4544 2772 4615 pr0priam
2816 4543 3151 4611 dignitatem,
3192 4549 3248 4595 et
3274 4553 3461 4594 eorum

1873 4642 2117 4713 quaedam
2148 4638 2444 4710 corporalis
2477 4636 2612 4692 actio
2640 4636 3001 4691 continetur.»
3029 4633 3157 4688 Item
3183 4632 3320 4687 libro
3341 4646 3465 4700 vm,

1874 4734 2073 4789 decens
2107 4730 2386 4786 Dominum
2415 4744 2520 4783 non
2550 4741 2671 4783 esse
2700 4740 2916 4794 corpus,
2965 4737 3063 4779 nec
3099 4723 3237 4778 sicut
3266 4722 3465 4791 cogita.

1873 4832 1981 4891 tur,
2016 4823 2185 4893 inquit
2215 4840 2229 4875 :
2260 4840 2279 4874 ι
2310 4819 2482 4891 angeli
2516 4817 2701 4872 mundi
2730 4816 2947 4886 spiritus
2973 4814 3214 4871 cmlestia
3232 4828 3463 4886 corpora

1874 4915 2219 4986 inSpirantes,
2268 4919 2431 4981 atque
2477 4910 2544 4963 ad
2587 4908 2867 4964 arbitrium
2917 4922 3023 4978 quo
3067 4907 3309 4963 serviunt
3353 4907 3464 4963 Deo

1874 5015 2165 5073 mutantes,
2198 5014 2360 5075 atque
2384 5018 2444 5059 se
2465 5010 2758 5069 vertentes,
2792 5015 2892 5057 nec
2920 5000 2966 5054 si
2996 5014 3185 5055 omnes
3210 5012 3332 5054 cum
3354 4999 3465 5054 sint

1874 5101 2043 5158 millia
2076 5098 2299 5154 millium
2342 5099 2397 5153 in
2441 5110 2602 5151 unum
2644 5093 2856 5150 collecti
2884 5108 3023 5149 unus
3049 5096 3199 5161 nant,
3232 5106 3329 5148 nec
3358 5091 3464 5147 tale

1873 5195 2069 5267 aliquid
2103 5195 2242 5249 Deus
2268 5202 2370 5261 est,
2416 5208 2517 5248 nec
2546 5192 2591 5246 si
2620 5190 2841 5247 eosdem
2868 5191 3086 5261 spiritus
3113 5189 3234 5248 sine
3273 5203 3466 5258 corpo-

1871 5291 2020 5348 ribus
2049 5290 2274 5360 cogites,
2302 5288 2445 5359 quod
2489 5287 2703 5358 quidem
2746 5287 2948 5344 carnali
2974 5286 3286 5356 cogitationi
3326 5283 3465 5341 difﬁ-

1871 5383 2131 5440 cillimum
2160 5389 2259 5436 est.

1944 5520 2232 5583 Mcmores,
2279 5515 2466 5582 frater,
2504 5513 2719 5569 dilectae
2760 5511 3043 5567 sententias
3075 5510 3310 5576 Domini,
3339 5510 3465 5581 quia

1873 5610 2098 5666 duorum
2122 5616 2215 5664 aut
2244 5608 2405 5663 trium
2436 5606 2713 5661 hominum
2745 5604 3108 5659 testimonium
3156 5619 3338 5659 verum
3368 5605 3461 5671 sit,

1874 5705 2045 5762 labori
2073 5712 2256 5759 nostro
2288 5702 2339 5757 in
2370 5708 2519 5756 arcto
2546 5708 2787 5767 tempore
2802 5697 3171 5768 providentes,
3203 5698 3301 5752 hos
3325 5697 3460 5753 duos
3504 5688 3507 5689 ⁷

1880 5794 2360 5855 excellentissimos
2401 5799 2733 5858 tractatores,
2784 5796 2843 5845 ut
2888 5785 3097 5846 facilius
3141 5788 3347 5858 credat,
3405 5788 3459 5844 in
