4076 6348
565 286 668 343 099

1164 281 1415 343 SANCTI
1453 266 1714 341 VERANI
1748 278 2168 347 SENTENTIA,
2210 277 2300 335 DE
2339 276 2725 335 CASTITATE
2763 276 3254 335 SACERDOTUI.

3771 276 3885 334 τω

566 398 821 472 quantum
852 397 1123 469 quivim‘tts
1165 408 1233 455 ex
1263 397 1536 468 opusculis
1562 410 1749 453 eorum
1782 393 2036 451 memoria
2069 408 2157 449 re-
2181 410 2235 471 Α
2261 392 2413 461 Quod
2458 393 2503 449 si
2550 391 2633 447 his
2674 392 2907 447 noluerit
2947 391 3230 457 assentire,
3266 403 3364 444 nec
3391 388 3761 460 plurimorum
3796 401 3886 447 tc—

569 497 785 564 tinere,
838 496 1037 567 scripta
1087 509 1183 568 per
1236 510 1335 552 vos
1389 490 1714 551 notescenda
1770 489 2163 546 mandavimus.
2212 505 2225 519 ·

2274 488 2461 553 stium,
2494 486 2539 541 si
2568 484 2815 556 producti
2838 483 3057 552 fuerint,
3088 484 3352 539 assentire
3374 480 3606 539 curabit.

569 626 3876 662 Μ

1405 732 1822 807 ιιοιΝιΑΝι,
1870 727 2563 793 ΕΔΒΤΗΑϐΙΝΕΝΒΙδ
2606 726 2961 790 EPISCOPI
2997 771 3016 803 ,

872 880 1441 971 EPISTULA
1516 885 1686 980 III.
1760 872 1924 969 AD
2002 868 2204 968 VIN

2279 866 2777 966 lENTIUM
2850 866 3540 967 EPISCOPUM

1868 1056 2239 1111 EBOSlTANB
2282 1062 2554 1107 INSULB.

672 1194 916 1261 Cum
944 1215 1051 1260 ou
1088 1200 1199 1279 qui
1230 1197 1563 1261 credebant
1595 1196 1895 1277 epistolas
1930 1197 2002 1258 de
2035 1196 2183 1259 ccio
2221 1194 2516 1260 occidisse
2548 1193 2621 1256 in
2648 1192 3011 1255 memoriane
3033 1190 3244 1254 sane“
3284 1189 3462 1252 Petri
3496 1189 3724 1250 Rm
3744 1228 3769 1263 ,

1556 1334 1717 1407 (Nunc
1730 1343 1939 1406 primum
1953 1340 2083 1393 edita
2109 1353 2176 1391 ex
2198 1338 2290 1390 bis.
2315 1338 2551 1389 Ecclesiae
2574 1332 2874 1397 Toletanaz.)

652 1554 995 1617 inter-varias
1047 1553 1447 1610 tribulationum
1500 1563 1777 1623 angustias
1814 1569 1923 1609 non
1954 1568 2055 1608 nos
2087 1554 2167 1621 pi-
2193 1557 2246 1620 Β
2275 1558 2548 1618 torquere,
2592 1553 2649 1602 et
2690 1543 2760 1599 ad
2812 1542 3153 1601 excitandam
3202 1538 3483 1599 libidinem
3515 1542 3890 1611 nugatorihu

574 1647 730 1720 guit,
780 1656 1008 1723 cogeth
1048 1646 1313 1701 eharitate
1341 1645 1575 1715 Christi,
1609 1646 1725 1702 haec
1774 1646 2166 1714 qualiacunque

578 1746 735 1801 sunt,
778 1737 848 1791 ad
876 1737 1227 1793 Sanctitatem
1271 1745 1507 1791 vestram
1550 1738 1709 1791 verba
1740 1737 1969 1806 dirigere
1992 1776 2008 1802 ,
2036 1737 2167 1791 insi-

574 1840 806 1887 nuantes
854 1830 1127 1898 accepisse
1170 1844 1269 1884 nos
1323 1828 1526 1883 litteras
1560 1838 1703 1892 tuas,
1757 1838 1812 1882 et
1856 1828 1923 1882 de
1971 1837 2166 1883 vestras

582 1920 857 1991 sospitatis
906 1922 1045 1976 bono
1073 1918 1303 1991 gavisos.
1337 1920 1445 1975 Sed
1488 1920 1540 1975 in
1574 1920 1621 1974 id
1651 1935 1756 1973 non
1789 1919 2010 1974 minime
2038 1934 2168 1974 enn-

584 2012 779 2069 tristati
805 2015 1033 2080 sumus',
1082 2013 1222 2082 quod
1255 2013 1460 2068 litteras
1481 2011 1788 2081 cujusdam,
1819 2026 1951 2081 quas
1974 2012 2039 2065 ad
2068 2026 2167 2067 nos

582 2107 880 2170 direxistis,
911 2109 1053 2161 sicut
1094 2116 1195 2162 tua:
1234 2108 1467 2163 indicant
1496 2108 1708 2171 litterae,
1757 2107 2076 2173 susceperis,
2112 2116 2169 2162 et

575 2198 649 2257 de
667 2198 917 2255 tribunali
947 2201 1157 2270 populis
1187 2210 1277 2255 cas
1313 2202 1508 2256 ieceris
1532 2200 1855 2255 annuntiari.
1892 2201 1999 2269 Ego
2025 2200 2168 2255 enim

581 2306 704 2351 mox
736 2300 852 2347 ate
900 2294 1247 2347 transmissas
1296 2293 1517 2363 accepi,
1573 2293 1622 2345 in
1674 2290 1952 2360 prmsentia
2004 2291 2171 2361 ipsius

582 2382 869 2453 perlatoris
923 2382 1204 2438 exordium
1247 2382 1543 2437 litterarum
1590 2380 1828 2449 ipsarum
1882 2381 2083 2449 legens:
2116 2392 2171 2437 et

584 2490 693 2532 non
744 2477 1009 2545 patienter
1066 2475 1264 2539 ferens,
1304 2490 1402 2529 nec
1451 2474 1666 2544 dignum
1721 2473 1921 2529 ducens
1968 2475 2172 2529 nzenias

580 2565 730 2640 ipsas
755 2569 1053 2637 perlegere,
1104 2568 1284 2621 statim
1314 2566 1446 2619 scidi
1470 2609 1484 2631 ,
1535 2575 1588 2619 et
1617 2579 1708 2619 eas
1732 2566 1783 2619 in
1816 2575 2011 2620 terram
2046 2572 2171 2635 prn-

581 2661 689 2733 jeci
710 2702 725 2728 ,
749 2661 1025 2715 admirans
1057 2660 1198 2728 quod
1224 2659 1307 2713 his
1335 2657 1586 2713 credulus
1611 2656 1800 2722 fueris,
1834 2668 1888 2712 et
1916 2668 2033 2727 post
2064 2673 2175 2726 pro-

584 2751 865 2821 phetarum
892 2749 1143 2805 vaticinia
1164 2791 1179 2816 ,
1211 2762 1264 2804 et
1291 2748 1492 2804 Christi
1544 2748 1833 2818 Evangelia
1860 2790 1873 2811 ,
1904 2750 2176 2817 apostolo-

582 2854 811 2913 rumque
842 2843 956 2913 ejus
977 2842 1266 2910 Epistolas,
1297 2841 1476 2895 nescio
1504 2840 1656 2909 cujus
1688 2838 1919 2895 hominis
1971 2841 2176 2895 litteras

2268 1639 2616 1697 cantionibus
2642 1636 2999 1709 proclamare.

2337 1728 2492 1785 Absit
2512 1742 2642 1797 ergo
2664 1741 2694 1780 a
2721 1724 3018 1781 Sanctitate
3041 1732 3132 1777 tua
3150 1721 3255 1777 hoc
3271 1721 3519 1791 credere,
3542 1730 3605 1775 ut
3625 1722 3882 1790 epistula:

2268 1834 2411 1876 nunc
2440 1818 2594 1875 nobis
2644 1817 2923 1875 mittantur
2947 1830 2979 1869 a
3004 1814 3245 1869 Christo.
3274 1811 3525 1870 Suiﬁciat
3550 1812 3704 1867 enim
3741 1812 3883 1882 qua!

2269 1913 2479 1967 locutus
2542 1918 2623 1965 est
2673 1910 2726 1964 in
2757 1907 3031 1979 prophetis
3058 1922 3153 1976 per
3174 1920 3236 1962 se
3281 1904 3455 1975 ipsum
3476 1947 3492 1971 ,
3527 1912 3587 1960 et
3620 1919 3721 1974 per
3755 1892 3882 1959 suos

2271 2003 2568 2073 apostolos.
2626 2000 2758 2056 Nam
2807 2010 2860 2056 et
2889 1999 2971 2054 his
3003 2013 3108 2053 non
3155 1997 3359 2052 litteras
3402 1995 3821 2051 transmittebat
3850 2010 3879 2049 e

2270 2096 2411 2153 caelo
2430 2136 2447 2164 ,
2475 2095 2571 2150 sed
2598 2093 2803 2162 Spiritu
2829 2101 3013 2150 sancto
3062 2105 3248 2145 eorum
3280 2088 3437 2142 conia
3469 2087 3753 2158 replebat.
3782 2087 3883 2139 Ex-

2271 2190 2442 2257 ceptis
2470 2186 2613 2242 enim
2640 2186 2825 2245 decem
2846 2184 3147 2255 praeceptis,
3181 2195 3301 2252 qua:
3332 2180 3383 2235 in
3415 2178 3619 2233 tabulis
3654 2179 3884 2248 lapideis

2273 2280 2585 2335 mirabiliter
2614 2278 2734 2334 data
2764 2286 2924 2344 sunt,
2968 2276 3034 2330 ad
3084 2274 3285 2328 nullum
3334 2270 3740 2343 prephetarutn
3790 2285 3879 2321 aut

2274 2373 2636 2441 apostolorum
2667 2370 2920 2439 Epistula:
2965 2368 3141 2423 missze
3180 2376 3305 2421 sunt
3334 2363 3402 2420 de
3431 2362 3599 2419 ccelo.
3625 2362 3750 2417 Non
3786 2364 3880 2433 igi-

2278 2478 2361 2520 tur
2388 2465 2573 2521 credas
2625 2479 2745 2535 quae
2795 2476 3063 2531 nunquam
3108 2459 3250 2514 facta
3295 2458 3589 2529 leguntur:
3626 2472 3752 2524 quae
3785 2458 3879 2509 etsi

2276 2555 2412 2611 facta
2454 2563 2671 2621 essent,
2714 2563 2832 2625 past
2857 2551 3289 2623 praedicationem
3335 2546 3612 2620 Evangelii
3647 2548 3758 2614 jam
3786 2562 3879 2601 ne-

2277 2650 2510 2704 cessaria
2541 2662 2646 2702 non
2672 2654 2818 2700 sunt.
2847 2645 2913 2700 Et
2944 2644 2989 2699 si
3013 2644 3147 2698 forte
3172 2644 3343 2713 ipsum
3374 2656 3569 2694 nomen
3598 2655 3800 2694 novum
3831 2648 3879 2692 te

2278 2739 2606 2803 delectavit,
2641 2738 2761 2807 quia
2786 2738 2898 2805 ipsa
2930 2735 3154 2804 epistola
3180 2776 3194 2800 ,
3248 2733 3386 2787 sicut
3417 2730 3710 2785 simulator
3743 2729 3876 2783 scri-

2282 2832 2427 2901 psit,
2459 2830 2526 2884 de
2548 2830 2686 2885 etelo
2708 2828 2985 2884 descendit
3035 2843 3197 2897 super
3250 2826 3417 2879 altare
3449 2823 3651 2879 Christi
3685 2825 3737 2877 in
3769 2837 3874 2877 tne-

586 2936 688 2993 ειή)
725 2935 939 2990 nomine
970 2934 1165 2991 Christi
1203 2934 1400 2999 factas,
1431 2936 1545 3002 ejus
1574 2944 1695 2988 esse
1722 2932 2044 2999 credideris};
2077 2934 2163 2988 ubi
2192 2938 2240 3004 ο
2281 2924 2450 2976 moria
2477 2920 2645 2975 sancti
2664 2917 2810 2974 Petri
2832 2918 3060 2989 apostoli
3080 2960 3094 2984 ,
3123 2916 3258 2972 scito
3281 2916 3479 2971 diaboli
3506 2930 3629 2970 esse
3653 2914 3873 2985 ﬁgmen-

583 3041 683 3085 nec
728 3040 907 3081 sermo
962 3026 1200 3094 elegans,
1243 3039 1342 3081 nec
1396 3026 1641 3080 doctrina
1690 3040 1821 3080 sana
1863 3030 2057 3093 poterit
2083 3041 2170 3081 re-

586 3117 771 3191 periri.

659 3211 716 3265 in
742 3207 1006 3279 principio
1029 3207 1197 3279 ipsius
1225 3208 1466 3277 epistolae
1487 3208 1714 3277 legimus
1758 3216 1813 3262 ut
1837 3208 1956 3263 dies
1984 3208 2175 3262 Domi-

586 3300 741 3357 nieus
769 3302 994 3356 colatur.
1039 3301 1171 3367 Quis
1228 3302 1369 3356 enim
1413 3300 1791 3367 Christianus,
1826 3316 1934 3354 non
1954 3310 2174 3370 prepter

590 3392 766 3462 ipsum
813 3394 953 3448 diem
982 3437 997 3461 ,
1049 3392 1143 3447 sed
1198 3400 1418 3462 propter
1470 3393 1914 3446 resurrectionem
1965 3390 2175 3445 Domini

586 3488 754 3543 nostri
775 3485 903 3542 Jesu
930 3486 1131 3541 Christi
1155 3524 1171 3549 ,
1206 3499 1274 3540 eo
1304 3485 1443 3553 quod
1476 3486 1527 3538 in
1550 3484 1665 3553 ipso
1683 3497 1713 3537 a
1741 3483 1968 3538 mortuis
1996 3498 2176 3538 resur-

593 3582 735 3635 rexit
758 3619 771 3644 ,
826 3578 1340 3635 reverendissimutn
1369 3593 1473 3631 non
1498 3578 1725 3634 habent?
1750 3576 1856 3633 Sed
1875 3617 1890 3643 ,
1918 3586 2174 3646 quantum

588 3672 786 3738 sentio,
819 3672 939 3727 ideo
967 3684 1137 3725 novus
1183 3670 1283 3723 iste
1324 3670 1641 3738 praedicator
1663 3668 1764 3724 hoc
1808 3668 1969 3734 dicit,
2000 3678 2055 3721 ut
2076 3681 2176 3721 nos

588 3760 870 3833 judaizare
898 3762 1228 3831 compellat,
1262 3771 1319 3814 ut
1368 3762 1545 3815 nullus
1599 3760 1701 3814 sibi
1753 3760 1808 3814 in
1853 3759 2046 3815 eodem
2088 3758 2179 3813 die

591 3858 897 3911 necessaria
954 3858 1126 3909 victus
1181 3864 1465 3924 praeparet,
1500 3864 1593 3909 aut
1620 3852 1761 3908 viam
1790 3853 2048 3908 ambulet.
2072 3851 2178 3906 Sed

598 3946 703 4000 hoc
732 3956 888 4016 quam
921 3949 1212 4016 pessimum
1268 3948 1367 4011 sit,
1398 3946 1669 4002 Sanctitas
1722 3956 1810 3999 tua
1860 3944 2175 4014 perpendat.

597 4038 812 4095 Utinam
836 4040 1062 4110 populus
1084 4040 1422 4096 Christianus
1442 4040 1489 4094 si
1510 4038 1599 4093 die
1626 4040 1741 4108 ipso
1760 4037 2039 4092 ecclesiam
2070 4051 2178 4091 non

598 4130 941 4200 frequentat,
973 4132 1190 4201 aliquod
1218 4134 1397 4201 aperis
1425 4132 1628 4187 faceret
1647 4170 1661 4195 ,
1717 4139 1771 4185 et
1800 4143 1904 4184 non
1934 4128 2173 4183 saltaret.

600 4222 903 4292 Meliusque
924 4234 1039 4279 erat
1058 4225 1175 4279 viro
1203 4225 1415 4279 hortum
1442 4224 1616 4279 facere
1636 4262 1652 4290 ,
1683 4223 1788 4278 iter
1838 4237 2016 4291 agere,
2063 4236 2181 4277 mu-

2275 3023 2385 3068 tum
2413 3054 2427 3077 ,
2452 3019 2505 3067 et
2524 3024 2739 3067 omnetn
2768 3012 3094 3080 scripturam
3125 3006 3365 3063 divinam
3390 3049 3403 3072 ,
3428 3007 3717 3076 epistolam
3740 3051 3757 3073 ,
3790 3019 3874 3062 aut

2274 3105 2528 3175 epistolas
2573 3118 2693 3159 esse
2731 3103 3007 3170 ctelestes,
3062 3110 3117 3157 et
3168 3100 3235 3156 ad
3286 3114 3384 3156 nos
3430 3100 3501 3155 de
3543 3096 3687 3155 caelo
3713 3099 3872 3154 fuisse

2277 3198 2635 3253 transmissas.

2347 3308 2610 3364 Emendet
2631 3322 2761 3377 ergo
2783 3304 2926 3378 quod
2958 3314 3162 3362 temere
3191 3302 3419 3360 credidit
3441 3303 3712 3359 Sanctitas
3744 3315 3829 3357 tua
3849 3345 3862 3364 ,

2276 3412 2331 3459 et
2354 3403 2406 3458 in
2435 3402 2722 3472 praesentia
2755 3401 2935 3473 populi
2967 3401 3133 3471 ipsam
3156 3399 3474 3469 epistolam,
3506 3398 3553 3451 si
3596 3404 3681 3452 est
3710 3411 3870 3468 penes

2279 3508 2357 3568 te,
2389 3497 2635 3553 rescinde
2670 3515 2683 3549 :
2716 3506 2771 3552 et
2804 3495 2907 3551 hoc
2931 3505 2981 3551 te
3012 3496 3267 3565 pteniteat
3308 3493 3448 3567 quod
3499 3493 3567 3548 de
3610 3492 3867 3548 tribunali

2277 3604 2395 3645 eam
2426 3588 2618 3645 ieceris
2658 3587 2909 3654 recitari,
2942 3587 3083 3642 beati
3128 3587 3357 3656 apostoli
3401 3600 3632 3656 sequens
3660 3582 3862 3639 doctri-

2280 3695 2401 3736 nam
2422 3720 2438 3746 ,
2471 3679 2613 3750 quod
2646 3680 2786 3735 inter
2813 3689 3005 3735 castora
3031 3678 3097 3732 ad
3126 3678 3342 3733 Galatas
3361 3678 3577 3746 scripsit
3610 3695 3624 3729 :
3664 3676 3725 3732 Si
3751 3676 3864 3749 quis

2284 3771 2703 3842 euangelizaverit
2736 3772 2870 3825 vobis
2915 3779 3099 3840 praeter
3138 3763 3191 3823 id
3219 3769 3356 3839 quod
3406 3768 3679 3838 accepistis
3702 3810 3716 3833 ,
3748 3782 3869 3823 ano-

2281 3861 2451 3915 tltema
2482 3864 2567 3915 ait.
2600 3860 2705 3916 Sed
2728 3870 2781 3917 et
2810 3860 2939 3915 illud
2972 3860 3319 3934 Evangelium
3343 3858 3518 3914 omnis
3541 3860 3626 3915 lex
3656 3869 3711 3915 et
3754 3876 3868 3929 pro-

2281 3952 2459 4023 pheta:
2490 3967 2657 4022 usque
2682 3950 2748 4007 ad
2796 3950 3055 4007 Joannem
3104 3952 3581 4023 prophetaverunt.
3617 3950 3871 4021 Deinceps

2284 4044 2328 4099 si
2351 4060 2459 4115 qua
2489 4058 2622 4099 nova
2653 4042 2735 4098 vel
2760 4042 3011 4098 inusitata
3041 4042 3306 4113 divulgata
3361 4042 3559 4097 iuerint
3583 4083 3601 4109 ,
3649 4044 3864 4096 omnino

2281 4137 2577 4208 abjicienda
2617 4145 2671 4192 et
2712 4135 3022 4192 detestanda
3050 4136 3322 4192 Sanctitas
3364 4144 3451 4190 tua
3500 4136 3737 4190 noverit.
3767 4134 3863 4189 Ora

2282 4242 2380 4298 pro
2432 4228 2618 4295 nobis,
2642 4228 2857 4284 domine
2892 4237 3077 4285 sancte
3120 4236 3174 4284 et
3227 4229 3283 4284 in
3313 4227 3532 4285 Christo
3558 4226 3870 4283 charissima

595 4312 715 4370 lieri
771 4314 947 4369 colum
998 4325 1201 4381 tenere,
1226 4327 1283 4372 et
1314 4332 1451 4382 non,
1483 4326 1541 4371 ut
1566 4316 1781 4393 dicitur,
1807 4314 2009 4369 ballare
2040 4354 2056 4380 ,
2079 4314 2183 4368 sal-
2213 4322 2268 4379 1)
2293 4317 2476 4375 frater.

600 4410 741 4473 tare,
770 4414 826 4462 et
853 4407 1093 4462 membra
1120 4420 1153 4462 a
1178 4409 1287 4463 Deo
1329 4408 1465 4462 bene
1509 4406 1725 4462 condita
1754 4404 2001 4461 saltando
2041 4405 2183 4459 male

617 4594 765 4600 -ν-
787 4592 1814 4602 —"_.———-—_——-—’—
2219 4591 3034 4598 -———————_-———-——-_‘-'—-"
3059 4590 3188 4596 ‘-'—--‘
3217 4592 3268 4595 ---
3333 4592 3360 4595 —‘
3389 4591 3482 4595 '——
3513 4591 3520 4595 Α
3687 4591 3744 4597 ⁸.-
3773 4591 3816 4596 '-

1860 4698 2025 4750 ANNO
2069 4703 2296 4749 DOMINI
2338 4701 2647 4748 ῡιιιινι.

838 4864 2164 5187 λᾲὲΑΝβῗΓΠδ
2243 4854 3589 5183 ΥΕΒΑΝΠὲτ

1162 5272 1672 5335 OBSERVATIO
1739 5268 2121 5334 SIBMONDI
2180 5274 2263 5345 IN
2315 5274 2666 5350 SEQUENS
2708 5266 3293 5337 FRAGMENT‘UM.

664 5396 791 5447 Satis
811 5398 1017 5459 apparet
1039 5394 1159 5442 hanc
1180 5399 1474 5442 sententiam
1513 5397 1561 5441 in
1593 5391 1774 5454 synodo
1809 5395 1966 5454 aliqua
1991 5395 2166 5444 dictam
2202 5394 2448 5447 aVerano
2483 5398 2731 5458 episeopo.
2768 5396 2875 5446 Sed
2903 5396 3042 5458 cuius
3076 5394 3211 5453 sedis
3232 5396 3382 5447 luerit
3415 5395 3696 5459 episcopus,
3720 5396 3863 5451 Codex

599 5484 756 5531 sam-ti
780 5481 1035 5536 Germani,
1067 5477 1196 5527 unde
1221 5482 1457 5539 excerpta
1480 5482 1574 5535 est,
1603 5488 1696 5525 non
1721 5480 1970 5537 exprimit.
1992 5478 2109 5529 Cum
2136 5481 2225 5531 hoc
2246 5481 2354 5532 loco
2388 5480 2725 5541 intexeretur,
2751 5480 2984 5531 veniebat
3013 5482 3064 5533 in
3090 5488 3310 5530 mentem
3332 5465 3559 5530 Voranus
3582 5478 3861 5531 Cahellicen-

562 5602 565 5605 .
599 5567 666 5615 gis
689 5565 974 5625 episcopus,
1000 5562 1084 5623 qui
1118 5562 1355 5622 prome
1379 5559 1566 5620 synodo
1591 5559 1933 5608 Matiswnensi
1971 5574 2003 5609 ιι
2035 5563 2314 5614 subscribit.
2357 5561 2498 5613 Nunc
2522 5574 2643 5612 vero
2674 5564 2835 5623 aptius
2873 5562 3021 5612 tribui
3063 5572 3206 5625 posse
3243 5559 3437 5612 videtur
3462 5560 3665 5612 Venno
3687 5559 3857 5626 Lugdts

608 5647 774 5705 nenct,
800 5645 861 5701 ad
880 5656 1035 5708 quem
1057 5650 1258 5697 exstant
1276 5639 1436 5695 Hilari
1459 5652 1599 5704 papa
1624 5640 1867 5707 epistolae,
1888 5645 1952 5694 ab
1974 5655 2136 5709 eoque
2157 5650 2261 5696 tum
2283 5643 2434 5708 dicta,
2450 5657 2560 5694 cum
2574 5647 2619 5695 in
2644 5643 2821 5709 synodo
2844 5641 3170 5707 provinciales
3188 5654 3302 5693 suos
3321 5642 3573 5693 aliaretnr.
