4076 6348
174 338 3455 412 _________.___________________________....

630 524 1199 638 SANCTI
1328 512 1943 629 VERANI

2078 506 3025 625 SENTENTIAe

588 746 650 790 IN
695 738 925 800 ALIQUA
968 745 1167 789 BUJUS
1210 743 1528 789 TEMPOBIS
1572 739 1821 787 εἶ’ΝοΒο
1863 738 2076 791 νιετι,
2125 735 2211 778 ΒΕ
2252 733 2602 779 ωδτιτλτι
2642 728 3090 776 ῧΔΩΕΒΒοὶἯΙο

259 892 504 949 Veratius
523 890 806 961 episcopus
834 887 1006 944 dixit:
1035 885 1166 955 Quis
1193 884 1573 957 praesidentem
1607 883 1773 938 sacris
1800 886 1855 944 Α
1877 879 2014 937 doch
2042 894 2148 935 non
2178 877 2324 947 prius
2348 891 2512 948 panes
2538 875 2917 945 propositionis
2945 872 3192 939 tradidit,
3218 886 3380 945 quam
3401 885 3462 929 se

172 983 465 1048 altaribus,
511 990 670 1049 atque
708 978 775 1032 ad
816 978 931 1047 ipsa
977 985 1163 1032 saneta
1211 982 1513 1031 sanctorum
1558 973 1775 1028 honoris

175 1074 476 1147 privilegio
504 1072 809 1127 venientem
852 1068 1240 1140 indignissimis
1282 1067 1572 1123 carnalium
1621 1066 1775 1121 volu-

179 1170 403 1233 ptatum
448 1160 803 1217 oontaminari
832 1160 1098 1215 illecebris
1144 1159 1409 1229 patiatur;
1439 1172 1502 1213 ac
1532 1158 1630 1212 sub
1662 1156 1778 1223 ipso

178 1251 496 1323 coniugalis
522 1251 747 1307 licentia
772 1249 989 1305 nomine
1012 1250 1315 1320 acquiescat
1339 1248 1640 1319 quempiam
1669 1246 1779 1301 cle-

178 1347 461 1413 ricorum,
486 1354 539 1399 et
572 1343 865 1399 sacerdotis
906 1358 1062 1412 agere
1091 1343 1326 1399 ofticiuut
1347 1385 1362 1409 ,
1392 1351 1447 1396 et
1474 1341 1651 1397 mariti
1681 1342 1780 1394 im-

179 1439 345 1510 plere
372 1451 685 1507 personam;
708 1451 828 1491 cum
857 1434 1145 1505 purificatis
1166 1434 1407 1504 corporis
1433 1444 1592 1503 atque
1612 1431 1780 1487 animi

179 1531 435 1587 moribus
492 1530 655 1584 multa
711 1529 1035 1597 cogitatione
1090 1526 1565 1597 perpendendum,
1616 1540 1776 1596 quant

183 1625 428 1680 idoneus
477 1635 600 1678 esse
641 1621 799 1676 debet
838 1622 884 1674 is
911 1619 1002 1689 qui
1044 1618 1113 1673 ad
1146 1618 1463 1673 celebranda
1502 1616 1784 1687 mysterio-

181 1730 315 1772 rum
344 1713 455 1769 loca
486 1729 591 1768 non
622 1713 793 1767 solum
827 1728 922 1781 pro
952 1713 1085 1777 suis,
1118 1726 1301 1766 verum
1333 1710 1497 1766 etiam
1531 1724 1627 1780 pro
1654 1709 1784 1764 alie-

181 1806 282 1861 nis
316 1805 546 1873 peccatis
574 1804 968 1859 intercessurus
990 1803 1214 1859 act-edit.
1241 1801 1591 1872 incongruum
1620 1800 1783 1869 siqui-

185 1896 321 1952 dem
368 1896 495 1949 mihi
528 1893 755 1962 videtur,
786 1899 852 1951 de
898 1895 1163 1965 conjugali
1214 1906 1329 1948 toro
1376 1895 1606 1963 aliquem
1655 1907 1787 1947 con-

185 1994 505 2053 surgentem
548 1984 860 2038 ulteriorum
904 1992 1053 2053 septa
1101 1993 1409 2054 penetrare.
1452 1980 1554 2052 Ipsi
1602 1982 1785 2052 utique

186 2074 482 2130 illuminati
511 2082 567 2129 et
608 2073 747 2128 ducti
789 2074 859 2129 de
898 2074 1102 2145 Spiritu
1131 2084 1340 2139 sancto,
1369 2078 1570 2145 optime
1616 2073 1786 2129 nostis

189 2165 500 2219 oblaturum
528 2165 781 2235 spiritalis
822 2167 1072 2221 sacriﬁcii
1102 2165 1346 2222 victimae
1374 2166 1517 2235 quali
1544 2175 1787 2234 oporteat

1876 982 1933 1028 et
1970 985 2165 1043 pueros
2193 986 2319 1027 suos
2344 969 2457 1040 jam
2486 967 2576 1023 die
2607 970 2765 1024 tertio
2807 966 3036 1021 mundos
3065 979 3187 1021 esse
3214 979 3245 1019 a
3275 964 3462 1021 mulie-

1873 1065 2024 1120 ribus
2075 1060 2365 1126 fateretur;
2414 1060 2534 1130 quis
2576 1058 2942 1113 immaculatas
2982 1056 3106 1127 agni
3156 1070 3348 1112 carnes
3395 1054 3464 1110 ad

1875 1156 2102 1211 salutem
2148 1151 2330 1207 mundi
2382 1151 2648 1221 praestitas
2695 1157 2817 1218 post
2868 1148 3174 1216 passionum
3220 1146 3467 1215 inquina-

1876 1257 2080 1313 menta,
2110 1244 2198 1301 vel
2226 1246 2385 1299 etiam
2411 1243 2606 1297 audeat
2644 1240 3001 1296 consecrare?
3034 1239 3226 1293 Beatus
3268 1238 3464 1293 Paulus

1876 1338 2151 1409 apostolus
2183 1337 2235 1390 in
2264 1336 2487 1391 veritate
2520 1350 2617 1389 nos
2645 1341 2977 1389 contestatur
3005 1331 3189 1386 dicens
3219 1346 3233 1380 :
3268 1327 3467 1385 Probet

1878 1447 1937 1489 se
1992 1431 2359 1501 unusquisque
2409 1428 2808 1493 ministrorum,
2857 1434 2912 1480 et
2953 1426 3031 1479 sic
3083 1436 3271 1492 pmem
3320 1422 3468 1476 illum

1879 1538 2167 1599 praesumat
2197 1525 2391 1581 oll'erre
2421 1523 2474 1595 (1
2503 1522 2624 1577 Cor.
2652 1521 2750 1591 ιι).
2775 1520 2969 1576 Netum
3000 1518 3150 1572 vobis
3180 1526 3296 1583 cst,
3327 1516 3473 1573 circa

1880 1621 1996 1676 loca
2032 1617 2374 1673 beatitudinis
2401 1627 2615 1678 vestrm,
2660 1613 2763 1667 sub
2787 1626 3102 1682 magnorum
3126 1609 3345 1665 Patrum
3383 1606 3472 1663 di-

1882 1711 2129 1780 sciplina,
2162 1707 2545 1763 monachorum
2570 1706 3012 1775 congregationes
3044 1715 3165 1756 esse
3210 1715 3314 1753 non
3349 1711 3472 1767 putL

1883 1818 2002 1871 vas,
2032 1802 2174 1856 unde
2202 1801 2268 1854 ad
2301 1798 2595 1869 supplenda
2639 1796 2957 1851 clericorum
2989 1790 3164 1847 ofﬁcia
3208 1790 3263 1844 in
3296 1801 3477 1859 proni-

1884 1902 1979 1964 ptu
2005 1903 2088 1947 est
2121 1893 2265 1945 viros
2297 1892 2465 1945 bonos
2509 1888 2733 1942 assumi.
2767 1885 2960 1942 Utilior
2990 1894 3071 1939 est
3114 1883 3254 1937 enim
3287 1882 3337 1935 in
3370 1880 3476 1935 Ec-

1887 1987 2049 2043 clesia
2081 2000 2370 2056 paucorum
2402 1984 2663 2037 bonorum
2702 1980 2871 2036 electa
2904 1978 3169 2049 probatio,
3198 1990 3358 2046 quam
3390 1988 3478 2029 er-

1886 2082 2069 2137 raticas
2114 2076 2468 2132 multitudinis
2514 2076 2798 2145 praesentia
2851 2071 3201 2140 congiobata;
3251 2080 3313 2121 ac
3360 2065 3479 2135 plus

1888 2170 2257 2227 adiﬁcationis
2305 2169 2532 2224 afferunt
2580 2172 2699 2220 rara‘
2744 2164 2956 2218 virtutis
3002 2159 3269 2228 exempla,
3315 2167 3480 2227 quam

190 2259 323 2329 igne
355 2256 597 2327 ﬂagrare.
627 2258 685 2314 Si
711 2259 854 2313 enim
883 2259 937 2314 in
981 2260 1098 2329 lege
1128 2259 1333 2325 veteri,
1365 2258 1585 2314 abidum
1626 2264 1787 2312 eVan—
1818 2262 1865 2322 Β
1892 2265 2158 2336 popularis
2223 2264 2454 2319 licentiae
2522 2259 2803 2316 abundans
2858 2268 2913 2312 et
2972 2255 3270 2310 incorrecta
3337 2261 3477 2318 pm-

191 2351 391 2421 gelica
417 2351 759 2418 pet-lectionis
782 2353 1071 2407 auctoritas
1096 2349 1409 2424 prmfulgeat
1430 2394 1445 2420 ,
1474 2356 1658 2406 sancto
1686 2348 1790 2406 Da-

195 2441 325 2503 vid,
355 2455 475 2496 cum
504 2440 637 2511 fugae
681 2443 997 2500 necessitate
1027 2455 1380 2515 premeretur,
1413 2443 1665 2500 sacerdos
1695 2443 1792 2498 Sa-

1892 2359 2147 2427 sumptio.

329 2599 436 2606 -μμγι
457 2599 548 2606 -.~-_
569 2597 664 2607 δ..-
930 2594 1037 2604 -—---—
1169 2596 1336 2608 ..με
1412 2591 2025 2603 *ν’ῌι-αδι-ρ-.-ΙἪο-Μ
2138 2592 2181 2597 Ᾱ-
2215 2596 2230 2601 _
2286 2589 2320 2598 η.
2339 2597 2348 2600 _
2366 2590 2371 2593 ‹
2425 2593 2454 2599 ,,
2596 2585 3126 2597 ,-...--.-,.....ν-ι-------ι
3153 2585 3166 2588 -
3209 2585 3218 2588 -
3239 2584 3278 2587 -ε
3317 2581 3350 2587 ~—

213 2628 488 2634 -———
1027 2629 1316 2636 —--——~—
1329 2624 2118 2636 ο-ωυ--τοοοῳσ--ῄῄο
2736 2618 3161 2631 —_——.—.—-——-
3292 2610 3301 2618 ¹

1540 2739 1708 2785 ANNO
1751 2738 1982 2784 DOMINI
2027 2738 2179 2782 υιο.

600 2918 1844 3140 PELAGIUS
2010 2921 2653 3131 PAPA
2827 2923 3094 3127 II.

1238 3264 1477 3343 (Moesi
1513 3261 1817 3326 Collectiu
1859 3260 2105 3327 Concil.
2143 3267 2291 3323 tam.
2323 3259 2481 3341 IX.)

215 3434 3485 3475 Μ

847 3564 1334 3659 ΝΟΤΙΤῙΑ
1351 3615 1387 3669 ,
1419 3571 1589 3654 EX
1666 3575 1798 3657 LI]

1899 3576 2018 3666 iO
2083 3571 2865 3659 PONTIFICALI.

296 3731 536 3804 Pelagius
570 3740 597 3769 ι
640 3731 857 3788 natione
908 3731 1185 3789 Romanus
1229 3746 1298 3788 ex
1339 3736 1490 3802 patre
1537 3728 1807 3801 Yinigildo
1834 3734 1882 3798 C
1917 3732 2067 3805 [ϐοά.
2096 3727 2577 3803 Luc.,Unigeido],
2625 3731 2763 3787 sedit
2816 3745 2985 3785 annos
3040 3731 3247 3798 decem,
3280 3745 3495 3787 menses
3558 3776 3585 3796 ,

1467 3862 1674 3918 ΝΟΤᾸΕ
1714 3864 2032 3925 SEVERINI
2068 3864 2244 3920 BlMl.

300 3993 327 4022 ι
359 3977 483 4036 Post
509 3978 845 4037 vacationem
862 3979 1025 4039 trium
1048 3976 1312 4034 mensium
1332 3984 1389 4035 et
1410 3974 1661 4032 mdecim
1686 3978 1801 4032 die-

226 4066 372 4117 rum,
430 4051 515 4105 die
570 4051 630 4105 ll
688 4049 998 4103 Novembris
1046 4049 1171 4103 anni
1214 4049 1313 4101 i377
1371 4057 1491 4118 post
1531 4046 1798 4101 Christum

224 4134 433 4187 natum,
452 4122 745 4189 sublegitur
777 4121 1018 4187 Pelagius
1038 4119 1218 4189 junior
1246 4119 1361 4187 ejus
1386 4118 1585 4173 nomini
1613 4133 1803 4173 secun-

226 4195 329 4248 dus
362 4188 628 4246 Romanus
653 4191 917 4260 pontifex,
948 4188 1095 4257 patre
1143 4188 1429 4260 Vinigildo,
1458 4198 1531 4251 et.
1562 4198 1619 4243 ut
1649 4199 1803 4258 puta-

226 4270 319 4318 tur
339 4278 400 4317 et
428 4252 667 4326 nomine,"
684 4252 915 4314 Gothico
932 4252 1104 4329 potius
1131 4252 1291 4329 quani
1322 4252 1559 4314 Romano
1578 4252 1797 4329 genere.

235 4334 581 4395 Pontiﬁcatus
611 4334 751 4386 illius
774 4331 960 4385 incidit
991 4333 1047 4385 in
1072 4331 1381 4385 calamitosa
1409 4332 1801 4399 tempora,qui-

236 4403 336 4459 bus
363 4404 692 4471 Langobardi
715 4404 917 4457 italiam
939 4403 1238 4464 vastabant,
1258 4410 1421 4470 atque
1447 4402 1809 4456 occidentalis

234 4475 435 4529 Ecclesi
458 4498 493 4540 ι,
512 4484 728 4543 prepter
750 4474 1011 4544 synodum
1039 4490 1069 4527 v
1093 4490 1122 4525 a
1144 4474 1274 4544 sede
1294 4472 1587 4544 apostolica
1610 4486 1804 4541 appro-

236 4545 435 4609 batam,
460 4547 577 4598 diro
599 4543 888 4599 schismate
907 4558 1074 4611 usque
1092 4546 1155 4596 ad
1180 4543 1442 4597 Hibernos
1471 4543 1639 4597 divisa
1664 4552 1798 4605 erat.

238 4616 333 4669 His
374 4617 710 4670 consulturus
752 4616 986 4683 pontifex
1032 4614 1401 4669 sanetissimus
1434 4656 1449 4675 .
1495 4613 1721 4669 Consilio
1753 4622 1808 4668 et

238 4686 437 4741 auxilio
463 4686 634 4741 sancti
677 4683 920 4754 Gregorii
947 4686 1277 4754 successoris
1304 4686 1389 4739 sui
1418 4684 1613 4738 librum
1640 4685 1809 4739 edidiv

278 4771 338 4811 ro
358 4762 533 4829 quinta
564 4753 804 4829 synodo,
819 4771 974 4829 quam
1006 4753 1419 4829 defendens‘ait,
1442 4756 1803 4829 _tr_ia_capitu_la

278 4771 338 4811 ro
358 4771 533 4825 quinta
564 4771 791 4829 synouo,
819 4771 974 4823 quam
1006 4771 1298 4811 uetenuens
1323 4771 1419 4819 att,
1454 4771 1554 4811 trta
1575 4771 1803 4821 capitula

238 4771 359 4951 {uere
388 4828 682 4894 meritaque
721 4828 1075 4882 cundetnnata
1126 4841 1265 4881 esse.
1300 4826 1536 4880 Meminit
1567 4826 1721 4897 hujus
1744 4827 1807 4880 li-

314 4897 369 4950 lii
390 4909 607 4951 sanctus
625 4898 913 4951 Creaorius
942 4896 994 4950 in
1022 4897 1246 4951 epistola
1279 4897 1343 4949 ad
1358 4896 1806 4951 iltbernos.ouem

314 4897 369 4966 lii
390 4909 607 4952 sanctus
625 4898 913 4963 Gregorius
942 4896 994 4950 in
1022 4897 1246 4965 epistola
1279 4897 1343 4949 ad
1358 4896 1806 4966 iltbernos,’quem

240 4964 378 5037 infra
402 4968 538 5022 ἰηιθὲ
564 4969 823 5037 epistolas
840 4968 1047 5035 Pelagii
1064 4964 1209 5022 tunc
1233 4970 1463 5035 primum
1491 4981 1553 5020 ex
1587 4964 1810 5037 Annali-

245 5036 347 5092 bus
384 5036 676 5093 Barouiiin
716 5039 889 5094 lucem
912 5038 1202 5105 emittimus
1236 5058 1247 5093 :
1281 5039 1350 5092 de
1379 5052 1489 5105 quo
1515 5038 1661 5104 plura
1692 5036 1812 5090 vide

246 5054 347 5092 nus
384 5054 593 5092 uarontt
624 5055 676 5093 tn
716 5054 889 5094 lucem
1003 5054 1202 5093 illmlus
1236 5058 1247 5093 :
1281 5054 1350 5092 ue
1379 5054 1489 5105 quo
1515 5054 1661 5104 ptura
1692 5054 1812 5090 true

244 5105 379 5161 infra
412 5108 467 5181 in
490 5110 651 5181 ,ιιοιίε
698 5054 1130 5181 ἱδίάεω.εἮυ]ιιξ
1162 5108 1489 5176 temporibus
1528 5120 1558 5159 a
1603 5106 1814 5161 Joanne

246 5191 417 5232 sacra
440 5177 695 5233 Romanae
716 5180 969 5234 Ecclesiae
992 5177 1306 5249 presbytero
1327 5186 1562 5249 erectum
1590 5188 1671 5249 est
1694 5193 1809 5249 ora-

244 5250 442 5303 torium
485 5251 625 5320 apud
672 5251 907 5305 thermas
933 5246 1271 5318 Agrippinae,
1300 5248 1449 5320 quod
1480 5246 1654 5320 servis
1697 5247 1810 5309 Dei,

247 5289 1420 5387 ἓξ)ιῖεῖιιῶἳὶῖιιίὲἷῖιὲιῖ’“ίῖιςῖιὲὗιῖἕι,“ἶῖιᾶἀῗιυθ
1446 5316 1707 5373 reditibus
1736 5289 1816 5372 toi
1840 5289 1893 5349 ι)

246 5388 559 5461 ευριρᾼιρνίι.
589 5392 788 5461 scripto
815 5388 880 5445 de
904 5389 988 5443 his
1010 5390 1261 5461 omnibus
1287 5400 1607 5459 testamento
1635 5389 1815 5459 ειμιοά

246 5472 368 5532 eum
394 5460 608 5532 Pelagio
632 5460 783 5531 papae
831 5460 1155 5525 tradidisset,
1183 5475 1246 5514 ex
1272 5460 1370 5532 hac
1401 5462 1509 5513 vita
1545 5461 1811 5528 migravit.

245 5529 827 5601 Gregorius'stteceeser
843 5532 962 5585 Pela
972 5532 1039 5601 gii
1056 5538 1255 5583 mutata
1267 5531 1539 5585 voluntate
1550 5533 1815 5585 testatoris

1904 3979 2243 4034 conditorum
2265 3978 2523 4033 arbitrum
2550 3992 2689 4042 esse,
2714 3980 2787 4033 ita
2813 3990 2865 4034 ut
2890 3980 2943 4035 in
2974 3981 3135 4035 alium
3166 3994 3317 4048 aeque
3349 3980 3495 4047 pium

1906 4064 2060 4105 usum
2092 4050 2182 4105 illa
2205 4058 2410 4103 mutare
2440 4051 2627 4118 possit,
2650 4050 2695 4103 si
2721 4051 2771 4104 id
2802 4052 2936 4105 ratio
2968 4053 3301 4120 persuadeat.
3320 4051 3495 4106 Justi-

1905 4136 2005 4175 nus
2028 4122 2316 4187 imperator
2340 4120 2586 4189 precibus
2614 4133 2813 4175 sancue
2841 4122 3019 4177 Maria:
3048 4124 3268 4189 virginis
3297 4123 3497 4177 mentis

1906 4192 2119 4247 sanitati
2144 4192 2437 4253 restitutus,
2465 4190 2745 4261 designato
2772 4206 3081 4248 successore
3110 4190 3345 4259 Tiberio,
3380 4201 3500 4262 post

1905 4272 2126 4335 exactos
2174 4262 2382 4335 imperii
2410 4276 2584 4335 annos
2626 4262 2903 4335 sexdecim
2951 4279 3268 4335 mensesque
3299 4278 3493 4318 novem

1906 4349 2027 4389 cum
2060 4332 2383 4397 ditnidio,ex
2410 4330 2514 4385 hac'
2532 4335 2635 4387 vita
2661 4334 2901 4388 recessit.
2930 4330 3502 4401 Tihcrius’antequam

1906 4414 2279 4469 coronaretur,
2301 4403 2419 4456 loca
2442 4413 2628 4457 sancta
2647 4405 2835 4472 obivit,
2864 4406 3077 4473 Sophim
3104 4406 3283 4459 uxoris
3312 4403 3505 4459 Jnstini

1907 4474 2127 4529 in-idias
2158 4473 2251 4527 Dei
2280 4474 2483 4527 auxilio
2512 4476 2711 4538 evasit,
2738 4486 2791 4530 et
2812 4475 2938 4529 dum
2970 4475 3308 4529 insidiantem
3343 4474 3501 4529 bonis

1906 4545 2155 4613 omnibus
2214 4544 2516 4613 spoliasset,
2566 4546 2816 4601 eamdem
2866 4546 2924 4600 in
2972 4548 3221 4600 oediuem
3274 4544 3499 4612 redegit.

1907 4615 2063 4671 Unde
2107 4608 2301 4668 factum
2352 4614 2469 4669 sine
2502 4608 2677 4670 dubio
2717 4616 2855 4685 quod
2904 4631 3010 4669 non
3056 4625 3260 4669 tantum
3310 4608 3499 4685 contra

1910 4686 2116 4751 hostes,
2149 4685 2243 4739 sed
2290 4687 2449 4738 etiam
2482 4684 2745 4739 adversus
2770 4687 3014 4739 iteratam
3063 4685 3275 4750 Sophim
3305 4684 3499 4754 conju-

1910 4758 2172 4813 rationem
2198 4770 2317 4809 cum
2346 4755 2649 4809 Justiniano
2676 4755 2873 4809 Justini
2894 4766 3119 4821 cognato
3143 4756 3347 4821 initam,
3369 4764 3500 4823 pra:-

1911 4827 2054 4897 clare
2086 4826 2450 4897 triumpltarit.
2483 4826 2578 4881 ilic
2612 4840 2734 4880 cum
2777 4835 3126 4893 aegrotantem
3181 4826 3499 4897 lietychium

1910 4896 2901 4967 ConstantinopolitanumepiscOpttm,
2919 4897 3381 4966 Constantinopoli
3404 4897 3499 4951 be-

1910 4967 2271 5022 nedictitanem
2302 4966 2370 5019 ab
2398 4980 2464 5021 eo
2495 4975 2862 5035 percepturus,
2894 4970 3186 5033 invisisset,
3233 4967 3501 5024 intellexit

1914 5053 1975 5094 se
1998 5047 2119 5106 poet
2140 5047 2369 5104 quatuor
2398 5051 2612 5091 menses
2630 5053 2698 5092 ex
2722 5039 2817 5093 hac
2836 5037 2945 5092 vita
2964 5039 3313 5094 avocandum.
3331 5036 3502 5105 Quar-

1917 5119 1970 5163 to
1999 5122 2183 5162 mense
2206 5107 2522 5162 adveniente
2553 5109 2604 5163 in
2635 5109 2879 5164 morbum
2912 5111 3170 5175 incidens,
3200 5109 3502 5163 Mauritium

1916 5177 2057 5234 civili
2108 5192 2160 5232 et
2202 5180 2463 5241 castrensi
2495 5177 2687 5234 militia
2731 5181 2956 5246 clarum,
2985 5181 3247 5235 catholica
3292 5191 3507 5247 quoque

1918 5251 2174 5317 religione
2205 5256 2258 5303 et
2282 5251 2567 5303 virtutibus
2598 5250 2876 5315 illustrem,
2911 5250 3177 5306 Caesarem
3206 5259 3374 5317 creat,
3400 5250 3501 5303 da-

1923 5331 2079 5391 taque
2128 5320 2205 5373 illi
2235 5334 2401 5374 uxore
2432 5319 2537 5373 ﬁlia
2584 5322 2952 5385 Constantina,
2997 5322 3289 5391 imperium
3326 5318 3502 5391 eidem

1922 5389 2017 5461 pro
2053 5391 2177 5445 dele
2224 5391 2537 5459 assignavit.
2562 5392 2746 5447 Mense
2769 5393 3011 5461 Augusto
3037 5389 3162 5445 anni
3192 5389 3318 5457 586,
3345 5389 3505 5446 Tibe-

1922 5460 2032 5515 rius
2087 5462 2379 5533 imperator
2429 5462 2701 5533 piissimus
2759 5460 2953 5533 maguo
2999 5462 3186 5533 dolore
3236 5462 3503 5533 bonorum

1920 5533 2158 5587 omnium
2189 5532 2256 5585 ab
2283 5532 2504 5600 imperio
2560 5534 2812 5602 inquieto,
2847 5530 3001 5601 prout
3047 5532 3101 5585 in
3134 5530 3335 5586 sotnnis
3356 5531 3503 5587 vide-

245 5600 300 5673 i_n
327 5601 515 5673 eodem
547 5618 723 5659 sacras
742 5600 1269 5673 vi‘rgincs’collpcavit
1294 5602 1819 5673 subserereiigiosm
1919 5612 2023 5667 ras,
2054 5602 2118 5655 ad
2149 5611 2393 5671 pacatum
2422 5600 2646 5658 cmicsté
2689 5600 2908 5673 regnum
2958 5603 3183 5657 transiit.
3220 5603 3505 5673 Mauritius

244 5670 459 5726 feminae
510 5674 665 5741 Bonae
717 5670 1019 5725 abbatissus.
1071 5672 1297 5725 Exstant
1337 5672 1404 5725 de
1448 5672 1532 5725 his
1568 5673 1818 5726 omnibus
1920 5670 2203 5741 imperium
2233 5674 2477 5741 adeptus,
2510 5690 2605 5741 per
2632 5670 2834 5728 litteias
2853 5674 2918 5727 ad
2949 5672 3287 5728 Theodorum
3317 5672 3497 5729 archi-

245 5742 411 5814 ipsius
440 5743 608 5796 sancti
631 5740 871 5814 Gregorii
904 5744 1059 5809 epist.
1086 5743 1223 5798 libro
1249 5758 1340 5797 vtt.
1383 5741 1533 5814 unde
1562 5744 1823 5813 intelligis
1924 5740 2246 5799 mandi-itam
2273 5740 2426 5798 daias
2449 5740 2650 5811 rogavit
2683 5758 2779 5813 pro
2800 5754 2859 5799 se
2888 5744 3424 5814 urari,utimperium
3445 5745 3503 5803 in

294 5828 541 5869 omanum
572 5812 876 5882 pontificem
915 5821 1352 5871 testamentortuu
1378 5813 1450 5871 ad
1492 5816 1609 5883 pias
1632 5828 1823 5870 causas
1926 5830 2057 5887 pace
2085 5817 2243 5883 tueri,
2271 5821 2328 5871 ct
2346 5815 2412 5870 ab
2440 5812 2697 5870 hostibus
2717 5815 3001 5873 defendere
3026 5812 3229 5889 posset.
