4076 6348
531 347 640 406 703

1888 343 2162 399 PELAGII
2203 342 2401 398 ΡΜ)Ᾱί
2440 342 2483 398 ll

3740 349 3838 404 70$

533 460 693 529 duos,
720 459 838 519 dies
884 461 1070 518 decem
1120 469 1170 515 ι.
1205 460 1304 516 Hic
1341 459 1620 515 ordinatur
1660 458 1739 530 (α)
1785 456 1989 525 absque
2016 456 2129 523 jus-
2154 462 2209 522 Α
2234 464 2417 509 mento
2456 462 2822 510 constructam
2845 496 2860 520 ,
2898 464 2956 511 et
2996 456 3192 512 tabulis
3239 460 3510 532 argenteis
3552 464 3841 519 exornavit.

534 553 689 608 sione
731 551 1011 621 principis,
1043 566 1109 606 eo
1138 550 1281 621 quod
1326 548 1659 619 Langobardi
1708 547 2018 603 obsiderent
2055 546 2133 600 ci-

536 644 754 699 vitatem
786 642 1107 707 Romanam,
1133 652 1186 697 et
1234 642 1399 697 multa
1432 640 1657 696 vastatio
1696 640 1765 695 ab
1792 640 1871 695 eis
1902 640 1954 693 in
1981 638 2130 692 Italia

539 732 710 788 fieret.
744 732 945 787 Eodem
974 744 1212 802 tempore
1237 742 1400 787 tanta;
1428 732 1623 801 pluvia:
1653 730 1889 795 fuerunt,
1928 740 1985 783 ut
2011 745 2129 784 nm-

541 838 640 878 nes
688 822 951 885 dicerent,
982 823 1105 893 quia
1152 838 1307 892 aquae
1362 823 1579 878 diluviae
1626 821 2130 889 superinundarent.

547 916 615 971 Et
643 915 761 970 talis
790 915 968 971 clades
998 915 1116 979 fuit,
1139 914 1347 983 qualem
1394 930 1423 968 a
1455 914 1654 970 saeculo
1682 914 1859 968 nullus
1888 913 2133 968 meminit

540 1006 725 1062 fuisse.
754 1008 951 1062 Eodem
980 1015 1220 1077 tempore
1264 1005 1539 1062 investivit
1580 1020 1774 1073 corpus
1815 1004 1953 1059 beati
1985 1003 2131 1059 Petri

541 1098 770 1168 apostoli
796 1099 988 1153 tabulis
1013 1098 1283 1168 argenteis
1305 1097 1595 1153 deauratis.
1621 1095 1718 1151 Hic
1743 1096 1959 1149 domum
1977 1109 2129 1148 suam

543 1191 934 1247 xenodochium
961 1190 1085 1247 fecit
1112 1205 1405 1260 pauperum
1456 1203 1666 1244 senum.
1704 1186 1800 1242 Hic
1848 1186 1976 1241 fecit
2021 1200 2130 1241 cte-

544 1282 823 1337 meterium
864 1282 1005 1338 beati
1049 1281 1314 1336 Hermetis
1362 1280 1635 1351 martyris.
1684 1279 1778 1332 Hic
1818 1277 1941 1333 fecit
1971 1293 2131 1347 supra

476 1374 479 1379 ’
539 1385 737 1443 corpus
761 1371 904 1427 beati
934 1372 1204 1429 Laurentii
1234 1371 1486 1441 martyris
1522 1369 1550 1408 δ
1579 1369 1852 1426 basilicam
1881 1385 1909 1424 a
1946 1368 2137 1425 funda-

2236 549 2537 621 sepulcrum
2554 550 2693 619 ejus.
2706 551 2807 617 Qui
2826 558 3065 605 mortuus
3082 560 3185 615 est,
3203 561 3257 605 et
3277 553 3519 622 sepultus
3536 554 3606 607 ad
3619 554 3842 611 beatum

2237 644 2453 700 Petrum
2484 642 2788 713 apostolum
2814 658 2866 697 vr
2889 642 3011 697 ldus
3038 642 3362 702 Februarias
3397 642 3485 716 [In
3528 645 3664 699 Cod.
3684 643 3839 713 Lua,

2235 751 2286 790 vi
2319 735 2441 790 ldns
2468 734 2791 790 Februarias
2818 732 3001 803 deest].
3026 732 3123 788 Hic
3152 732 3277 789 fecit
3306 734 3683 790 ordinationes
3709 734 3841 791 duas

2240 841 2334 896 per
2359 840 2599 881 mensem
2632 822 3003 887 Decembrem,
3035 822 3376 895 presbyteros
3414 841 3624 890 Luxu,
3658 826 3844 882 diaco-

2239 932 2336 972 nes
2372 930 2485 979 VIII,
2532 914 2813 985 episcopos
2868 928 2964 983 per
3013 913 3224 969 diversa
3253 915 3368 970 loca
3399 932 3631 972 numero
3678 932 3843 974 sum

2239 1007 2391 1081 [ϐοά.
2453 1005 2609 1071 Luc.,
2659 1004 3004 1075 presbyteros
3031 1020 3216 1070 xxvnt,
3264 1006 3518 1063 diacones
3554 1022 3655 1071 vn,
3689 1005 3839 1079 em].

2239 1096 2479 1152 Cessavit
2519 1095 2860 1166 episcopatus
2888 1094 3006 1164 ejus
3047 1110 3261 1152 menses
3291 1112 3364 1162 ιιι,
3398 1097 3516 1153 dies
3551 1114 3661 1152 xxv
3692 1096 3840 1169 [Coit

2240 1188 2394 1252 Luc.,
2442 1200 2655 1243 menses
2708 1202 2790 1255 tu,
2836 1185 2954 1244 dies
3005 1201 3131 1254 xxv,
3173 1189 3272 1245 sub
3315 1188 3403 1244 die
3452 1190 3480 1242 7
3532 1189 3840 1258 Februarii,

2240 1281 2353 1336 ind.
2395 1278 2474 1351 5].

1785 1484 1990 1542 Nam
2030 1454 2359 1541 Severum
2397 1483 2574 1539 smn.

616 1582 635 1601 '
665 1582 820 1635 Anno
856 1580 1057 1636 Christi
1090 1579 1215 1648 590,
1253 1595 1305 1635 vt
1336 1578 1457 1634 idus
1488 1578 1765 1633 Februarii
1811 1577 2126 1632 defunctum

539 1666 659 1708 esse
689 1651 981 1721 Pelagium,
1012 1666 1133 1706 cum
1166 1650 1397 1707 sedisset
1423 1664 1601 1721 annos
1623 1665 1719 1715 xu,
1754 1664 1968 1704 menses
1996 1664 2053 1721 ιι,
2076 1658 2131 1703 et

544 1724 659 1778 dies
684 1720 848 1789 xxvn,
877 1732 1087 1777 constat
1116 1736 1183 1777 ex
1230 1721 1385 1775 initio
1428 1720 1766 1789 pontiﬁcatus
1793 1721 1963 1774 sancti
1996 1720 2129 1774 Gre-

541 1795 699 1864 gorii,
726 1795 814 1863 qui
857 1804 1134 1863 postquam
1164 1794 1321 1847 sedes
1352 1792 1648 1864 apostolica
1680 1807 1728 1844 vi
1771 1792 2045 1864 mensibus
2074 1799 2129 1864 et

540 1862 645 1918 ξαν
696 1862 882 1918 dit-bus
928 1862 1143 1930 pastore
1189 1872 1451 1928 vacasset,
1484 1878 1540 1917 ιιι
1586 1863 1763 1916 Nonas
1795 1862 2129 1929 Septembris

540 1934 732 1989 annoS
754 1935 984 1988 Mauritii
1016 1935 1372 2002 imperatoris,
1404 1934 1603 2002 quiest
1632 1932 1833 1987 Christi
1866 1933 2131 1999 Redemp-

2242 1576 2348 1631 ritii
2376 1576 2715 1700 imgperatoris
2749 1590 2950 1632 annum
2980 1578 3287 1649 septimum.
3326 1576 3458 1635 Vide
3486 1578 3694 1638 Baron.
3717 1584 3845 1653 590,

2246 1663 2395 1700 num.
2473 1686 2487 1700 .

2246 1663 2395 1703 num.
2431 1663 2487 1701 Σ.

2313 1717 2339 1756 δ
2372 1718 2511 1795 Cum
2528 1719 2697 1795 sancti
2726 1718 2997 1775 Laurentii
3025 1721 3315 1795 corpusuab
3334 1724 3606 1795 operariis
3627 1741 3845 1795 quaere-

2238 1798 2409 1854 retur,
2443 1788 2709 1866 miranda
2732 1800 2892 1866 atque
2930 1788 3300 1866 pavend‘ailla
3344 1788 3695 1866 contigerunt
3728 1815 3849 1866 qua

2239 1870 2459 1919 sanctus
2490 1860 2779 1928 Gregorius
2824 1861 2963 1916 libro
3002 1878 3081 1928 ιιι,
3114 1864 3335 1932 epistola
3374 1865 3465 1929 50,
3496 1860 3850 1925 ἐιιδιτειιίιὶι

2236 1934 2424 1991 verbis
2457 1949 2469 1985 :
2502 1949 2520 1981 ι
2550 1932 2763 1985 Sanctze
2788 1932 3063 1986 memoria:
3091 1934 3344 1988 decessor
3372 1950 3525 1989 meus
3558 1936 3756 1993 itidem
3783 1943 3847 1995 ad

551 2006 682 2058 toris
710 2005 830 2069 590,
861 2005 1072 2072 Pelagio
1092 1995 1154 2059 'in
1204 1995 1514 2073 pontificatu
1545 2006 1825 2057 successit.
1852 1995 2136 2058 Manifesto
2166 1995 2217 2055 B
2242 2016 2437 2070 corpus
2471 2002 2643 2057 sancti
2681 2002 2954 2057 Laurentii
2994 2008 3247 2073 martyris
3275 2006 3522 2073 quaedam
3545 2010 3849 2067 meliorare

543 2074 707 2146 igitur
732 2090 918 2131 errore
946 2077 1195 2130 labuntur
1223 2076 1312 2142 qui
1343 2076 1692 2144 depravatum
1725 2074 1994 2128 Anastasii
2019 2083 2134 2129 tex-

545 2156 656 2199 tum
694 2147 884 2216 secuti,
926 2147 1049 2201 huic
1091 2146 1323 2214 pontiﬁci
1363 2161 1533 2201 annos
1564 2147 1826 2199 duntaxat
1854 2161 1887 2198 κ
1919 2160 2134 2200 menses

541 2230 581 2270 tt
602 2226 653 2271 et
674 2217 791 2272 dies
821 2234 874 2281 x,
904 2219 1221 2272 attribuunt.
1249 2217 1315 2270 Et
1345 2218 1561 2285 quidem
1590 2216 1794 2283 majore
1822 2232 2005 2270 errore
2039 2216 2133 2269 de-

540 2286 806 2357 cipiuntur
831 2290 917 2357 qui
948 2288 1151 2344 obitum
1181 2288 1399 2357 Pelagii,
1420 2298 1474 2343 et
1502 2288 1827 2342 creationem
1855 2286 2121 2357 Gregorii,

541 2357 627 2414 vel
670 2360 722 2413 iu
752 2369 1063 2429 sequentem
1092 2374 1291 2413 annum
1324 2361 1595 2428 rejiciunt,
1622 2359 1709 2411 vel
1738 2359 1950 2413 diverso
1981 2372 2124 2411 anno

542 2430 829 2501 contigisse
859 2432 1120 2485 scribunt.
1153 2430 1386 2499 Loogius
1418 2444 1545 2484 vero
1593 2430 1691 2483 hac
1722 2430 1874 2501 inAre
1914 2432 2130 2501 aberrat

545 2498 710 2565 Beda,
739 2501 851 2569 qui,
885 2501 951 2554 de
982 2501 1159 2555 Gestis
1185 2498 1339 2569 Angl.
1376 2500 1513 2554 libro
1556 2516 1593 2567 ι,
1627 2516 1745 2565 cap.
1778 2498 1870 2565 ‘23,
1902 2499 2131 2553 creatio-

548 2584 671 2625 nem
706 2571 947 2641 Gregorii
989 2571 1214 2625 collocat
1237 2572 1337 2624 sub
1361 2586 1501 2624 anno
1522 2571 1733 2625 decimo
1776 2570 2000 2624 Mauritii
2032 2572 2133 2623 im-

545 2642 807 2710 peratoris
836 2656 993 2710 quam
1024 2656 1167 2695 anno
1196 2641 1382 2711 quinto
1412 2642 1652 2707 ejusdem
1691 2642 2029 2707 imperatoris
2053 2643 2131 2694 in-

548 2712 776 2768 choante
804 2712 1094 2766 indictione
1117 2728 1255 2765 nona
1278 2712 1565 2779 contigisse
1588 2712 1869 2781 ipsiusmct
1891 2711 2134 2781 Gregorii

550 2781 923 2837 testificatione
953 2791 1183 2848 constat,
1226 2782 1487 2851 principio
1518 2783 1640 2836 libri
1682 2798 1718 2838 ιι
1752 2782 2131 2849 Epistolarum,

549 2853 637 2906 ubi
682 2853 1019 2923 pontiﬁcatus
1037 2854 1119 2908 sui
1139 2868 1337 2909 annum
1375 2854 1667 2909 secundum
1710 2862 1955 2908 numerat
1984 2854 2134 2908 Mau-

2241 2073 2580 2149 desiderans,
2606 2073 2734 2126 dum
2766 2074 3119 2149 nesciturubi
3153 2078 3459 2149 venerabile
3480 2093 3689 2148 corpus
3730 2085 3848 2149 eth

2242 2156 2386 2199 esset
2413 2145 2767 2215 collocatum;
2795 2153 2849 2197 et
2888 2144 3138 2199 eﬁ'oditur
3165 2148 3521 2215 exquirendo,
3544 2144 3738 2206 subito
3760 2144 3851 2207 Ee-

2244 2216 2491 2284 pulcrum
2523 2214 2640 2283 ejus
2688 2214 3269 2290 ignoranterapertuni
3291 2228 3395 2284 est,
3424 2228 3480 2272 et
3508 2220 3543 2273 ii
3578 2224 3671 2290 qui
3701 2239 3847 2289 pne-

2240 2298 2423 2341 sentes
2454 2294 2609 2341 erant
2638 2294 2797 2353 atque
2827 2286 3140 2341 laborabant
3159 2291 3405 2341 monachi
3436 2300 3494 2344 et
3524 2286 3848 2348 niansiona-

2240 2357 2330 2434 rii,
2360 2356 2449 2427 qui
2468 2371 2672 2434 corpus
2697 2356 2938 2425 ejusdem
2971 2360 3220 2428 martyris
3248 2359 3518 2425 viderunt,
3545 2366 3694 2432 quod
3729 2366 3848 2434 qui.

2241 2427 2365 2482 dem
2410 2428 2890 2498 niinimertangere
2937 2427 3431 2498 praesumpserant,
3466 2427 3662 2488 omnes
3706 2427 3849 2491 intra

2241 2499 2429 2573 decem
2472 2498 2589 2552 dies
2632 2497 2867 2573 defuncti
2910 2509 3071 2573 suut,_
3115 2497 3190 2553 ita
3228 2510 3284 2553 ut
3330 2501 3511 2558 nullus
3550 2519 3849 2573 superesse

2245 2570 2531 2637 potuisset,
2563 2571 2651 2640 qui
2692 2578 2937 2624 sanctum
2974 2582 3027 2624 et
3052 2570 3254 2637 justum
3288 2587 3487 2640 corpus
3511 2570 3660 2631 illius
3688 2579 3848 2633 vide-

2244 2650 2349 2765 iat.
2390 2659 2408 2691 ι
2447 2640 2573 2722 Haec
2605 2639 2894 2710 Gregorius
2936 2642 3002 2696 de
3042 2641 3350 2697 inventione
3390 2639 3643 2713 corporis
3672 2649 3847 2707 sancti

2293 2721 2547 2765 aurentu.

2293 2721 2547 2765 aurentu.

2319 2786 2394 2854 (α)
2426 2782 2558 2836 Cod.
2584 2780 2909 2859 L_uc._habet
2936 2783 3151 2859 aliquid
3175 2799 3392 2859 erasum
3414 2826 3430 2845 .
3465 2800 3591 2858 post
3619 2806 3741 2859 qua:
3770 2791 3847 2847 le-

2245 2853 2384 2923 gitur
2408 2870 2421 2906 :
2450 2853 2839 2925 ceptojussione
2868 2853 3134 2926 principis.
3170 2856 3357 2912 NANSI.

1573 2968 2008 3024 OBSERVATIU
2048 2966 2339 3025 PHILIPPI
2382 2968 2635 3036 LABBE,
2677 2968 2737 3025 S.
2779 2968 2832 3024 J.

624 3085 677 3138 In
719 3083 822 3138 ﬁne
846 3084 978 3139 Cod.
1012 3099 1113 3140 ms.
1153 3083 1245 3138 viri
1281 3084 1563 3139 clarissimi
1594 3084 1795 3139 Claudii
1825 3084 2022 3155 liardyi
2048 3100 2137 3141 se-

550 3157 750 3212 natoris
785 3155 1100 3211 Parisiensis
1129 3156 1476 3211 eruditissimi
1511 3172 1615 3224 quo
1646 3156 1903 3210 hactenus
1936 3158 2013 3210 usi
2047 3173 2137 3210 su-

548 3242 667 3283 mus
710 3226 823 3281 ha‘c
861 3228 1161 3282 habentur:
1196 3229 1238 3279 A
1270 3227 1412 3280 beato
1455 3226 1610 3280 Petro
1648 3244 1803 3296 usque
1837 3244 1970 3280 nunc
2006 3229 2138 3290 ﬁunt

2249 3085 2473 3164 s‘tasium
2505 3085 2970 3164 bibliothecarium
3016 3103 3122 3164 non
3162 3102 3351 3164 omnes
3378 3092 3518 3164 vitas
3558 3094 3851 3164 scripsisse

2248 3156 2611 3245 Romanorum
2662 3159 2997 3245 pontiﬁcum,
3029 3161 3119 3229 qui
3158 3160 3632 3245 a‘Damasipapa;
3676 3156 3852 3245 teuto

2247 3229 2312 3281 ad
2354 3242 2449 3282 sua
2501 3238 2739 3297 tempora
2770 3229 3086 3294 floruerunt,
3119 3232 3212 3285 sed
3258 3247 3323 3286 ex
3353 3229 3518 3288 variis
3549 3229 3697 3291 'hiuc
3725 3238 3853 3294 inde

550 3301 671 3352 anni
695 3313 973 3393 coetzytvntv3
996 3308 1271 3393 ειΙιηςιησεσ
1292 3299 1599 3393 vt,e;tceptis
1624 3298 1906 3379 intervallis
1934 3299 2133 3393 episco-
2165 3329 2214 3393 ο
2246 3308 2655 3393 cnagmentasse
2682 3301 2983 3379 universam
3016 3301 3182 3371 illam,
3208 3319 3326 3372 qua:
3349 3304 3452 3360 sub
3480 3306 3598 3375 ejus
3626 3311 3851 3363 nomine

554 3383 784 3439 patuum.
836 3368 1002 3423 Finis.
1050 3369 1198 3425 Unde
1249 3370 1679 3423 manifestissime
1721 3370 1962 3439 arguitur
1993 3371 2137 3423 Ana-

2243 3378 2487 3438 apparet,
2530 3369 2919 3426 collectionem.

554 3508 3855 3560 Ἠ

1296 3630 2103 3829 gaLAGII
2198 3635 2749 3774 ΡΑΡλίΕ
2829 3637 2954 3768 II

976 3895 1054 3951 "‘
1098 3881 2019 4001 EPISTOLE
2087 3893 2327 4007 ET
2381 3883 3336 4009 DECRETA'.

1922 4085 2411 4111 ’ᾑ--ο

884 4163 1215 4221 EPISTOLA
1248 4165 1461 4222 PRIMA
1490 4166 1654 4239 [Olim
1685 4167 1835 4240 m1,

997 4297 1060 4335 ΑΙ)
1090 4296 1395 4337 ῦκεοοιιιωι
1436 4297 1703 4338 DIACONUI

564 4395 633 4455 Ut
670 4396 735 4451 ab
770 4396 1073 4467 imperatore
1111 4398 1379 4521 auxiliumt
1412 4408 1593 4521 cpntra
1639 4397 2011 4471 Langobardos
2052 4402 2148 4456 sibi

1224 4485 1359 4521 imae
1384 4484 1437 4521 re
1465 4509 1479 4521 .

1224 4484 1479 4537 impetret.

2261 4177 2579 4236 Praedictum
2631 4194 2811 4240 autem
2868 4183 3089 4241 fratrem
3144 4183 3518 4241 Sebastianum
3574 4186 3852 4256 quomodo

2254 4279 2672 4347 susceperimus,
2700 4280 2784 4336 vel
2812 4281 2863 4336 in
2889 4282 3033 4351 quali
3066 4281 3204 4351 apud
3248 4296 3347 4336 nos
3366 4322 3379 4343 ,
3415 4289 3469 4336 te
3494 4291 3853 4353 suggerente,

2253 4367 2416 4423 fuerit
2435 4370 2721 4437 charitate,
2748 4372 2915 4442 ipsius
2946 4373 3149 4440 poteris
3188 4372 3451 4429 relatione
3481 4388 3851 4444 cognoscere;

2257 4460 2349 4528 qui
2376 4461 2535 4515 etiam
2579 4463 2825 4531 promisit
2872 4464 3026 4518 nobis
3066 4464 3417 4520 necessitates
3470 4465 3553 4519 vel
3607 4464 3855 4533 pericula

635 4562 876 4633 Pelagius
896 4562 1180 4634 episcopus
1205 4562 1400 4618 dilecto
1432 4562 1540 4617 filio
1568 4561 1828 4634 Gregorio
1858 4565 2108 4622 diacono.

2258 4553 2421 4608 totius
2452 4554 2615 4609 Italia:
2647 4555 2892 4624 piissimo
2920 4556 3141 4611 domino
3175 4555 3488 4625 imperatori
3536 4571 3856 4626 suggerere.

632 4653 821 4709 Omnia
838 4653 1051 4723 quidem
1066 4670 1184 4725 quae
1207 4654 1510 4710 necessaria
1533 4654 1768 4723 fuerunt,
1789 4671 1884 4727 per
1904 4656 2151 4713 Honora-

560 4755 671 4804 tum
712 4748 979 4803 notarium
1033 4749 1129 4804 tibi
1168 4749 1475 4805 curavimus
1520 4748 1793 4817 indicare;
1836 4766 1996 4821 quem
2027 4766 2149 4807 cum

562 4846 745 4913 fratre,
802 4857 857 4902 et
906 4849 1232 4917 coepiscopo
1296 4847 1616 4903 Sebastiano
1674 4846 1743 4903 ad
1804 4847 2149 4903 dilectionem

562 4949 705 4996 tuam
733 4939 1025 4995 direximus
1054 4983 1069 5007 ,
1120 4950 1178 4995 ut
1206 4941 1328 5010 quia
1353 4942 1459 4997 illis
1488 4941 1541 4996 itt
1570 4940 1812 5010 partibus
1839 4940 1904 4995 ad
1936 4940 2149 4998 Raven-

562 5050 687 5091 nam
738 5049 906 5105 usque
955 5050 1095 5090 nunc
1141 5050 1260 5091 cum
1291 5037 1408 5089 viro
1454 5035 1689 5104 glorioso
1729 5035 1950 5091 domino
1990 5036 2155 5093 Decio

563 5127 793 5184 Patricio
823 5126 953 5191 fuit,
1004 5125 1118 5197 ipse
1144 5141 1240 5181 sua
1270 5127 1533 5182 relatione
1580 5134 1631 5181 te
1660 5126 1726 5181 de
1751 5128 1999 5182 omnibus
2036 5137 2152 5184 stu-

564 5220 687 5276 deat
707 5219 1147 5275 informare:vel
1192 5219 1238 5272 si
1294 5234 1395 5288 qua
1445 5217 1749 5273 necessaria
1792 5217 2139 5288 judicaveris,

566 5315 738 5385 possis
794 5312 1010 5368 domino
1069 5312 1379 5383 imperatori
1438 5326 1747 5382 suggerere.
1803 5312 1939 5378 Quia
1993 5320 2155 5367 tanta:

565 5408 898 5464 calamitates
929 5422 991 5461 ac
1028 5404 1398 5461 tribulationes
1429 5403 1582 5459 nobis
1614 5420 1643 5457 a
1673 5403 1894 5474 perﬁdia
1938 5401 2155 5474 Lango-

569 5500 857 5557 bardorum
890 5501 1047 5555 illata:
1078 5508 1221 5563 sunt,
1256 5508 1439 5553 contra
1472 5513 1627 5553 suum
1660 5495 1933 5567 proprium
1973 5494 2159 5565 jusju-

569 5592 818 5660 randum,
855 5600 913 5646 ut
952 5592 1130 5647 nullus
1163 5590 1335 5661 possit
1374 5590 1442 5645 ad
1491 5586 1831 5644 referendum
1881 5585 2150 5642 sufficere.

653 5728 671 5750 ⁶
691 5726 771 5779 Ex
799 5722 1459 5779 annotationibusLabbzei
1492 5738 1608 5792 qua:
1637 5720 1777 5792 apud
1801 5718 1970 5775 Mansi
2000 5730 2155 5777 erant

570 5796 637 5851 ad
665 5795 981 5863 marginem,
1017 5795 1291 5850 breviores
1322 5808 1420 5847 nos
1469 5795 1694 5863 initextu
1745 5794 1882 5846 inter
1929 5792 2152 5848 uncinos

572 5862 938 5932 collocamus,
969 5863 1237 5937 longiores
1290 5878 1423 5920 vero
1471 5862 1607 5919 infra
1654 5863 1898 5935 paginam
1945 5863 2151 5935 relega-

2256 4648 2563 4719 Loqutmini
2592 4665 2741 4721 ergo,
2765 4662 2822 4707 et
2852 4659 3075 4707 tractate
3104 4652 3323 4721 pariter,
3350 4651 3625 4721 quomodo
3650 4651 3856 4707 nostris

2257 4740 2478 4808 possitis
2531 4740 2780 4798 celeriter
2809 4744 3098 4799 subvenire
3144 4742 3438 4812 periculis:
3482 4742 3606 4811 quia
3650 4742 3725 4796 ita
3767 4741 3856 4798 hic

2256 4844 2607 4904 coangustata
2645 4844 2730 4890 est
2768 4836 3087 4905 respublica,
3131 4845 3189 4891 ut
3211 4836 3313 4891 nisi
3356 4836 3497 4891 Deus
3538 4836 3767 4905 piissimi
3798 4838 3858 4895 in

2255 4928 2421 4984 corde
2463 4929 2722 4999 principis
2752 4929 3116 4998 inspiraverit,
3151 4936 3209 4983 ut
3237 4928 3454 4984 insitam
3481 4928 3589 4983 sibi
3622 4929 3861 5006 “miseri.-

2258 5020 2497 5075 cordiam
2527 5020 2639 5076 suis
2671 5020 2886 5075 famulis
2916 5020 3197 5090 largiatur,
3240 5028 3296 5074 et
3319 5034 3481 5089 super
3504 5020 3645 5074 illam
3667 5018 3856 5076 diaco—

2258 5111 2437 5180 posin,
2478 5112 2562 5165 vel
2592 5126 2755 5165 unutn
2785 5111 3098 5183 magistrum
3150 5110 3405 5174 militum,
3456 5120 3513 5166 et
3555 5126 3723 5166 unum
3758 5112 3856 5167 du-

2258 5216 2379 5257 cent
2436 5202 2684 5273 dignetur
2713 5202 3035 5269 concedam,
3096 5203 3150 5257 in
3182 5203 3331 5259 omni
3380 5216 3570 5257 sumus
3601 5203 3853 5271 angustia

2258 5294 2496 5351 destituti
2521 5336 2537 5361 ,
2567 5296 2691 5359 quia
2726 5297 2962 5353 maxime
2999 5304 3180 5366 partes
3206 5294 3463 5350 Romanae
3488 5296 3636 5350 omni
3669 5296 3859 5364 prasi-

2257 5385 2348 5440 dio
2375 5393 2613 5442 vacuata:
2657 5386 2925 5442 videntur.
2971 5388 3037 5443 Et
3066 5387 3341 5443 Exarcbus
3384 5386 3595 5454 scribit,
3647 5388 3858 5442 nullum

2258 5477 2414 5533 nobis
2444 5493 2603 5548 posse
2626 5478 2927 5535 remedium
2953 5476 3132 5537 facere
3153 5521 3170 5548 ,
3216 5480 3414 5551 quippe
3445 5480 3536 5551 qui
3566 5494 3667 5535 nec
3695 5479 3767 5534 ad
3797 5481 3858 5534 il-

2259 5571 2339 5628 las
2361 5583 2540 5643 partes
2586 5573 2966 5631 custodiendas
3006 5588 3065 5631 se
3108 5582 3335 5631 testatur
3384 5587 3545 5644 posse
3573 5572 3854 5629 sufficere.

2259 5737 2401 5798 tuus.
2436 5722 2831 5798 Vide_q_uod_in
2876 5726 2979 5782 ﬁne
3017 5741 3237 5798 operum
3268 5724 3474 5797 Pelagii
3518 5726 3851 5795 notavimus,

2260 5794 2399 5851 infra
2425 5795 2531 5851 col.
2566 5794 2693 5851 759.
2729 5794 2887 5851 Eutr.
