4076 6348
152 302 270 361 705

1365 293 1725 356 EPISTOLIE
1768 292 1855 350 ar
1888 290 2239 381 Decuma.

3341 292 3447 350 706

148 414 395 487 Imperet
444 429 570 484 ergo
618 413 697 473 illi
751 414 895 473 Deus
949 412 1149 471 nostris
1191 414 1452 472 velociter
1494 412 1750 485 periculis
1776 417 1827 473 Α
1856 409 1979 480 quia
2016 408 2104 477 qui
2134 405 2379 476 nequiter
2401 413 2563 475 agunt
2604 404 3127 473 exterminabuntur,
3154 414 3213 462 et
3240 406 3444 464 inimici

153 506 474 574 subvenire,
502 516 786 575 antequam
838 506 1237 563 nefandissimae
1279 506 1453 576 gentis
1479 505 1751 561 exercitus

155 596 303 662 loca,
353 612 472 666 quae
520 597 691 652 adhuc
730 614 762 652 a
801 598 1076 668 republica
1124 598 1458 662 detinentur,
1514 597 1624 651 Deo
1651 594 1753 649 sibi

156 690 464 755 contrario,
498 690 641 759 quod
670 690 832 758 absit,
866 691 1192 760 praevaleant
1215 705 1497 760 occupare.
1525 689 1755 760 Presby-

156 789 341 834 terunt
375 788 401 817 ι
433 789 608 836 autent
652 780 718 835 ad
749 796 869 845 nos,
914 781 1027 837 Deo
1064 782 1379 851 adjuvante,
1412 780 1751 837 retransmit-

159 882 283 929 tere
314 872 507 930 festina
543 878 701 946 :quia
726 885 780 932 et
819 876 872 930 in
905 877 1231 931 monasterio
1258 886 1368 939 tuo,
1405 885 1459 930 et
1487 875 1539 928 in
1569 888 1754 944 opere,

156 963 250 1018 cui
280 978 403 1018 eum
426 966 837 1035 praeposuimus,
887 968 1223 1022 necessarius
1255 980 1376 1021 esse
1409 966 1629 1020 omnino
1659 980 1753 1019 co-

156 1059 464 1126 gnoscitur.
498 1060 628 1114 Data
654 1075 703 1114 tv
726 1060 904 1116 Nonas
930 1060 1201 1127 Octobris,
1242 1060 1532 1116 indictione
1558 1059 1610 1110 5.

591 1174 924 1230 EPISTOLA
956 1174 998 1230 ll
1026 1175 1189 1245 [Olim
1221 1174 1350 1246 1V],

286 1303 354 1341 an
385 1302 763 1343 nonsummum
794 1302 1082 1343 EPISCOPUI
1111 1302 1600 1343 surtswoouenssn
1620 1290 1649 1325 υ

161 1404 371 1472 Regum
425 1401 753 1459 Francorum
794 1406 945 1472 fidem
1000 1406 1343 1459 orthodoxam
1391 1405 1757 1470 commendat,

244 1479 578 1547 hortaturque
620 1487 676 1529 ut
716 1474 825 1530 illis
872 1478 1106 1541 suadeat,
1158 1492 1222 1528 ne
1259 1492 1374 1530 cum
1405 1475 1761 1547 Langobardis

175 1548 181 1557 ”
244 1545 410 1616 {tedas
439 1546 676 1614 habeant,
720 1547 853 1601 etde
881 1549 1109 1616 reliquiis
1145 1564 1271 1615 quas
1300 1547 1474 1601 mittit.

246 1660 607 1715 Dilectissimo
651 1660 803 1717 fratri
856 1661 1094 1718 Aunario
1126 1662 1369 1733 Pelagius
1405 1662 1556 1718 urbis
1576 1663 1762 1718 Romae

162 1752 475 1824 episcopus.

246 1844 535 1900 Laudanda
580 1853 684 1899 tuae
711 1844 988 1901 charitatis
1011 1854 1136 1902 vota
1189 1847 1504 1915 relegimus,
1563 1845 1759 1916 quibus

166 1948 249 2004 te,
277 1938 379 1993 nisi
406 1938 621 2008 gentilis
651 1949 829 1995 motus
867 1940 1175 2007 obsisteret,
1221 1941 1287 1995 ad
1318 1955 1419 1995 nos
1447 1939 1633 1994 venire
1669 1954 1764 1993 vo-

165 2028 340 2095 luisse
371 2030 663 2099 signiﬁcas.
702 2031 851 2086 Licet
880 2035 1027 2087 enim
1061 2032 1403 2102 spiritaliter,
1438 2042 1492 2088 et
1521 2032 1681 2086 simul
1710 2040 1765 2087 et

165 2134 339 2174 unum
370 2134 586 2189 semper
615 2120 784 2175 simus
813 2121 865 2176 in
898 2121 1160 2189 Domino,
1200 2134 1569 2179 verumtamen
1600 2125 1761 2177 etiam

165 2212 492 2282 praesentiae
525 2214 835 2282 corporales
865 2223 921 2269 et
944 2215 1273 2285 antiquiores
1302 2225 1503 2285 patres,
1535 2226 1587 2271 et
1620 2217 1764 2285 ipsos

170 2301 437 2371 quaesisse
468 2301 775 2358 invenimus
807 2305 1098 2372 apostolos.
1137 2306 1241 2361 Sed
1269 2306 1394 2361 dum
1436 2315 1521 2361 tua
1556 2307 1765 2361 deside-

168 2393 276 2458 ria,
322 2408 616 2463 causasque
654 2395 847 2462 quibus
876 2396 1172 2452 obstareris
1216 2413 1534 2467 exponeres,
1584 2399 1761 2454 mirati

172 2501 359 2543 suntus
386 2489 564 2543 minus
603 2498 653 2542 te
694 2488 822 2543 illud
853 2490 994 2558 quod
1024 2490 1155 2559 ipsis
1182 2491 1433 2546 oltviaret
1460 2494 1765 2547 excusatio-

172 2578 334 2633 nibus
356 2579 667 2634 attendisse.
699 2580 755 2635 Si
778 2581 919 2635 enim
952 2580 1151 2637 mundo
1177 2583 1533 2638 venerabilem
1554 2580 1769 2652 judica-

176 2668 243 2723 tis
274 2670 410 2725 hanc
439 2670 648 2736 urbem,
672 2671 717 2726 si
737 2672 803 2724 ad
832 2687 1011 2739 pacem
1035 2673 1179 2727 sedis
1207 2675 1516 2744 apostolicae
1545 2683 1766 2730 cuncta-

177 2776 293 2814 rum
318 2775 505 2831 regere
533 2761 897 2817 moderamina
921 2764 1271 2819 ecclesiarum
1306 2765 1640 2833 praedicatis;
1665 2781 1765 2820 cur

179 2866 284 2906 non
309 2860 362 2906 et
385 2852 757 2908 tribulatioues
782 2864 1015 2921 nostras,
1042 2865 1097 2909 et
1127 2856 1453 2925 temporales
1482 2858 1762 2926 angustias

179 2944 453 3002 charitatis
498 2948 869 3016 compassione
911 2950 1247 3018 gemiscitis?
1300 2951 1533 3006 scientes
1576 2952 1766 3007 divino

180 3053 275 3108 per
291 3042 325 3092 A
339 3038 600 3105 posmlum
626 3040 779 3095 nobis
796 3054 891 3095 ore
918 3041 1155 3095 mandari
1180 3040 1354 3111 (Rom.
1374 3056 1492 3106 xm,
1518 3040 1635 3095 Gal.
1666 3040 1763 3113 v1),

180 3140 238 3185 ut
263 3147 358 3189 nos
387 3131 615 3187 invicem
646 3132 964 3203 diligamus,
1014 3141 1072 3187 ut
1099 3146 1262 3188 onera
1303 3132 1534 3187 invicem
1580 3144 1766 3187 nostra

180 3233 475 3294 portemus,
508 3231 568 3278 ut
594 3227 805 3294 quoties
843 3226 1066 3280 fratrum
1095 3225 1397 3296 quicunque
1425 3227 1620 3292 uritur,
1664 3241 1765 3282 nos
1796 3205 1844 3268 Ο

180 3330 399 3370 uramur
429 3333 441 3369 :
476 3316 600 3371 dum
629 3332 767 3386 pene
808 3317 863 3371 in
892 3326 1181 3387 conspectu
1224 3326 1404 3373 vestro
1434 3325 1612 3372 tantus
1643 3334 1769 3373 san-

180 3407 298 3479 guis
322 3409 683 3464 innocentium
732 3411 809 3487 sit_
844 3409 1065 3475 effusus,
1100 3408 1173 3464 ita
1214 3424 1365 3465 sacra
1398 3409 1664 3465 violentur
1684 3412 1769 3465 al-

182 3501 338 3566 taria,
392 3502 463 3555 ita
494 3500 769 3557 catholica:
816 3501 941 3558 ﬁdei
995 3503 1065 3571 ab
1111 3502 1408 3559 idololatris
1462 3504 1770 3559 insultetur.

176 3591 439 3650 Novimus
465 3605 519 3649 et
549 3608 664 3662 vos,
697 3596 839 3665 quod
870 3596 1185 3666 temporalia
1208 3596 1313 3650 ista
1349 3594 1556 3665 flagella
1577 3597 1687 3651 sint
1712 3606 1774 3653 et

177 3684 251 3739 ad
276 3687 665 3754 probationem,
712 3685 851 3739 sicut
893 3685 962 3741 de
990 3685 1195 3741 caelesti
1238 3686 1558 3740 conﬁdimus
1605 3687 1773 3743 mise-

178 3779 416 3844 ratione,
441 3777 762 3849 proﬁciant;
792 3786 844 3831 et
876 3776 1206 3845 proximum,
1238 3776 1377 3831 sicut
1405 3791 1437 3831 a
1461 3775 1610 3830 vobis
1636 3778 1775 3831 scri-

181 3868 359 3934 bitur,
392 3869 652 3925 Dominus
692 3877 875 3924 noster
896 3868 963 3923 dc
992 3868 1333 3924 tribulatione
1360 3866 1451 3924 det
1478 3869 1730 3939 gaudium
1755 3889 1771 3925 :

186 3995 290 4114 rb“
332 3985 731 4112 Maximzjgnum,
777 3987 845 4042 de
888 4001 996 4056 quo
1044 3994 1258 4041 sanctus
1302 3983 1592 4056 Gregorius
1634 3985 1774 4042 Dial.

212 4077 225 4113 ι
271 4098 283 4112 .
316 4074 397 4114 ιιι.
431 4073 480 4113 c.
587 4100 600 4113 .

212 4073 283 4113 ιι).
316 4074 397 4125 ιιι,
431 4073 480 4113 c.
512 4073 600 4113 oo.

265 4129 288 4165 δ
317 4129 632 4198 Castigauda
662 4126 960 4199 inscriptio,
995 4135 1053 4183 ut
1081 4128 1272 4198 legitur
1304 4128 1509 4200 Pelagii
1535 4145 1683 4200 papa:
1710 4128 1774 4184 Il

188 4200 422 4272 epistola.
452 4201 905 4255 Autisiodorensis
931 4201 1168 4269 episcopi
1195 4215 1382 4272 verum
1415 4212 1477 4272 et
1496 4200 1777 4268 antiquum

188 4270 383 4327 nomen
414 4273 801 4336 Auuacharius,
850 4286 945 4339 pro
991 4285 1097 4340 quo
1129 4270 1397 4325 interdum
1444 4270 1782 4327 Auttaharius

190 4351 249 4398 et
276 4345 589 4406 Aunaarius,
614 4351 668 4397 et
691 4343 971 4411 Aunarius,
1002 4351 1056 4395 ut
1086 4341 1187 4396 hoc
1210 4342 1345 4405 loco,
1371 4342 1508 4396 sicut
1528 4358 1592 4396 ex
1619 4342 1785 4397 Chlo-

192 4415 427 4485 tathario
460 4414 656 4468 factum
700 4411 990 4470 Clotarius.
1031 4413 1267 4485 Alteram
1318 4412 1514 4482 Pelagii
1562 4413 1784 4485 hujusce

192 4500 345 4556 papa:
370 4484 437 4539 ad
488 4485 776 4556 Aunarium
807 4485 1089 4556 epistolam
1137 4484 1297 4556 paulo
1346 4495 1467 4549 post
1504 4484 1784 4541 exhibebi-

191 4554 311 4611 inus
341 4572 419 4648 ea
452 4571 569 4625 pag.
600 4554 707 4648 429
754 4556 884 4648 togti
940 4554 961 4609 l
998 4555 1336 4611 bibliotheca:
1387 4566 1583 4611 nostra:
1629 4572 1785 4613 nova:
1810 4590 1866 4648 Β

194 4642 327 4683 mss.
354 4627 628 4681 librorum.
660 4628 777 4682 Jac.
808 4628 960 4681 SIBI.

274 4709 296 4736 ο
361 4699 495 4753 Cum
562 4699 878 4753 innotuisset
942 4697 1156 4766 Pelagio
1226 4698 1466 4769 llomano
1541 4700 1783 4769 pontiﬁci

195 4770 507 4827 Mauricium
586 4770 961 4838 imperatorem
1033 4778 1151 4837 post
1217 4768 1487 4824 Tiberium
1544 4768 1789 4827 corona-

198 4852 333 4900 tum.
369 4852 504 4897 teste
533 4852 719 4912 sancto
751 4839 1007 4909 Gregorio
1030 4842 1106 4912 in
1146 4840 1371 4908 epistola
1401 4844 1467 4894 ad
1498 4840 1783 4912 Eulogium

197 4923 254 4969 et
298 4912 557 4968 Joannem
600 4910 1248 4982 Constantinopolitanum
1272 4951 1287 4975 ,
1346 4925 1554 4982 novum
1586 4915 1600 4976 (
1631 4910 1790 4982 prout

198 4984 312 5040 ﬁeri
330 4992 682 5039 consueverat
702 4983 718 5053 )
742 4982 1021 5037 diaconum
1038 4980 1360 5053 cardinalent
1378 4980 1788 5048 apocrisiarium

200 5057 417 5111 nomine
456 5052 795 5109 Laurentium
825 5054 888 5107 ad
930 5068 1050 5107 eunt
1091 5054 1256 5106 misit.
1298 5052 1588 5121 Gregorius
1625 5054 1790 5123 igitur

201 5138 442 5197 tempore
465 5126 665 5181 Tiberii
684 5125 776 5179 illo
798 5138 1019 5197 munere
1038 5125 1178 5197 bene
1209 5125 1455 5197 functus,
1474 5128 1789 5197 magnisque

200 5192 514 5254 muneribus
545 5211 816 5251 sacrarum
859 5195 1234 5261 reliquiarum,
1277 5192 1495 5247 brachio
1530 5195 1787 5251 nimirum

200 5270 257 5325 S.
292 5271 521 5333 Andra»,
552 5278 607 5323 et
640 5269 812 5335 capite
858 5266 915 5321 S.
950 5265 1104 5318 Luca:
1150 5264 1486 5335 evangelista:
1534 5264 1789 5335 donatus,

204 5351 323 5409 post
354 5339 561 5395 obitum
590 5334 789 5393 Tiberii
811 5337 1035 5409 Romam
1059 5334 1272 5409 reddiit,
1304 5335 1483 5409 ibique
1510 5335 1662 5409 jussu
1692 5338 1789 5392 Pe.

203 5406 327 5483 lagii
356 5413 612 5466 adversus
653 5412 957 5483 ingruentes
984 5407 1054 5461 ob
1084 5407 1184 5460 tria
1200 5408 1446 5483 _capitula
1485 5406 1791 5483 Schismati-

202 5476 299 5538 co's
328 5484 526 5554 stylum
558 5476 814 5554 exercuit.
844 5476 1040 5554 Eorum
1071 5477 1307 5531 omnium
1342 5486 1503 5554 caput
1530 5478 1629 5533 luit
1656 5480 1792 5533 Pau-

204 5555 349 5609 linus
374 5550 734 5623 Aquileiensis
763 5553 1009 5623 antistes,
1043 5560 1339 5623 posteaque
1352 5550 1467 5623 ejus
1490 5563 1792 5623 successor,

202 5626 333 5682 inde
364 5618 492 5679 vero
524 5626 775 5679 Severus.
810 5621 886 5676 De
918 5621 1001 5675 his
1031 5618 1269 5687 epistolis
1314 5619 1580 5672 Diaconos
1611 5620 1704 5674 lib.
1738 5636 1797 5675 ιιι

202 5713 325 5767 cap.
362 5697 430 5752 10
458 5698 522 5751 de
563 5691 1096 5767 gestisLattgohard.
1130 5690 1499 5767 hazcscribit;
1546 5689 1797 5767 Pelagius

204 5759 345 5842 papa
544 5759 854 5842 A'quileiensi
881 5759 1133 5842 episcopo
1173 5759 1375 5842 uolenti
1424 5761 1522 5842 tria
1554 5759 1800 5842 capitula

207 5834 640 5897 Chalcedonensis
661 5835 845 5905 synodi
882 5834 1135 5905 suscipere
1164 5834 1372 5903 (potius
1401 5834 1603 5889 noletlti
1640 5836 1799 5891 trium

1856 502 1951 556 Dei
2011 515 2136 554 mox
2188 507 2248 554 ut
2304 499 2713 565 exaltabuntttr,
2773 498 2912 555 sicut
2964 499 3140 554 fumus
3191 500 3446 558 deﬁcient

1858 594 2084 668 (Psalm.
2135 595 2351 662 xxxvr),
2395 604 2452 649 et
2479 595 2801 664 generaliter
2843 595 3089 665 peribunt
3137 607 3323 668 gentes
3374 597 3443 655 de

1857 697 2001 743 terra
2038 686 2177 757 ejus.
2229 687 2457 757 Propter
2483 687 2625 758 quod
2671 702 2770 743 vos
2795 689 3067 754 decuerat,
3095 690 3182 759 qui
3215 690 3325 745 illic
3356 705 3447 746 ca-

1860 780 2071 836 tholicae
2122 780 2362 837 membra
2404 782 2535 836 estis
2577 780 2864 848 Ecclesia,
2904 782 2996 836 uni
3033 783 3242 852 corpori
3292 786 3451 839 unius

1858 873 2050 942 capitis
2080 874 2469 943 gubernatione
2512 872 2822 944 conjuncta,
2870 875 3118 929 omnibus
3146 876 3339 943 quibus
3369 876 3449 929 vi-

1859 966 2010 1020 ribus
2036 964 2312 1031 valeretis,
2338 966 2456 1035 paci
2490 964 2763 1034 quietique
2792 973 2989 1019 nostrae
3014 980 3109 1033 pro
3133 965 3245 1034 ipsa
3277 966 3450 1020 sancti

1860 1054 2091 1125 Spiritus
2114 1055 2317 1110 unitate
2340 1069 2686 1111 concurrere.
2717 1055 2824 1108 Nec
2854 1055 2996 1110 enim
3022 1055 3290 1110 credimus
3314 1057 3451 1111 otio-

1864 1163 2002 1212 sum,
2046 1162 2146 1203 nec
2189 1148 2308 1203 sine
2357 1162 2545 1218 magna
2581 1146 2777 1202 divina).
2823 1146 3171 1216 providentia:
3215 1148 3449 1203 admira—

1864 1241 2011 1294 tione
2034 1239 2378 1308 dispositum,
2403 1239 2543 1309 quod
2568 1241 2730 1294 vestri
2755 1253 2911 1309 reges
2939 1239 3181 1294 Romano
3222 1241 3447 1308 imperio

1864 1329 1921 1384 in
1966 1330 2281 1385 orthodoxae
2309 1331 2431 1386 fidei
2456 1330 2799 1384 confessione
2838 1328 3223 1395 suntsitniles;
3250 1332 3350 1385 nisi
3388 1340 3447 1386 ut

1866 1422 1991 1479 huic
2013 1425 2149 1489 urbi,
2183 1441 2249 1479 ex
2277 1440 2376 1491 qua
2406 1423 2578 1479 fuerat
2610 1425 2857 1489 oriunda,
2889 1423 2970 1481 vel
3001 1423 3264 1478 universa:
3286 1421 3450 1478 Italia:

1866 1513 2143 1579 ﬁnitimos,
2195 1514 2575 1584 adjutoresqne
2632 1523 2933 1582 prtestaret.
3003 1514 3201 1569 Cavete
3257 1514 3450 1584 igitur,

1869 1604 2188 1660 cltarissime
2239 1605 2423 1671 frater,
2479 1620 2545 1658 ne
2583 1603 2709 1659 dum
2740 1605 2951 1674 regibus
3000 1604 3192 1658 vestris
3235 1603 3453 1672 juvaudi

1868 1712 1968 1753 nos
1995 1698 2166 1751 virtus
2187 1698 2259 1752 sit
2284 1697 2404 1752 data
2437 1682 2725 1759 divinitus,
2757 1695 3034 1751 charitatis
3074 1703 3265 1749 vestra:
3311 1698 3452 1751 circa

1792 1805 1842 1863 Β
1871 1806 1969 1845 nos
1998 1791 2186 1845 levitas
2214 1799 2469 1861 arguatur
2500 1808 2512 1842 :
2538 1790 2629 1860 qui
2659 1790 2765 1844 illis
2788 1797 2843 1844 et
2872 1790 2921 1843 in
2959 1789 3086 1856 ﬁde,
3114 1798 3168 1844 et
3194 1790 3247 1844 in
3277 1790 3456 1844 consi-

1866 1880 1974 1947 liis,
2004 1892 2181 1937 vestro
2208 1881 2516 1937 sacerdotio
2537 1882 2615 1935 sic
2658 1881 2887 1947 devotis,
2918 1881 3146 1937 suadere
3188 1881 3333 1949 talia,
3365 1892 3455 1939 attt

1867 1978 2161 2049 negligitis,
2186 1987 2281 2031 aut
2304 1976 2551 2032 dilfertis.
2575 1976 2771 2033 Sacras
2792 1987 2968 2033 autem
3004 1977 3280 2047 reliquias,
3323 1991 3457 2045 quas

1866 2077 1923 2123 et
1944 2077 2031 2123 tua
2064 2068 2327 2137 cbaritas,
2363 2078 2417 2122 et
2461 2067 2882 2137 gloriosissimus
2923 2069 3062 2123 ﬁlius
3089 2076 3271 2124 noster
3306 2067 3460 2139 petiit

1867 2159 2196 2230 dirigentlas,
2221 2175 2344 2214 cum
2375 2158 2664 2213 cohaerenti
2693 2159 2793 2214 sibi
2825 2161 3253 2215 sanctiﬁcatione
3280 2169 3460 2217 trans-

1869 2252 2137 2306 misimus.
2172 2251 2398 2320 PrOpter
2424 2249 2567 2321 quod
2599 2249 2765 2304 nihilo
2788 2251 2960 2304 minus
2988 2250 3363 2319 admonemus,
3393 2260 3456 2307 ut

1868 2359 2096 2416 quorum
2140 2343 2393 2397 virtutem
2443 2342 2704 2412 quaeritis,
2743 2356 2928 2396 eorum
2980 2344 3179 2410 templa
3223 2358 3253 2396 a
3283 2344 3458 2412 pollu-

1868 2437 2019 2491 tione
2038 2437 2272 2506 gentium
2319 2434 2555 2499 liberari,
2608 2433 2663 2487 in
2689 2444 2944 2503 quantum
2984 2434 3134 2488 vobis
3174 2445 3255 2489 est
3282 2432 3459 2503 possi-

1870 2529 1999 2592 bile,
2037 2526 2299 2583 lestinetis
2325 2543 2338 2580 :
2366 2536 2420 2580 et
2450 2525 2643 2579 vestris
2690 2527 2905 2594 regibus
2944 2526 3461 2581 instantissimesua-
3518 2571 3527 2579 .

1870 2620 2056 2685 deatis,
2086 2628 2349 2688 quatenus
2377 2618 2445 2672 ab
2474 2616 2720 2671 amicitiis
2751 2626 2803 2672 et
2843 2616 3222 2686 conjunctione
3274 2620 3460 2673 nefan-

1871 2712 2078 2767 dissimi
2108 2711 2299 2775 hostis,
2327 2709 2821 2780 Langobardorum,
2847 2708 3046 2762 salubri
3070 2724 3129 2763 se
3154 2709 3463 2778 provisione

1871 2819 2157 2875 segregare
2183 2803 2465 2862 festinent;
2499 2814 2567 2854 ne
2597 2799 2720 2852 duttt
2747 2800 2958 2853 illorutn
2984 2799 3228 2853 vindictae
3252 2808 3463 2868 tempus

1873 2896 2170 2960 advenerit,
2199 2894 2334 2948 sicut
2358 2902 2412 2946 et
2433 2892 2610 2946 celere
2634 2890 2747 2944 ﬁeri
2771 2890 2949 2945 divina
2974 2891 3315 2945 miseratione
3337 2906 3464 2945 con-

1873 2984 2112 3048 ﬁdimus,
2136 2997 2321 3039 eorum
2346 2982 2507 3036 etiam
2535 2980 2609 3033 illi
2636 2980 2975 3034 inveniantur
2995 2994 3118 3034 esse
3140 2981 3463 3048 participes:

1874 3078 1995 3146 qttia
2038 3076 2297 3142 scriptum
2339 3082 2423 3127 est
2456 3090 2467 3123 :
2496 3070 2618 3124 Non
2661 3071 2830 3124 solum
2874 3070 2963 3140 qui
3007 3087 3066 3123 ea
3115 3070 3348 3140 faciunt?
3376 3069 3465 3124 sed

1879 3170 2032 3221 etiam
2062 3168 2147 3236 qui
2177 3166 2497 3219 consentiunt
2528 3162 2828 3233 facientibus
2860 3162 3143 3228 puniendos
3175 3163 3193 3230 (
3218 3162 3365 3216 Rom.
3393 3161 3465 3231 ι).

1877 3260 2017 3315 Deus
2046 3267 2097 3313 te
2122 3257 2444 3311 incolumem
2470 3254 2766 3320 custodiat,
2796 3253 3108 3309 cbarissinte
3142 3256 3327 3310 frater.
3352 3253 3470 3323 ,Βα-

1876 3362 1988 3408 tum
2019 3368 2077 3407 ιιι
2102 3352 2282 3405 Nonas
2324 3350 2601 3415 Octobres,
2656 3349 2954 3417 imperante
3007 3348 3207 3405 domno
3253 3348 3471 3407 Tiberio

1876 3440 2336 3511 Constantinopoli
2369 3442 2639 3510 Augusto,
2667 3454 2809 3493 anno
2840 3440 2892 3493 7.

2279 3551 2614 3609 EPISTULA
2651 3562 2672 3590 ο
2705 3550 2765 3607 ιιι
2793 3552 2954 3624 [Olim
2990 3551 3075 3624 v1.

1951 3686 2070 3734 QUE
2108 3684 2205 3724 EST
2243 3682 2401 3722 PRIMA
2442 3683 2509 3721 AD
2551 3682 2710 3721 ΕιΙΑΜ
2752 3682 2817 3719 ΕΤ
2858 3680 3134 3722 EPISCOPOS
3186 3680 3397 3723 ISTRLE.

1955 3782 2326 3838 Dilectissimis
2356 3779 2611 3835 fratribus
2639 3779 2768 3834 Eliae
2796 3779 3020 3849 aliisque
3040 3780 3324 3851 episcopis,
3351 3783 3473 3837 utti-v

1881 3879 2051 3936 versis
2085 3877 2207 3931 filiis
2239 3876 2292 3929 in
2337 3873 2595 3929 Ecclesia:
2641 3872 2811 3927 lstriae
2858 3874 3097 3943 partibus
3142 3874 3473 3944 constitutis,

1883 3991 2234 4060 capitulorum
2282 3988 2696 4060 damnationem»
2725 3987 2777 4041 in
2810 3987 2988 4056 quinta
3033 3987 3241 4058 synodo
3276 3984 3475 4044 factam

1884 4058 2185 4132 approbare
2212 4069 2266 4115 et
2292 4070 2458 4132 ratam
2489 4058 2708 4132 habere)
2737 4060 3007 4132 epistolam
3028 4061 3153 4113 satis
3180 4060 3355 4113 utilem
3380 4061 3479 4114 mi-

1884 4129 1971 4197 sit,
2002 4149 2155 4203 quant
2186 4133 2359 4184 beatus
2403 4129 2681 4203 Gregorius
2719 4146 2835 4203 cum
2864 4129 3035 4183 adhuc
3070 4140 3194 4203 esset
3227 4132 3480 4186 diaconus

1885 4202 2109 4277 scripsit.
2149 4203 2274 4257 llaec
2303 4202 2527 4277 epistola
2560 4202 2730 4277 sancti
2767 4202 2965 4277 Pelagii
2996 4218 3031 4277 _a
3078 4202 3340 4277 Gregorio
3383 4205 3481 4257 ad-

1886 4272 1998 4331 huc
2020 4276 2246 4330 diacono
2285 4274 2622 4340 c0uscripta,
2672 4272 2911 4341 ejusdem
2958 4272 3115 4342 plane
3156 4274 3369 4342 generis
3396 4280 3482 4329 est

1889 4348 2043 4417 cujus
2073 4354 2188 4400 erat
2232 4346 2321 4399 illa
2364 4345 2521 4417 beati
2552 4344 2748 4399 Leonis
2802 4343 3005 4398 decima
3052 4344 3119 4417 ad
3164 4343 3478 4417 Flavianum

1890 4420 2117 4488 scripta;
2143 4432 2262 4486 quae
2290 4432 2411 4471 cum
2440 4416 2683 4484 epistolae
2717 4418 2930 4469 nomine
2960 4416 3157 4481 scripta
3189 4425 3369 4488 esset,
3409 4416 3481 4469 ob

1891 4491 1973 4543 sui
2004 4486 2410 4558 amplitudinem
2452 4495 2611 4558 atque
2642 4494 2924 4558 tractatum
2959 4497 3134 4539 tomus
3178 4486 3476 4558 dicebatur.

1893 4561 2024 4614 Nam
2048 4555 2110 4614 et
2132 4560 2247 4629 ipsa
2281 4559 2475 4625 Pelagii
2513 4556 2739 4629 epistola
2767 4556 2976 4629 ab_ip_~_o
3006 4563 3193 4629 sancto
3222 4555 3481 4629 Gregorio

1895 4632 2031 4686 liber
2054 4625 2518 4695 est—nuncupatal,
2552 4627 2619 4680 de
2648 4641 2754 4694 quo
2782 4625 2847 4677 ad
2893 4626 3162 4678 Hibernia:
3193 4627 3479 4695 episcopos

1897 4704 2020 4757 dunt
2054 4701 2262 4762 scribit,
2286 4699 2511 4768 epistola
2534 4697 2624 4762 56,
2645 4698 2738 4749 lib.
2768 4711 2851 4759 ιι.,
2873 4695 2988 4768 haec
3015 4695 3173 4768 habet
3198 4714 3211 4749 :
3242 4696 3309 4750 Ut
3324 4698 3485 4767 igitur

1898 4777 1960 4826 de
1992 4773 2149 4826 tribus
2173 4765 2434 4840 capitulis,
2463 4768 2652 4840 animis
2665 4765 3040 4840 rvestrisablata
3065 4765 3487 4838 dubietate,ﬁpos-

1897 4846 1963 4897 sit
1990 4837 2276 4911 satisfactio
2305 4839 2627 4911 abundanter
2656 4837 2861 4906 infundi
2871 4856 2895 4903 ,ς
2917 4837 3103 4911 lilrtnn
3130 4855 3277 4902 quem
3302 4840 3364 4894 de
3386 4841 3485 4893 hac

1897 4931 1955 4967 re
1983 4906 2174 4967 sancite
2203 4918 2461 4963 memortw
2489 4908 2721 4961 decessor
2749 4923 2892 4961 meus
2922 4906 3167 4979 Pelagius
3192 4928 3331 4978 papa
3351 4912 3486 4965 εει-ί-

1900 4994 2092 5053 pscrat,
2124 4982 2262 5036 vobis
2293 4979 2423 5049 utile
2437 4979 2677 5053 judicavi
2716 4981 3101 5034 transmittere:
3131 4998 3279 5050 quem
3316 4983 3362 5037 si
3391 4998 3490 5051 po-

1898 5051 1996 5108 sito
2043 5053 2347 5107 voluntarire
2397 5051 2706 5120 defensionis
2749 5052 2915 5104 studio
2980 5069 3106 5120 puro
3156 5054 3489 5124 vigilantique

1899 5127 2051 5179 corde
2076 5124 2338 5179 volueritis
2363 5127 2604 5193 relegere,
2630 5138 2746 5175 eum
2768 5139 2855 5175 vos
2878 5140 2966 5191 per
2997 5126 3168 5177 omnia
3197 5136 3481 5189 secuturos,

1898 5206 1947 5251 et
1975 5198 2042 5250 ad
2070 5198 2314 5250 unitatem
2355 5205 2578 5249 nostram
2626 5210 2914 5247 reversuros
2958 5196 3119 5248 nihilo
3164 5195 3335 5248 minus
3381 5210 3488 5248 esse

1898 5268 2104 5337 conﬁdo
2134 5285 2152 5322 :
2181 5269 2405 5333 Quanta:
2432 5274 2611 5337 autem
2640 5275 2785 5337 esset
2813 5265 3062 5319 efﬁcacia:
3089 5266 3223 5337 liber
3250 5265 3350 5319 iste
3370 5304 3387 5329 ,
3416 5279 3485 5320 ex

1901 5335 2134 5408 his’qua:
2163 5354 2288 5392 mox
2314 5338 2453 5408 idem
2485 5336 2779 5405 Gregorius
2810 5335 3327 5408 subditintelligere
3358 5350 3486 5403 pos-

1900 5405 2105 5479 sumus,
2140 5410 2228 5464 ubi
2257 5409 2330 5462 ait
2362 5425 2373 5460 :
2408 5406 2574 5461 Porro
2598 5409 2641 5461 si
2672 5417 2782 5476 post
2809 5406 2964 5477 hujus
2997 5405 3111 5479 libri
3144 5408 3485 5479 lectionentgitt

1902 5497 1962 5534 ea
1989 5477 2098 5550 qua
2118 5482 2237 5534 estis
2265 5480 2528 5532 rolueritis
2555 5478 2917 5550 deliberatione
2944 5478 3228 5546 persistere,
3256 5479 3366 5531 sine
3387 5477 3488 5530 du-

1903 5552 1983 5605 bio
2001 5548 2112 5604 non
2140 5551 2329 5605 rationi
2359 5566 2589 5619 operam,
2613 5550 2701 5602 sed
2730 5548 3055 5601 obstinationi
3080 5564 3166 5601 vos
3195 5554 3319 5602 dare
3345 5564 3489 5602 mon-

1902 5624 2096 5676 stratis.
2132 5622 2278 5676 HnllC
2307 5621 2592 5689 epistolam
2636 5619 3029 5673 illustrissimus
3058 5620 3348 5675 cardinalis
3387 5620 3489 5674 Ba-

1904 5695 2095 5748 ruttius
2126 5710 2229 5747 una
2262 5707 2383 5747 cunt
2413 5691 2617 5743 duabus
2647 5690 2994 5758 sequentibus
3020 5692 3260 5759 ejusdem
3288 5689 3490 5761 Pelagii

1904 5781 1934 5819 a
1965 5764 2186 5819 Nicolao
2219 5764 2392 5818 Fabro
2435 5761 2723 5816 Parisiensi
2765 5762 2879 5813 viro
2910 5762 3220 5818 doctissimo
3250 5772 3481 5832 accepit.

1978 5833 2111 5891 Cum
2132 5833 2427 5890 adhibitum
2449 5832 2581 5892 satis
2609 5833 2745 5888 bene
2768 5846 3119 5904 praeparatum
3143 5835 3487 5905 phartuacuut
