4076 6348
572 282 676 343 707

1889 287 2163 351 ΡΕΙΑΟΙΙ
2202 285 2406 349 ΡΑΡᾸΕ
2443 282 2489 346 l-l

3747 276 3857 344 τω

571 404 818 474 Pelagius
856 403 1143 475 episcopus
1180 412 1381 461 sanctae
1404 404 1656 463 Ecclesia:
1685 405 1963 463 catholicae
2002 408 2149 463 urbis
2174 406 2230 470 Δ
2324 404 2431 459 Nos
2456 403 2598 459 enim
2625 402 2768 458 illam
2801 401 2957 459 ﬁdem
2990 400 3295 473 praedictam
3327 406 3609 475 tenemus,
3636 411 3697 458 et
3729 418 3855 461 cum

568 496 774 552 Bonna.

640 592 789 659 Quod
817 592 881 648 ad
910 592 1251 649 dilectionem
1284 604 1539 661 vestram,
1565 592 1757 651 fratres
1809 597 2004 667 ﬁliique
2026 596 2152 652 cha-

569 686 798 752 rissimi,
826 699 1003 741 nostra
1030 688 1231 744 tardius
1254 690 1452 758 scripta
1482 689 1783 760 dirigimus,
1831 707 1933 746 non
1984 690 2151 748 male-

566 778 706 832 vola:
748 778 1067 845 voluntatis,
1096 779 1649 837 autdissimulationis
1696 783 1773 838 vel
1817 785 2149 854 negligentiae

568 865 733 923 fuisse
753 870 1020 934 credatur,
1046 871 1162 941 sed,
1187 871 1328 926 sicut
1358 871 1528 926 nostis
1546 915 1561 939 ,
1588 876 1895 943 temporalis
1924 876 2150 944 qualitas

564 968 621 1014 et
658 961 863 1015 hostilis
892 963 1178 1017 necessitas
1208 962 1463 1019 hactenus
1512 964 1812 1026 impedivit.
1845 964 1975 1019 Nam
2012 965 2151 1020 sicut

566 1050 639 1105 ait
688 1052 941 1107 Dominus
990 1069 1081 1122 per
1129 1055 1492 1125 prophetam:
1535 1055 1784 1126 Nunquid
1836 1059 2149 1115 obliviscitur

564 1144 747 1197 mulier
770 1146 935 1214 [ilium
958 1146 1091 1201 uteri
1114 1148 1193 1199 sui
1226 1144 1359 1217 (Isa.
1392 1146 1581 1217 xux)?
1610 1146 1723 1201 Non
1750 1163 1878 1217 ergo
1904 1151 2150 1204 credatur

566 1248 664 1292 nos
706 1238 969 1293 viscerum
1011 1249 1317 1294 nostrorum
1359 1240 1675 1296 divisionem
1715 1258 1818 1296 non
1850 1259 1969 1297 cum
2002 1243 2149 1317 gravi

562 1330 687 1387 ﬁetu
717 1347 779 1387 ac
814 1334 1011 1405 gemitu
1040 1333 1277 1390 doluisse
1309 1352 1321 1388 :
1355 1335 1448 1390 sed
1483 1337 1701 1403 utinam,
1728 1337 2051 1405 charissimi,
2088 1339 2148 1393 il-

562 1425 784 1482 luminet
817 1427 1072 1483 Dominus
1099 1429 1287 1484 oculos
1312 1430 1492 1484 cordis
1520 1432 1685 1485 vestri
1710 1472 1724 1497 ,
1753 1442 1809 1485 ut
1834 1433 1997 1487 nostri
2030 1448 2152 1487 cor-

561 1519 643 1575 dis
670 1521 898 1589 gemitus
937 1537 1036 1591 pro
1081 1522 1231 1578 vobis
1281 1521 1467 1578 videre
1514 1526 1749 1594 possitis.
1806 1526 1930 1593 Qui:
1976 1528 2145 1605 enim,

560 1615 699 1669 sicut
726 1614 801 1669 ait
843 1614 1031 1669 beatus
1058 1616 1333 1686 apostolus
1369 1614 1453 1687 (11
1487 1615 1607 1671 Cor.
1644 1619 1786 1686 xxi),
1829 1619 2145 1690 inﬁrmatur,

558 1714 607 1760 et
646 1722 735 1778 ego
784 1723 888 1761 non
927 1708 1199 1787 inﬁrmor?
1238 1711 1352 1780 quis
1395 1710 1797 1779 scandalizatur,
1829 1720 1874 1765 et
1916 1730 2005 1784 ego
2044 1730 2148 1767 non

2256 499 2401 554 oumi
2424 497 2655 566 puritate
2677 496 3022 552 conscientiae
3047 511 3214 568 usque
3238 496 3303 551 ad
3331 497 3611 569 sanguinis
3634 496 3857 552 eﬂ‘usitx

2254 609 2377 648 nem
2408 591 2776 655 defendimus,
2808 606 2927 661 quae
2973 590 3039 645 ab
3078 591 3335 660 apostolis
3386 590 3601 655 tradita,
3651 601 3715 645 et
3762 607 3857 660 per

2253 699 2592 742 successores
2614 698 2799 739 eorum
2819 682 3204 738 inviolabiliter
3223 684 3509 751 custodita,
3546 684 3854 738 reverenda

2253 774 2467 830 Niczena
2497 776 2735 846 synodus
2768 783 3124 829 trecentorum
3158 774 3343 830 decem
3375 785 3429 830 et
3468 788 3594 830 oeto
3627 772 3854 831 Patrum

2252 870 2487 939 suscepit
2517 878 2677 938 atque
2712 869 2926 939 reliquit
2952 865 3201 941 [redegit]
3231 869 3283 923 in
3314 869 3646 940 symbolum,
3680 872 3780 923 sed
3806 878 3858 925 et

2252 959 2843 1032 Coustantinopolitana
2874 971 3084 1017 centum
3118 963 3579 1035 etquinquaginta
3629 964 3853 1021 Patrum

2252 1056 2353 1110 sub
2384 1056 2481 1124 piae
2521 1055 2793 1110 memoriae
2848 1055 3155 1111 Theodosio
3200 1059 3412 1113 seniore
3461 1060 3717 1127 principe
3774 1059 3856 1112 fa-

2251 1150 2619 1212 ctuut;etiam
2650 1148 2921 1218 Ephesius
2981 1150 3189 1217 prima,
3240 1152 3323 1203 cui
3372 1152 3631 1219 praesedit
3678 1155 3855 1205 beata

2252 1242 2643 1296 recordationis
2660 1247 3027 1305 predecessor
3043 1228 3226 1297 noster
3244 1242 3571 1299 Calatinus
3588 1243 3854 1299 Romae:

2252 1335 2399 1395 urbis
2439 1336 2688 1402 antistes,
2720 1344 2775 1392 et
2810 1336 3043 1407 Cyrillus
3086 1336 3467 1393 Alexandrina
3512 1339 3852 1408 cpiam;

2250 1425 2345 1483 Sed
2373 1435 2430 1481 et
2456 1426 2913 1483 Chalcedonensis
2941 1439 3315 1483 sescentorum
3347 1430 3563 1499 triginta
3599 1443 3815 1501 patrum
3834 1479 3848 1501 ,

2252 1534 2370 1588 quae
2400 1520 2500 1574 sub
2532 1522 2632 1589 pia
2662 1523 2941 1575 memorize
2970 1521 3237 1577 Marciano
3276 1521 3609 1593 imperatOre
3654 1542 3853 1583 σοπη-

2253 1612 2369 1667 nit:
2400 1614 2593 1681 cuique
2621 1623 2821 1670 saan
2854 1614 3247 1672 recordationis
3282 1632 3413 1688 papa
3446 1619 3557 1675 Leo
3586 1636 3689 1690 per
3710 1623 3853 1693 legs.

2254 1715 2333 1759 tos
2362 1708 2587 1762 Vtcarios
2624 1724 2751 1764 suos
2782 1712 3068 1778 praesedit;
3098 1722 3151 1766 et
3182 1722 3240 1767 ut
3284 1714 3629 1770 diversarum
3675 1718 3852 1774 latre-

558 1798 729 1852 ttror?
762 1798 825 1851 Et
856 1800 982 1853 alibi
1011 1798 1061 1872 (f
1090 1798 1209 1854 Cor.
1241 1800 1338 1867 xu)
1368 1820 1380 1853 :
1418 1803 1551 1869 Quia
1592 1804 1785 1872 patitur
1811 1822 1970 1857 unum
1999 1822 2147 1859 mem-

2259 1811 2374 1851 sutu
2412 1799 2716 1856 damnanda
2745 1805 2990 1873 exigebat
3037 1804 3357 1869 adversitas,
3390 1809 3646 1865 eamdem
3690 1810 3850 1868 ﬁdem

564 1890 730 1955 brum,
758 1893 1139 1962 compatiuntur
1164 1896 1333 1947 omnia
1360 1896 1602 1950 membra.
1627 1897 1817 1953 Postea
1842 1914 1971 1968 ergo
1991 1915 2151 1968 quam

560 1980 702 2038 Deus
726 1986 1064 2053 omnipotens
1090 2001 1185 2055 pro
1212 1986 1462 2042 felicitate
1490 1988 1917 2044 Christianorum
1954 1992 2150 2059 princi-

560 2088 683 2147 pum
705 2093 799 2146 per
817 2077 1024 2135 labores
1045 2088 1204 2149 atque
1224 2082 1636 2137 sollicitudinem
1669 2084 1759 2137 ﬁlii
1785 2087 1953 2139 nostri
1982 2086 2151 2141 excel‘

478 2210 489 2213 ι
559 2168 839 2226 lentissimi
861 2170 1137 2243 Smaragdi
1160 2173 1378 2228 exarchi
1405 2187 1455 2229 et
1471 2175 1784 2233 chartularii
1809 2178 1945 2233 sacri
1967 2178 2149 2247 palatii

558 2279 741 2335 pacem
769 2264 920 2320 nobis
944 2266 1157 2320 interim
1187 2265 1271 2320 vel
1288 2267 1524 2337 quietem
1546 2267 1747 2323 donare
1769 2268 2018 2339 dignatus
2040 2280 2146 2337 est,

557 2370 679 2413 cum
708 2358 854 2412 omni
890 2358 1247 2414 sollicitudine
1282 2360 1593 2415 festinamus
1636 2364 1920 2432 pneseutia
1954 2367 2021 2416 ad
2054 2378 2148 2419 vos

557 2451 756 2520 scripta
785 2450 1039 2520 dirigere,
1072 2452 1345 2506 hortantes
1374 2462 1430 2506 et
1473 2453 1841 2523 obsecrantes,
1874 2471 1940 2511 ne
1970 2456 2021 2510 in
2067 2457 2148 2511 di-

559 2542 764 2597 visione
807 2545 1049 2597 ecclesia:
1093 2544 1317 2597 ulterius
1347 2545 1626 2615 quisquam
1677 2547 1889 2601 studeat
1938 2564 2146 2617 perma-

559 2649 707 2691 nere.
738 2634 845 2690 Nos
876 2639 1017 2691 enim
1039 2637 1332 2693 secundum
1365 2640 1727 2709 cvangelicam
1752 2657 1936 2698 vocem
1966 2646 2147 2702 stude-

559 2739 679 2780 mus
724 2725 1040 2781 fraternitati
1086 2742 1148 2783 ac
1201 2728 1471 2785 dilectioni
1523 2740 1738 2800 vestrae,
1794 2734 1847 2790 in
1890 2747 2144 2804 quantum

559 2817 814 2888 fragilitas
856 2829 1035 2875 nostra
1066 2819 1295 2888 sufﬁcit,
1329 2838 1446 2894 qua:
1476 2825 1631 2882 nobis
1655 2827 1803 2899 jussa
1833 2838 1993 2899 sunt,
2024 2847 2147 2888 cum

558 2908 865 2987 sinceritate
887 2911 1062 2967 cordis
1097 2911 1369 2969 humiliter
1402 2915 1677 2973 exhibere.
1709 2918 1887 2975 Nostis
1914 2922 2060 2977 enim
2093 2923 2144 2983 in

560 3001 847 3075 Evangelio
876 3003 1159 3059 Dominum
1190 3008 1609 3075 proclamantem
1643 3009 1796 3082 (Luc.
1850 3011 1982 3084 xm)
2015 3031 2027 3066 :
2057 3012 2146 3068 Si-

563 3097 915 3168 mon,Simon,
936 3115 1047 3153 ecce
1065 3099 1291 3155 Satanas
1312 3103 1667 3173 expetivitvos,
1682 3113 1736 3158 ut
1752 3105 1996 3161 cribraret
2017 3108 2147 3162 sicut

2258 1906 2364 1945 uno
2412 1892 2709 1963 eodemque
2746 1910 2906 1951 sensu
2945 1898 3242 1953 clamanter
3297 1899 3642 1975 [clamantes]
3692 1905 3855 1963 latim

2255 1982 2558 2039 ediderunt.
2602 1986 2705 2043 Sed
2738 1996 2796 2042 et
2838 1988 3120 2057 epistolam
3153 1986 3395 2061 praedicti
3438 1993 3619 2051 beata:
3646 2013 3856 2053 memo-

2253 2074 2345 2130 riae
2378 2074 2575 2132 Leonis
2603 2080 2670 2131 ad
2699 2079 3006 2136 Flavianum
3035 2085 3696 2156 Constantinopolitanum
3741 2089 3856 2158 epi-

2253 2182 2473 2239 scopum
2502 2174 2702 2239 datam,
2747 2189 2867 2244 qum
2892 2186 2948 2231 et
2976 2185 3154 2234 tomus
3182 2181 3503 2251 appellatur,
3538 2198 3640 2253 per
3668 2185 3853 2240 omnia

2252 2275 2590 2330 veneramur,
2633 2276 2897 2331 tenemus,
2945 2269 3305 2341 defendimus,
3332 2282 3493 2344 atque
3541 2276 3853 2335 secundum

2249 2356 2368 2421 ejus
2412 2362 2675 2421 tenorem,
2722 2358 3008 2427 adiuvante
3059 2362 3306 2429 Domine,
3350 2364 3737 2431 pmdicamns.
3786 2366 3852 2424 Et

2248 2444 2388 2500 sicut
2416 2448 2779 2516 praedecessor
2804 2463 2986 2508 noster
3009 2468 3152 2524 saepe
3174 2456 3347 2513 dictus
3370 2458 3539 2514 beatae
3564 2461 3852 2518 memoria

2250 2553 2384 2608 papa
2412 2539 2524 2597 Leo
2548 2543 2811 2612 synodum
2854 2545 3352 2606 Chalcedonensem
3398 2564 3639 2622 suscepit
3682 2568 3851 2625 atque

2251 2632 2502 2699 ﬁrmavit,
2532 2635 2605 2689 ita
2648 2645 2703 2690 et
2732 2652 2830 2693 nos
2860 2652 2957 2709 per
2995 2632 3193 2709 omnia,
3222 2653 3481 2712 operante
3511 2647 3696 2701 divina
3722 2663 3847 2719 gra-

2251 2722 2340 2787 tia,
2379 2739 2723 2793 veneramur,
2754 2729 3085 2785 custodimus
3114 2740 3275 2803 atque
3302 2734 3664 2793 defendimus.

2320 2831 2523 2901 Siquis
2552 2843 2728 2888 autem
2774 2846 2961 2890 contra
3011 2837 3147 2893 hanc
3194 2838 3351 2895 ﬁdem
3397 2851 3487 2896 aut
3536 2846 3698 2913 sapit,
3760 2855 3855 2903 aut

2246 2924 2435 2985 credit.
2482 2934 2571 2979 aut
2618 2927 2813 2982 docere
2863 2931 3165 2997 praesumit,
3203 2934 3493 2989 secundum
3526 2942 3850 2994 eorumleot

2249 3013 2465 3070 Patrum
2493 3020 2832 3086 sententiam,
2873 3004 3179 3079 damnatum
3230 3036 3387 3099 atque
3424 3029 3853 3087 anathematizr

2250 3115 2361 3162 tum
2391 3126 2449 3163 se
2478 3125 2599 3167 esse
2628 3124 2934 3182 cognoscat.
2964 3115 3078 3170 Non
3108 3132 3238 3193 ergo
3268 3121 3545 3190 patiamini
3575 3122 3729 3177 falsis
3760 3141 3852 3178 su-

561 3190 817 3255 triticum;
847 3206 939 3263 ego
969 3200 1134 3246 autem
1164 3196 1337 3265 rogaui
1368 3210 1460 3262 pro
1488 3207 1534 3249 te
1569 3195 1800 3261 Patrem,
1834 3207 1889 3251 ut
1930 3215 2031 3253 non
2060 3201 2151 3255 de-
2177 3184 2224 3250 (ἶ
2252 3200 2583 3267 spicionibus
2612 3212 2706 3258 aut
2733 3209 3039 3263 rumoribus
3066 3184 3241 3263 denuo
3265 3211 3473 3282 agitari,
3509 3224 3563 3269 et
3602 3215 3659 3268 in
3697 3215 3852 3269 divi-

559 3280 701 3351 ﬁciat
724 3282 854 3351 ﬁdes
881 3293 988 3348 tua,
1019 3292 1065 3336 et
1090 3293 1144 3337 tu
1170 3300 1441 3339 conversus
1473 3288 1722 3359 conﬁrma
1772 3292 1960 3360 fratres
2008 3301 2144 3347 tuos.

631 3373 1000 3440 Censidvrate,
1025 3378 1353 3448 charissimi,
1387 3381 1509 3450 quia
1541 3382 1740 3438 veritas
1772 3386 1987 3440 mentiri
2040 3403 2147 3443 non

558 3468 752 3539 potuit,
783 3484 883 3525 nec
912 3470 1043 3526 ﬁdes
1072 3472 1216 3528 Petri
1251 3473 1303 3528 in
1352 3484 1613 3531 aeternum
1662 3482 1903 3546 quassari
1952 3482 2149 3551 poterit

558 3564 642 3619 vel
668 3567 901 3620 mutari:
929 3580 1053 3620 nam
1084 3581 1206 3622 cum
1240 3584 1430 3625 omnes
1455 3569 1747 3640 discipulos
1792 3572 2037 3629 diabolus
2081 3575 2148 3631 ad

559 3657 971 3714 cxcribrandum
999 3661 1328 3730 poposcerit,
1358 3677 1454 3733 pro
1482 3662 1603 3719 solo
1631 3663 1790 3721 Petro
1812 3682 1870 3722 se
1894 3667 2149 3724 Dominus

560 3765 782 3823 rogasse
810 3760 1055 3822 testatur,
1080 3756 1232 3813 etab
1257 3771 1325 3813 eo
1353 3758 1523 3814 voluit
1549 3767 1776 3817 exteros
1798 3761 2102 3819 conﬁrmari
2130 3783 2145 3832 ;

559 3843 644 3897 cui
671 3842 832 3900 etiam
862 3858 960 3913 pro
1011 3845 1202 3915 majori
1252 3846 1544 3906 dilectione
1584 3865 1746 3921 quam
1796 3868 1907 3925 prae
1937 3855 2151 3911 caeteris

565 3931 791 3989 Domino
850 3936 1127 4009 exibebat,
1179 3941 1565 4010 pascendarum
1615 3944 1791 3999 ovium
1841 3947 2150 4004 sollicitudo

561 4026 853 4085 commissa
881 4038 964 4084 est
989 4046 1004 4081 :
1037 4030 1121 4085 cui
1146 4039 1203 4086 et
1221 4031 1401 4087 claves
1428 4034 1580 4101 regni
1602 4036 1859 4093 caelorum
1890 4028 2106 4097 tradidit
2130 4057 2147 4108 ;

562 4123 622 4171 et
664 4130 830 4186 super
875 4134 1033 4189 quem
1070 4119 1367 4178 Ecclesiam
1408 4140 1560 4180 suam
1608 4127 1987 4186 mdiﬁcaturum
2030 4150 2150 4189 esse

564 4206 830 4283 promisit,
864 4224 961 4264 nec
991 4220 1171 4280 portas
1202 4213 1395 4271 inferni
1424 4216 1683 4274 adversus
1714 4234 1830 4277 eam
1864 4224 2151 4292 praevalere

564 4298 792 4358 testatus
816 4310 899 4360 est
929 4304 1140 4376 (Matth.
1176 4308 1288 4379 l6).
1314 4310 1424 4366 Sed
1470 4314 1594 4383 quia
1638 4315 1885 4371 inimicus
1932 4300 2149 4376 humani

559 4393 772 4464 generis
801 4410 969 4466 usque
998 4400 1049 4453 in
1077 4400 1237 4455 ﬁnem
1266 4403 1452 4458 saeculi
1482 4420 1585 4460 non
1608 4408 1835 4477 quiescit
1863 4411 1913 4465 in
1937 4410 2149 4468 Domini

566 4483 860 4542 Ecclesiam
894 4489 1036 4546 bono
1064 4494 1258 4549 semini
1289 4500 1719 4564 superseminare
1746 4503 1973 4573 zizania,
2003 4505 2148 4562 ideo—

2252 3289 2406 3347 sione
2440 3293 2695 3351 Ecclesiae
2741 3299 3002 3354 malorum
3061 3301 3335 3359 hominum
3406 3309 3852 3376 persuasionibus

2251 3385 2414 3456 (quod
2446 3400 2648 3443 avertat
2680 3390 2957 3464 Dominus)
3008 3411 3308 3453 remanere.
3342 3402 3474 3466 Quid
3516 3405 3659 3456 enirn
3692 3418 3791 3459 vos
3814 3418 3853 3462 a

2250 3486 2449 3531 sancta:
2480 3479 2732 3536 Ecclesia
2764 3485 2962 3540 unitate
2992 3487 3257 3544 dividitis?
3288 3493 3500 3556 quando
3529 3493 3661 3547 nihil
3693 3498 3852 3567 novi,

2252 3568 2384 3623 nihil
2415 3572 2578 3641 (quod
2606 3574 2763 3644 absit)
2798 3580 3127 3635 contrarium
3161 3582 3211 3636 in
3243 3583 3383 3638 dicta
3413 3584 3656 3643 Ecclesia
3704 3606 3852 3660 pra-

2250 3658 2418 3714 dieari
2447 3666 2770 3733 cognoscitis
2807 3667 2891 3722 vel
2920 3673 3088 3725 teneri
3111 3671 3135 3724 ἲ
3161 3672 3266 3727 Sed
3298 3689 3455 3730 unam
3484 3658 3851 3753 eamdemque

2252 3752 2434 3821 fidem,
2465 3770 2586 3824 qua:
2613 3757 2680 3809 ab
2703 3759 2959 3828 apostolis
2986 3763 3201 3829 tradita,
3232 3776 3283 3820 ct
3312 3782 3341 3821 a
3371 3773 3573 3824 sanctis
3599 3752 3852 3831 Patribus

2252 3855 2304 3901 et
2335 3848 2600 3917 praedictis
2630 3858 2856 3920 quatuor
2896 3856 3116 3925 synodis
3142 3858 3423 3928 explanata
3453 3872 3617 3933 atque
3646 3872 3852 3923 contir-

2252 3949 2393 3997 mata
2425 3940 2771 4011 dignoscitur,
2821 3946 3384 4008 sincerissime-teneri
3432 3963 3596 4027 atque
3628 3957 3855 4019 defendi

2254 4033 2424 4088 tnodis
2454 4034 2699 4091 omnibus
2725 4040 3126 4107 comprobatur.
3161 4043 3260 4101 Ubi
3304 4062 3433 4119 ergo
3461 4048 3529 4104 de
3581 4052 3706 4108 ﬁdei
3755 4056 3854 4109 ﬁr-

2253 4125 2439 4182 tnitate
2463 4127 2602 4181 nulla
2630 4130 2777 4184 vobis
2809 4133 3001 4201 poterit
3037 4138 3267 4205 quaestio
3297 4141 3379 4195 vel
3406 4144 3647 4212 suspicio
3674 4159 3849 4216 gene—

2254 4220 2382 4284 rari,
2414 4224 2467 4277 in
2497 4222 2697 4278 unitate
2728 4224 2879 4290 ﬁdei,
2928 4237 3087 4298 atque
3137 4230 3190 4285 in
3237 4232 3359 4288 sinu
3403 4246 3607 4293 sancta:
3656 4245 3850 4300 matris

2252 4316 2527 4371 catholicae
2556 4329 2717 4389 atque
2760 4323 3069 4392 apostolicae
3111 4326 3364 4384 Ecclcsne
3414 4345 3757 4401 permanere.
3789 4336 3849 4393 Si

2251 4408 2377 4478 quid
2409 4408 2545 4465 forte
2571 4426 2745 4467 causa:
2776 4426 2876 4484 est,
2909 4416 3050 4473 unde
3082 4423 3242 4478 vestri
3288 4424 3639 4482 scandalisati
3676 4429 3847 4485 animi

2253 4500 2553 4569 videantur,
2583 4516 2860 4562 manentes
2899 4510 2953 4563 in
2985 4510 3206 4567 unitatis
3228 4514 3515 4585 charitate,
3561 4520 3744 4591 eligite
3777 4524 3847 4579 de

563 4591 667 4651 que
695 4595 763 4636 ne
790 4580 927 4638 forte
954 4585 1232 4656 quisquam
1256 4589 1497 4662 maligno
1527 4594 1704 4650 etudio
1729 4596 1902 4668 aliqua
1925 4599 1992 4655 de
2021 4600 2146 4657 fidei

2252 4591 2500 4650 fratribus
2547 4610 2611 4652 ac
2638 4598 2758 4653 ﬁliis
2785 4602 3017 4677 nostris,
3050 4614 3181 4676 quos
3233 4607 3301 4661 ad
3349 4623 3470 4678 nos,
3499 4580 3846 4681 inquirendo

563 4680 762 4731 nostra
792 4674 1091 4745 integritate
1120 4678 1320 4737 diaboli
1370 4683 1711 4755 instigatione
1758 4688 1961 4761 ﬁngere
2009 4710 2146 4763 prae-

561 4767 853 4836 sumpserit
877 4775 934 4823 et
953 4775 1335 4842 argumentari,
1362 4784 1416 4831 et
1444 4791 1512 4833 ex
1561 4776 1661 4836 hoc
1708 4783 1871 4837 vestri
1919 4784 2147 4843 fortasse

560 4857 842 4914 videantur
862 4861 1025 4918 animi
1055 4865 1374 4935 perturbari,
1409 4875 1768 4931 necessarium
1791 4876 2146 4946 judicavintus

562 4961 658 5018 per
684 4960 1001 5016 praesentem
1030 4955 1315 5023 epistolam
1347 4970 1608 5031 nostram,
1637 4974 1690 5020 et
1717 4968 1782 5033 ad
1815 4967 2020 5025 viscera
2051 4987 2149 5027 vos

560 5042 747 5095 matris
774 5040 1029 5099 Ecclesiae
1070 5056 1129 5101 ut
1171 5051 1367 5105 reverti
1398 5052 1677 5125 debeatis,
1725 5073 1844 5115 cum
1902 5062 2148 5133 lacrymis

561 5135 857 5205 exhortari,
891 5146 945 5193 et
975 5139 1039 5195 de
1065 5140 1188 5197 ﬁdei
1211 5153 1409 5201 nostra:
1438 5147 1740 5219 integritate
1766 5153 1917 5209 vobis
1940 5156 2151 5212 satisfa-

559 5226 794 5284 ctionem
825 5239 1063 5291 nostram
1107 5234 1351 5304 mittere;
1380 5246 1646 5306 quatenus
1675 5242 1820 5297 nulla
1868 5246 2039 5313 possit
2092 5248 2145 5302 in

560 5318 815 5376 cordibus
844 5324 1041 5378 vestris
1070 5324 1138 5380 de
1182 5326 1335 5383 nobis
1382 5345 1660 5389 remanere
1700 5336 1953 5405 suspicio,
2006 5350 2061 5392 ut
2094 5340 2145 5395 in

561 5407 729 5467 divini
758 5416 1128 5487 tremendique
1153 5416 1340 5488 judicii
1390 5422 1481 5477 die
1509 5424 1576 5479 de
1618 5426 1980 5487 taciturnitate
2024 5447 2144 5488 mea

560 5514 685 5557 reus
715 5501 940 5560 inveniri
971 5523 1074 5562 uon
1104 5511 1329 5579 possim.

562 5615 757 5705 animis
781 5618 1410 5705 schismaticorummale
1439 5628 1643 5705 allectis
1662 5632 1803 5705 nihil
1836 5635 2141 5705 prodesset,

565 5685 798 5779 imitatus
829 5688 1097 5779 Pelagium
1132 5694 1171 5759 Ι,
1204 5696 1459 5779 adversus
1484 5685 1637 5768 ipsos
1655 5685 2026 5779 stringendi}?
2031 5685 2140 5779 ila:

566 5755 669 5849 {Ei-l3-
693 5755 992 5849 Ι(ιξιεηιςιηιιῖι
1045 5755 1315 5849 Ravennae
1364 5755 1640 5840 degentem
1668 5755 1977 5847 Veisa-giravit
2007 5797 2019 5833 :
2051 5776 2141 5849 qui

565 5821 709 5879 haud
738 5830 959 5898 impigre
989 5833 1206 5889 eosdem
1255 5821 1982 5917 coercé‘ié"a§§re's"si§"2si',
2007 5821 2019 5833 O
2039 5821 2141 5907 Si;

2252 4684 2335 4758 [iu
2389 4688 2713 4763 quaerendo]
2764 4692 2833 4748 de
2878 4695 3069 4763 quibus
3114 4701 3425 4766 moremini,
3476 4707 3848 4764 transmittere

2249 4777 2530 4849 debeatis;
2572 4791 2628 4838 et
2658 4788 2826 4853 parati
2856 4801 3039 4844 sumus
3085 4792 3379 4848 secundum
3419 4800 3842 4868 praeceptionem

2248 4875 2589 4942 apostolicam
2618 4875 2669 4947 (Ι
2702 4876 2846 4932 Patr.
2876 4884 2978 4952 tu),
3014 4891 3068 4937 et
3093 4898 3215 4939 cum
3247 4887 3510 4944 cltaritate
3537 4904 3631 4946 eos
3659 4894 3841 4947 susci-

2252 4978 2398 5035 pere,
2429 4978 2481 5023 et
2511 4983 2630 5024 cum
2660 4969 2958 5029 humilitate
2992 4976 3057 5031 ad
3085 4976 3276 5047 placita
3305 4980 3693 5043 satisfactionis
3720 4985 3843 5042 red-

2252 5060 2381 5117 dere
2407 5063 2700 5134 rationeru;
2729 5076 2785 5123 et
2803 5068 2924 5124 sine
2943 5071 3121 5142 aliquo
3143 5072 3528 5145 impedimento
3548 5093 3673 5133 cum
3694 5080 3843 5139 muni

2252 5153 2562 5223 dilectione,
2593 5160 2804 5228 quando
2827 5167 3018 5220 reverti
3047 5166 3331 5236 voluerint,
3358 5169 3637 5229 voluntate
3664 5174 3840 5231 since-

2250 5246 2460 5304 rissima
2482 5251 2744 5323 relegare.
3171 5250 3174 5254 “

2322 5341 2615 5405 Audiamus
2645 5355 2823 5402 autem
2869 5346 3157 5406 Doctoretn
3182 5355 3419 5423 gentium
3464 5357 3791 5415 clamantem
3820 5376 3836 5413 :

2252 5431 2401 5489 Sicut
2445 5437 2711 5505 accepistis
2757 5439 3014 5494 Christum
3060 5441 3237 5498 Iesum
3282 5445 3596 5517 Dominum,
3646 5452 3701 5505 in
3732 5456 3841 5523 ipso

2249 5528 2524 5599 ambulate,
2555 5533 2774 5589 radicati
2803 5545 2850 5591 et
2880 5540 3278 5609 superandi/icon
3322 5545 3375 5600 in
3404 5544 3537 5617 ipsa,
3573 5558 3623 5604 et
3650 5549 3839 5621 conﬁr-

2246 5643 2495 5719 cessavit,
2527 5662 2805 5717 quousque
2831 5651 3209 5719 depascentem
3248 5658 3539 5715 Ecclesiam
3588 5664 3835 5719 morbum

2244 5727 2307 5807 es
2335 5714 2765 5807 iieregio‘ni‘bus,
2790 5714 2925 5807 teste
2942 5723 3176 5783 Diacono
3199 5727 3290 5786 lib.
3322 5742 3379 5785 ιιι
3406 5714 3537 5803 cap.
3556 5714 3841 5807 Ξὶξξῖξῖιῖλ

2246 5792 2331 5845 tus
2359 5785 2619 5845 auferret.
2642 5788 2774 5847 Ssv.
2807 5793 2953 5855 Bm“
