4076 6348
132 334 268 393 700

1348 302 1706 379 ueterane
1744 301 1837 378 si
1874 296 2223 373 causam.

3327 261 3437 326 "HO

135 449 364 507 matiin
390 447 516 519 ﬁde,
540 439 970 507 “didicistis,
999 436 1317 497 abundantes
1360 434 1416 488 in
1458 427 1745 503 gratiarum
1771 425 1823 495 Α
1850 435 1953 489 una
2006 432 2096 489 spe
2168 408 2447 468 vocationis
2504 399 2913 519 vestrw.nUnus
2972 392 3221 519 gommus
3250 428 3268 455 ,
3306 400 3438 519 tuna

1867 512 1924 519 --
2248 503 2259 519 ,
2348 502 2380 519 _.
2892 499 2934 519 Α,
3033 495 3142 519 nm
3183 493 3411 519 mnum

418 538 597 597 Videte
622 552 685 592 ne
708 536 824 607 quis
846 550 933 589 vos
980 529 1201 600 decipiat
1228 544 1318 599 per
1366 520 1748 593 philosophiam

141 651 206 697 et
236 641 445 699 inanem
474 633 759 706 fallaciam,
790 645 880 684 nec
929 627 997 685 ad
1029 622 1397 681 contentionem
1427 626 1516 681 aut
1561 629 1746 684 super-

146 736 296 803 fluas
340 726 647 799 quaestiones
698 731 864 777 vestra
910 718 1126 773 ulterius
1172 714 1343 770 studia
1392 713 1751 765 convertantur

144 801 396 898 (ϐρίσει.
428 825 517 892 ιι).
549 821 745 875 Vocem
774 816 1015 888 ejusdem
1044 809 1273 883 apostoli
1298 801 1751 864 cumhumilitate

146 893 340 975 cordis
382 914 674 975 attendite;
703 912 782 966 sic
829 909 974 965 enim
1008 905 1253 962 scribens
1291 899 1361 957 ad
1410 893 1748 952 Timotheum

147 1012 235 1070 ait
257 1024 274 1063 :
309 1008 507 1064 Stultus
538 1013 706 1059 autem
738 1012 783 1057 et
810 1002 921 1056 sine
939 996 1214 1068 disciplina
1236 991 1538 1066 quastiones
1559 984 1749 1050 άιυίια.

146 1103 323 1157 sciens
348 1100 475 1171 quia
499 1104 743 1168 generant
789 1094 941 1159 lites;
968 1105 1174 1147 servum
1215 1094 1388 1143 autem
1417 1077 1623 1135 Domini
1650 1089 1755 1128 non

148 1166 373 1262 Oportet
387 1166 590 1262 litigare
610 1185 700 1256 (II
721 1185 857 1240 Tim.
886 1182 983 1254 tt);
1010 1190 1066 1238 et
1090 1181 1286 1237 iterum
1312 1177 1382 1230 ad
1410 1166 1749 1228 Corinthios:

152 1287 223 1344 Si
245 1287 361 1356 quis
382 1292 552 1339 autem
580 1281 779 1337 videtur
804 1280 934 1333 inter
965 1292 1052 1331 vos
1094 1270 1437 1329 contentiosus
1480 1268 1611 1327 esse,
1660 1272 1754 1315 nos

147 1354 317 1436 talem
338 1376 757 1435 consuetudinem
784 1390 891 1428 non
919 1371 1184 1434 habemus,
1206 1379 1370 1436 neque
1399 1360 1636 1421 Ecclesia
1658 1354 1755 1413 Dei

148 1474 214 1543 (ι
244 1473 346 1529 Cor
372 1472 486 1541 xi);
516 1479 571 1527 et
596 1469 786 1525 iterum
815 1474 939 1538 post
958 1465 1065 1521 alia
1098 1479 1117 1519 :
1150 1460 1274 1517 Non
1297 1469 1370 1516 est
1392 1456 1532 1512 Deus
1557 1454 1758 1519 dissene

146 1566 319 1621 sionis
338 1607 355 1633 ,
385 1564 474 1621 sed
498 1563 663 1632 pacis.

235 1675 587 1733 Considerate
607 1687 755 1742 ergo,
770 1672 899 1741 quia
923 1669 1230 1740 quicunque
1251 1665 1308 1720 in
1329 1677 1462 1735 pace
1478 1670 1531 1717 et
1550 1659 1758 1715 unitate

150 1769 416 1825 Ecclesia:
444 1781 548 1821 non
582 1765 774 1828 luerit,
807 1762 1088 1817 Doruinum
1132 1759 1333 1813 habere
1377 1771 1482 1810 non
1533 1750 1752 1821 poterit.

150 1859 293 1916 Item
322 1860 390 1914 ad
421 1858 637 1912 Galatas
665 1855 907 1910 scribens
952 1853 1069 1908 ait:
1126 1850 1232 1918 Qui
1280 1863 1346 1903 es
1382 1846 1484 1915 fide
1520 1853 1662 1910 sunt,
1698 1842 1757 1895 lii

151 1961 280 2007 sunt
302 1951 397 2019 ﬁlii
420 1948 638 2006 Abraha:
656 1946 803 2018 (Gal.
827 1947 934 2018 Ill).
955 1944 1438 2000 Providettsautem
1458 1939 1755 2006 Scriptura,

151 2046 287 2115 quia
342 2058 410 2098 ex
462 2043 567 2097 ﬁde
610 2040 868 2111 justiticat
913 2048 1101 2110 gentes
1146 2037 1329 2102 Deus,
1380 2029 1762 2103 pranuntiavit

154 2137 415 2202 Abralia,
445 2136 565 2206 quia
596 2134 953 2189 benedicentur
979 2133 1037 2186 in
1068 2141 1115 2185 te
1138 2143 1312 2184 omnes
1341 2136 1509 2197 gentes
1548 2122 1758 2194 (Genes.

153 2230 321 2301 XXII).
354 2227 518 2300 Igitur
547 2227 633 2296 qui
659 2242 723 2281 ex
753 2226 857 2280 ﬁde
902 2233 1048 2289 sunt,
1089 2220 1481 2277 benedicentur
1528 2231 1649 2273 cum
1703 2214 1767 2268 ﬁ-

156 2324 272 2379 deli
306 2323 594 2379 Abraham.
619 2322 790 2389 Quam
823 2332 953 2390 ergo
978 2317 1385 2373 excusationem
1409 2311 1547 2383 apud
1578 2310 1764 2365 Domi-

158 2435 295 2474 num
325 2426 445 2488 post
473 2423 793 2487 praisean
820 2412 1244 2469 satisfactionem
1277 2416 1515 2462 nostram
1565 2404 1764 2459 habere

159 2513 396 2569 ulterius
426 2511 671 2579 potestis,
694 2509 912 2580 quando
941 2508 1083 2562 nulla
1114 2505 1266 2560 vobis
1294 2504 1363 2559 de
1392 2501 1513 2556 ﬁdei
1564 2509 1766 2554 notitrie

164 2604 483 2661 sinceritate
511 2612 565 2659 et
592 2603 828 2672 puritate
858 2599 1129 2654 contraria
1160 2595 1398 2667 suspicio
1422 2591 1722 2649 remanebit
1742 2590 1769 2644 ἲ

164 2698 365 2753 Audite
388 2703 703 2765 poteStatem
730 2702 785 2749 et
813 2699 1245 2749 commentam
1275 2687 1527 2744 eumdem
1550 2693 1769 2755 aposto-

168 2791 283 2849 lum
308 2805 324 2844 :
360 2788 536 2844 Nolite
557 2788 750 2852 seduci,
771 2791 1104 2857 corrumpunt
1129 2797 1298 2837 mores
1328 2782 1486 2835 bonos
1508 2779 1768 2849 colloquia

172 2884 310 2938 mala
332 2880 387 2954 (Ι
409 2880 532 2936 Cor.
551 2882 664 2950 xv).
690 2878 805 2933 Non
830 2891 961 2948 ergo
979 2875 1469 2931 circumveniamur
1494 2887 1525 2926 a
1546 2874 1766 2935 Satana,

173 2992 283 3034 non
309 2976 451 3032 enim
476 2977 787 3045 ignoramus
833 2968 1210 3040 cogitationem
1258 2964 1395 3034 ejus.
1449 2962 1583 3019 Cum
1633 2963 1773 3018 dile-

173 3071 356 3126 ctione
382 3082 509 3137 ergo
537 3065 770 3120 fraterna
796 3072 852 3117 et
881 3059 1185 3116 humilitate
1214 3058 1323 3112 Deo
1353 3057 1572 3126 placita,
1604 3056 1651 3110 si
1675 3068 1775 3109 cu-

175 3163 263 3236 jus
289 3158 428 3216 forte
456 3159 622 3214 animi
650 3154 1001 3213 scandalizari
1028 3151 1281 3207 videntur
1322 3150 1375 3204 in
1405 3150 1607 3219 aliquo,
1654 3163 1773 3203 ma-

174 3269 315 3314 nens
341 3253 397 3309 in
421 3250 641 3307 unitatis
666 3247 949 3312 cbsritste,
976 3244 1253 3314 perquirat
1278 3254 1439 3313 atque
1456 3247 1766 3311 cognoscat.

174 3350 315 3406 Nam
344 3346 483 3402 sicut
510 3344 697 3400 beatus
723 3339 956 3397 Jacobtts
984 3337 1259 3408 apostolus
1284 3338 1361 3395 ait
1387 3354 1402 3391 :
1432 3335 1538 3391 Ubi
1559 3334 1701 3388 zelus
1724 3341 1777 3387 et

177 3440 439 3498 contentio
464 3479 480 3505 ,
528 3436 601 3492 ibi
644 3443 694 3488 et
730 3431 1073 3487 inconstantia
1111 3439 1162 3485 et
1202 3444 1352 3483 omne
1392 3444 1521 3499 opus
1562 3441 1778 3497 pravum

176 3540 323 3614 (Jac.
355 3538 467 3612 in);
499 3546 553 3593 et
575 3536 767 3591 iterum
795 3532 992 3587 Doctor
1017 3528 1256 3600 gentium
1291 3542 1305 3579 :
1338 3524 1468 3591 Quis
1490 3539 1578 3579 vos
1614 3524 1780 3593 impe-

178 3636 310 3691 divit
338 3630 577 3688 charitati
604 3643 708 3682 non
729 3620 1266 3694 obediretpersuasio
1295 3623 1404 3673 lucc
1445 3632 1551 3672 non
1591 3627 1668 3671 est
1715 3630 1782 3669 ea:

178 3746 247 3786 eo
274 3730 355 3800 qui
378 3728 572 3784 vocavit
594 3738 723 3787 vos;
750 3719 1005 3774 modicum
1036 3719 1343 3787 fermentum
1369 3721 1534 3767 totum
1555 3723 1783 3763 massam

181 3823 466 3892 corrumpit
497 3817 638 3891 (Gal.
666 3817 724 3887 ν)
751 3833 769 3883 ;
798 3825 853 3872 et
873 3814 999 3870 alibi
1029 3829 1045 3868 :
1080 3813 1192 3885 Ego
1218 3811 1423 3879 conﬁdo
1442 3810 1498 3864 in
1524 3808 1783 3876 Domino,

185 3916 327 3987 quod
350 3915 484 3969 nihil
507 3912 650 3966 aliud
672 3910 925 3980 sapiatis;
953 3908 1039 3979 qui
1065 3914 1236 3960 autent
1262 3904 1533 3959 conturbat
1556 3918 1646 3957 vos
1669 3916 1785 3972 por-

189 4010 318 4067 tabit
343 4009 603 4080 judicium
628 4006 936 4077 quicumque
956 4010 1029 4057 est
1057 4002 1148 4056 ille
1174 4000 1396 4070 (lbid.);
1428 4006 1485 4053 et
1512 4000 1564 4051 in
1595 3998 1785 4054 subse-

191 4099 379 4172 queuti
409 4101 525 4155 ait:
561 4097 771 4153 Utinam
810 4093 1174 4147 abscinduntur
1220 4092 1311 4161 qui
1356 4106 1444 4144 vos
1482 4088 1786 4143 conturbant

194 4194 388 4267 (lbid.)
416 4196 430 4249 !
458 4195 524 4249 Et
550 4207 761 4248 rursum
787 4190 1083 4245 admonens
1111 4187 1244 4242 dicit
1274 4199 1287 4245 :
1321 4186 1472 4254 Quod
1503 4186 1547 4239 si
1573 4187 1785 4239 invicem

196 4289 463 4357 mandetis,
482 4299 527 4342 et
548 4285 831 4348 comeditis,
849 4283 1011 4336 videte
1032 4295 1095 4335 ne
1108 4280 1171 4333 ab
1184 4280 1397 4333 invicem
1418 4277 1789 4331 consumamini

198 4384 255 4460 (Ι
261 4387 389 4454 bid.)
407 4402 423 4453 ;
441 4394 495 4440 et
512 4384 704 4439 iterum
728 4399 740 4433 :
763 4379 824 4436 Si
840 4377 1023 4450 spiritu
1036 4376 1271 4439 vivimus,
1286 4374 1467 4445 spiritu
1485 4381 1531 4425 et
1548 4372 1786 4425 ambule-

198 4493 346 4540 mus;
371 4493 471 4531 non
493 4475 772 4544 efﬁciamur
791 4471 961 4525 inanis
977 4469 1156 4542 glorise
1170 4468 1369 4536 cupidi,
1382 4467 1592 4521 invicem
1606 4484 1791 4536 provo-

1851 474 1998 581 ﬁdes,
2033 474 2222 561 'unum
2242 502 2515 576 baptisma,
2538 474 2670 561 unus
2706 491 2847 549 Deus
2887 499 2934 544 et
2982 474 3142 541 Pater
3183 474 3435 549 omnium,

1849 606 1937 675 qui
1965 618 2117 673 super
2143 599 2335 665 omnia,
2391 604 2439 663 et
2468 608 2557 665 per
2583 589 2776 654 omnia,
2821 591 2869 639 et
2914 583 2969 637 in
3014 573 3250 635 omnibus
3294 570 3442 626 nobis

1853 663 2070 769 ('Eplte's.
2100 693 2176 764 v).
2207 691 2270 746 Et
2300 663 2443 747 dum
2469 663 2629 743 tales
2676 678 3074 755 exhortationes
3120 663 3442 769 apostolicus

1853 790 2168 852 habeamus,
2198 786 2314 857 quis
2340 799 2437 841 nos
2463 778 2732 852 separabit
2760 790 2789 828 a
2819 772 3104 833 charitate,
3134 777 3253 836 qua:
3283 768 3364 815 est
3387 756 3439 811 in

1853 882 2063 937 Christo
2088 880 2213 936 Jesu
2242 878 2470 932 Domino
2497 869 2719 929 nostro?
2742 868 2799 924 Si
2824 864 2968 920 enim
2994 875 3114 916 cum
3142 851 3445 911 humilitate

1854 984 1910 1031 et
1939 973 2066 1029 ﬂetu
2096 973 2376 1042 diligenter
2403 965 2747 1029 intendimus,
2782 954 3183 1013 consideramus
3209 954 3263 1001 et
3284 939 3446 997 intel-

1854 1067 2070 1140 ligimus
2100 1040 2240 1138 quod
2271 1064 2359 1118 ille
2389 1062 2455 1117 sit
2485 1058 2761 1115 insidiator
2786 1059 2987 1116 noster,
3021 1046 3088 1102 de
3112 1056 3218 1115 quo
3242 1040 3444 1095 dictum

1856 1169 1940 1214 est
1971 1177 1984 1215 :
2020 1158 2153 1226 Quia
2174 1155 2499 1211 adversarius
2526 1160 2685 1209 vester
2709 1144 2963 1207 diabolus,
2983 1141 3112 1194 sicut
3142 1135 3218 1189 leo
3241 1131 3449 1203 rugiens

1859 1244 2037 1308 circuit
2065 1267 2296 1325 quierens
2326 1264 2470 1317 quem
2500 1246 2701 1300 devoret
2720 1239 2769 1310 (l
2797 1236 3007 1307 Pet.v);
3032 1229 3119 1287 cui
3154 1224 3445 1284 secundum

1858 1345 2097 1415 ejusdem
2129 1342 2358 1415 apostoli
2385 1336 2843 1397 exhortationem,
2876 1343 2997 1383 cum
3028 1339 3173 1380 omni
3200 1334 3296 1374 nos
3318 1330 3449 1371 con-

1859 1439 2044 1496 cordia
2071 1446 2126 1493 et
2176 1435 2379 1491 unitate
2423 1433 2477 1487 in
2527 1426 2838 1497 fortitudine
2870 1420 2990 1476 ﬁdei
3018 1416 3266 1474 resistere
3292 1419 3453 1479 atque

1855 1528 2080 1585 obviare
2104 1541 2325 1582 necesse
2347 1531 2448 1579 est.
2479 1520 2738 1588 Exemplo
2766 1515 2908 1571 enim
2933 1525 3119 1568 omnes
3142 1502 3451 1568 didicimus,

1860 1617 2165 1679 charissimi
2195 1616 2391 1672 fratres
2437 1628 2501 1669 ac
2549 1610 2668 1679 ﬁlii,
2718 1614 2917 1679 quanta
2966 1603 3104 1673 mala
3152 1605 3456 1670 quantaque

1860 1714 2068 1787 ﬂagella
2099 1712 2424 1771 divisionem
2449 1707 2705 1763 Ecclesiae
2732 1702 2931 1777 fuerint
2952 1697 3259 1761 subsecuta.
3292 1689 3449 1746 Unde

1785 1785 2122 1880 sin—ipsius
2171 1802 2585 1868 misericordia,
2634 1800 2763 1854 licet
2807 1793 3049 1865 indigni,
3108 1785 3454 1849 conﬁdimus,

1864 1901 1987 1972 quia
2039 1901 2085 1954 si
2132 1897 2430 1953 Ecclesium
2479 1908 2627 1950 suam
2680 1890 2915 1945 adunare
2963 1893 3121 1955 atque
3177 1880 3459 1952 paciﬁcare

1863 1990 2223 2058 concesserit,
2255 1988 2433 2045 omnia
2466 2004 2493 2059 a
2528 1986 2685 2041 nobis
2713 1999 2830 2054 quze
2860 1996 2956 2051 pro
3006 1975 3212 2032 delictis
3264 1970 3462 2028 nostris

1863 2084 2196 2154 suscepimus
2228 2080 2457 2153 ﬂagella,
2490 2077 2719 2133 celerius
2764 2079 3130 2138 removentur,
3188 2072 3243 2121 et
3288 2064 3464 2117 unitas

1865 2196 1930 2237 ac
1960 2181 2184 2234 ﬁrmitas
2211 2176 2356 2249 pacis
2391 2171 2641 2229 Ecclesiie
2671 2182 2853 2241 pacem
2899 2163 3055 2221 nobis
3095 2168 3152 2217 et
3194 2169 3463 2228 tempora-

1864 2276 1971 2331 lem
1999 2273 2208 2329 obtinet
2234 2278 2290 2325 et
2315 2277 2575 2325 :eternam

1941 2364 2333 2422 Tantummodo
2362 2375 2631 2434 rogamus,
2664 2365 2719 2413 et
2747 2357 3093 2412 obsecramus
3115 2394 3129 2417 ,
3162 2357 3217 2406 et
3257 2363 3352 2418 per
3380 2345 3464 2401 di-

1866 2462 2049 2533 vinum
2082 2474 2175 2513 vos
2206 2453 2650 2522 tremendumque
2682 2449 2773 2504 Dei
2803 2445 3061 2518 judicium
3090 2443 3461 2509 obtestamur,

1869 2554 1956 2610 ubi
1986 2553 2083 2607 sibi
2113 2550 2290 2605 nullus
2320 2546 2596 2603 hominum
2626 2544 2819 2614 poterit
2842 2537 3172 2610 argumentis
3198 2534 3276 2589 vel
3301 2544 3460 2588 excu-

1870 2645 2168 2703 sationibus
2198 2640 2485 2698 subvenire
2512 2656 2527 2705 ;
2562 2654 2628 2693 ne
2658 2635 2883 2692 ulterius
2910 2647 3008 2704 per
3031 2644 3126 2684 vos
3149 2626 3241 2683 Dei
3263 2623 3468 2681 divida-

1871 2748 1956 2795 tur
1987 2735 2244 2803 Ecclesia,
2278 2733 2372 2790 sed
2403 2731 2773 2787 haereditatem
2805 2722 3016 2782 Domini
3045 2718 3317 2778 communi
3349 2730 3471 2786 pos-

1872 2831 2145 2887 sideamus
2176 2838 2229 2883 et
2258 2836 2535 2881 teneamus
2584 2820 2782 2878 studio.
2831 2820 2962 2885 Qum
3008 2823 3184 2872 autem
3234 2811 3307 2867 sit
3352 2809 3471 2880 ejus

1873 2922 2180 2993 luereditas,
2210 2922 2375 2991 ipsius
2407 2917 2571 2973 verba
2598 2930 2717 2986 quae
2748 2912 2813 2967 ad
2841 2910 3131 2981 discipulos
3160 2906 3297 2961 dicta
3346 2907 3473 2957 sunt

1874 3017 2155 3073 audiamus
2180 3031 2194 3066 :
2229 3011 2421 3065 Pacem
2452 3023 2617 3062 nteant
2627 3006 2713 3073 ,do
2734 3004 2895 3069 vobis,
2928 3016 3104 3074 pacem
3126 3012 3291 3052 meam
3314 2993 3474 3048 relin-

1874 3126 1974 3179 quo
2003 3107 2140 3162 vobis
2166 3102 2346 3179 (Joan.
2378 3098 2495 3173 xw)
2526 3118 2540 3165 ;
2575 3107 2628 3154 et
2654 3098 2848 3152 iterum
2880 3113 2894 3149 :
2936 3092 3004 3147 In
3048 3092 3142 3145 hoc
3170 3088 3478 3162 cognoscent

1799 3202 1848 3268 ς
1876 3217 2050 3257 omnes
2073 3201 2196 3271 quia
2227 3198 2325 3252 mei
2352 3195 2470 3250 estis
2492 3191 2753 3265 discipuli,
2786 3190 2830 3243 si
2874 3187 3198 3243 dilectionem
3239 3177 3481 3235 habueri-

1884 3293 1947 3347 tis
1976 3293 2044 3347 ad
2072 3290 2284 3344 invicem
2306 3286 2485 3358 (Joan.
2523 3274 2658 3353 xm).
2688 3280 2928 3353 Idipsttnt
2975 3287 3145 3333 autem
3171 3318 3184 3342 ,
3220 3275 3360 3331 sicut
3404 3273 3480 3331 au

1890 3385 1992 3441 Vas
2022 3382 2322 3449 electionis,
2357 3380 2591 3434 dicamus
2639 3390 2835 3441 omnes,
2884 3382 2930 3426 et
2973 3387 3075 3425 non
3104 3370 3207 3423 sint
3245 3367 3299 3421 in
3342 3364 3479 3419 vobis

1886 3478 2184 3539 schismata,
2214 3474 2373 3529 simus
2412 3481 2583 3525 autem
2610 3465 2820 3541 perfecti
2867 3465 2922 3519 in
2973 3462 3150 3518 eodem
3178 3472 3330 3514 sensu
3358 3457 3481 3510 etin

1884 3571 2062 3626 eadem
2091 3567 2302 3623 scientia
2331 3561 2384 3638 (I
2406 3564 2524 3621 Cor.
2557 3561 2617 3634 i),
2650 3572 2705 3615 ut
2733 3560 2785 3615 in
2810 3558 2982 3621 sinum
3013 3555 3199 3611 matris
3224 3547 3482 3607 Ecclesiae

1885 3660 2190 3735 congregati
2243 3657 2543 3715 efﬁciamur
2593 3670 2732 3710 unus
2779 3668 2934 3726 grex,
2979 3658 3033 3707 et
3077 3649 3235 3704 unius
3278 3642 3483 3701 Christi

1888 3754 2115 3829 pastoris
2161 3752 2406 3809 custodia
2454 3749 2523 3819 ab
2570 3747 2820 3804 omnibus
2868 3743 3104 3801 externis
3150 3739 3486 3808 internisque

1889 3847 2056 3903 hostis
2086 3844 2293 3905 insidiis
2322 3842 2440 3917 ejus
2470 3844 2804 3923 protectione
2834 3845 2997 3909 atque
3023 3833 3338 3891 defensione
3365 3845 3484 3886 ser-

1887 3955 2075 3997 vemur
2105 3935 2277 3993 illiesi.
2310 3934 2437 3990 Haec
2464 3940 2639 3989 autem
2664 3929 2731 3985 ad
2761 3945 2855 3984 vos
2884 3929 3181 3983 direximus
3236 3939 3331 3994 per
3378 3922 3485 3979 ira-

1890 4041 2026 4089 trem
2050 4041 2104 4087 et
2134 4031 2512 4100 coepiscopum
2545 4033 2786 4095 nostrum
2818 4020 3174 4092 Redemptum
3218 4027 3272 4074 et
3306 4015 3489 4084 Quod-

1892 4126 2166 4183 vultdeum
2192 4123 2442 4180 abbatem
2475 4117 2783 4175 monasterii
2815 4116 3037 4186 majoris
3060 4114 3293 4170 basilica:
3344 4109 3486 4167 beati

1890 4222 2035 4280 Petri
2064 4217 2313 4290 apostoli,
2342 4231 2477 4288 quos
2498 4222 2675 4271 vestra
2704 4212 2921 4269 dilectio
2946 4220 3000 4265 et
3021 4208 3341 4281 complacita
3370 4207 3482 4262 Deo

1893 4314 2157 4372 cbaritate
2186 4310 2466 4380 suscipiat,
2494 4316 2550 4367 et
2597 4306 2662 4362 ad
2694 4321 2792 4363 nos
2839 4321 2962 4361 cum
3010 4303 3232 4363 unitatis
3284 4310 3485 4356 vestrae

1892 4407 2087 4481 gaudio
2115 4406 2233 4461 sine
2262 4419 2409 4459 mora
2443 4401 2639 4458 reverti
2675 4400 2946 4455 dimittat:
2980 4409 3246 4469 quatenus
3287 4406 3491 4464 cogno-

1896 4510 2109 4557 scentes
2174 4496 2512 4553 dilecﬁonem
2579 4504 2738 4565 atque
2790 4490 3160 4547 obedientiam
3215 4483 3492 4541 charitatis

200 4563 1089 4675 ωηξθδἱξυῑθῗηξῗηυίάῗηίωἈλξθΐ
1109 4563 1317 4675 at}???
1334 4578 1490 4615 onem
1507 4571 1786 4632 ponemu"
1816 4609 1874 4675 Β
1896 4602 2113 4659 vestrae,
2145 4605 2265 4645 cum
2298 4587 2501 4644 sanctis
2531 4563 2734 4658 angelis
2762 4582 3118 4638 communiter
3147 4591 3304 4649 atque
3330 4590 3491 4630 vera-

202 4675 251 4722 et
273 4667 347 4720 sic
371 4663 764 4731 adimplebimus
786 4661 947 4729 legem
967 4659 1159 4714 Christi
1180 4656 1402 4729 (lbid.);
1428 4666 1481 4711 et
1502 4658 1625 4713 alibi
1648 4659 1789 4712 idem

204 4758 484 4827 apostolus
512 4756 629 4811 ait:
670 4752 850 4808 Flecte
878 4769 1045 4823 genua
1085 4769 1200 4807 mea
1247 4755 1314 4807 nd
1364 4753 1639 4808 Dominum
1687 4750 1794 4807 Pa-

207 4863 335 4909 trem
367 4850 571 4905 Domini
602 4842 916 4903 nostri'Jesu
939 4844 1149 4912 Christi,
1183 4862 1244 4901 ex
1269 4863 1370 4917 quo
1418 4847 1581 4901 omnis
1627 4856 1798 4916 pater-

207 4949 343 5002 nitas
372 4949 425 4999 in
455 4944 594 4999 caelis
619 4957 667 4996 et
689 4943 744 4996 in
769 4950 903 4995 terra
927 4940 1242 5004 nominatur,
1270 4948 1324 4991 ut
1355 4939 1439 4992 det
1459 4938 1599 4992 vobis
1618 4953 1802 4991 secun-

207 5039 333 5094 dum
363 5035 568 5090 divitias
596 5035 776 5104 gloria:
812 5048 919 5087 suae
936 5034 1194 5100 virtutem,
1219 5032 1538 5085 corroborari
1559 5047 1649 5101 per
1672 5028 1800 5099 Spi-

208 5136 365 5190 ritum
390 5135 502 5205 ejus
526 5131 581 5185 in
608 5129 900 5183 interiorem
946 5126 1230 5188 hominem,
1276 5124 1504 5177 habitare
1546 5122 1804 5177 Christum

211 5245 302 5302 per
328 5225 483 5297 ﬁdem
505 5226 558 5276 in
577 5221 819 5276 cordibus
843 5217 1040 5281 vestris,
1092 5218 1143 5270 in
1193 5216 1446 5270 charitate
1490 5215 1712 5268 rndicati
1755 5223 1804 5272 et

214 5319 443 5393 fundati,
474 5325 530 5371 ut
552 5314 759 5387 possitis
778 5307 1203 5380 comprehendere
1224 5323 1337 5361 cum
1359 5306 1593 5362 omnibus
1614 5309 1808 5362 sanctis

216 5411 436 5485 (Ephes.
469 5406 572 5478 ut).
618 5402 692 5460 Et
737 5410 857 5473 post
903 5401 1053 5454 alia:
1099 5399 1320 5454 Obsecro
1372 5400 1542 5469 itaque
1585 5414 1674 5452 vos
1714 5415 1807 5469 ego

217 5506 416 5559 vinctus
442 5501 496 5554 in
524 5499 766 5561 Domina,
800 5504 852 5549 ut
880 5495 1034 5565 digne
1055 5491 1320 5547 ambuletis
1343 5492 1395 5547 in
1417 5491 1682 5546 vocatione
1704 5507 1807 5561 qua

216 5595 388 5652 vocati
423 5591 562 5656 estis,
610 5604 726 5643 cum
772 5586 910 5641 omni
965 5583 1253 5638 humilitate
1298 5592 1346 5638 et
1394 5581 1806 5649 mansuetudine,

222 5708 340 5748 cum
404 5686 648 5743 patientia
704 5687 1065 5752 supportanles
1124 5678 1341 5733 invicem
1396 5678 1455 5732 in
1520 5678 1769 5733 charitate
1791 5720 1809 5746 ,

222 5779 434 5835 solliciti
486 5793 685 5833 servare
734 5775 984 5830 unitatem
1032 5772 1247 5843 spiritus
1290 5772 1347 5825 in
1390 5770 1594 5826 vinculo
1647 5772 1814 5841 pacis.

230 5874 409 5930 linum
435 5886 620 5929 coruus
663 5878 714 5925 et
761 5884 898 5923 unus
920 5867 1173 5931 spiritus,
1227 5865 1359 5921 sicut
1402 5862 1573 5919 vocati
1617 5865 1735 5918 estis
1760 5863 1816 5921 in

1898 4687 2032 4741 citer
2059 4685 2237 4740 dicere
2265 4694 2567 4751 mereamur
2596 4695 2609 4732 :
2641 4676 2819 4731 Gloria
2865 4675 2918 4728 in
2958 4671 3221 4727 altissimis
3273 4667 3400 4733 Deo,
3444 4672 3493 4722 et

1900 4779 1956 4833 in
1984 4787 2119 4845 terra
2150 4791 2254 4846 pax
2299 4770 2585 4841 hominibus
2631 4767 2776 4823 bona:
2829 4764 3105 4820 voluntatis
3136 4762 3287 4834 (Luc.
3320 4761 3377 4833 ll)

2278 4885 2613 4943 EptsroL-A
2652 4883 2716 4938 IV
2759 4879 2946 4956 [Olim
2984 4877 3094 4953 γι]

2128 5009 2247 5061 ρυιε
2279 5007 2373 5048 EST
2401 5003 2641 5061 SECUNDA
2670 5003 2737 5043 AD
2765 4998 3043 5041 EPISCOPOS
3073 4996 3282 5037 ISTBIB.

1914 5109 2288 5171 Dilectissimis
2312 5106 2569 5167 fratribus
2601 5103 2732 5160 Elia
2761 5100 2846 5157 vel
2877 5100 2998 5161 aliis
3028 5095 3299 5171 episcOpis
3327 5093 3501 5161 lstria

2424 5176 2669 5245 Pelagius
2690 5177 2995 5245 episcopus.

1987 5299 2299 5360 Dilectionii
2314 5305 2507 5357 vestrae
2520 5309 2615 5366 per
2626 5306 2723 5350 eos
2736 5304 2873 5363 quos
2885 5286 3158 5347 direxistis
3180 5284 3378 5354 scripta
3393 5294 3503 5340 Slllr

1914 5397 2173 5468 cepimus,
2190 5393 2507 5460 relectisque
2518 5388 2622 5454 bis,
2637 5387 2784 5458 gravi
2796 5397 2983 5441 sumus
2999 5394 3232 5437 mterore
3249 5375 3502 5439 etdolore

1914 5489 2179 5562 perculsi;
2211 5500 2332 5543 cum
2364 5496 2541 5553 neque
2581 5480 2665 5539 his
2695 5492 2815 5549 quae
2858 5489 2959 5531 nos
2992 5472 3151 5529 vobis
3182 5469 3502 5536 scripsimus

1911 5580 2302 5655 respondistis,
2333 5591 2539 5648 neque,
2571 5582 2628 5633 ut
2652 5573 2945 5631 lraternam
2975 5567 3234 5625 decuerat
3261 5564 3505 5620 Charita-

1915 5689 2045 5745 ιω,
2077 5676 2199 5731 ﬁdei
2227 5681 2425 5730 nostrae
2453 5666 2829 5727 satislactione
2855 5669 3110 5733 suscepta
3140 5659 3208 5717 ad
3241 5657 3499 5714 unitatem

1918 5766 2177 5826 Ecclesia:
2197 5760 2503 5823 revertendi
2551 5756 2914 5817 obedientiam
2937 5751 3355 5816 commodastis;
3401 5763 3505 5819 po.

1918 5872 2121 5920 structo
2150 5872 2250 5919 nec
2293 5870 2388 5917 eos
2412 5853 2576 5917 aliter
2598 5852 2690 5922 qui
2717 5864 2982 5911 venerum
3018 5851 3251 5922 dirigere
3278 5843 3508 5919 pertuli-
