4076 6348
555 285 651 354 vit
1875 296 2147 357 PELAGll
2188 296 2393 358 rapa:
2429 300 2473 357 ll
2671 280 2681 321 ‘

555 417 672 481 stis,
696 422 753 470 ut
775 411 1167 484 apertissimam
1188 410 1687 486 lucidissimamque
1710 413 2137 473 satisfactionem
2169 421 2219 476 Α
2245 424 2550 481 maverunt,
2580 414 2681 471 nisi
2712 424 2768 470 ut
2792 415 3126 473 inviolabilis
3152 416 3275 474 ﬁdei
3303 412 3547 474 deﬁnitio
3579 434 3842 479 servare-

554 526 614 566 se
644 517 954 581 paterentur
982 511 1223 580 accipere
1248 528 1262 563 :
1288 510 1379 565 sed
1422 510 1625 580 scripto
1676 510 1832 565 nobis
1861 510 2011 579 quasi
2045 526 2135 565 ca-

553 602 807 674 pitulare,
855 603 939 658 vel
972 603 1318 659 interdictum
1374 604 1548 669 potius
1591 602 1976 671 ostenderunt,
2008 604 2140 659 nihil

554 693 852 765 iniunctum
874 694 973 749 sibi
995 710 1025 749 a
1049 694 1196 750 vobis
1218 694 1360 750 aliud
1383 703 1708 763 asserentes,
1739 695 1841 751 nisi
1866 704 1922 750 ut
1947 706 2140 751 vestra:

558 788 934 843 tantummodo
978 797 1159 842 essent
1188 797 1489 858 portatores
1546 790 1808 859 epistolae.
1845 791 1899 845 In
1929 806 2029 860 qua
2062 801 2142 845 ta~

555 896 684 937 men
710 880 908 935 nullam
940 880 1162 935 rationis
1202 882 1619 936 satisfactionem
1651 885 1909 953 quaesisse
1932 898 2027 937 vos
2059 884 2141 938 le-

560 977 723 1047 gitur,
757 978 847 1031 sed
886 978 1025 1032 velut
1065 978 1357 1046 judicatum
1388 978 1515 1049 quid
1564 980 1719 1034 nobis
1764 980 2137 1049 expressisset,

558 1071 701 1138 quod
731 1085 888 1139 quam
920 1085 1140 1139 pravum
1173 1072 1261 1135 sit,
1295 1087 1458 1141 quam
1485 1072 1744 1141 iniustum
1767 1115 1781 1136 ,
1816 1072 2142 1143 Patrumque

556 1162 757 1231 regulis
786 1162 1089 1231 inimicum,
1124 1165 1170 1219 si
1204 1164 1479 1222 volueritis
1510 1166 1575 1220 ad
1614 1166 1975 1238 cognitionem
2004 1146 2143 1223 veri-

558 1257 684 1311 tatis
706 1260 985 1324 accedere,
1012 1259 1444 1328 splendidissime
1464 1275 1584 1314 cum
1602 1260 1787 1314 divino
1809 1260 2007 1315 auxilio
2024 1272 2145 1330 pot-

556 1351 686 1405 estis
727 1351 1027 1407 addiscere.
1059 1352 1213 1408 Unde
1245 1369 1343 1408 nos
1375 1370 1496 1409 cum
1526 1355 1789 1424 pr0pheta
1817 1356 2144 1427 lacrymabi-

552 1443 676 1498 liter
722 1448 973 1501 convenit
1021 1446 1367 1502 exclamare:
1406 1447 1675 1514 Obmutui,
1726 1459 1774 1502 et
1835 1449 2144 1505 humiliatus

553 1552 685 1599 sum,
718 1546 765 1590 et
794 1538 915 1592 silui
944 1556 976 1592 a
1006 1539 1172 1605 bonis,
1197 1549 1245 1594 et
1276 1541 1426 1595 dolor
1447 1542 1621 1595 cordis
1644 1543 1744 1595 mei
1769 1552 2043 1597 renovatus
2071 1552 2141 1596 est

552 1625 727 1696 (Psal.
756 1628 1019 1697 xxxviii).
1051 1629 1358 1686 Renovatus
1388 1642 1473 1687 est
1518 1633 1675 1688 dolor
1702 1634 1886 1688 cordis
1939 1635 2137 1700 nostri,

556 1710 1064 1787 quando‘diuturnae
1089 1722 1373 1777 divisionis
1400 1724 1709 1779 scandalum
1742 1726 1963 1781 minime
1992 1736 2141 1781 tanto

554 1808 677 1865 ﬁdei
710 1812 913 1881 fulgore
939 1824 1241 1882 superatur,
1276 1816 1510 1871 maxime
1540 1818 1665 1884 quia
1698 1831 1985 1885 pravorum
2043 1819 2141 1872 ho-

555 1904 762 1959 minum
796 1906 1140 1974 persuasione
1183 1907 1425 1978 decepti,
1478 1908 1675 1978 scripta
1724 1908 1881 1964 nobis
1911 1909 2141 1965 diversis

553 1994 755 2051 infecta
774 1998 1037 2065 contagiis
1068 1999 1348 2055 direxistis
1376 2018 1388 2053 :
1416 2010 1471 2055 et
1496 2002 1636 2071 quod
1674 2003 1727 2056 in
1761 2001 2007 2071 epistolis
2041 2001 2141 2056 Pa-

554 2098 697 2145 trum
728 2091 972 2163 quaedam
1002 2094 1305 2150 testimonia
1336 2110 1442 2151 non
1472 2096 1763 2167 incongrua
1809 2097 2015 2161 solum,
2046 2096 2139 2151 sed

553 2198 653 2238 nec
684 2185 748 2238 ad
781 2200 996 2240 causam
1028 2188 1348 2258 pertinentia
1382 2190 1627 2245 tentastis
1660 2190 1931 2257 inserere;
1984 2191 2054 2243 ita
2083 2198 2143 2245 ut

554 2291 658 2332 nec
707 2278 950 2334 ordinem
1000 2281 1467 2348 testimoniorum,
1501 2283 1591 2353 qui
1627 2283 1677 2337 in
1721 2283 1853 2352 ipsis
1898 2284 2141 2352 epistolis

551 2369 796 2435 Patrum,
830 2369 1363 2444 scrvaretis,'quippe
1396 2376 1612 2445 utquod
1639 2375 1895 2444 scriptum
1921 2378 2141 2431 nomine

553 2461 773 2518 alterius
792 2462 982 2533 fuerat,
1012 2464 1230 2519 alterius
1253 2466 1483 2522 nominis
1506 2468 1656 2521 titulo
1682 2475 2049 2537 promeretur.
2082 2468 2140 2524 in

558 2568 665 2625 quo
714 2556 990 2610 evidenter
1048 2557 1247 2611 dictum
1311 2559 1465 2613 vobis
1522 2560 1875 2629 apostolicum
1931 2570 2141 2615 constat

551 2649 760 2716 aptari:
794 2649 1086 2704 Nescientes
1132 2666 1293 2717 neque
1336 2653 1398 2705 de
1439 2653 1623 2722 quibus
1666 2654 1834 2707 dicent
1877 2668 2041 2723 neque
2079 2654 2142 2709 de

551 2740 734 2809 quibus
764 2741 1017 2809 afﬁrmant
1052 2739 1103 2811 (Ι
1127 2740 1262 2796 Tim.
1291 2743 1371 2814 ι).

630 2831 779 2898 Quod
812 2833 1030 2901 quidem
1076 2850 1181 2889 non
1229 2846 1421 2891 vestra)
1471 2837 1687 2894 malitias
1728 2838 1815 2895 vel
1862 2839 2140 2897 calliditati

552 2924 822 2981 credimus
852 2926 1261 2993 ascribeudum,
1296 2928 1389 2984 sed
1422 2944 1627 2985 veneno
1652 2930 1822 2986 hostis
1863 2932 2138 3000 malignis-

553 3016 679 3073 simi
724 3019 1075 3088 perspicimus
1118 3020 1468 3103 exquisitum,
1502 3024 1590 3093 qui
1640 3025 1839 3079 zizania
1870 3025 2141 3082 seminare

554 3128 656 3185 per
686 3129 814 3170 vasa
842 3102 937 3170 ira:
970 3131 1137 3185 usque
1159 3117 1212 3171 in
1252 3097 1408 3174 tinem
1438 3120 1640 3187 saeculi,
1676 3120 1729 3175 in
1764 3120 1857 3177 Dei
1900 3121 2137 3177 Ecclesia

2248 517 2352 562 tttr.
2382 507 2513 563 Nam
2544 510 2610 564 ad
2641 510 2889 567 eamdem
2918 514 3181 584 synodum
3213 516 3639 571 conﬁrmandam
3667 518 3847 575 beate

2246 601 2630 657 recordationis
2661 605 3031 673 praedecessor
3057 616 3241 663 noster
3261 623 3394 679 papa
3426 608 3538 669 Leo
3566 610 3842 682 scribens,

2246 691 2382 747 inter
2410 694 2511 746 alia
2538 694 2616 748 sic
2638 696 2711 749 ait
2736 713 2747 747 :
2783 713 2802 747 ι
2831 696 2909 752 Ne
2932 712 3063 767 ergo
3094 714 3187 767 per
3211 700 3474 770 malignos
3504 702 3841 773 interpretes

2244 782 2537 840 dubitabile
2569 786 2833 855 videatur,
2866 798 3046 844 utrum
3078 806 3197 861 qua:
3224 792 3277 846 in
3302 795 3508 863 synodo
3530 792 3840 851 Chalcedo-

2245 876 2397 931 nensi
2422 892 2515 946 per
2545 881 2954 937 unanimitatem
2988 893 3221 939 vestram
3248 884 3317 940 de
3347 884 3453 939 ﬁde
3480 895 3683 941 statuta
3715 899 3842 945 sunt

2244 968 2609 1037 approbarim,
2660 971 2775 1026 haec
2804 972 2872 1027 ad
2918 988 3105 1030 omnes
3151 974 3346 1031 fratres
3387 987 3441 1032 et
3486 979 3845 1048 coepiscopos

2245 1071 2477 1129 nostros,
2510 1064 2601 1134 qui
2652 1066 2910 1135 praedicto
2941 1070 3172 1124 concilio
3218 1070 3610 1138 interfuerunt,
3643 1076 3842 1142 scripta

2244 1156 2451 1222 direxi,
2498 1172 2619 1225 qua:
2647 1158 3071 1233 gloriosissimus
3100 1173 3155 1218 et
3180 1163 3642 1220 clementissimus
3696 1169 3847 1237 prin-

2244 1260 2391 1315 ceps,
2422 1247 2560 1303 sicut
2580 1250 2821 1319 poposci,
2855 1252 2908 1305 in
2942 1253 3186 1307 notitiam
3213 1262 3447 1309 vestram
3482 1260 3713 1311 mittere
3745 1272 3843 1326 pro

2246 1338 2525 1395 catholicae
2554 1341 2679 1397 ﬁdei
2706 1357 2890 1399 amore
2916 1344 3253 1414 dignabitur;
3287 1358 3342 1402 ut
3368 1356 3423 1403 et
3454 1348 3701 1404 fraterna
3728 1351 3847 1405 nni-

2248 1435 2477 1487 versitas
2503 1444 2558 1489 et
2586 1436 2829 1492 omnium
2872 1437 3111 1494 ﬁdelium
3141 1441 3304 1496 corda
3334 1455 3710 1513 cognoscunt,
3760 1462 3849 1502 me

2247 1540 2353 1581 non
2374 1529 2547 1582 solum
2576 1544 2671 1599 per
2687 1529 2881 1587 fratres
2910 1533 3000 1603 qui
3020 1535 3191 1594 vicem
3219 1550 3392 1590 meam
3416 1540 3662 1593 exsecuti
3691 1551 3845 1606 sunt,

2246 1616 2341 1672 sed
2372 1618 2531 1673 etiam
2577 1634 2672 1689 per
2703 1622 3070 1691 probationem
3123 1635 3399 1696 gestorum
3450 1630 3847 1700 synodalium,

2247 1709 2515 1776 propriam
2546 1712 2819 1768 vobiscum
2852 1716 3092 1770 munisse
3120 1718 3439 1772 sententiam
3467 1736 3480 1771 :
3511 1719 3567 1773 in
3614 1720 3734 1774 sola
3768 1721 3844 1774 vi-

2169 1806 2219 1867 B
2243 1800 2435 1855 delicet
2480 1801 2605 1857 ﬁdei
2655 1818 2814 1859 causa
2839 1845 2853 1868 ,
2889 1805 3053 1875 (quod
3082 1822 3229 1877 saepe
3279 1808 3595 1877 dicendum)
3628 1822 3849 1880 promer

2246 1906 2405 1959 quam
2436 1899 2689 1963 generale
2718 1897 3035 1963 concilium,
3067 1907 3122 1953 et
3161 1914 3229 1953 ex
3262 1909 3533 1971 praecepto
3580 1900 3847 1957 Christia-

2244 1986 2586 2041 nissimorum
2643 1987 2967 2058 principum,
3017 1998 3074 2045 et
3118 2005 3186 2045 ex
3229 2005 3500 2048 consensu
3523 1996 3843 2061 apostolica:

2243 2077 2388 2133 sedis
2408 2119 2425 2146 ,
2459 2078 2660 2149 placuit
2684 2080 3021 2151 congregari.
3045 2099 3065 2135 ι
3094 2080 3243 2154 [Huc
3270 2096 3439 2154 usque
3468 2085 3639 2141 verba
3670 2086 3845 2141 sancti

2244 2167 2463 2224 Leonis.
2482 2168 2501 2241 ]

2320 2266 2427 2321 Sed
2461 2280 2528 2320 ne
2554 2265 2695 2323 forte
2726 2268 2919 2323 animis
2944 2268 3138 2325 vestris
3168 2282 3348 2339 aliqua
3388 2261 3567 2325 adhuc
3598 2270 3846 2328 videatur

2243 2359 2471 2427 quaestio
2490 2368 2582 2413 aut
2606 2359 2859 2416 dubietas
2887 2376 3190 2428 remanere,
3221 2365 3460 2432 apertius
3482 2380 3606 2435 quae
3635 2366 3701 2420 ad
3730 2366 3840 2420 Ma-

2246 2447 2445 2504 ximum
2490 2450 2842 2508 Antiochense
2890 2454 3146 2510 Ecclesia:
3198 2456 3496 2512 antistitem
3546 2459 3844 2527 scripserit

2245 2544 2445 2613 pariter
2474 2546 2783 2602 curavimus
2819 2548 3079 2604 indicare.
3122 2548 3251 2605 Post
3281 2550 3512 2620 plurima
3542 2550 3733 2621 itaque
3768 2554 3847 2606 sic

2245 2637 2320 2693 ait
2344 2656 2357 2691 :
2388 2657 2407 2689 ί
2430 2638 2486 2694 Si
2507 2638 2633 2708 quid
2655 2654 2785 2694 sane
2810 2641 2879 2695 ab
2899 2639 2985 2695 bis
3012 2639 3287 2709 fratribus,
3318 2657 3454 2714 quos
3483 2644 3551 2698 ad
3576 2655 3836 2699 sanctam

2246 2733 2510 2803 synodum
2544 2737 2661 2789 vice
2700 2748 2821 2790 mea
2851 2735 2994 2801 misi,
3027 2745 3223 2806 praeter
3251 2737 3303 2791 id
3347 2736 3492 2808 quod
3523 2738 3591 2793 ad
3622 2754 3843 2794 causam

2245 2824 2367 2879 ﬁdei
2396 2825 2712 2893 pertinebat,
2740 2836 2952 2897 gestum
2981 2841 3102 2883 esse
3134 2828 3465 2898 perhibetur,
3497 2831 3702 2887 nullius
3732 2832 3840 2887 erit

2245 2914 2516 2972 ﬁrmitatis
2542 2932 2556 2969 :
2581 2918 2705 2988 quia
2746 2919 2814 2973 ad
2858 2920 2960 2974 Itoc
3003 2928 3209 2975 tantum
3255 2922 3324 2976 ab
3367 2923 3668 2992 apostolica
3710 2922 3847 2978 sede

2245 3006 2435 3064 directi
2464 3018 2591 3064 sunt
2642 3019 2699 3065 ut
2729 3011 2925 3066 excisis
2971 3011 3291 3078 baresibus,
3323 3015 3611 3069 catholica:
3656 3024 3846 3071 essent

2248 3100 2369 3157 fidei
2419 3102 2750 3160 defensores.
2804 3104 3073 3174 Quidquid
3124 3108 3272 3161 enim
3324 3117 3525 3177 praeter
3571 3110 3845 3179 speciales

552 3220 659 3262 non
717 3207 969 3277 quiescit.
1026 3208 1105 3263 Ex
1163 3224 1269 3280 quo
1313 3211 1692 3282 intelligimus,
1744 3213 2137 3269 fraternitatem

2245 3212 2436 3255 causas
2465 3200 2809 3270 synodalium
2857 3200 3210 3256 conciliorum
3255 3201 3321 3256 ad
3353 3218 3586 3258 examen
3629 3203 3845 3273 episco-

555 3308 791 3355 veStram
838 3300 1117 3371 epistolas,
1148 3302 1215 3357 de
1256 3303 1450 3372 quibus
1502 3304 1753 3373 posuistis
1800 3305 2134 3371 testimonia,

552 3406 660 3447 non
706 3391 936 3464 legisse;
969 3409 1141 3465 neque
1171 3394 1316 3451 enim
1365 3398 1408 3451 si
1441 3396 1593 3452 vobis
1637 3412 1824 3453 eorum
1873 3400 2139 3468 scriptura

552 3494 848 3553 constaret,
880 3487 971 3542 illa
992 3503 1112 3558 quae
1141 3490 1478 3558 apertissime
1499 3503 1597 3559 pro
1618 3489 1741 3544 ﬁdei
1770 3492 2138 3546 tantummodo

548 3592 713 3636 causa
741 3589 867 3635 sunt
898 3580 1093 3649 posita,
1128 3580 1248 3635 aliis
1269 3595 1567 3652 congruere
1595 3580 1887 3650 ﬁngeretis,
1919 3592 2139 3653 propter

549 3670 690 3741 quod
714 3670 781 3727 ab
804 3686 990 3727 errore
1010 3670 1317 3737 divisionis,
1354 3673 1405 3726 in
1433 3686 1593 3742 quem
1618 3671 1769 3728 falsis
1792 3672 2138 3743 opinionibus

548 3765 846 3832 incidistis,
895 3768 1082 3820 hortor
1128 3774 1183 3820 et
1210 3774 1339 3835 opto
1368 3780 1465 3821 vos
1497 3764 1722 3821 celerius
1772 3766 2039 3833 revocari,
2082 3774 2138 3821 et

546 3873 650 3912 non
682 3858 843 3929 (sicut
873 3859 1131 3924 scriptum
1164 3858 1269 3929 est)
1304 3860 1481 3930 iugum
1498 3875 1615 3913 cum
1636 3859 1930 3930 infidelibus
1950 3862 2139 3914 ducere

547 3948 638 4022 (II
669 3948 791 4005 Cor.
824 3952 920 4023 vt),
952 3952 1046 4006 sed
1077 3951 1150 4005 illi
1180 3951 1374 4007 iterum
1400 3952 1528 4023 jugo
1550 3962 1826 4009 mansueta
1848 3953 1987 4009 colla
2011 3953 2137 4009 sub-

552 4044 791 4111 mittere,
840 4045 906 4099 de
935 4060 1042 4115 quo
1090 4045 1205 4115 ipse
1257 4047 1519 4102 Dominus
1570 4046 1955 4119 dicit:Jugum
1999 4049 2137 4103 enim

552 4153 725 4190 meum
756 4154 907 4192 suave
935 4148 1042 4205 est,
1075 4149 1123 4192 et
1172 4156 1298 4195 onus
1325 4156 1495 4196 meum
1527 4138 1632 4196 leve
1658 4151 1731 4196 est
1770 4140 1985 4214 (Matth.
2013 4141 2092 4213 xt)
2118 4161 2130 4197 :

551 4231 696 4300 quod
729 4222 873 4285 nullo
925 4231 1086 4286 modo
1117 4234 1310 4301 poterit
1340 4236 1460 4304 quis
1490 4234 1572 4289 vel
1607 4233 1750 4291 ferre
1776 4236 1861 4290 vel
1891 4238 2133 4304 discere,

551 4320 657 4375 nisi
687 4320 858 4375 eidem
884 4321 1015 4391 jugo
1044 4322 1327 4379 charitatis
1356 4325 1587 4381 vinculis
1612 4325 1775 4383 fuerit
1797 4326 2132 4399 subiugatus,

550 4412 656 4483 ipsi
696 4414 843 4468 oneri
876 4429 973 4483 per
1018 4412 1374 4470 dilectionem
1411 4417 1613 4488 quippe
1643 4427 1702 4473 ut
1742 4419 1969 4489 spiritali
2018 4435 2135 4474 sar-

552 4505 687 4561 cina:
715 4514 954 4572 mentes,
998 4505 1285 4573 humeros,
1336 4507 1588 4579 viresque
1634 4508 1948 4565 subdiderit.
1983 4511 2133 4566 Sicut

2246 3292 2363 3360 pale
2388 3292 2654 3361 defertur,
2688 3303 2867 3364 potest
2892 3293 3223 3364 dijudicandi
3247 3295 3446 3351 habere
3472 3296 3741 3352 rationem
3761 3337 3780 3364 ,
3813 3316 3835 3349 ι

2244 3392 2349 3439 etc.
2384 3384 2555 3451 Ecce,
2606 3386 2743 3441 sicut
2785 3387 3033 3456 superius
3060 3385 3259 3442 dictum
3306 3396 3413 3453 est,
3461 3391 3842 3458 cognoscitis,

2243 3477 2435 3533 fratres
2463 3480 2765 3535 charissimi
2784 3522 2800 3546 ,
2831 3480 2967 3535 nihil
2996 3479 3140 3535 aliud
3172 3494 3318 3550 saepe
3342 3480 3509 3536 fatum
3538 3481 3843 3550 pradeces.

2246 3585 2424 3627 sereni
2458 3582 2697 3629 nostrum
2719 3613 2735 3639 ,
2779 3589 2940 3644 quam
2968 3588 3031 3630 ea
3058 3589 3178 3645 qua:
3205 3574 3274 3630 de
3306 3574 3431 3630 ﬁdei
3460 3574 3714 3630 ﬁrmitate
3741 3574 3840 3631 de—

2244 3664 2396 3720 ﬁnita
2422 3675 2568 3731 sunt,
2599 3667 2976 3734 conﬁrmasse,
3018 3668 3158 3737 quod
3187 3682 3326 3738 pene
3358 3669 3413 3723 in
3439 3667 3693 3723 onmibus
3722 3668 3839 3736 epi-

2248 3756 2404 3812 stolis
2428 3757 2567 3828 ejus,
2600 3758 2648 3813 si
2668 3757 2968 3826 volueritis,
2994 3759 3203 3829 plenius
3229 3759 3453 3828 potestis
3472 3774 3833 3829 cognoscere.

2249 3850 2381 3905 Nam
2413 3852 2633 3921 privatae
2660 3867 2858 3921 causa,
2889 3868 3008 3923 qua:
3032 3853 3141 3909 illic
3162 3863 3285 3923 post
3303 3853 3677 3911 deﬁnitionem
3705 3855 3834 3911 ﬁdei

2247 3952 2382 3999 actae
2413 3955 2571 4011 sunt,
2617 3960 2725 4001 non
2770 3945 2946 4001 solum
2995 3946 3215 4002 minime
3258 3947 3623 4015 conﬁrmavit,
3655 3948 3749 4004 sed
3780 3956 3837 4004 et

2240 4040 2529 4096 retractari
2584 4049 2742 4112 atque
2787 4040 3075 4111 dijudicari
3125 4042 3411 4097 concessit.
3467 4039 3526 4097 In
3575 4042 3836 4113 encycliis

2242 4145 2373 4186 vero
2400 4130 2565 4202 (quod
2595 4142 2678 4187 est
2704 4132 3094 4203 episcopalium
3125 4133 3371 4188 collectio
3405 4134 3735 4200 litterarum,
3766 4148 3833 4188 ex

2242 4223 2436 4294 quibus
2466 4224 2644 4295 aliqua
2675 4225 2729 4279 in
2757 4222 2976 4296 scriptis
2992 4226 3186 4281 vestris
3208 4225 3507 4282 testimonia
3536 4225 3834 4297 incongrue

2241 4318 2493 4375 similiter
2521 4319 2797 4391 posuistis)
2820 4320 2961 4376 unde
2982 4329 3127 4375 mota
3142 4320 3219 4376 ‘sit
3243 4334 3427 4385 causa,
3453 4320 3537 4375 vel
3568 4320 3698 4390 quid
3727 4321 3829 4388 piae

2242 4412 2633 4470 recordationis
2654 4413 2766 4470 Leo
2785 4416 3079 4485 imperator
3102 4431 3197 4485 per
3220 4416 3499 4470 universas
3523 4414 3831 4481 provincias

2239 4509 2617 4564 sacerdotibus
2649 4511 2930 4581 scripserit
2965 4509 3298 4565 consulendo
3319 4550 3332 4573 ,
3366 4518 3458 4563 aut
3486 4508 3719 4576 qualiter
3764 4506 3832 4561 ab

552 4611 785 4663 namque
806 4596 1120 4652 animositas
1145 4598 1496 4655 abscissionis
1524 4598 1858 4655 intellectum
1890 4600 2017 4656 facit
2044 4616 2138 4671 per
2164 4595 2221 4657 D
2247 4600 2377 4669 ipsis
2406 4614 2662 4669 responsa
2690 4602 3024 4671 susceperit,
3056 4601 3213 4656 nobis
3242 4614 3455 4670 quoque
3487 4599 3794 4655 tacentibus
3812 4640 3828 4664 ,

551 4689 856 4759 superbiam
884 4690 1156 4761 colligare,
1192 4692 1261 4745 ita
1294 4701 1625 4763 recuperatae
1655 4692 1933 4749 charitatis
1961 4693 2135 4749 humi-

548 4781 670 4835 litas
701 4792 908 4839 mentes
940 4784 991 4837 in
1025 4784 1228 4839 unitate
1259 4785 1380 4841 fidei
1406 4796 1820 4856 perseveranter
1858 4788 1924 4842 ad
1949 4786 2135 4858 cogni-

546 4878 747 4935 tionem
774 4880 1014 4935 veritatis
1044 4880 1307 4935 illuminat

622 4998 849 5068 Propter
878 4998 1019 5069 quod
1048 4998 1394 5069 praesentium
1448 5001 1811 5071 portatoribus
1857 5014 1994 5072 quos
2027 4998 2134 5054 fra-

547 5093 772 5147 ternitas
799 5100 976 5147 vestra
1006 5092 1221 5159 direxit,
1255 5103 1307 5147 et
1327 5108 1392 5147 ex
1421 5093 1707 5150 Codicibus
1727 5103 1782 5149 et
1810 5109 1875 5148 ex
1903 5092 2135 5163 antiquis

549 5185 837 5256 polypticis
872 5183 1242 5257 [polyptichis]
1274 5186 1456 5240 scrinii
1481 5198 1679 5243 sancta:
1708 5188 1852 5243 sedis
1881 5186 2135 5257 apostoli-

549 5290 627 5332 ca:
669 5278 868 5333 relecm
900 5288 1027 5333 sunt
1065 5278 1270 5348 aliqua,
1316 5279 1509 5348 quibus
1553 5280 1833 5337 evidenter
1873 5289 2129 5349 apparet,

550 5368 684 5422 nihil
720 5384 907 5425 eorum
938 5386 1055 5440 qua:
1103 5372 1155 5425 in
1195 5381 1372 5426 vestra
1418 5373 1673 5441 posuistis
1698 5373 1923 5443 epistola
1970 5386 2132 5427 causa

545 5467 706 5517 trium
748 5463 1104 5533 capitulorum
1135 5478 1427 5520 convenire
1470 5466 1769 5531 ullatenus,
1814 5474 1906 5519 aut
1940 5463 2132 5520 verisi-

545 5555 750 5612 militer
795 5558 1051 5627 coaptari.
1104 5558 1336 5629 Ideoque
1386 5574 1609 5615 necesse
1657 5568 1740 5613 est
1794 5573 1889 5613 vos
1937 5573 2130 5614 omnes

546 5647 804 5715 epistolas
820 5650 1107 5721 synodales
1128 5652 1363 5707 sollicite
1379 5651 1771 5722 vigilanterque
1791 5665 2127 5720 percurrere,

546 5745 608 5791 ut
653 5739 953 5794 evidentius
997 5742 1322 5809 agnoscatis,
1369 5742 1490 5811 quia
1540 5742 1711 5797 sancti
1762 5740 1949 5796 Patres
1994 5742 2132 5798 nihil

546 5827 691 5884 aliud
722 5830 789 5884 de
816 5830 1242 5887 Chalcedonensi
1267 5834 1480 5906 synodo
1529 5836 1584 5891 in
1622 5836 1737 5890 suis
1768 5834 2013 5905 epistolis
2039 5835 2134 5891 ﬁr-

2241 4706 2428 4748 eorum
2463 4692 2693 4749 lectione
2724 4693 2974 4749 valebitis
3002 4693 3212 4761 plenius
3242 4692 3515 4747 informari
3550 4710 3564 4744 :
3595 4701 3651 4746 ut
3682 4692 3829 4746 nulla

2241 4786 2309 4841 de
2356 4796 2551 4842 cancro
2596 4788 2649 4841 in
2699 4787 2894 4842 vestris
2923 4786 3175 4841 cordibus
3206 4785 3457 4856 maligna:
3500 4786 3828 4853 excogitatio

2239 4883 2514 4954 pravitatis
2565 4884 2738 4939 locum
2793 4881 3157 4952 subreptionis
3205 4882 3460 4937 inveniat.
3516 4879 3625 4934 Nos
3678 4880 3823 4935 enim

2239 4984 2460 5046 propter
2489 4974 2849 5044 prolixitatem
2900 4973 3060 5042 hujus
3088 4972 3330 5043 epistolae
3372 4970 3617 5027 ordinem
3650 4985 3828 5025 causa:

2238 5066 2409 5136 ipsius
2457 5066 2843 5122 declinavimus
2884 5065 3142 5120 indicare.
3197 5061 3332 5118 Nam
3379 5061 3428 5117 si
3477 5078 3602 5117 cum
3650 5062 3828 5116 studio

2239 5158 2550 5222 charitatis.
2598 5175 2717 5228 qua:
2740 5172 2770 5212 a
2802 5158 2954 5213 nobis
2984 5156 3315 5221 scribuntur,
3345 5170 3469 5211 cum
3496 5155 3695 5209 timore
3726 5154 3828 5208 Do-

2239 5252 2369 5306 mini
2399 5251 2627 5307 sollicite
2656 5250 3047 5323 vigilanterque
3078 5249 3354 5321 relegetis,
3386 5247 3547 5303 facile
3578 5246 3823 5303 sentietis

2238 5356 2496 5416 quantum
2526 5346 2596 5400 sit
2628 5345 3052 5415 periculum-pro
3083 5343 3367 5414 superﬂuis
3404 5342 3823 5414 questionibus,

2238 5447 2295 5494 et
2316 5438 2689 5494 bmreticorum
2736 5436 3048 5492 defensione
3076 5437 3472 5507 capitulorum,
3521 5432 3709 5489 tandiu
3757 5433 3823 5486 ab

2237 5530 2531 5587 universali
2550 5530 2784 5586 Ecclesia
2813 5530 3101 5600 segregari.

2308 5645 2483 5702 Nolite
2504 5660 2633 5715 ergo
2654 5659 2838 5700 amore
2856 5643 3151 5713 jactantize,
3174 5659 3293 5714 qua:
3314 5644 3587 5715 superbia:
3609 5658 3819 5713 semper

2239 5748 2323 5796 est
2346 5740 2591 5811 proxima
2609 5782 2622 5805 ,
2658 5737 2708 5791 in
2734 5735 3112 5791 obstinationis
3132 5737 3262 5791 vitio
3289 5751 3628 5806 permanere,
3655 5750 3819 5806 quan-

2240 5837 2311 5893 do
2338 5837 2390 5891 in
2424 5836 2510 5890 die
2536 5832 2720 5904 judicii
2748 5828 2931 5885 nullus
2958 5835 3205 5885 vestrum
3229 5843 3490 5887 excusare
3517 5844 3577 5886 se
3608 5830 3817 5894 valeat,

3740 304 3844 365 7η
3940 356 3947 363 .
