4076 6348
267 431 370 490 713

1466 422 1818 486 EPISTOLAE
1860 424 1951 480 ET
1990 426 2333 485 DECRETA.

3427 430 3535 485 7M

265 553 319 602 et
338 559 511 617 neque
546 542 865 602 Theodorus
905 542 1338 611 Mopsuesteuus,
1372 557 1544 614 neque
1586 544 1691 598 Iba:
1722 542 1840 613 epi-
1868 539 1999 598 Ain
2030 541 2268 597 Ecclesia
2300 554 2407 595 non
2435 546 2520 595 est
2551 553 2565 593 :
2592 538 2658 594 ad
2690 554 2912 611 regnum
2955 540 3243 611 pervenire
3267 556 3372 597 non
3404 555 3528 613 pot-

265 636 423 701 stola,
471 650 590 705 quae
617 635 684 689 ab
710 634 1035 689 adversariis
1060 644 1146 690 est
1193 635 1418 705 prolata,
1452 643 1577 690 ante
1609 634 1848 689 tribunal

267 731 399 787 tanti
442 728 637 801 judicis
678 730 828 784 vobis
856 728 1027 783 valeat
1058 730 1369 785 subvenire.
1422 730 1638 785 Doctori
1671 731 1851 799 itaque

264 830 500 902 gentium
532 842 814 898 pareamus
839 874 853 895 ,
884 830 972 897 qui
1006 830 1057 884 in
1089 828 1260 898 prima
1296 826 1364 881 ad
1392 826 1703 882 Corinthios
1727 825 1847 893 epi-

263 927 399 980 stola
432 924 561 979 dicit
588 942 600 976 :
636 922 981 978 /Emulamini
999 925 1315 979 charismata
1339 923 1579 987 meliora,
1612 930 1658 974 et
1680 920 1849 973 adhuc

264 1017 673 1073 excellentiorem
726 1018 859 1071 riam
917 1018 1050 1071 vobis
1105 1017 1395 1071 demonstro
1448 1013 1525 1085 (Ι
1558 1013 1677 1068 Cor.
1710 1013 1851 1081 xu).

265 1110 397 1177 Quae
428 1124 556 1180 ergo
600 1111 802 1179 majora
832 1108 974 1176 sint,
1006 1120 1053 1164 et
1100 1124 1131 1163 a
1155 1124 1214 1165 se
1263 1106 1679 1164 demonstranda
1725 1119 1851 1174 pro-

266 1204 465 1269 mittat,
497 1218 561 1257 ex
592 1202 757 1273 ipsius
779 1217 911 1258 voce
938 1204 1219 1258 audiamus
1250 1203 1508 1259 intentius
1538 1218 1550 1255 :
1579 1200 1639 1256 Si
1662 1199 1852 1270 linguis

268 1295 538 1349 hominum
581 1295 764 1365 loquar
784 1304 829 1348 et
859 1296 1176 1365 angelorum,
1208 1296 1510 1349 charitatem
1551 1303 1721 1348 autem
1748 1308 1852 1346 non

269 1387 501 1451 habeam,
549 1391 716 1457 factus
747 1403 859 1441 sunt
899 1389 1029 1442 sicut
1069 1405 1138 1443 ws
1177 1405 1400 1453 sonans,
1430 1396 1518 1441 aut
1564 1385 1854 1457 cymbalum

269 1482 516 1535 tiuuiens.
546 1479 616 1534 Et
641 1482 685 1535 si
712 1482 935 1536 habuero
956 1484 1299 1553 prophetiam,
1343 1492 1392 1536 et
1427 1483 1653 1536 noverim
1680 1482 1854 1535 omnia

266 1572 542 1643 mysteria,
575 1583 619 1626 et
646 1574 689 1626 si
711 1573 936 1627 habuero
978 1591 1176 1628 omnem
1226 1575 1413 1643 ﬁdem,
1464 1575 1539 1628 ita
1564 1584 1619 1628 ut
1658 1584 1854 1628 montes

269 1665 600 1735 transferant,
632 1673 678 1718 et
707 1666 750 1719 si
778 1666 1082 1720 distribuero
1112 1667 1166 1719 iu
1196 1667 1334 1719 cibos
1362 1684 1645 1738 pauperum
1678 1682 1852 1721 omnes

268 1758 544 1827 facultates
565 1776 720 1824 meas,
743 1768 789 1814 et
814 1761 857 1813 si
880 1761 1137 1814 tradidero
1160 1778 1345 1831 corpus
1368 1777 1534 1815 meum
1562 1770 1615 1814 ut
1644 1778 1703 1813 ar
1714 1762 1851 1826 deat,

268 1850 573 1904 charitatem
628 1859 796 1905 autem
850 1868 953 1906 non
1005 1852 1257 1922 habuero,
1310 1852 1440 1907 nihil
1480 1852 1604 1905 mihi
1654 1853 1858 1920 prodest

266 1939 441 2011 (Ibid.
478 1940 627 2012 XIII);
668 1954 723 1997 et
766 1944 956 1998 iterum
986 1962 999 1997 :
1026 1943 1217 2015 Fides,
1262 1962 1406 2015 spes,
1453 1945 1713 2012 charitas,
1756 1946 1855 1999 tria
1884 1923 1932 1982 Β

270 2036 413 2098 hwc,
448 2037 615 2105 major
656 2046 825 2087 autem
858 2036 937 2088 his
968 2036 1192 2090 charitas
1223 2034 1446 2108 (Ibid.).
1479 2036 1648 2103 Quam
1700 2038 1859 2107 igitur

269 2137 402 2181 ante
442 2125 723 2181 Dominum
774 2129 1018 2197 pcteritis
1061 2129 1260 2185 habere
1309 2129 1590 2197 fiduciam,
1646 2130 1858 2200 quando

271 2220 482 2274 nullum
512 2220 824 2275 scandalum
857 2224 1101 2293 generari
1130 2224 1279 2279 vobis
1300 2224 1369 2279 de
1394 2225 1517 2279 ﬁdei
1550 2234 1746 2280 nostra:
1778 2226 1858 2280 in-

270 2312 521 2381 tegritate
541 2323 857 2380 cernentes,
883 2315 1041 2369 tantis
1072 2315 1403 2386 temporibus
1435 2332 1530 2386 per
1554 2318 1857 2387 superfluas

270 2405 604 2475 quaeStiones
633 2405 700 2459 ab
732 2406 968 2461 Ecclesia
995 2407 1113 2472 Dei,
1140 2423 1258 2477 qua:
1287 2423 1387 2463 una
1410 2420 1513 2475 est,
1544 2418 1598 2464 et
1626 2425 1655 2462 a
1678 2408 1858 2465 frater-

268 2512 343 2551 na
374 2496 635 2551 charitate
665 2512 757 2552 vos
786 2497 953 2553 dividi
1010 2499 1236 2555 duratis.
1290 2500 1386 2555 Ubi
1415 2515 1644 2570 namque
1671 2502 1743 2556 sit
1770 2516 1859 2557 ec-

268 2588 438 2644 clesia
469 2592 785 2657 constituta,
821 2589 947 2647 licet
976 2592 1143 2661 ipsius
1172 2591 1382 2648 Domini
1422 2609 1553 2649 voce
1581 2595 1633 2649 in
1669 2604 1857 2651 sancto

272 2682 571 2752 Evangelio
591 2683 661 2737 sit
679 2695 946 2753 apertum,
970 2684 1097 2753 quid
1120 2696 1295 2741 tamen
1319 2685 1505 2741 beatus
1527 2686 1857 2757 Augustinus

268 2774 516 2844 ejusdem
559 2774 842 2831 dominica:
880 2793 1087 2833 memor
1126 2780 1409 2834 sententia:
1439 2779 1729 2849 definierit,
1763 2796 1856 2835 au-

269 2866 503 2921 diamus.
540 2867 594 2921 lu
620 2868 703 2922 bis
730 2884 979 2938 namque,
1003 2869 1098 2935 ait,
1130 2885 1249 2924 esse
1275 2869 1369 2925 Dei
1403 2871 1695 2926 Ecclesiam
1728 2886 1857 2927 con-

276 2962 556 3029 stitutam,
590 2961 682 3031 qui
713 2962 930 3017 sedibus
978 2961 1282 3031 apostolicis
1324 2976 1421 3032 per
1460 2966 1855 3020 successionem

272 3054 575 3124 praesulum
628 3056 916 3125 praesidere
961 3064 1273 3111 noscuntur.
1328 3055 1396 3110 Et
1443 3056 1745 3127 quicunque
1790 3057 1857 3112 ab

275 3146 593 3202 earumdem
641 3147 847 3204 sedium
879 3162 937 3203 se
984 3149 1364 3205 communione
1409 3150 1491 3205 vel
1538 3149 1859 3205 auctoritate

272 3238 639 3307 suspenderit,
671 3255 791 3295 esse
812 3242 866 3295 in
896 3240 1185 3297 schismate
1211 3241 1624 3298 demonstratur.
1652 3244 1716 3298 Et
1740 3252 1860 3312 post

273 3330 402 3385 alia.
437 3330 649 3387 Positus
680 3332 843 3399 foris,
882 3334 1092 3389 etiamsi
1123 3350 1219 3405 pro
1247 3335 1441 3391 Christi
1468 3337 1683 3392 nomine
1715 3352 1857 3392 mor-

274 3432 403 3478 tuus
432 3424 621 3489 fueris,
652 3424 790 3482 inter
814 3426 1054 3483 membra
1074 3427 1273 3485 Christi
1300 3427 1427 3503 [non
1446 3427 1859 3500 numeraberis].

277 3514 471 3571 Patere
495 3532 590 3585 pro
619 3516 850 3583 Christo,
887 3518 1097 3574 haerens
1122 3522 1373 3590 corpori,
1423 3537 1595 3593 pugna
1647 3538 1744 3592 pro
1774 3538 1861 3577 ca-

281 3606 418 3678 pite.
445 3608 546 3664 Sed
577 3619 631 3666 et
669 3610 855 3666 beatus
880 3609 1176 3681 Cyprianus
1203 3612 1446 3683 egregius
1472 3624 1676 3683 martyr
1709 3616 1760 3669 in
1793 3615 1861 3668 li-

282 3701 387 3758 bro
410 3719 567 3773 quem
594 3704 663 3759 de
695 3706 912 3761 unitatis
942 3706 1159 3761 nomine
1190 3707 1453 3772 titulavit,
1488 3707 1627 3762 inter
1657 3710 1759 3763 alia
1788 3711 1867 3764 sic

281 3795 415 3851 dicit
442 3814 455 3850 :
481 3796 768 3854 Exordium
794 3799 860 3855 ab
887 3801 1090 3856 unitate
1113 3801 1498 3870 proficiscitur;
1527 3809 1580 3855 et
1606 3802 1865 3869 primatus

284 3886 447 3944 Petro
468 3889 645 3959 datur,
677 3900 735 3945 ut
751 3906 856 3946 una
875 3892 1074 3948 Christi
1101 3894 1338 3949 Ecclesia
1361 3904 1416 3949 et
1436 3895 1690 3949 cathedra
1712 3910 1866 3950 mou-

286 3988 489 4038 stretur
514 3999 525 4034 :
552 3994 606 4039 et
634 3994 878 4053 pastores
902 3996 1027 4040 sunt
1065 4002 1275 4050 omnes,
1320 3988 1414 4043 sed
1455 4002 1583 4056 grex
1619 4002 1753 4041 unus
1783 4005 1869 4043 os-

288 4074 549 4143 tenditur,
574 4077 663 4148 qui
680 4078 746 4131 ab
770 4080 1030 4147 apostolis
1054 4080 1289 4135 unanimi
1312 4082 1669 4137 consensione
1697 4098 1871 4153 pasca-

288 4175 399 4225 tur.
428 4168 494 4225 Et
522 4180 640 4239 post
665 4186 869 4242 pauca:
896 4172 1043 4227 Hauc
1078 4173 1331 4229 Ecclesia:
1361 4175 1615 4230 unitatem
1642 4174 1730 4246 qui
1767 4193 1869 4231 nou

289 4266 469 4329 tenet,
499 4271 683 4320 tenere
714 4279 774 4321 se
803 4263 962 4321 fidem
993 4266 1206 4321 credit?
1237 4267 1333 4334 Qui
1364 4269 1672 4323 cathedram
1705 4270 1893 4337 Petri,.

291 4368 453 4426 super
478 4372 633 4425 quam
668 4358 909 4414 Ecclesia
930 4356 1151 4414 fundata
1173 4370 1280 4427 est,
1310 4360 1533 4425 deserit,
1567 4370 1620 4415 et
1649 4362 1871 4428 resistit,

294 4448 346 4501 in
378 4448 612 4503 Ecclesia
643 4464 700 4504 se
722 4465 841 4505 esse
865 4451 1114 4506 conﬁdit?
1146 4453 1277 4508 item
1309 4463 1428 4522 post
1456 4454 1554 4508 alia
1579 4470 1593 4507 :
1618 4453 1698 4509 Ad
1733 4456 1875 4522 pacis

294 4541 572 4609 praemium
607 4542 884 4611 pervenire
911 4558 1013 4597 nou
1048 4555 1289 4613 possunt,
1322 4546 1444 4615 quia
1484 4561 1667 4615 pacem
1694 4546 1874 4601 Domi-

291 4630 348 4685 ni
380 4630 663 4686 discordiae
692 4632 871 4689 furore
902 4646 1179 4704 ruperunt.

1953 634 2079 697 erit,
2108 633 2198 701 qui
2225 646 2340 686 eam
2374 646 2492 701 qua:
2542 638 2824 701 regnatura
2852 640 2935 686 est
2979 632 3276 704 dereliquit.
3321 635 3389 689 Et
3414 647 3533 705 post

1954 725 2056 779 alia
2084 742 2095 777 :
2121 724 2251 779 Cum
2280 724 2388 779 Deo
2418 739 2632 779 manere
2662 739 2765 777 non
2797 734 3043 792 possunt,
3075 726 3164 795 qui
3195 740 3314 781 esse
3346 727 3397 781 in
3424 728 3522 782 Ec-

1956 820 2116 873 clesia
2147 819 2241 874 Dei
2267 816 2591 873 unanimiter
2618 818 2928 881 noluerunt,
2960 818 3186 872 ardeant
3216 818 3341 873 licet
3372 817 3529 873 llam-

1956 915 2060 969 mis
2082 925 2135 969 et
2160 913 2369 984 ignibus
2399 912 2600 981 traditi,
2629 913 2714 965 vel
2742 912 2935 983 objecti
2969 912 3157 967 bestiis
3176 914 3384 967 animas
3406 928 3532 968 suas

1955 1015 2155 1076 ponant
2182 1024 2195 1059 :
2224 1022 2331 1061 non
2353 1007 2456 1061 erit
2478 1006 2567 1059 illa
2587 1005 2708 1061 ﬁdei
2731 1020 2954 1073 corona,
2978 1007 3071 1062 sed
3095 1021 3249 1075 paena
3268 1007 3536 1077 perﬁdiae;

1957 1116 2056 1157 nec
2082 1100 2348 1171 religiosae
2377 1100 2587 1156 virtutis
2615 1101 2789 1156 exitus
2819 1101 3083 1170 gloriosus
3102 1141 3117 1167 ,
3148 1101 3242 1155 sed
3272 1101 3530 1170 despera-

1958 1195 2120 1250 tionis
2150 1194 2396 1249 interitus
2422 1211 2433 1246 :
2459 1192 2630 1249 occidi
2659 1192 2777 1249 talis
2795 1202 2990 1262 potest,
3012 1192 3259 1248 coronari
3289 1208 3392 1248 non
3422 1204 3537 1262 pot-

1957 1298 2060 1346 est.

2033 1384 2161 1439 Item
2191 1382 2431 1454 ejusdem
2470 1400 2484 1436 :
2515 1384 2597 1437 An
2627 1396 2748 1438 esse
2770 1380 2869 1436 sibi
2900 1396 3021 1437 cum
3064 1381 3280 1437 Christo
3309 1380 3541 1450 videtur,

1959 1476 2050 1546 qui
2080 1475 2340 1529 adversus
2364 1473 2670 1529 sacerdotes
2691 1472 2894 1528 Christi
2941 1473 3099 1529 facit?
3127 1476 3217 1544 qui
3245 1488 3305 1529 se
3351 1489 3379 1527 a
3406 1473 3541 1529 cleri

1961 1570 2077 1642 ejus
2120 1579 2174 1626 et
2205 1572 2372 1640 plebis
2416 1572 2672 1627 societate
2714 1573 2983 1627 secernit?
3028 1572 3189 1627 Arma
3238 1572 3327 1627 ille
3354 1580 3539 1627 contra

1963 1663 2129 1717 Deum
2177 1672 2385 1732 portat,
2418 1672 2601 1717 contra
2636 1662 2727 1716 Dci
2777 1663 3184 1733 dispositionem
3234 1675 3537 1735 repugnat:

1963 1756 2135 1811 hostis
2163 1757 2349 1813 altaris
2396 1757 2653 1811 adversus
2694 1757 3012 1811 sacriﬁcium
3044 1757 3245 1813 Christi
3294 1757 3539 1825 rebellis,

1965 1867 2062 1920 pro
2094 1851 2199 1906 ﬁde
2245 1850 2508 1920 perﬁdus,
2561 1866 2657 1919 pro
2711 1851 2971 1920 religione
3005 1850 3329 1920 sacrilegus,
3380 1850 3536 1904 inob-

1961 1958 2190 2012 sequens
2236 1957 2448 2010 servus,
2481 1940 2622 1997 ﬁlius
2654 1943 2870 2011 impius,
2915 1941 3079 1997 frater
3105 1943 3371 2009 inimicus,
3402 1958 3537 1997 con-

1963 2036 2178 2105 templis
2200 2037 2465 2105 episcopis
2494 2046 2547 2090 et
2574 2037 2667 2090 Dei
2697 2035 3068 2093 sacerdotibus
3088 2037 3379 2103 derelictis,
3410 2052 3541 2093 con-

1959 2130 2182 2184 stituere
2214 2128 2374 2183 audet
2415 2127 2559 2183 aliud
2600 2128 2787 2183 altare.
2822 2128 2950 2183 Item
2978 2128 3131 2197 cujus
3156 2144 3315 2198 supra
3344 2146 3357 2184 :
3383 2128 3543 2197 Pejus

1960 2221 2271 2276 schismatis
2299 2223 2498 2277 crimen
2537 2229 2654 2287 est,
2687 2236 2843 2291 quam
2877 2222 3019 2290 quod
3056 2221 3107 2275 hi
3150 2220 3240 2291 qui
3270 2221 3539 2276 sacriﬁca-

1959 2322 2172 2380 verunt,
2203 2312 2296 2383 qui
2337 2322 2514 2368 tamcn
2558 2314 2610 2368 in
2650 2312 2965 2383 pmnitentia
2992 2312 3233 2368 criminis
3262 2312 3541 2367 constituti

1963 2408 2251 2464 Dominum
2270 2408 2435 2478 plebis
2451 2407 2907 2463 satisfactiouibus
2928 2408 3304 2477 deprecantur.
3331 2406 3425 2461 llic
3439 2407 3541 2461 Ec-

1960 2500 2122 2555 clesia
2152 2502 2409 2570 quwrilur
2434 2510 2489 2554 et
2520 2487 2759 2569 rogatur,
2782 2500 2890 2554 illic
2912 2499 3165 2555 Ecclesiae
3186 2507 3537 2569 repugnatur.

1960 2594 2058 2649 Hic
2080 2604 2254 2665 potest
2275 2598 2569 2651 necessitas
2588 2594 2783 2658 fuisse,
2819 2593 2928 2648 illic
2955 2595 3199 2647 voluntas
3242 2601 3453 2648 tenetur
3484 2592 3538 2647 in

1959 2689 2179 2743 scelere.
2211 2688 2307 2742 Hic
2321 2689 2605 2759 quilapsus
2619 2686 2835 2752 est,sibi
2854 2694 3056 2740 tantum
3075 2686 3275 2752 nocuit,
3318 2685 3427 2740 illic
3450 2686 3543 2755 qui

1961 2780 2210 2835 haeresim
2236 2782 2318 2835 vel
2349 2781 2586 2835 schisuia
2624 2779 2799 2834 facere
2831 2788 3076 2843 conatur,
3117 2778 3315 2833 inultos
3352 2792 3537 2833 secum

1962 2872 2222 2929 trahendo
2253 2872 2479 2942 decepit.
2519 2872 2612 2926 Hic
2637 2872 2829 2926 animae
2851 2870 3009 2925 unius
3032 2877 3116 2925 est
3132 2869 3409 2933 damnum,
3432 2867 3541 2923 illic

1960 2968 2253 3037 periculum
2268 2967 2638 3036 plurimorum.
2658 2952 2820 3019 Certe
2836 2979 2893 3019 se
2908 2978 3159 3033 peccasse
3173 2963 3257 3018 hic
3289 2962 3541 3033 intelligit

1960 3068 2011 3114 et
2031 3060 2253 3131 plangit,
2274 3057 2366 3112 ille
2379 3054 2652 3111 tumensin
2678 3066 2896 3124 peccato
2910 3071 3029 3118 suo,
3053 3063 3107 3110 et
3128 3056 3256 3124 ipsis
3278 3054 3385 3110 sibi
3406 3054 3546 3108 deli-

1963 3153 2064 3206 ctis
2084 3152 2319 3221 placens,
2341 3165 2370 3203 a
2392 3160 2560 3204 matre
2578 3148 2719 3203 ﬁlios
2736 3159 3000 3218 segregat,
3019 3161 3191 3202 ovesa
3210 3154 3423 3217 pastore
3435 3146 3547 3202 sol-

1964 3245 2153 3309 licitat,
2177 3244 2271 3299 Dei
2300 3250 2632 3298 sacramenta
2655 3240 2940 3307 disturbat,
2972 3250 3026 3296 et
3072 3254 3193 3295 cum
3242 3239 3425 3309 lapsus
3450 3253 3546 3295 se-

1969 3340 2075 3395 mel
2106 3338 2429 3410 peccaverit,
2482 3336 2569 3390 ille
2598 3334 2834 3405 quotidie
2884 3341 3087 3405 peccat.
3136 3334 3417 3388 Postremo
3464 3334 3546 3386 la-

1967 3448 2097 3503 psus
2118 3431 2431 3500 martyrium
2463 3428 2804 3499 postmodum
2835 3434 3155 3483 consecutus
3177 3433 3355 3495 potest
3396 3424 3548 3493 regni

1968 3524 2231 3596 promissa
2287 3521 2558 3592 percipere
2592 3536 2607 3572 :
2636 3520 2727 3574 ille
2757 3518 2802 3573 si
2850 3525 3001 3573 extra
3051 3517 3345 3571 Ecclesiam
3392 3514 3549 3570 fuerit

1969 3622 2201 3684 occisus,
2235 3616 2301 3671 ad
2335 3615 2594 3671 Ecclesia:
2621 3628 2725 3668 non
2774 3620 2948 3683 potest
2975 3610 3192 3680 praemia
3245 3609 3545 3680 pervenire.

2044 3714 2177 3768 ltem
2209 3712 2296 3782 qui
2323 3726 2481 3780 supra
2512 3726 2524 3762 :
2552 3709 2707 3776 Quod
2736 3709 2783 3763 si
2816 3710 2867 3762 in
2893 3706 3183 3776 Scripturis
3209 3705 3409 3760 sanctis
3438 3703 3549 3760 fre-

1972 3814 2198 3875 quenter
2246 3815 2300 3858 et
2330 3804 2526 3873 ubique
2566 3801 2848 3871 disciplina
2894 3800 3222 3870 praecipitur,
3262 3807 3315 3853 et
3361 3795 3554 3851 funda-

1972 3904 2211 3952 mentum
2234 3893 2507 3963 religionis
2530 3908 2558 3945 a
2582 3891 2705 3947 ﬁdei
2726 3888 3101 3946 observatione
3122 3902 3185 3943 ac
3208 3889 3397 3943 timore
3429 3902 3553 3956 pro-

1975 3993 2254 4057 ﬁciscitur,
2303 3991 2430 4062 quid
2460 3991 2705 4061 cupidius
2750 3998 3027 4061 appetere,
3060 3986 3185 4057 quid
3213 3983 3381 4055 magis
3412 3982 3554 4038 velle

1976 4102 2039 4142 ac
2070 4095 2251 4141 tenere
2279 4100 2378 4140 nos
2406 4084 2698 4150 convenit,
2754 4097 2914 4153 quam
2941 4090 2998 4135 ut
3046 4079 3316 4136 radicibus
3363 4074 3555 4131 fortius

1979 4179 2124 4246 ﬁxis,
2160 4188 2211 4233 et
2239 4176 2535 4233 domiciliis
2563 4176 2759 4232 nostris
2781 4189 2943 4244 super
2967 4182 3131 4244 petra:
3152 4172 3386 4227 robustae
3415 4169 3559 4225 mole

1986 4272 2256 4338 solidatis,
2286 4270 2596 4326 inconcussi
2629 4270 2696 4324 ad
2726 4268 2986 4339 procellas
3016 4281 3079 4321 ac
3109 4266 3346 4321 turbines
3376 4263 3559 4319 δεουΙὶ

1980 4374 2207 4430 stemus,
2261 4371 2319 4418 ut
2345 4363 2411 4417 ad
2444 4363 2536 4418 Dei
2569 4376 2790 4418 munera
2819 4375 2913 4431 per
2940 4357 3118 4414 divina
3164 4368 3427 4428 praecepta
3465 4371 3558 4411 ve-

1979 4456 2093 4511 nire
2117 4454 2419 4524 possimus?

2054 4549 2122 4603 Et
2163 4548 2286 4603 ideo
2318 4548 2594 4604 hortamur
2621 4546 2969 4602 dilectionem
3007 4551 3237 4599 vestram
3259 4581 3277 4607 ,
3319 4550 3372 4595 et
3401 4539 3559 4594 obse-

1984 4656 2220 4709 cramus,
2254 4650 2306 4694 ut
2340 4649 2446 4694 tam
2491 4639 2743 4694 terribilia
2776 4638 2991 4691 Patrum
3022 4634 3323 4690 testimonia
3352 4646 3558 4703 cogno-

367 4724 496 4780 ltem
519 4741 587 4781 ex
614 4727 802 4781 eodem
830 4728 967 4783 libro
996 4729 1073 4783 sic
1120 4730 1191 4783 ait
1228 4747 1239 4783 :
1272 4730 1351 4785 Ad
1385 4732 1708 4789 sacriﬁcium
1752 4749 1872 4790 cum
1900 4707 1957 4771 Ῑ)
1981 4707 2234 4799 scentes,
2267 4732 2416 4786 nullo
2446 4730 2609 4785 modo
2642 4727 2915 4797 patiamini
2946 4726 3169 4780 ulterius
3213 4726 3265 4779 in
3298 4723 3564 4780 divisione

295 4815 625 4875 dissentione
645 4821 924 4875 venientes
949 4830 1164 4876 revocat
1188 4822 1256 4877 ab
1280 4823 1455 4890 altari,
1483 4835 1537 4880 et
1557 4827 1705 4895 jubet
1731 4829 1875 4895 prius

296 4910 624 4966 concordare
668 4926 787 4966 cum
834 4912 1031 4978 fratre,
1089 4925 1213 4969 tunc
1254 4931 1374 4970 cum
1419 4933 1549 4986 pace
1591 4919 1877 4974 redeuntes

297 5000 524 5056 Domino
551 5018 741 5057 munus
773 5003 966 5059 offerre
996 5004 1210 5075 (Matth.
1243 5006 1331 5077 v);
1361 5010 1485 5077 quia
1518 5006 1615 5065 u'cc
1645 5010 1709 5063 ad
1738 5012 1875 5065 Cain

298 5106 518 5148 munera
543 5093 772 5165 respexit
793 5095 933 5150 Deus
954 5094 1165 5167 (Cenes.
1190 5100 1288 5161 tv);
1316 5113 1486 5167 neque
1509 5100 1649 5153 enim
1676 5100 1876 5156 habere

299 5182 581 5240 Dominum
627 5194 871 5256 pacatum
906 5196 1143 5257 poterat,
1175 5188 1265 5258 qui
1313 5202 1433 5243 cum
1485 5190 1649 5245 fratre
1691 5207 1873 5261 pacem

298 5295 398 5350 per
427 5283 527 5337 zeli
564 5281 884 5336 discordiam
928 5296 1034 5335 non
1068 5281 1316 5337 habebat.
1366 5282 1535 5349 Quam
1584 5286 1683 5339 sibi
1719 5288 1877 5357 igitur

300 5392 486 5447 pacem
530 5374 845 5444 promittunt
884 5372 1087 5429 inimici
1133 5374 1399 5429 fratrum?
1448 5378 1577 5444 Qua:
1618 5380 1877 5436 sacriﬁcia

301 5470 576 5526 celebrare
605 5482 663 5523 se
692 5467 917 5521 credunt
937 5465 1117 5522 aemuli
1136 5468 1510 5525 sacerdotum?
1543 5473 1737 5526 Secum
1761 5490 1881 5529 esse

302 5563 575 5620 Christum
617 5576 737 5615 cum
771 5560 980 5617 collecti
1016 5560 1211 5615 fuerint
1241 5561 1547 5629 Opinantur,
1583 5565 1631 5618 hi
1665 5567 1751 5635 qui
1783 5582 1882 5622 ex-

303 5664 386 5712 tra
418 5652 714 5710 Ecclesiam
744 5652 1101 5722 colliguntur?
1150 5654 1307 5707 Tales
1339 5655 1499 5709 etiam
1543 5659 1589 5712 si
1634 5662 1798 5714 occisi
1834 5661 1883 5714 iu

303 5749 646 5809 confessione
671 5746 899 5801 nominis
928 5746 1150 5812 fuerint,
1185 5748 1388 5802 macula
1415 5750 1514 5803 ista
1548 5766 1645 5806 nec
1673 5754 1885 5822 sangui-

302 5858 374 5899 ne
404 5842 661 5896 abluitur.
696 5838 1040 5907 lnexpiabilis
1081 5846 1137 5893 et
1176 5842 1355 5910 gravis
1405 5844 1555 5912 culpa
1605 5846 1888 5902 discordia:

302 5950 404 5991 nec
438 5934 685 6004 passione
717 5940 990 6001 purgatur.
1026 5933 1156 5986 Esse
1190 5947 1392 6007 martyr
1421 5952 1525 5991 non
1557 5949 1754 6008 potest,
1786 5942 1877 6011 qui

628 6052 899 6115 PATROL.
946 6052 1207 6115 LXXII.

1982 4824 2238 4880 Ecclesiae
2262 4824 2578 4892 persistere;
2607 4820 2701 4875 sed
2728 4820 2780 4874 iu
2806 4820 3015 4873 viscera
3043 4825 3242 4871 sancta:
3269 4816 3455 4871 matris
3475 4830 3565 4869 ca-

1984 4918 2195 4972 tholicae
2217 4926 2375 4985 atque
2420 4915 2727 4985 apostolicae
2780 4913 2989 4984 regredi
3024 4922 3133 4967 tota
3163 4912 3359 4967 mentis
3391 4911 3565 4965 inten-

1982 5011 2125 5064 tione
2166 5008 2396 5065 celerate
2425 5006 2767 5080 [ecceleratc]
2796 5025 2807 5059 :
2833 5016 2891 5061 ut
2928 5005 3153 5061 radicati
3206 5007 3259 5060 in
3303 5004 3560 5058 charitate

1984 5099 2199 5156 unitatis
2228 5109 2385 5169 atque
2419 5098 2621 5153 fundati
2659 5097 2842 5153 dicere
2881 5112 3219 5153 mereamur:
3248 5094 3377 5149 Ecce
3410 5110 3563 5163 quam

1986 5196 2174 5249 bonum
2215 5204 2263 5248 et
2289 5210 2443 5263 quam
2462 5192 2786 5266 jucundum,
2842 5192 3071 5247 habitare
3114 5192 3299 5259 fratres
3326 5189 3381 5243 in
3411 5204 3571 5242 unum

1989 5287 2178 5358 (Psal.
2209 5301 2399 5341 cum
2418 5285 2462 5356 );
2488 5288 2751 5340 veraciter
2770 5286 3167 5339 exclamantes:
3198 5280 3471 5350 Repletum
3498 5290 3570 5333 est

1987 5383 2177 5452 gaudio
2208 5396 2263 5434 os
2294 5389 2542 5445 nostrum,
2570 5387 2617 5433 et
2646 5379 2824 5450 lingua
2853 5387 3029 5431 nostra
3054 5374 3367 5429 exultatione
3396 5372 3567 5443 (Psal.

1992 5475 2174 5547 cxxv).
2204 5474 2409 5541 Quibus
2436 5474 2685 5533 breviore
2713 5472 2929 5541 quidem
2957 5471 3098 5541 stylo
3117 5512 3132 5538 ,
3163 5468 3456 5523 abundanti
3486 5476 3568 5525 ta.-

1993 5585 2115 5625 meu
2147 5569 2409 5623 charitate
2438 5565 2712 5635 responsis
2734 5603 2750 5630 ,
2794 5573 2845 5618 et
2875 5562 2943 5617 de
2970 5559 3329 5615 fraternitatis
3376 5569 3571 5613 vesua:

1994 5664 2293 5730 mentibus,
2326 5671 2379 5717 et
2399 5662 2467 5717 de
2490 5660 2684 5715 divinae
2713 5655 3094 5712 misericordiae
3122 5655 3319 5708 virtute
3341 5651 3565 5709 confidi-

1994 5772 2134 5826 mus,
2168 5770 2262 5811 vos
2282 5763 2483 5811 sanctae
2504 5754 2661 5807 citius
2690 5748 2971 5805 reformari
2997 5748 3361 5803 indubitanter
3385 5746 3573 5802 Eccle-

1995 5851 2111 5905 sia:.
2142 5849 2198 5904 Si
2231 5860 2406 5903 tamen
2448 5862 2542 5916 pro
2573 5844 2771 5899 nosu'is
2798 5843 2972 5898 adhuc
3003 5842 3212 5898 delictis
3237 5842 3434 5911 aliquid
3470 5842 3573 5893 ini—

1997 5942 2169 5997 micus
2199 5942 2497 5994 animarum
2525 5937 2675 5992 vobis
2696 5936 3075 5992 obstinationis
3107 5934 3269 6006 (quod
3293 5936 3455 6002 absit)
3484 5944 3573 5986 ςιυι

3163 6051 3241 6111 23
