4076 6348
589 397 692 468 iis

1908 396 2181 463 PELAGlt
2218 399 2423 461 PM‘AS
2459 398 2505 459 ll

3762 403 3882 461 716

588 523 878 581 dubietati‘s
922 520 1183 593 intulerit,
1215 521 1507 580 secundum
1536 520 1676 593 quod
1707 521 2050 577 interlocutio
2077 534 2176 576 no-
2198 519 2256 584 Δ
2279 520 2438 591 longo
2466 518 2744 576 divisionis
2783 530 2884 577 usu
2912 528 3113 592 quanto
3140 526 3340 577 mentis
3379 519 3581 593 tum
3611 522 3882 580 filia-rii-

586 624 696 672 stra
720 626 994 687 gestorum
1025 616 1162 684 apud
1190 631 1287 671 nos
1316 614 1617 670 habitorum
1642 626 1896 683 suprema
1924 614 2169 683 comple-

584 709 768 772 ctitur,
794 717 847 761 et
874 708 1011 763 sicut
1054 707 1511 762 excellentissimo
1558 705 1779 760 domino
1807 706 1919 761 lilio
1973 716 2161 761 nostro

584 800 881 869 Smaragdo
911 798 1143 855 exarcho
1173 800 1336 853 Italiae
1362 800 1665 868 supplicare
1704 800 2031 865 curavimus,
2080 802 2165 854 ln-

582 900 815 946 structas
840 892 939 947 huc
969 893 1033 945 ad
1058 905 1157 947 nos
1181 907 1459 961 personas,
1491 892 1683 962 quibus
1707 892 1915 947 facilius
1940 892 2164 946 redden-

584 983 651 1039 da
680 985 1088 1053 recipiendoque
1116 987 1183 1039 sit
1205 984 1362 1049 ratio,
1394 985 1609 1039 mittere
1636 984 1905 1049 festinate,
1934 992 1994 1038 ut
2022 985 2165 1037 nulla

583 1075 834 1144 deinceps
862 1088 1153 1129 consensus
1181 1076 1343 1130 vestri
1368 1075 1616 1131 dubietas
1643 1076 1903 1143 supersit,
1929 1085 2020 1129 aut
2059 1086 2165 1129 tar-

579 1168 739 1230 ditas,
779 1168 825 1220 si
867 1168 946 1222 eis
993 1166 1293 1222 satisfactio
1343 1167 1498 1235 plena
1542 1168 1817 1222 reddatur.
1863 1167 1958 1222 Vel
1991 1168 2036 1221 si
2068 1176 2164 1237 pro

579 1262 963 1330 longinquitate
990 1262 1251 1327 locorum,
1278 1262 1363 1315 vel
1391 1270 1688 1329 temporum
1720 1262 1977 1331 qualitate
2005 1276 2164 1329 pave-

576 1357 747 1423 scitis,
794 1356 902 1411 illic
952 1356 1223 1412 Ravennae
1256 1355 1347 1411 flat
1392 1357 1737 1425 congregatio
1785 1355 2161 1420 sacerdotum,

576 1462 682 1517 quo
714 1464 813 1503 nos
841 1451 1003 1505 etiam
1034 1450 1124 1519 qui
1175 1449 1297 1503 loco
1329 1458 1513 1503 nostro
1556 1447 1828 1509 intersint,
1885 1444 2162 1501 divinitate

573 1541 822 1611 propitia,
855 1542 1167 1610 dirigemus,
1201 1557 1231 1594 a
1263 1542 1455 1609 quibus
1483 1539 1914 1595 satisfactionem
1948 1540 2160 1609 plenis-

578 1632 770 1685 simam
798 1632 1050 1700 capiatis;
1084 1646 1151 1686 ne
1181 1631 1410 1701 amplius
1439 1631 1635 1685 animm
1663 1630 1942 1699 simplices
1975 1630 2160 1683 divisa:

571 1736 603 1775 a
632 1730 813 1776 sancta
860 1719 1099 1776 Ecclesia
1150 1736 1248 1792 pro
1287 1721 1570 1789 superfluis
1618 1720 2002 1789 quaestionibus
2044 1729 2155 1774 tam

573 1812 739 1883 longa
787 1815 1149 1869 obstinatione
1197 1824 1541 1880 remaneant,
1593 1827 1693 1869 nec
1736 1828 1830 1882 per
1852 1828 1971 1881 vos,
2024 1828 2158 1883 quos

2272 621 2353 668 tas
2398 622 2574 669 vestra
2622 613 2921 683 torpuerit,
2953 626 3072 684 qua:
3112 626 3214 668 nec
3256 613 3511 669 eonfricts
3552 613 3874 671 recalescit.

2269 705 2407 773 Quid
2455 706 2613 775 igitur
2643 705 2782 759 inter
2811 705 2927 759 haec
2973 702 3194 766 faciam,
3225 705 3324 759 nisi
3366 714 3423 759 ut
3469 720 3568 775 pro
3605 706 3762 761 vobis
3807 706 3879 762 ad

2271 796 2532 867 lacrymas
2560 797 2772 851 vertar‘!
2799 796 2934 863 Quia
2963 797 3105 851 enim
3137 796 3221 852 leo
3248 796 3463 866 rugiens
3490 797 3694 852 circuit
3717 814 3877 867 qua-

2268 902 2395 943 rens
2435 904 2592 959 quem
2635 888 2862 945 devoret
2903 886 2961 961 (l
2988 888 3129 945 Petr.
3159 890 3235 960 v),
3261 891 3379 944 scio
3422 898 3476 945 et
3519 904 3617 945 vos
3661 898 3880 947 stantes

2268 990 2416 1033 extra
2444 981 2624 1035 caulas
2664 980 2847 1036 ovium
2885 979 3285 1055 [devorandos].
3332 982 3446 1037 Non
3484 981 3727 1051 demptis
3759 984 3881 1038 fru-

2267 1074 2440 1128 ctibus
2468 1074 2713 1143 palmites
2753 1076 2993 1140 attendo,
3025 1076 3121 1131 sed
3150 1077 3422 1132 abscissos
3448 1094 3475 1130 a
3508 1077 3701 1133 radice
3747 1079 3878 1134 vitis

2266 1167 2497 1233 aspicio.
2528 1168 2591 1222 Et
2622 1169 2878 1223 sudantes
2910 1183 3004 1223 vos
3044 1170 3323 1238 operarios
3352 1185 3530 1235 cerno,
3558 1170 3658 1227 sed
3688 1182 3874 1226 tamen

2267 1256 2512 1313 laborare
2533 1268 2685 1314 extra
2708 1260 2919 1315 vineam
2943 1276 3050 1314 non
3077 1264 3284 1330 ignoro.
3310 1261 3445 1316 Ecce
3470 1272 3705 1332 urgente
3735 1262 3873 1330 ﬁne,

2264 1360 2457 1406 cuncta
2487 1362 2783 1419 vastantur,
2814 1354 2881 1406 ad
2910 1352 3251 1408 solitudinem
3282 1362 3422 1409 terra
3459 1353 3753 1422 redigitur,
3784 1364 3872 1410 at-

2264 1459 2369 1513 que
2390 1448 2473 1512 (ut
2495 1448 2563 1500 ita
2586 1446 2837 1514 dixerint)
2860 1449 3095 1517 procella
3116 1448 3299 1503 diluvii
3325 1449 3580 1503 mundum
3606 1451 3865 1519 subruit,

2263 1544 2316 1589 et
2345 1546 2517 1590 vestra
2570 1536 2880 1592 fraternitas
2926 1553 3105 1592 arcam
3149 1537 3300 1608 fugit.
3332 1540 3465 1593 Cum
3510 1540 3751 1595 Jeremia
3783 1544 3865 1598 di-

2262 1641 2378 1679 cam
2408 1645 2418 1678 :
2455 1627 2580 1693 Quis
2610 1628 2750 1682 dabit
2781 1629 2938 1699 capiti
2969 1646 3077 1683 meo
3102 1646 3290 1700 aquam
3319 1642 3365 1684 et
3390 1632 3554 1685 oculis
3582 1635 3713 1687 meis
3747 1636 3866 1705 fon-

2262 1727 2361 1773 tem
2385 1723 2730 1790 lacrgmsrum
2758 1719 2892 1789 (Jer.
2918 1721 2997 1792 Ix)
3020 1740 3030 1774 :
3063 1732 3116 1777 et
3135 1737 3344 1777 rursum
3372 1740 3385 1776 :
3422 1722 3699 1778 Deducam
3722 1729 3863 1781 oculi

2260 1812 2418 1864 nostri
2463 1813 2745 1880 (amyntas,
2789 1823 2837 1865 et
2882 1812 3141 1883 palpebris
3191 1824 3377 1869 nostra
3424 1818 3662 1886 deﬂuant
3711 1822 3860 1886 aquis

574 1906 829 1961 dominici
860 1908 1038 1975 gregis
1086 1906 1241 1961 decet
1286 1920 1405 1961 esse
1440 1914 1707 1973 pastores,
1759 1919 1887 1959 oves
1928 1920 1958 1959 a
1989 1906 2155 1975 Septis
2184 1898 2233 1963 B
2262 1903 2481 1977 (lbid.);
2519 1905 2691 1959 dicam
2730 1919 2851 1959 cum
2895 1905 2986 1960 illo
3029 1907 3219 1961 iterum
3252 1924 3267 1960 :
3299 1906 3527 1962 Ptorabo
3564 1921 3617 1963 et
3650 1913 3861 1981 requie-

568 2003 978 2059 ecclesiastiscis
1020 2012 1308 2075 evagantes
1345 2004 1557 2073 rapacis
1598 2002 1707 2072 lupi
1749 2000 1998 2057 dentibus
2020 2015 2153 2055 con-

566 2104 865 2154 sumantur.

953 2208 1283 2267 EPlSTOLA
1320 2210 1361 2266 v
1398 2209 1567 2287 [Olim
1601 2208 1769 2285 vn],

654 2362 775 2412 QUI!
802 2362 899 2403 381‘
927 2361 1125 2403 TERTIA
1150 2362 1220 2403 AD
1250 2360 1413 2402 sua
1445 2362 1511 2401 Ετ
1542 2360 1817 2401 EPISCOPOS
1850 2360 2059 2401 ISTRIE.

565 2482 738 2554 Hujus
769 2483 991 2553 episton
1018 2484 1259 2554 meminit
1276 2484 1451 2536 beatus
1483 2480 1764 2554 Gregorius
1792 2483 1879 2537 lib.
1907 2496 1943 2537 ll
1960 2523 1975 2548 ,
2000 2483 2147 2553 epist.

634 2551 725 2623 3_6,
758 2551 825 2605 ad
864 2555 1125 2623 episcopos
1166 2552 1450 2623 Hiberum,
1479 2569 1634 2621 quam
1676 2553 1865 2607 librum
1896 2551 2148 2622 appellat.

632 2621 769 2677 Eam
793 2625 855 2677 ab
883 2621 1058 2678 eodem
1084 2623 1227 2676 beato
1250 2622 1662 2694 Gregorio,_cum
1684 2624 1857 2678 adhuc
1883 2633 2007 2680 esset
2038 2626 2152 2679 dia-

635 2710 815 2765 conus,
840 2695 1080 2765 scriptam
1094 2695 1261 2765 fuisse
1288 2691 1489 2747 nomine
1514 2691 1712 2765 Pelagii
1740 2713 1909 2762 papaz,
1935 2705 2151 2751 testatur

634 2762 834 2817 Paulus
883 2762 1242 2839 warncfridus
1283 2764 1371 2819 lib.
1402 2776 1459 2819 ut
1489 2767 1550 2819 de
1582 2762 1748 2821 Gestis
1776 2766 2148 2839 Langobardo-

633 2850 779 2900 rum,
803 2851 916 2906 cap.
946 2835 1031 2901 10,
1062 2836 1137 2889 al.
1167 2834 1260 2892 20.

633 2946 1005 3003 Dilectissimis
1055 2946 1332 3013 fratribus,
1377 2946 1536 3016 Elite,
1591 2948 1674 3005 vel
1720 2950 1987 3005 universis
2031 2951 2147 3019 epi—

560 3042 737 3110 sc0pis
766 3042 819 3097 in
863 3038 1031 3098 lstrlte
1078 3041 1317 3112 partibus
1364 3042 1695 3108 constitutis,
1726 3042 1977 3115 Pelagius
2028 3045 2148 3113 epi-

558 3149 771 3206 sc0pus.

630 3226 671 3281 ι.
704 3226 969 3282 Virtutum
1003 3235 1176 3283 mater
1220 3228 1455 3285 charitas
1486 3226 1541 3302 (ι
1573 3228 1694 3284 Cor.
1720 3228 1864 3299 xui),
1896 3242 2014 3300 quas
2042 3227 2148 3283 Re-

559 3319 853 3389 demptoris
878 3322 958 3374 s’ui
990 3318 1155 3376 lucris
1184 3324 1449 3387 serviens,
1479 3334 1601 3391 quas
1629 3334 1901 3394 nunquam
1928 3334 1991 3378 ea
2024 3336 2145 3393 qua

554 3422 653 3466 sua
680 3417 803 3465 sunt
828 3410 1046 3481 quaerit,
1074 3411 1342 3467 desiderio
1368 3413 1641 3469 anhelanti
1669 3428 1760 3470 me
1787 3413 2000 3484 impulit
2044 3414 2145 3468 du-

556 3502 684 3556 dum
736 3500 1062 3557 ft-aternitati
1124 3510 1323 3558 vestra:
1382 3506 1534 3572 plena
1593 3503 1887 3560 dulcedinis
1943 3506 2143 3575 scripta

558 3597 920 3651 transmittere
940 3636 955 3661 ,
985 3611 1105 3665 qua:
1134 3596 1400 3666 disiuncta
1430 3598 1520 3653 diu
1561 3600 1769 3667 possint
1794 3614 1891 3654 suo
1932 3598 2143 3668 corpori

554 3686 755 3744 Christi
775 3690 1013 3745 membra
1034 3689 1264 3747 sociare.
1287 3692 1342 3745 In
1366 3692 1557 3759 quibus
1578 3692 1696 3763 plus
1718 3693 1962 3763 precibus
1982 3708 2140 3764 quam

556 3780 772 3835 monitis
799 3780 1043 3850 loquens,
1070 3779 1261 3838 aﬂectu
1288 3798 1395 3853 quo
1420 3784 1594 3851 valui,
1623 3786 1894 3841 exhortari
1922 3788 2139 3856 curavi,

555 3878 615 3925 ut
652 3886 786 3940 quos
832 3884 997 3941 aptos.
1032 3870 1379 3929 discutienda:
1426 3876 1620 3931 rationi
1668 3878 2001 3946 prasviderit,
2034 3878 2142 3934 huc

556 3960 784 4017 Dilectio
823 3973 1003 4019 vestra
1054 3967 1337 4036 dirigeret,
1381 3977 1641 4039 quatenus
1687 3971 1742 4025 in
1788 3972 1951 4026 trium
1996 3974 2139 4042 capi-

554 4051 787 4107 tulorum
847 4055 1097 4125 negotio,
1140 4059 1223 4113 vel
1278 4073 1503 4129 quaeque
1550 4068 1731 4129 aperta
1784 4072 1907 4116 sunt
1943 4076 2142 4133 cogno-

552 4155 767 4198 scerent
786 4184 803 4210 ,
826 4145 911 4200 vel
944 4158 1168 4216 quasque
1197 4148 1380 4204 forsan
1409 4150 1637 4207 obscura
1667 4152 1992 4221 viderentur,
2024 4154 2140 4209 haec

556 4234 634 4287 eis
658 4234 878 4289 collatio
902 4240 1135 4304 paciltcte
1161 4240 1475 4296 intentionis
1503 4244 1779 4310 aperiret:
1812 4246 2026 4302 tandem
2058 4248 2140 4303 Di-

553 4326 801 4382 lectionis
848 4340 1041 4384 vestra
1081 4332 1277 4400 scripta
1326 4336 1572 4404 suscepi,
1604 4351 1723 4405 qua:
1756 4350 1861 4392 non
1909 4340 2136 4395 rationis

549 4435 740 4476 causas
778 4430 1111 4492 quaererent,
1153 4426 1247 4480 sed
1300 4426 1590 4483 deliberata
1637 4430 1778 4495 apud
1820 4445 1916 4486 vos
1950 4433 2135 4502 judicii

548 4515 812 4571 sententia
858 4516 1203 4586 imperarent.
1246 4518 1360 4575 Hoc
1400 4533 1578 4577 autem
1618 4522 1760 4592 quod
1805 4537 1900 4579 vos
1939 4524 2135 4580 audere

548 4606 617 4661 de
647 4616 822 4662 vestra
861 4609 1121 4679 sapientia
1166 4610 1344 4678 video,
1375 4613 1569 4681 fatebr,
1601 4614 1793 4670 dolens
1836 4618 2035 4684 miror;
2078 4626 2134 4673 et

2256 2014 2419 2053 scam.
2447 1997 2579 2063 Quia
2607 1998 2749 2051 enim
2778 1999 3012 2065 quietem
3044 1998 3346 2053 concordia:
3376 1999 3429 2053 in
3468 2009 3661 2056 vestro
3691 2005 3855 2058 corde

2256 2106 2363 2144 non
2394 2090 2628 2153 invenio,
2650 2090 2806 2145 fessa:
2834 2093 2997 2145 menti
3029 2092 3293 2163 lacrymas
3319 2102 3525 2149 sterno.
3550 2094 3686 2160 Quae
3711 2098 3857 2152 enim

2255 2184 2360 2238 mei
2400 2184 2619 2252 spiritus
2646 2185 2857 2254 requies
2887 2199 3007 2240 esse
3037 2196 3245 2254 potest,
3276 2186 3320 2240 si
3350 2186 3417 2241 ab
3450 2188 3670 2242 occulto
3701 2189 3856 2246 hoste

2254 2273 2511 2330 inuictum
2542 2276 2729 2330 vulnus
2757 2276 2955 2330 mederi
2987 2293 3091 2331 nou
3130 2277 3338 2345 potest?
3367 2278 3506 2334 Ecce
3536 2279 3586 2333 in
3629 2286 3846 2336 cunctis

2255 2369 2437 2422 mundi
2463 2370 2700 2437 partibus
2730 2380 2911 2424 sancta
2943 2379 2997 2424 et
3022 2372 3339 2426 universalis
3364 2372 3605 2429 Ecclesia
3632 2376 3855 2431 unitatis

2253 2476 2368 2517 sua:
2396 2463 2558 2518 radiis
2592 2463 2784 2533 fulget,
2814 2466 2908 2519 scd
2952 2474 3129 2521 tamen
3166 2468 3341 2522 adhuc
3372 2470 3617 2523 umbram
3655 2483 3847 2526 vestra:

2255 2552 2532 2609 divisionis
2576 2558 2823 2612 sustinet.
2856 2557 3062 2627 Ubique
3108 2560 3161 2613 in
3212 2560 3333 2615 tidei
3364 2571 3506 2616 statu
3559 2564 3847 2630 perdurat;

2254 2646 2347 2700 sed
2372 2646 2605 2715 gaudere
2630 2662 2748 2703 eam
2773 2650 2841 2703 de
2867 2663 2960 2703 sua
2991 2652 3162 2705 salute
3186 2653 3434 2721 prohibet
3458 2656 3682 2719 vulnus,
3707 2655 3847 2725 quod

2254 2736 2323 2791 de
2351 2746 2524 2791 vestra
2555 2738 2883 2791 abscissioue
2913 2742 3123 2794 tolerat.
3158 2742 3336 2811 Neque
3361 2745 3506 2798 enim
3539 2759 3733 2799 sanum
3761 2762 3847 2801 ca-

2255 2837 2348 2895 put
2393 2828 2625 2884 brachiis
2652 2831 3000 2887 mmrentibns
3039 2834 3266 2904 gaudet;
3298 2851 3395 2889 nec
3425 2852 3486 2891 se
3513 2839 3672 2907 quasi
3705 2841 3843 2894 ineo.

2253 2920 2397 2975 fume
2417 2934 2533 2976 esse
2562 2930 2748 2991 pectus
2777 2924 3000 2991 laetatur,
3033 2940 3150 2980 cum
3181 2925 3538 2997 subjectorutu
3570 2930 3842 2988 viscerum

2253 3013 2527 3069 doloribus
2574 3018 2835 3086 tangitur;
2870 3026 2977 3072 tota
3021 3034 3250 3091 namque
3297 3026 3545 3089 corporis
3582 3039 3845 3097 compago

2253 3105 2501 3174 afficitur,
2523 3109 2568 3165 si
2598 3125 2719 3181 pars
2744 3109 2861 3183 ejus
2884 3114 2965 3167 vel
2990 3125 3230 3169 extrema
3258 3100 3549 3171 laceratur.
3570 3119 3839 3186 Quidquid

2253 3214 2382 3270 ergo
2411 3210 2495 3257 est
2522 3202 2660 3272 quod
2688 3204 2848 3260 aliam
2878 3205 2986 3273 pati
3012 3207 3205 3270 sentit,
3236 3206 3286 3261 in
3318 3223 3374 3260 se
3407 3208 3687 3263 harmonia
3714 3214 3841 3267 cha-

2171 3268 2221 3344 εἶ
2253 3268 2427 3351 ritatis
2456 3268 2708 3365 attrahit,
2736 3268 2900 3353 Paulo
2927 3268 3229 3365 attestsnte,
3264 3300 3353 3368 qui
3381 3301 3494 3355 ait:
3530 3300 3599 3354 Et
3635 3305 3679 3355 si
3714 3304 3835 3371 quid

2252 3393 2450 3459 patitur
2478 3409 2637 3447 unum
2666 3394 2971 3458 membrum,
2995 3395 3373 3461 compatiuntur
3398 3406 3583 3449 cratera
3608 3396 3833 3449 membra

2249 3480 2305 3554 (Ι
2342 3482 2463 3538 Cor.
2500 3482 2610 3551 ιι).
2658 3483 2764 3538 Nos
2808 3483 2987 3555 itaque
3033 3500 3237 3551 sumus,
3279 3486 3372 3556 qui
3421 3497 3599 3542 vestro
3645 3488 3832 3543 dolore

2250 3576 2630 3647 transfigimur,
2662 3591 2757 3630 nos
2795 3577 2884 3647 qui
2926 3576 3118 3632 vestris
3163 3577 3511 3634 scissionibus
3554 3593 3827 3638 secamur.

2248 3668 2419 3723 'l‘auto
2451 3670 2609 3737 igitur
2636 3668 2846 3723 damnis
2876 3670 3065 3725 vestris
3101 3666 3291 3725 festina
3339 3670 3595 3728 debemus
3638 3689 3826 3730 consol-

2249 3759 2449 3814 latione
2472 3774 2807 3826 succurrere,
2829 3769 3029 3830 quanto
3050 3776 3112 3817 ea
3140 3777 3233 3831 per
3252 3762 3565 3820 charitatem
3594 3768 3823 3837 cogimur

2248 3860 2305 3905 ut
2334 3859 2519 3905 nostra
2544 3851 2767 3907 sentire.
2790 3850 2919 3906 Nam
2942 3853 3041 3910 etsi
3066 3853 3283 3909 differre
3314 3854 3535 3910 forsitan
3564 3858 3819 3925 volumus,

2244 3958 2489 4010 supernae
2537 3944 2911 4011 increpationis
2957 3958 3086 3999 voce
3116 3954 3397 4011 terremur,
3431 3964 3552 4018 qua
3601 3951 3820 4020 ignavos

2246 4048 2485 4105 pastores
2511 4038 2790 4107 increpans
2818 4038 2949 4093 dicit
2973 4056 2987 4093 :
3023 4040 3174 4106 Quod
3204 4040 3427 4112 fractum
3456 4056 3602 4114 erat,
3631 4065 3732 4107 non
3757 4050 3821 4103 el-

2243 4130 2461 4199 ligastis,
2489 4141 2535 4184 et
2564 4132 2701 4201 quod
2728 4133 2981 4199 abiectum
3011 4148 3112 4187 non
3140 4136 3439 4202 reduxistis,
3468 4148 3518 4191 et
3545 4139 3683 4207 quod
3709 4156 3817 4209 per-

2241 4225 2407 4277 ditum
2434 4240 2537 4277 non
2571 4226 2840 4293 quwsistis.
2875 4228 2931 4283 Si
2978 4226 3192 4284 differre
3221 4230 3482 4295 volumus,
3520 4232 3813 4289 indiscrete

2238 4313 2559 4369 inventionis
2590 4318 2943 4387 increpamur,
2968 4334 3071 4389 qua
3097 4330 3193 4388 per
3222 4322 3538 4391 prophetam
3567 4325 3813 4381 Dominus

2239 4406 2366 4459 dicit
2392 4424 2404 4459 :
2440 4406 2704 4477 Numquid
2727 4410 2893 4463 resina
2920 4427 3019 4464 non
3046 4423 3120 4465 est
3147 4412 3201 4465 in
3223 4410 3424 4466 Galaad
3442 4454 3457 4478 ,
3482 4426 3569 4468 aut
3598 4418 3811 4469 medicas

2238 4515 2341 4555 non
2376 4510 2448 4554 est
2486 4501 2590 4555 ibi?
2620 4500 2790 4568 Quare
2814 4520 2933 4575 ergo
2961 4521 3062 4559 non
3096 4517 3168 4559 est
3202 4506 3420 4561 obducta
3452 4510 3668 4563 cicatrix
3696 4510 3809 4577 ﬁlia

2238 4594 2411 4664 pepuli
2440 4594 2535 4646 mei
2572 4593 2759 4662 (Each.
2789 4598 3010 4665 xxxiv)?
3049 4598 3184 4664 Quid
3224 4598 3365 4654 enim
3417 4616 3511 4669 per
3550 4604 3805 4673 resinam,

543 4696 759 4767 quidem
801 4712 896 4769 per
926 4670 1193 4769 'epismlas
1222 4670 1487 4772 nam)“,
1518 4670 1575 4759 υἱ
1605 4715 1753 4773 pulo,
1783 4670 1993 4761 cmend,
2155 4670 2353 4754 unaa
2399 4685 2693 4742 fomentum
2743 4686 2879 4757 ignis
2924 4699 3034 4753 est,
3074 4705 3191 4757 qua:
3237 4701 3290 4744 et
3341 4690 3396 4745 in
3440 4704 3802 4749 ornamentum

544 4791 807 4855 militatis,
840 4794 1037 4847 amoris
1075 4796 1347 4861 specimen
1400 4798 1624 4866 praebui.
1664 4799 1770 4854 Sed
1821 4801 1947 4854 dum
1994 4802 2126 4857 nihil

543 4880 683 4949 apud
714 4896 807 4935 vos
834 4882 1006 4951 reperi
1042 4883 1422 4940 admonitionis
1461 4900 1594 4943 mete
1637 4891 1803 4945 verba
1844 4891 2123 4961 prolicere,

542 4970 680 5025 tiens
724 4984 1046 5041 gemensque
1092 4986 1214 5028 cum
1270 4978 1524 5045 propheta
1572 4992 1736 5049 cogor
1780 4982 2123 5039 exclamare:

539 5060 845 5117 Curaoimats
890 5061 1229 5137 Babylonem,
1262 5076 1312 5123 et
1359 5084 1462 5124 non
1507 5080 1581 5125 est
1627 5083 1810 5127 sanata
1860 5074 1992 5143 (Jer.
2022 5078 2121 5145 LI).

538 5156 718 5227 Ignem
761 5166 1017 5228 quantum
1063 5156 1207 5213 valui
1254 5160 1530 5217 charitatis
1575 5164 1829 5231 accendi,
1860 5174 1917 5219 et
1960 5174 2123 5223 tantas

536 5250 809 5306 scissionls
854 5266 1081 5308 exurere
1124 5255 1422 5325 rubiginem
1473 5256 1654 5325 volui;
1703 5258 1797 5313 sed
1848 5260 2119 5327 impletam

537 5341 812 5409 propheta
839 5346 1157 5400 sententiam
1188 5348 1422 5416 peccatis
1442 5349 1778 5419 exigentibus
1801 5350 2009 5419 inveni,
2032 5354 2120 5421 qui

534 5434 647 5488 ait:
680 5433 902 5490 Frustra
929 5440 1171 5509 conﬂavit
1215 5442 1489 5511 conﬂatur,
1514 5442 1699 5496 scorite
1725 5443 1835 5513 ejus
1867 5459 1967 5497 non
2004 5454 2120 5499 sunt

531 5538 845 5600 consumptae
872 5529 1008 5599 (Jer.
1030 5530 1127 5604 vi).
1163 5532 1314 5587 Nulla
1344 5535 1396 5588 in
1428 5534 1700 5603 rescriptis
1730 5533 1941 5590 flamma
1990 5537 2119 5591 cha-

530 5620 707 5675 ritatis
747 5621 1024 5690 aspicitur.
1056 5625 1255 5679 nullam
1284 5625 1368 5681 vel
1402 5634 1522 5694 post
1550 5626 1857 5694 exemplum
1890 5627 2123 5684 dulcedi-

532 5725 657 5763 nem
690 5713 935 5767 redolent
957 5713 1011 5767 in
1040 5717 1249 5771 cunctis
1276 5718 1387 5772 suis
1415 5719 1776 5785 sermonibus,
1811 5718 1943 5776 nihil
1975 5722 2118 5792 quod

531 5799 598 5851 ad
642 5813 823 5866 pacem
873 5806 1171 5869 perveniat,
1212 5816 1388 5861 sonat.
1443 5808 1703 5873 Pensate,
1761 5827 1963 5882 quaaso,
2019 5816 2120 5869 hoc

532 5890 699 5957 (quod
729 5890 912 5947 dicere
935 5894 1040 5948 nisi
1083 5898 1316 5966 singultu
1344 5900 1766 5973 interrumpente
1805 5920 1909 5959 non
1938 5906 2115 5978 valeo)

2237 4777 2425 4831 domus
2470 4793 2734 4833 marmora
2783 4779 3038 4848 dissipata
3084 4780 3385 4852 conjungit,
3433 4783 3535 4837 nisi
3581 4784 3802 4840 Charitas

2236 4870 2578 4939 designatur?
2608 4872 2733 4937 ρυω
2764 4880 2819 4925 ct
2849 4872 2901 4925 in
2931 4887 3111 4926 amore
3149 4874 3312 4928 corda
3340 4876 3645 4943 succendit,
3676 4887 3728 4931 et
3753 4888 3803 4932 ut

2234 4972 2470 5017 Sanctam
2522 4964 2815 5020 Ecclesiam
2868 4966 3083 5020 unitatis
3132 4978 3446 5023 ornamento
3493 4982 3797 5040 componat,

2232 5055 2508 5110 discordes
2539 5057 2810 5111 hominum
2856 5067 3063 5115 mentes
3094 5070 3187 5129 per
3218 5061 3363 5129 pacis
3397 5063 3450 5118 in
3479 5076 3541 5119 se
3577 5064 3797 5119 studium

2232 5148 2392 5220 ligat?
2417 5149 2553 5216 Quid
2587 5165 2677 5219 per
2709 5150 2959 5218 Galaad,
2982 5168 3101 5222 qua:
3141 5169 3361 5210 acervus
3399 5159 3686 5212 testimonii
3726 5160 3798 5214 in-

2231 5251 2575 5313 terpretatur,
2611 5243 2709 5298 nisi
2742 5247 2794 5297 in
2825 5246 3111 5316 Scriptura!
3141 5262 3308 5302 sacrae
3350 5248 3684 5306 altitudinem
3724 5251 3795 5306 in-

2230 5348 2446 5386 numera
2479 5336 2860 5389 sententiarum
2886 5336 3122 5393 densitas
3147 5338 3308 5393 dicit?
3332 5340 3470 5407 Quid
3494 5356 3589 5409 per
3618 5342 3727 5397 mer!
3783 5344 3795 5396 i

2227 5426 2577 5491 vocabulum,
2610 5428 2713 5484 nisi
2754 5432 3115 5500 unusquisque
3160 5433 3513 5501 praedicator?
3538 5433 3669 5499 Quid
3708 5447 3793 5503 per

2225 5532 2331 5573 non
2362 5518 2641 5572 obductam
2668 5518 2790 5573 filia:
2813 5520 3143 5588 cicatricem,
3174 5521 3275 5577 nisi
3298 5523 3457 5592 culpa
3486 5524 3652 5593 plebis
3677 5534 3788 5578 ante

2222 5610 2314 5665 Dei
2343 5611 2527 5666 oculos
2571 5611 2710 5666 nuda
2747 5615 3111 5669 monstratur?
3142 5615 3333 5670 Resina
3361 5631 3492 5687 ergo
3518 5618 3572 5673 in
3602 5615 3782 5675 Galaad

2217 5702 2452 5758 defuisse
2474 5703 2831 5769 convincitur,
2859 5705 2905 5759 si
2934 5720 3030 5774 pro
3054 5707 3378 5762 ostendenda
3403 5712 3650 5779 veritate,
3676 5726 3783 5766 cum

2216 5807 2363 5853 tanta
2404 5798 2581 5852 adsint
2607 5797 2903 5862 Scriptura:
2934 5814 3100 5854 sacrae
3130 5803 3454 5872 testimonia,
3486 5807 3781 5860 associando

2216 5902 2309 5942 vos
2340 5897 2536 5944 sancta:
2569 5888 2845 5957 Ecclesiae,
2876 5904 3206 5959 nequaquam
3238 5891 3396 5961 digne
3433 5894 3643 5952 ardoris
3668 5898 3779 5951 cita-
