4076 6348
252 335 358 396 7i?

1448 346 1808 406 EPISTOLAE
1850 347 1939 405 ET
1977 351 2318 412 DECRETA.

3427 372 3528 431 718

204 448 213 453 ’
251 456 386 511 ritas
414 456 729 527 exhibetur;
753 470 807 518 et
836 460 978 517 velut
1002 461 1222 518 absente
1248 464 1455 521 medico
1484 466 1703 521 cicatrix
1732 481 1836 520 non
1866 466 1917 527 Δ
1943 469 2064 524 disti
2093 487 2109 526 :
2142 473 2274 528 nihil
2306 489 2525 544 prorsus
2550 477 2621 534 de
2645 477 2782 535 bene
2809 482 3122 552 compositis
3156 494 3527 547 rectractetun

253 548 559 629 obducitur,
590 553 634 605 si
666 554 1041 609 exhortatione
1079 567 1342 622 cessante,
1374 566 1533 612 tanta:
1562 558 1839 615 scissionis

250 644 339 726 cui
347 657 410 711 pa
434 642 580 698 nullo
599 646 862 701 velamine
883 648 1258 719 subsequentis
1285 650 1428 719 pacis
1450 650 1706 719 operitur.
1733 650 1839 706 Sed

245 736 358 805 jam
400 747 608 807 tempus
648 748 757 805 est,
792 741 904 809 ipsa
955 758 1052 797 nos
1095 743 1495 809 susceptionum
1544 754 1837 799 vestrarum

249 830 473 886 vulnera
505 843 739 903 tangere,
770 837 952 906 eisque
981 849 1199 895 auctore
1229 840 1336 894 Deo
1364 839 1718 895 medicamina
1748 855 1841 910 pa-

252 926 459 993 tefactio
485 928 724 982 veritatis
750 930 1022 985 adbibere.

321 1016 377 1068 ll.
398 1016 498 1071 Per
512 1034 571 1073 ea
589 1034 707 1089 quae
729 1022 826 1091 pia:
845 1025 1117 1079 memoria;
1133 1024 1416 1081 Iustiniani
1435 1026 1694 1095 principis
1713 1034 1842 1081 tem-

248 1109 470 1178 poribus
494 1119 611 1165 aeta
634 1122 789 1178 sunt,
820 1113 1128 1171 fraternitas
1156 1127 1332 1171 vestra
1364 1119 1684 1188 suspicatur,
1713 1133 1841 1173 sau-

248 1211 392 1256 ctam
409 1204 897 1262 Chalcedonensem
916 1210 1178 1279 synodum
1203 1210 1366 1265 fuisse
1382 1211 1712 1267 convulsam.
1730 1210 1839 1267 Sed

249 1295 399 1349 absit
419 1298 518 1351 hoc
537 1312 565 1350 a
587 1297 893 1356 Christiano
916 1316 1100 1371 opere,
1123 1318 1153 1356 a
1169 1302 1477 1357 Christiana
1495 1304 1838 1373 cogitatione.

251 1390 312 1445 in
339 1392 451 1460 ipsa
477 1394 669 1462 quippe
692 1393 925 1461 Nicaeus,
951 1396 1561 1465 Coustantinopolitaua,
1586 1411 1649 1451 ac
1672 1398 1838 1465 prima

246 1484 487 1554 synodus
511 1484 778 1555 Ephesina
813 1487 1016 1541 ﬁrmata
1047 1496 1159 1553 est;
1191 1497 1242 1543 et
1272 1488 1513 1558 quisquis
1541 1488 1683 1541 illam
1717 1503 1840 1556 par-

246 1583 355 1630 tem
385 1578 559 1648 aliqua
585 1580 889 1635 convellere
914 1581 1123 1650 nititur,
1148 1581 1269 1635 illas
1299 1581 1547 1635 nimirum
1580 1580 1839 1650 funditus,

244 1685 365 1737 quae
398 1685 491 1737 per
535 1670 671 1726 hanc
705 1672 929 1727 ﬁrmata:
960 1683 1113 1741 sunt,
1154 1673 1435 1729 destruere
1463 1684 1707 1730 conatur.
1738 1674 1834 1729 Cui

244 1762 535 1830 suspicioni
566 1765 615 1818 in
648 1764 861 1834 scriptis
892 1770 1088 1821 vestris
1119 1780 1187 1821 ex
1217 1768 1386 1823 sancti
1429 1767 1837 1835 praedecessoris

1946 563 2200 619 Ultimum
2232 581 2360 622 vero
2385 585 2413 622 a
2448 570 2602 626 vobis
2633 573 2845 639 ponitur
2874 576 3272 642 testimonium,
3300 578 3439 648 quod
3470 580 3528 636 in

1944 656 2106 724 priori
2145 658 2262 727 ejus
2308 662 2553 728 epistola,
2600 664 2666 718 de
2706 680 2806 735 qua
2855 666 3024 721 multa
3067 667 3174 734 jam
3224 669 3531 727 testimonia

1942 749 2149 818 prolata
2179 750 2420 820 fuerant,
2453 755 2781 821 continetur,
2813 759 3045 825 primum
3073 758 3267 814 dicitur
3294 759 3487 831 (Mitt)
3512 777 3529 815 :

1943 841 2072 908 Quae
2096 842 2209 912 jam
2241 844 2498 912 patefacta
2529 860 2653 901 sunt
2695 862 2957 917 quaerere,
2990 866 3108 919 quin
3141 850 3377 920 perfecta
3407 863 3535 908 sunt

1943 945 2259 1001 retractare,
2285 943 2339 991 et
2358 952 2478 1007 quae
2503 949 2627 993 sunt
2649 940 2864 995 definila
2890 942 3215 1010 convellere,
3238 943 3366 1013 quid
3388 944 3533 999 aliud

1939 1037 2056 1094 est,
2087 1044 2247 1099 quam
2279 1032 2348 1086 de
2375 1032 2583 1100 adeptis
2606 1037 2834 1103 gratiam
2864 1049 2973 1088 non
3003 1036 3225 1100 referre,
3256 1044 3313 1092 et
3354 1037 3420 1093 ad
3451 1038 3534 1091 in-

1943 1121 2183 1175 terdictae
2231 1123 2440 1178 arboris
2482 1125 2660 1180 cibum
2705 1127 2979 1195 improbos
3026 1132 3295 1199 appetitus
3342 1132 3535 1187 morti-

1944 1212 2068 1271 ferae
2111 1217 2416 1287 cupiditatis
2458 1219 2782 1275 extendere?
2834 1222 2956 1276 llaec
3002 1234 3157 1289 sunt,
3210 1223 3402 1280 fratres
3450 1226 3534 1279 di-

1944 1308 2249 1375 lectissimi,
2280 1326 2401 1380 qua
2426 1311 2567 1367 beati
2611 1312 2806 1369 Leonis
2834 1315 2901 1368 ad
2948 1314 3182 1371 Leonem
3232 1318 3534 1387 principem

1941 1403 2101 1456 verba
2152 1402 2440 1471 posuistis;
2472 1419 2591 1474 quae
2630 1406 2880 1461 videlicet
2920 1410 2986 1461 ab
3026 1424 3093 1464 eo
3145 1424 3241 1476 pro
3286 1409 3534 1464 custodia

1942 1495 2164 1550 illibata:
2211 1496 2367 1561 ﬁdei,
2411 1512 2518 1551 non
2564 1510 2741 1553 autem
2792 1515 2889 1568 pro
2936 1503 3110 1555 causis
3159 1503 3531 1571 episcoporum

1941 1588 2286 1657 specialibus,
2312 1604 2429 1656 qua:
2454 1589 2596 1658 apud
2619 1590 3010 1646 Chalcedonem
3031 1602 3198 1662 gestae
3222 1598 3375 1661 sunt,
3406 1604 3535 1662 pro-

1943 1682 2203 1735 feruntur.
2244 1680 2373 1735 Nam
2406 1681 2532 1750 quia
2562 1696 2658 1751 pro
2700 1684 2869 1738 solius
2913 1682 3035 1738 fidei
3080 1684 3398 1739 intemerata
3429 1684 3533 1738 obs

1940 1772 2248 1827 servatione
2273 1772 2504 1838 dixerit,
2535 1775 2867 1844 pensandum
2901 1784 2985 1830 est
3010 1776 3063 1830 in
3094 1775 3281 1830 eadem
3307 1776 3536 1845 epistola

246 1858 417 1910 nostri
447 1857 637 1914 Leonis
667 1860 908 1928 epistolis
932 1877 993 1915 ac
1021 1861 1278 1932 encycliis
1308 1861 1612 1917 testimonia
1643 1860 1831 1931 adjun-
1860 1850 1911 1913 Β
1939 1866 2063 1935 quid
2094 1864 2382 1935 prmmisit;
2416 1868 2492 1921 ait
2520 1870 2663 1923 enim
2684 1911 2700 1935 ,
2742 1868 2808 1924 ad
2852 1870 3100 1925 eumdem
3128 1872 3428 1942 principem
3458 1870 3537 1929 lo-

241 1948 389 2017 gitis,
420 1959 473 2003 ut
497 1952 768 2018 praefatam
796 1962 1029 2007 sanctam
1053 1952 1545 2009 Chalcedonensem
1568 1952 1833 2025 synodum

243 2041 502 2096 illibatam
529 2043 724 2099 debere
751 2044 1029 2100 obserVari
1059 2055 1405 2102 monstretur.
1437 2046 1567 2114 Quae
1594 2046 1829 2115 quidem,

244 2134 438 2191 fratres
482 2135 815 2203 charissiini,
859 2152 924 2192 ex
964 2138 1143 2207 paucis
1188 2138 1433 2205 epistolis
1463 2147 1676 2206 sumpta
1707 2153 1833 2207 per-

238 2228 406 2282 mixto
430 2228 615 2283 ordine
643 2228 968 2299 confusoque
998 2230 1269 2298 posuistis,
1295 2240 1351 2283 ut
1377 2230 1505 2289 dum
1534 2229 1832 2299 interjecta

238 2319 347 2374 alia
374 2320 622 2390 epistola,
652 2320 719 2375 ad
760 2320 859 2374 alia
891 2322 1084 2391 prioris
1122 2322 1366 2391 epismlse
1395 2323 1554 2377 verba
1596 2322 1830 2377 recurri-

240 2421 351 2480 tur,
383 2414 529 2484 quasi
570 2430 636 2469 ex
676 2413 859 2469 multis
899 2414 1142 2483 epistolis
1173 2416 1372 2483 prolata
1401 2414 1731 2470 viderentur.
1762 2415 1833 2470 Et

244 2506 405 2562 valde
433 2507 709 2569 miramur,
753 2524 847 2561 cur
878 2505 1180 2562 fraternitas
1229 2519 1406 2562 vestra
1439 2508 1505 2562 de
1536 2520 1642 2563 tam
1674 2506 1834 2578 (sicut

239 2594 502 2667 diximus)
534 2599 715 2666 paucis
743 2597 982 2667 epistolis
1014 2613 1120 2651 non
1154 2613 1317 2664 pauca
1358 2598 1678 2666 sumpserit,
1709 2612 1831 2653 cum

240 2696 451 2742 Constet
482 2688 620 2758 quod
667 2688 735 2742 de
775 2699 977 2742 sanctze
1010 2687 1464 2744 Chalcedonensis
1495 2689 1686 2759 synodi
1722 2688 1830 2744 illi-

240 2778 364 2836 bata
392 2780 734 2836 veneratione
758 2789 812 2835 et
838 2770 1292 2851 praedecessorum
1324 2793 1626 2837 n051rorum
1655 2797 1833 2838 asser-

240 2872 317 2927 tio
363 2873 675 2939 innumera,
720 2884 774 2927 et
825 2874 1112 2927 multorum
1167 2873 1382 2930 Patrum
1432 2889 1731 2930 consensus
1777 2877 1833 2931 in

241 2966 519 3038 encycliis,
571 2966 720 3036 quasi
767 2966 1014 3035 quaedam
1062 2981 1123 3020 se
1171 2968 1391 3033 mundo,
1436 2966 1590 3021 nobis
1639 2966 1831 3023 infudit

242 3057 471 3133 [Forsan
513 3058 775 3113 sumendo
825 3059 917 3113 lux
961 3059 1159 3112 mundo
1202 3073 1261 3113 se
1292 3076 1345 3112 n.
1374 3057 1518 3132 inf.].
1561 3059 1665 3115 Sed
1709 3061 1833 3129 quia

245 3166 463 3220 semper
498 3151 732 3206 dictandi
766 3152 898 3205 ordo
928 3160 1069 3206 tanta
1101 3150 1319 3208 sibimet
1343 3152 1680 3208 connexione
1709 3156 1834 3208 sub-

1936 1978 2105 2034 quens
2134 1964 2331 2040 (Ibid.)
2355 1984 2369 2021 :
2398 1967 2571 2037 Supra
2598 1982 2782 2026 curam
2832 1980 3009 2024 rerum
3041 1970 3416 2040 temporalium
3446 1982 3537 2025 re—

1936 2055 2138 2127 ligiosae
2188 2057 2540 2127 providentiae
2593 2057 2907 2114 famulatum
2960 2062 3154 2116 divinis
3204 2073 3257 2117 et
3318 2061 3536 2116 aiternis

1935 2144 2384 2215 dispOSitionihus
2429 2161 2838 2218 perseveranter
2867 2151 3198 2221 impenditis,
3231 2160 3289 2207 ut
3328 2153 3536 2208 scilicet

1933 2238 2195 2293 catholica
2227 2238 2375 2305 ﬁdes,
2408 2240 2530 2309 qua:
2559 2241 2844 2296 humanum
2881 2252 3048 2313 genus
3095 2243 3207 2297 sola
3255 2242 3495 2300 viviﬁcat
3516 2285 3533 2314 ,

1935 2331 2049 2386 sola
2093 2330 2414 2399 sanctiﬁcat,
2449 2332 2501 2387 in
2551 2342 2658 2387 una
2698 2334 3042 2390 confessione
3090 2344 3439 2403 permaneat;
3481 2343 3537 2391 et

1935 2409 2305 2480 dissensiones
2334 2440 2453 2495 quae
2478 2424 2546 2481 de
2573 2430 2908 2481 terrenarum
2935 2428 3247 2495 Opinionum
3274 2427 3537 2484 varietate

1935 2528 2249 2587 nascuntur,
2278 2534 2310 2572 a
2342 2519 2613 2575 soliditate
2654 2520 2799 2576 illius
2831 2528 3020 2588 petrae,
3052 2532 3218 2589 supra
3265 2536 3425 2591 quam
3458 2519 3538 2576 ci-

1934 2611 2073 2665 vitas
2103 2609 2197 2666 Dei
2233 2610 2549 2678 mdiﬁcatur,
2578 2612 2881 2681 abigantur.
2914 2613 2991 2682 (Si
3026 2613 3183 2681 igitur
3214 2612 3399 2679 ﬁdem,
3431 2612 3541 2667 fra-

1934 2711 2045 2759 tres
2072 2701 2413 2772 charissimi,
2448 2704 2501 2757 in
2548 2705 2758 2759 eunetis
2804 2705 2987 2759 mundi
3040 2705 3280 2775 partibus
3319 2722 3427 2760 uno
3470 2721 3534 2761 ac

1936 2795 2115 2849 solido
2145 2804 2285 2849 statu
2318 2796 2500 2867 vigere
2525 2811 2631 2850 non
2663 2798 2979 2862 cerneretis,
3024 2798 3345 2853 convulsum
3377 2801 3538 2869 quid-

1936 2900 2095 2957 quam
2122 2887 2190 2943 de
2218 2898 2404 2943 sancta
2446 2888 2878 2944 Chalcedonensl
2916 2890 3125 2959 synodo
3162 2902 3307 2946 recte
3333 2891 3542 2947 dicere-

1937 2980 2024 3033 tis.
2056 2981 2125 3034 At
2174 2988 2453 3052 postquam
2498 2981 2633 3035 nihil
2683 2992 2825 3038 nunc
2863 2983 3006 3037 aliud
3046 2985 3145 3039 nisi
3188 2984 3258 3040 de
3291 2985 3539 3053 personis

1936 3072 2133 3141 agitur,
2164 3071 2295 3129 nihil
2343 3074 2409 3127 de
2456 3084 2641 3129 sancta
2688 3074 3148 3132 Chalcedonensis
3189 3077 3380 3148 synodi
3428 3078 3535 3133 ﬁde

1938 3163 2206 3232 quaeritis,
2238 3163 2612 3225 auctoritatem
2643 3178 2857 3236 patrum
2889 3170 3040 3238 quasi
3071 3170 3347 3240 sequendo
3374 3169 3543 3226 decli-

240 3243 507 3315 jungitur,
530 3253 586 3298 ut
612 3253 665 3298 et
691 3243 1049 3313 praecedentia
1077 3246 1529 3316 subsequentibus
1557 3245 1828 3311 serviant,

1946 3257 2075 3312 nati.
2108 3258 2345 3329 Namque
2372 3270 2428 3314 ut
2468 3234 2661 3315 iisdem
2692 3263 2881 3317 beatus
2907 3234 3033 3318 Leo
3075 3234 3412 3331 ostenderet,
3451 3279 3539 3320 re-

238 3345 300 3393 et
324 3336 700 3406 subsequentia
728 3352 792 3391 ex
826 3338 1253 3406 przecedentibus
1283 3339 1678 3409 suspendantur
1703 3354 1717 3393 :
1747 3354 1841 3394 eo.

240 3446 363 3487 rum
390 3446 606 3487 sensum
637 3445 757 3501 qua:
789 3431 993 3499 prolata
1040 3441 1195 3499 sunt,
1228 3432 1424 3489 melius
1453 3434 1758 3503 pandimus,
1790 3435 1836 3489 si

242 3521 383 3579 infra
414 3537 678 3593 supraque
709 3524 973 3593 legentes,
1002 3514 1087 3580 vel
1135 3541 1242 3595 quo
1281 3526 1536 3594 tendant,
1566 3526 1650 3582 vel
1696 3526 1840 3584 unde

244 3617 543 3688 pendeant,
575 3618 1034 3677 demonStremus.

244 3761 256 3781 ν
318 3732 408 3787 ill.
439 3733 486 3787 A
512 3730 799 3789 dilectione
829 3732 989 3804 igitur
1013 3742 1185 3788 ve9tra
1213 3734 1445 3803 primum
1477 3734 1839 3789 testimonium

245 3824 421 3882 nancti
450 3825 859 3894 predecessoris
888 3824 1056 3880 nostri
1100 3826 1293 3879 Le0nis
1333 3826 1577 3895 ponitur,
1615 3824 1756 3897 quod
1788 3827 1842 3881 in

253 3919 369 3990 ejus
411 3918 632 3988 epistola
665 3919 849 3972 ultima
896 3917 1199 3973 continetur
1229 3916 1430 3988 (Epist.
1463 3917 1531 3971 78
1566 3918 1635 3972 ad
1677 3917 1839 3972 Leon.

254 4012 430 4084 imp.),
454 4025 560 4082 quo
586 4014 659 4066 ait
690 4030 702 4065 :
732 4011 806 4065 De
838 4010 998 4065 rebus
1025 4010 1162 4079 apud
1192 4009 1419 4063 Nicaeam
1445 4018 1499 4063 et
1521 4010 1659 4078 apud
1685 4010 1841 4066 Chal.

254 4104 511 4160 Cedonem
542 4103 680 4158 sicut
706 4102 814 4158 Deo
845 4102 1042 4171 placuit
1068 4100 1324 4169 deﬁnitis,
1354 4102 1557 4155 nullum
1584 4102 1844 4158 audemus

253 4199 389 4256 inire
415 4208 726 4266 tractatum,
755 4208 1008 4270 tanquam
1033 4200 1187 4253 dubia
1218 4198 1301 4254 vel
1327 4200 1537 4252 intirma
1562 4201 1698 4264 sint,
1724 4212 1843 4270 quae

253 4299 398 4346 tanta
431 4308 525 4361 per
548 4292 801 4362 Spiritum
832 4300 1072 4347 sanctum
1108 4291 1222 4345 ﬁxit
1251 4292 1559 4346 auctoritas.
1597 4291 1719 4364 (Cui
1752 4302 1841 4347 se-

252 4386 486 4439 cundum
519 4382 879 4438 testimonium
909 4398 972 4438 ex
1012 4396 1075 4437 ea
1118 4383 1339 4451 epistola
1374 4396 1402 4435 a
1447 4383 1601 4437 vobis
1651 4384 1843 4451 adjun-

255 4477 414 4545 gitur,
443 4475 583 4545 quod
614 4475 721 4529 illic
750 4476 909 4545 paulo
936 4476 1183 4545 superius
1216 4472 1462 4542 habetur,
1498 4488 1605 4545 quo
1652 4476 1848 4531 dicitur

257 4568 448 4641 (Ibid.)
476 4587 489 4622 :
520 4568 655 4635 Quia
685 4569 823 4622 sicut
849 4576 1033 4623 sancte
1064 4566 1433 4637 veraciterque
1460 4567 1692 4633 dixistis,
1729 4585 1847 4636 per—

258 4660 416 4717 fectio
456 4663 875 4726 incrementum,
920 4668 975 4713 et
1019 4660 1372 4730 adjectionem
1404 4660 1690 4730 plenitudo
1736 4670 1845 4717 non

257 4760 492 4829 recipit.)
523 4760 817 4829 luterjectis
854 4766 1030 4813 autem
1060 4758 1269 4813 duobus
1300 4762 1626 4815 teatimonils
1657 4762 1723 4818 de
1752 4774 1844 4818 ett-

258 4851 443 4922 cycliis
473 4852 782 4921 assumptis,
818 4848 1020 4920 praefati
1055 4850 1466 4918 prardecessoi-is
1499 4853 1667 4907 noStri
1711 4852 1848 4907 Leo-

259 4945 345 4998 nis
379 4946 503 4999 item
536 4944 600 4998 ad
635 4944 869 4999 Leonem
903 4943 1201 5028 principem
1243 4946 1447 5015 scripto
1477 4954 1654 5002 vestro
1687 4948 1848 5003 verba

260 5040 585 5108 replicantur
631 5040 823 5110 quibus
852 5038 1088 5092 dicitur:
1125 5038 1413 5108 Legitimas
1462 5036 1718 5095 divinitus
1770 5042 1851 5096 in-

260 5135 492 5201 spiratas
518 5130 924 5187 constitutiones
952 5130 1090 5185 velle
1121 5138 1359 5197 movere,
1400 5140 1503 5184 non
1535 5140 1617 5185 est
1645 5131 1847 5201 paciﬁci

264 5225 517 5291 hominis,
550 5225 642 5279 sed
672 5223 908 5290 rebellis,
948 5223 1164 5277 dicente
1193 5222 1438 5291 apostolo
1466 5243 1477 5276 :
1522 5218 1697 5277 Verbis
1729 5241 1852 5278 con-

264 5320 487 5382 tendere,
510 5317 576 5371 ad
604 5316 730 5370 nihil
758 5326 827 5371 est
855 5316 999 5383 utile,
1029 5316 1128 5371 nisi
1154 5316 1222 5369 ad
1249 5316 1620 5372 subversionem
1645 5320 1856 5371 audien-

266 5410 394 5463 tium
433 5406 518 5479 (II
552 5407 685 5463 Tim.
716 5408 801 5479 ll).
851 5405 981 5462 Nam
1028 5405 1074 5462 si
1121 5407 1367 5462 humanis
1417 5411 1854 5479 persuasionibus

264 5514 482 5570 seraper
508 5500 807 5571 disceptare
836 5500 903 5553 sit
932 5496 1186 5565 liberum,
1230 5496 1499 5570 iiu‘nquam
1532 5502 1724 5558 deesse
1762 5520 1855 5570 po-

265 5603 451 5650 terunt
476 5595 566 5665 qui
595 5595 800 5649 veritati
826 5591 1054 5648 audeant
1089 5594 1370 5649 resultare.
1404 5595 1493 5664 (Et
1524 5597 1639 5665 ejus
1670 5614 1853 5653 rursus

268 5686 337 5741 ad
368 5702 491 5741 eum
517 5702 532 5740 :
562 5685 675 5741 Non
702 5686 847 5739 sinas
875 5692 1055 5739 contra
1086 5684 1320 5739 dexterae
1350 5686 1731 5755 omnipotentis
1763 5689 1854 5744 Dei

268 5776 573 5847 triumphos
598 5777 851 5833 redivivis
876 5781 1136 5846 exurgere
1163 5780 1395 5831 motibus
1426 5778 1657 5833 estincta
1680 5790 1856 5835 certa-

274 5869 461 5938 mina.)
486 5869 648 5939 Cujus
694 5868 865 5923 adhuc
896 5869 1259 5923 testimonium
1294 5878 1414 5939 post
1456 5886 1621 5941 pauca
1672 5871 1853 5926 subdi-

1944 3351 2160 3406 tractari
2189 3362 2308 3422 quae
2340 3354 2573 3421 perfecta
2607 3360 2733 3409 aunt
2762 3368 2869 3409 non
2917 3354 3133 3421 deberi;
3166 3370 3269 3426 qua
3312 3356 3429 3413 haec
3459 3359 3541 3413 ina

1946 3448 2182 3499 tentinne
2229 3444 2487 3510 dixisset,
2536 3446 2681 3501 illico
2728 3445 2963 3501 subdidit
3012 3447 3252 3517 (Ibid.):
3293 3447 3426 3515 Quia
3472 3449 3540 3503 ad

1946 3544 2131 3607 pacem
2179 3537 2496 3593 universalis
2547 3538 2824 3603 Ecclesiae,
2874 3548 2928 3593 et
2976 3539 3043 3593 ad
3090 3538 3388 3594 custodiam
3441 3554 3535 3595 ca-

1945 3632 2158 3687 tholicae
2188 3630 2310 3685 ﬁdei
2342 3646 2469 3687 cura
2516 3631 2812 3700 dignamini
2844 3632 3155 3689 sollicitiore
3196 3634 3375 3689 virere
3425 3632 3537 3706 [re-

1944 3724 2196 3797 Spicerej.
2237 3724 2375 3792 Quid
2416 3723 2579 3796 igitur
2625 3739 2745 3781 cum
2797 3725 3104 3796 prohiberet
3146 3725 3363 3782 deﬁnita
3408 3741 3541 3782 con-

1944 3819 2101 3887 velli,
2132 3818 2554 3873 admonitionem
2604 3820 2848 3888 protinus
2877 3818 2947 3874 de
2976 3818 3219 3875 custodia
3262 3819 3541 3876 catholicae

1947 3910 2068 3966 ﬁdei
2098 3912 2405 3981 subjunxit,
2434 3920 2488 3966 et
2512 3911 2632 3982 quia
2674 3925 2777 3965 non
2808 3911 2908 3966 hoc
2936 3911 3005 3966 de
3034 3912 3389 3966 retractandis
3417 3920 3545 3967 cau-

1946 4006 2020 4061 sis
2050 4006 2396 4073 Specialibus;
2438 4005 2533 4060 sed
2586 4004 2654 4062 de
2696 4006 2803 4059 sola
2840 4004 2961 4061 ﬁdei
2994 4006 3331 4076 professione
3380 4007 3544 4063 dixis-

1946 4108 2059 4167 set,
2090 4099 2381 4155 indicavit?
2408 4099 2503 4154 Illa
2535 4110 2768 4168 namque
2793 4114 2932 4155 nunc
2963 4100 3015 4155 ili
3046 4106 3218 4156 vestra
3247 4102 3544 4173 quastione

1948 4196 2248 4259 Verturitur,
2283 4200 2397 4263 quce
2429 4191 2543 4263 ipse
2576 4196 2785 4263 quoque
2810 4195 3181 4264 prmdecessor
3206 4194 3387 4251 noSter
3413 4195 3539 4251 hea-

1951 4297 2036 4342 tus
2067 4288 2175 4343 Leo
2204 4284 2497 4357 diiudicat;
2532 4286 2656 4342 dum
2690 4304 2797 4343 non
2831 4287 2931 4343 nisi
2977 4288 3041 4344 ea
3070 4306 3187 4359 quae
3218 4288 3356 4360 apud
3387 4289 3545 4345 Chal-

1948 4380 2205 4435 cedonem
2230 4376 2298 4434 de
2326 4377 2431 4434 ﬁde
2461 4388 2586 4433 sunt
2615 4388 2833 4449 statuta,
2861 4383 3162 4437 conﬁrmat.
3197 4384 3309 4450 ipse
3340 4382 3538 4452 quippe

1951 4472 2017 4528 ad
2063 4472 2366 4527 Anatolium
2398 4472 3004 4543 Constantinopolitanre
3042 4475 3189 4527 urbis
3227 4474 3540 4543 episcopum

1957 4565 2219 4630 scribens,
2249 4566 2374 4620 dum
2406 4581 2529 4621 eum
2555 4565 2622 4621 de
2644 4566 2872 4636 quodam
2901 4580 3035 4619 novo
3059 4572 3188 4618 ausu
3215 4566 3542 4635 corriperet,

1954 4664 2082 4719 dicit
2125 4662 2328 4736 (Epist.
2357 4660 2494 4735 58):
2540 4659 2604 4717 Ut
2649 4668 2888 4715 sanctam
2944 4659 3205 4730 synodum
3253 4660 3320 4713 ad
3365 4660 3544 4715 extin-

1954 4757 2219 4831 guendum
2248 4755 2420 4812 solum
2450 4754 2699 4809 hmresim
2718 4793 2733 4817 ,
2757 4762 2808 4808 et
2832 4754 2897 4807 ad
2928 4752 3389 4808 conﬁrmationem
3420 4752 3545 4809 ﬁdei

1956 4851 2233 4907 catholicae
2267 4849 2442 4905 studio
2472 4844 2911 4902 Christianissimi
2958 4847 3213 4917 principis
3252 4860 3547 4919 congrega-

1959 4950 2101 5009 tam,
2153 4944 2203 4997 in
2253 4941 2596 4997 occasionem
2649 4941 2881 4995 ambitus
2932 4940 3132 4995 trahas.
3185 4943 3283 5013 (lit
3329 4958 3543 4997 rursum

1959 5028 2149 5110 (Ibid.)
2176 5055 2187 5090 :
2224 5037 2297 5092 Ita
2329 5036 2471 5091 abuti
2507 5036 2674 5090 voluit
2703 5036 2931 5091 concilio
2960 5036 3236 5107 synodali,
3268 5046 3321 5091 ut
3353 5036 3546 5091 fratres

1960 5126 2011 5186 in
2054 5130 2177 5184 fidei
2222 5128 2591 5183 tantummodo
2635 5131 2845 5198 negotio
2888 5141 3233 5196 convocatos,
3265 5137 3319 5184 et
3356 5128 3547 5185 deﬁni-

1962 5224 2122 5279 tionis
2151 5222 2267 5292 ejus
2293 5235 2475 5287 causa,
2504 5238 2619 5290 quae
2647 5230 2763 5277 erat
2792 5223 3042 5288 curanda,
3074 5231 3367 5293 pertractus
3396 5221 3550 5294 [deﬁ‘

1962 5315 2167 5370 nitione
2210 5312 2327 5385 ejus
2358 5329 2551 5381 causre,
2578 5326 2631 5384 q.
2660 5330 2708 5368 e.
2735 5324 2783 5369 c.
2818 5313 3171 5387 perfunctos],
3208 5313 3273 5369 ad
3315 5331 3545 5371 consen-

1961 5409 2198 5464 tiendum
2223 5407 2321 5461 sibi
2348 5414 2437 5459 aut
2461 5405 2801 5475 depravando
2827 5404 3156 5473 traduceret,
3178 5415 3271 5461 aut
3298 5408 3549 5464 terrendo

1959 5488 2350 5570 compelleret.)
2384 5500 2483 5566 Qui
2528 5507 2582 5554 ut
2624 5496 2756 5552 nihil
2794 5514 2851 5551 se
2878 5498 3186 5553 omnimodo
3229 5484 3297 5554 de
3324 5488 3550 5555 Chalce-

1962 5594 2186 5648 donensi
2233 5592 2440 5664 synodo
2486 5591 2779 5662 suscipere,
2816 5590 2918 5646 nisi
2945 5590 3011 5647 de
3052 5590 3163 5645 sola
3196 5588 3298 5646 ﬁde
3337 5582 3544 5662 gestum

1963 5687 2167 5753 fuerat,
2209 5686 2636 5748 demonstraret,
2686 5683 2860 5739 eidem
2910 5672 3114 5755 synodo
3156 5672 3425 5750 scribens,
3477 5686 3553 5740 ait

1964 5778 2157 5849 (Epist.
2189 5778 2323 5849 b'l):
2360 5775 2426 5833 Ut
2464 5786 2518 5831 et
2564 5775 2795 5830 fraterna
2840 5774 3177 5842 universitas,
3213 5772 3266 5834 et
3310 5776 3549 5832 omnium

1965 5869 2201 5927 ﬁdelium
2245 5870 2404 5926 corda
2446 5878 2805 5939 cognoscant,
2838 5885 2943 5927 nou
2989 5872 3161 5927 solum
3203 5887 3298 5943 per
3338 5868 3552 5937 fratres,
