4076 6348
532 390 634 451 7ίο

1863 350 2155 442 mm
2175 383 2372 442 eam
2412 382 2454 439 ll

3708 369 3820 430 720

535 491 627 559 qui
657 488 826 542 vicem
861 501 1034 541 meam
1062 486 1269 541 executi
1300 491 1453 550 sunt,
1488 483 1580 539 sed
1613 484 1770 537 etiam
1804 498 1897 551 per
1926 496 2117 550 appro-
2143 487 2194 544 Α
2222 492 2313 535 aut
2343 478 2549 533 violare
2574 489 2757 531 eorum
2789 488 2907 544 qua:
2934 470 3002 528 ab
3030 488 3093 528 ea
3127 482 3268 529 recte
3298 480 3422 527 sunt
3448 478 3505 527 et
3534 469 3825 525 inviolabi-

534 582 807 637 bationem
835 589 1107 650 gestorum
1148 578 1480 649 synodalium
1528 578 1795 646 propriam
1842 577 2112 629 vobiscum

538 671 705 728 inisse
733 672 1053 727 sententiam
1072 715 1087 739 ,
1119 670 1172 723 in
1202 670 1310 724 sola
1342 667 1589 724 videlicet
1618 666 1741 722 ﬁdei
1768 682 1945 730 causa,
1977 664 2118 735 quod

538 778 684 832 smpe
722 762 1004 818 dicendum
1033 772 1134 816 est.
1171 760 1289 830 (Qui
1326 773 1453 829 ergo
1495 760 1613 813 unit
1656 772 1779 811 cum
1826 755 2121 810 Chalcedo-

536 856 691 910 nensi
719 854 925 924 synodo
964 854 1018 907 in
1058 853 1170 907 sola
1220 852 1340 906 ﬁdei
1387 866 1546 906 causa
1589 859 1901 914 convocata,
1930 858 2119 903 cuncta

540 963 659 1017 quae
688 948 797 1002 illic
825 946 1128 1015 specialiter
1163 955 1311 1015 gesta
1339 952 1491 1008 sunt,
1520 958 1579 998 se
1612 942 1795 1013 procul
1837 941 2001 995 dubio
2028 955 2122 995 ex-

538 1050 783 1095 traneum
808 1026 1158 1094 demonstrat.
1188 1037 1319 1091 Hine
1343 1046 1429 1089 est
1450 1052 1658 1090 rursum
1684 1034 1824 1103 quod
1848 1048 1966 1087 cum
1998 1046 2125 1102 prae-

538 1133 649 1187 fato
678 1132 921 1187 Anatolio
958 1133 1023 1186 de
1062 1131 1371 1200 recipiendo
1411 1129 1589 1184 Attico
1634 1128 1949 1197 presbytero
1992 1124 2125 1178 scri-

536 1225 682 1294 bere,
717 1225 845 1279 dicit
870 1223 1062 1295 (Epist.
1095 1223 1183 1291 77)
1213 1239 1227 1275 :
1261 1221 1333 1277 Ita
1361 1231 1417 1277 ut
1444 1219 1897 1275 Chalcedonensis
1930 1214 2122 1287 synodi

537 1316 898 1370 definitionem
931 1314 998 1369 de
1048 1314 1171 1379 ﬁde,
1202 1314 1284 1369 eui
1321 1315 1481 1367 etiam
1513 1310 1727 1366 dilectio
1757 1319 1841 1363 tua
1873 1304 2119 1361 subscri-

534 1406 709 1462 bendo
735 1404 1041 1469 consensit,
1070 1419 1227 1474 quam
1258 1402 1566 1472 apostolicae
1597 1400 1739 1455 sedis
1774 1398 2004 1452 ﬁrmavit
2034 1412 2127 1450 au—

536 1499 785 1563 ctoritas,
812 1497 1128 1567 proﬁteatur
1165 1511 1225 1550 se
1268 1510 1364 1563 per
1388 1493 1567 1548 omnia
1613 1492 1993 1557 servaturum.)
2022 1487 2123 1554 Qui

534 1588 988 1644 Chalcedonensis
1019 1586 1210 1659 synodi
1247 1585 1618 1641 deﬁnitionem
1663 1584 1863 1646 dicens,
1895 1580 2128 1651 Vigilan-

535 1691 620 1737 ter
661 1682 858 1745 etiam,
894 1679 962 1734 de
1012 1678 1136 1742 ﬁde,
1179 1691 1284 1732 non
1323 1676 1572 1741 adderet,
1619 1674 1722 1729 nisi
1761 1688 1968 1735 causas,
2007 1688 2126 1741 qua:

535 1771 654 1826 illic
699 1769 1005 1840 specialiter
1050 1778 1208 1821 mota:
1259 1766 1497 1830 fuerant,
1547 1764 1885 1833 reprobasset
1935 1760 2125 1831 (solam

2225 574 2344 628 liter
2385 569 2654 641 deﬁnita.)
2686 571 2752 623 At
2781 569 2939 637 longe
2979 576 3061 623 est
3087 568 3254 633 aliud,
3307 582 3415 621 non
3465 578 3627 636 posse
3674 578 3825 618 com.

2226 667 2431 724 moveri
2454 681 2514 720 ea
2538 680 2655 734 qua:
2686 664 2901 719 decreta
2926 670 3069 727 sunt,
3095 670 3151 717 et
3177 678 3281 715 non
3310 675 3470 731 posse
3491 656 3828 714 commoveri

2222 775 2284 816 ea
2318 775 2437 828 quae
2467 767 2612 814 recte
2643 768 2696 812 et
2726 754 3120 823 inculpabiliter
3147 763 3271 811 sunt
3290 755 3530 809 decreta.
3560 751 3833 807 Sciebant

2223 851 2369 906 enim
2408 851 2501 904 viri
2549 849 2867 915 doctissimi,
2907 862 2968 903 ea
2997 863 3115 917 quae
3148 846 3257 901 illic
3292 856 3438 915 gesta
3489 844 3707 899 fuerant
3755 841 3825 896 de

2235 943 2412 998 causis
2465 942 2805 1010 specialibus,
2862 956 2892 994 a
2948 940 3344 1009 praedecessore
3394 946 3584 992 nostro
3645 935 3833 989 Leone

2231 1044 2445 1104 recepta
2471 1034 2780 1089 omnimodo
2820 1049 2926 1088 non
2956 1032 3151 1090 fuisse;
3191 1042 3245 1088 et
3285 1031 3483 1086 idcirco
3513 1028 3833 1084 cautissime

2229 1125 2495 1190 scribunt,
2528 1125 2851 1179 commoveri
2882 1132 2972 1179 aut
2998 1123 3182 1178 violari
3217 1138 3334 1191 quae
3370 1131 3519 1177 recte
3557 1120 3632 1175 ab
3677 1134 3745 1174 ea
3781 1128 3835 1174 et

2228 1218 2628 1287 inculpabiliter
2658 1217 2879 1271 deﬁnita
2922 1225 3068 1284 sunt,
3102 1231 3206 1269 non
3238 1214 3456 1279 deberi;
3510 1228 3580 1269 ne
3628 1212 3673 1266 si
3695 1226 3835 1267 cun-

2227 1320 2310 1365 cta
2347 1311 2666 1364 conﬁrmare
2696 1326 2754 1364 se
2784 1310 3046 1373 dicerent,
3083 1308 3363 1364 sententia:
3392 1320 3537 1374 saepe
3560 1304 3663 1358 fati
3692 1319 3833 1373 prm-

2227 1402 2530 1456 decessoris
2572 1402 2739 1454 nostri
2794 1400 2988 1455 Leonis
3045 1401 3344 1455 obviarent.
3412 1396 3567 1454 Unde
3613 1407 3669 1450 et
3722 1396 3831 1451 illic

2228 1492 2373 1546 illico
2414 1491 2741 1561 subjungunt
2772 1508 2787 1545 :
2822 1491 2895 1546 ιω
2940 1494 3212 1561 sapiamus
3254 1504 3487 1559 semper,
3521 1489 3666 1544 sicut
3690 1488 3829 1557 sapit

2228 1582 2520 1652 apostolica
2549 1581 2910 1637 Romanorum
2938 1582 3080 1637 sedis
3103 1579 3388 1651 Ecclesia.)

2307 1676 2369 1730 V.
2411 1675 2540 1731 Post
2570 1677 2684 1731 haec
2722 1691 2933 1747 quoque
2976 1678 3221 1745 exempla
3254 1676 3497 1745 ejusdem
3525 1674 3828 1745 praedeces-

2232 1770 2372 1825 soris
2401 1769 2569 1825 nostri
2596 1769 2791 1824 Leonis
2818 1770 2882 1823 ad
2929 1770 3181 1824 Basilium
3213 1770 3529 1839 episcopum
3578 1769 3825 1823 testimo-

536 1863 886 1918 nihilominus
916 1861 1207 1928 exciperet)
1238 1856 1316 1939 (a)
1346 1874 1465 1927 quae
1494 1858 1542 1913 ei
1572 1854 1912 1926 singulariter
1940 1850 2126 1919 displi-

2237 1862 2379 1916 uium
2416 1862 2687 1929 posuistis,
2732 1876 2838 1928 quo
2866 1861 2939 1915 ait
2967 1878 2980 1915 :
3008 1862 3247 1916 Obsecro
3271 1860 3627 1916 Dilectionem
3662 1871 3825 1926 tuam,

536 1964 743 2009 cerent.
783 1954 853 2007 At
892 1962 1176 2022 postquam
1225 1950 1355 2005 nihil
1398 1949 1541 2005 aliud
1585 1948 1807 2019 synodi,
1841 1946 1943 2000 nisi
1997 1943 2122 1999 ﬁdei

544 2045 913 2102 deﬁnitionem
961 2044 1197 2114 recepit:
1230 2043 1355 2112 quid
1396 2052 1479 2097 est
1522 2041 1697 2105 aliud,
1729 2040 1830 2095 nisi
1856 2038 1996 2109 quod
2022 2053 2127 2093 caa-

540 2146 652 2192 tera
683 2152 801 2207 quas
834 2135 939 2190 illic
978 2135 1281 2206 specialiter
1319 2143 1463 2188 mota
1496 2142 1650 2199 sunt,
1682 2131 1970 2188 refutavit?
2018 2129 2123 2185 Ne-

538 2244 639 2298 que
669 2229 810 2284 enim
842 2229 887 2284 si
917 2228 1101 2294 vellet,
1137 2242 1291 2281 unam
1324 2225 1694 2281 tantummodo
1718 2238 1936 2279 causam
1980 2235 2121 2289 pra:-

539 2320 628 2375 fati
672 2320 903 2375 Anatolii
947 2320 1336 2389 reprehendere
1380 2328 1676 2383 vereretur,
1716 2318 1805 2387 qui
1847 2315 1985 2370 hanc
2028 2329 2127 2369 suo

538 2412 737 2483 judicio
760 2427 865 2467 non
894 2414 1240 2481 approbatam
1258 2453 1273 2478 ,
1303 2420 1356 2465 et
1385 2408 1748 2466 serenissimis
1772 2406 2123 2478 principibus,

540 2516 596 2562 et
620 2509 826 2563 auctori
862 2507 978 2576 ejus
1016 2506 1189 2563 eidem
1236 2505 1481 2560 Anatolio
1510 2518 1617 2559 non
1646 2511 1729 2558 est
1758 2501 1962 2556 veritus
1991 2500 2128 2554 seri-

544 2601 649 2671 ptis
689 2602 1110 2657 discurrentibus
1156 2600 1416 2655 indicare.
1460 2598 1591 2654 Cum
1640 2612 1770 2652 vero
1820 2604 1875 2651 ct
1920 2594 1988 2649 de
2041 2593 2128 2647 illa

548 2692 771 2762 praefato
802 2692 1049 2748 Anatolio
1076 2692 1282 2763 private
1314 2691 1570 2759 loquitur,
1601 2700 1656 2745 et
1696 2703 1907 2744 rursum
1945 2686 2010 2739 ad
2041 2699 2131 2756 sy-

544 2786 745 2845 nodum
775 2786 1040 2851 scribens,
1065 2784 1207 2853 quod
1233 2783 1300 2838 de
1326 2782 1439 2838 sola
1475 2782 1578 2837 ﬁde
1606 2791 1813 2851 gestum
1843 2778 2041 2843 fuerat,
2071 2792 2130 2832 se

543 2878 789 2947 recipere
834 2877 1147 2941 conﬁtetur;
1178 2884 1394 2932 constat
1440 2874 1581 2945 quod
1619 2881 1675 2929 et
1714 2870 2019 2928 Anatolium
2063 2870 2129 2925 de

546 2973 763 3044 speciali
812 2972 1052 3029 criminis
1078 2986 1235 3028 causa
1265 2970 1567 3040 redarguit,
1596 2976 1653 3025 et
1690 2975 1882 3022 cuncta
1928 2964 2126 3032 privata

546 3066 786 3137 negotia,
836 3080 956 3135 quae
1005 3073 1151 3120 moto
1198 3065 1251 3118 in
1302 3062 1507 3135 synodo
1555 3062 1799 3129 fuerant,
1847 3055 2125 3113 retractari

541 3156 827 3213 concessit.

2235 1962 2292 2008 ut
2346 1952 2801 2008 Chalcedonensis
2851 1952 3042 2023 synodi
3096 1953 3497 2009 deﬁnitio-nibus
3558 1953 3617 2007 in
3684 1953 3830 2007 nullo

2231 2046 2468 2099 animum
2494 2045 2784 2110 relaxetis;
2808 2053 2862 2100 et
2882 2061 2999 2113 qua:
3024 2062 3089 2100 ex
3116 2046 3293 2100 divina
3320 2054 3444 2100 sunt
3469 2044 3831 2113 inspiratione

2232 2139 2553 2207 composita,
2615 2138 2761 2192 nulla
2816 2138 3089 2207 patiamini
3146 2139 3384 2193 novitate
3440 2136 3699 2193 temerari
3756 2140 3833 2203 (et

2232 2244 2445 2284 rursum
2476 2246 2487 2281 :
2520 2226 2587 2283 Ut
2612 2238 2789 2282 autem
2823 2229 2993 2297 possit
3020 2230 3135 2283 haec
3160 2229 3461 2284 exhortatio
3489 2228 3556 2282 ad
3586 2227 3829 2282 omnium

2233 2321 2458 2376 fratrum
2502 2329 2557 2375 et
2602 2321 3043 2390 coepiscoporum
3077 2322 3319 2376 notitiam
3369 2322 3675 2388 pervenire,
3706 2320 3829 2373 dili-

2235 2422 2427 2484 genter
2481 2423 2674 2469 vestrae
2724 2411 3095 2470 Fraternitatis
3149 2429 3275 2469 cura
3329 2412 3655 2484 perspiciat,
3710 2415 3826 2483 quia

2233 2505 2396 2577 (quod
2448 2521 2593 2576 saepe
2635 2505 2917 2561 dicendum
2964 2505 3065 2576 est)
3122 2514 3231 2560 tota
3276 2505 3461 2576 religio
3527 2504 3829 2560 Christiana

2240 2600 2508 2665 turbatur,
2539 2600 2585 2654 si
2612 2600 2898 2670 quidquam
2929 2599 2997 2655 de
3019 2598 3102 2655 his
3130 2615 3248 2669 qua
3269 2600 3408 2670 apud
3431 2599 3827 2655 Chalcedonem

2239 2692 2528 2747 constituta
2567 2700 2712 2758 sunt,
2753 2691 3132 2761 convellatur.)
3183 2691 3287 2748 Sed
3320 2702 3493 2747 utrum
3537 2692 3608 2747 de
3655 2692 3828 2748 causis

2238 2787 2591 2856 quarumdam
2636 2802 2983 2857 personarum
3023 2788 3365 2858 specialibus,
3410 2804 3476 2843 an
3525 2788 3593 2844 de
3633 2798 3827 2843 sancta:

2235 2877 2359 2933 ﬁdei
2381 2878 2697 2935 deﬁnitione
2719 2889 2945 2945 asserat,
2970 2880 3265 2951 inquiratur
3285 2881 3399 2949 ipse
3426 2880 3553 2950 quid
3578 2882 3829 2951 superius

2231 2973 2399 3040 dicat;
2435 2974 2507 3030 ait
2552 2977 2694 3030 enim
2735 2994 2749 3030 :
2785 2974 2909 3031 Haec
2950 2977 3146 3046 scripta
3185 2976 3397 3044 direxi,
3449 2977 3646 3047 quibus
3691 2976 3832 3033 Dile-

2233 3066 2473 3121 ctionem
2500 3078 2730 3122 vestram
2761 3067 2960 3124 credidi
2982 3070 3445 3135 commonendam,
3468 3080 3526 3124 ut
3553 3070 3831 3126 sceleratis

2231 3160 2450 3215 ausibus
2483 3170 2665 3215 sancta
2697 3162 2997 3216 constantia
3030 3161 3315 3227 resistatis,
3348 3177 3417 3217 ne
3458 3162 3510 3216 in
3554 3176 3824 3231 quoquam

617 3250 704 3303 ιγ.
746 3249 978 3303 Rursum
1030 3248 1082 3304 in
1140 3248 1342 3319 scripto
1399 3255 1578 3302 vestro
1637 3244 1995 3301 teStimonium
2064 3256 2128 3297 ac
2158 3238 2204 3302 C
2233 3258 2415 3304 nostra
2463 3250 2763 3304 communis
2812 3249 2945 3305 ﬁdes
2990 3258 3079 3305 aut
3128 3252 3332 3320 trepida
3376 3251 3702 3316 inveniatur,
3735 3262 3827 3304 aut

549 3342 850 3411 exemplum
880 3341 950 3396 de
979 3340 1231 3412 encycliis
1273 3339 1503 3409 ponitur,
1544 3336 1684 3413 quod
1714 3336 1863 3391 multi
1894 3332 2130 3404 episcopi

549 3433 705 3489 simul
733 3432 915 3488 dicunt
941 3450 954 3485 :
982 3431 1163 3502 Neque
1189 3446 1347 3486 unum
1381 3431 1486 3484 iota
1513 3428 1595 3485 vel
1618 3428 1822 3498 apicem
1855 3439 2133 3495 possumus

546 3538 638 3583 aut
664 3541 1028 3593 commovere,
1075 3534 1169 3580 aut
1212 3533 1539 3580 commutare
1597 3536 1782 3576 eorum
1831 3534 1948 3590 qua:
1995 3518 2134 3587 apud

545 3620 943 3678 Chalcedonem
972 3618 1189 3674 decreta
1219 3626 1360 3672 sunt.
1407 3615 1526 3686 (Cui
1554 3612 1696 3667 aliud
1726 3625 1937 3682 quoque
1985 3608 2136 3664 testi-

551 3711 789 3769 monium
832 3709 985 3781 quasi
1020 3724 1084 3763 ex
1127 3708 1311 3763 eadem
1341 3705 1566 3777 epistola
1594 3703 1961 3773 subjunxistis,
1993 3698 2137 3771 quod

551 3811 803 3867 videlicet
830 3806 1065 3865 Anatolii
1093 3801 1694 3874 ConsrantinOpolitanae
1725 3798 1869 3855 urbis
1900 3795 2135 3866 episeom

551 3918 672 3959 esse
729 3916 839 3956 non
883 3900 1101 3956 dubium
1144 3910 1248 3963 est,
1288 3911 1394 3968 quo
1426 3897 1502 3951 ait
1552 3896 1669 3949 :De
1714 3886 2138 3948 Chalcedonensi

545 4009 674 4050 vero
725 4002 908 4048 sancta
958 3990 1165 4063 synodo
1210 3991 1352 4059 dico,
1402 3986 1653 4059 quoniam
1692 3986 1865 4055 ipsum
1896 3997 2136 4054 quaerere

548 4084 788 4149 omnino,
837 4091 929 4138 aut
975 4081 1256 4138 revolvere
1298 4079 1499 4147 aliquid
1543 4092 1729 4133 eorum
1776 4092 1895 4147 qua:
1923 4074 1993 4129 ab
2022 4074 2136 4144 ipsa

549 4175 700 4229 ﬁnita
731 4182 876 4242 sunt,
919 4174 1195 4228 hominum
1237 4181 1321 4229 est
1359 4170 1724 4227 insidiantium
1769 4168 2138 4224 tantummodo

551 4265 825 4331 Ecclesiis,
856 4275 913 4320 et
960 4264 1247 4320 universali
1278 4263 1478 4320 Christi
1525 4261 1687 4332 paci.)
1721 4261 1774 4315 ln
1804 4275 1911 4330 quo
1938 4256 2137 4314 revolvi

549 4367 605 4414 et
656 4357 883 4412 convelli
933 4355 1235 4428 prohibeat,
1297 4356 1411 4425 ipse
1464 4354 1774 4423 subjungat;
1832 4353 1906 4406 ait
1949 4350 2133 4407 enim:

551 4449 775 4519 Quando
807 4450 1106 4520 apostolica
1139 4449 1352 4517 quidem
1385 4458 1436 4502 et
1469 4456 1685 4517 paterna
1732 4445 1977 4516 dogmata
2007 4443 2135 4499 olim

552 4545 706 4600 nobis
737 4544 952 4609 tradita,
986 4545 1037 4599 in
1069 4559 1133 4600 eo
1160 4543 1408 4598 roborata
1446 4549 1572 4596 sunt
1601 4551 1759 4610 atque
1792 4541 2020 4594 ﬁrmata.
2056 4537 2136 4611 (Si

2236 3342 2433 3411 tepida.
2496 3343 2620 3411 (Qui
2674 3343 2835 3413 igitur
2891 3344 3306 3399 admonitionem
3362 3344 3641 3399 servanda:
3701 3344 3819 3399 ﬁdei

2236 3440 2528 3510 prtemisit,
2561 3441 2650 3495 ubi
2687 3440 2943 3496 custodiri
2968 3440 3227 3511 synodum
3253 3439 3441 3504 voluit,
3463 3440 3739 3494 indicavit.
3771 3439 3825 3495 Si

2240 3542 2417 3585 autem
2448 3533 2499 3585 in
2532 3531 2691 3602 hujus
2711 3530 2949 3600 epistolae
2972 3530 3309 3586 sermonibus
3334 3531 3676 3601 ambigimus,
3709 3545 3825 3585 eum

2236 3637 2303 3677 ex
2345 3622 2461 3677 aliis
2502 3622 2614 3677 suis
2655 3622 2896 3693 epistolis
2925 3636 3031 3691 quo
3061 3637 3222 3677 sensu
3249 3621 3363 3677 hac
3389 3622 3615 3688 dixerit,
3649 3624 3830 3691 requi-

2247 3727 2450 3767 ramus.
2498 3713 2767 3768 Marciano
2817 3727 3044 3783 namque
3082 3715 3321 3784 Augusto
3361 3713 3561 3783 scripta
3596 3730 3696 3769 sua
3735 3730 3826 3783 pro

2249 3804 2436 3859 eadem
2466 3804 2672 3874 synodo
2702 3804 2955 3873 dirigens,
2989 3804 3062 3857 ait
3087 3803 3279 3874 (Epist.
3306 3803 3395 3873 59)
3432 3823 3445 3857 :
3479 3806 3561 3861 Ad
3590 3805 3825 3862 Gloriam

2240 3909 2475 3956 vestram
2506 3910 2559 3955 et
2588 3899 2654 3953 ad
2685 3899 3326 3968 Constantinopolitanum
3371 3900 3664 3954 antiStitem
3694 3902 3824 3955 scri-

2243 4001 2329 4062 pta
2359 3990 2559 4057 direxi,
2589 4006 2707 4059 quae
2736 3990 3009 4046 evidenter
3038 3992 3404 4056 ostenderent,
3451 4007 3559 4058 me,
3603 4008 3725 4061 qua:
3763 3993 3827 4049 de

2244 4086 2351 4141 ﬁde
2392 4085 2652 4141 catholica
2700 4086 2752 4140 in
2798 4086 3053 4156 praedicta
3091 4088 3297 4157 synodo
3336 4087 3554 4142 deﬁnita
3595 4088 3822 4151 fuerant,

2241 4178 2589 4249 approbare.)
2620 4177 2722 4244 Qui
2752 4178 2795 4232 si
2835 4188 3054 4233 cunctas
3082 4188 3137 4235 et
3170 4179 3433 4249 speciales
3458 4194 3649 4235 causas
3678 4180 3821 4251 ejus-

2242 4270 2364 4326 dem
2408 4270 2598 4342 synodi
2647 4270 2869 4339 recepit,
2912 4286 3007 4325 cur
3057 4286 3120 4325 ea
3160 4287 3221 4327 se
3259 4273 3557 4342 approbare
3600 4289 3725 4344 qua:
3762 4274 3827 4328 de

2240 4364 2504 4420 catholica
2537 4363 2642 4420 ﬁde
2664 4366 2716 4418 in
2750 4364 3001 4433 praedicta
3042 4363 3251 4435 synodo
3280 4364 3497 4420 deﬁnita
3526 4378 3677 4432 sunt,
3712 4380 3828 4435 spec

2241 4456 2450 4512 cialiter
2498 4456 2737 4511 asserit?
2788 4455 3016 4511 Rursum
3065 4471 3278 4525 quoque
3330 4456 3553 4526 praefato
3607 4458 3827 4526 principi

2244 4546 2486 4602 scribens
2512 4544 2706 4619 (Ibid.)
2748 4565 2760 4600 :
2807 4545 2939 4615 Quia
2968 4547 3217 4602 omnibus
3256 4549 3429 4604 modis
3476 4549 3829 4604 obediendum

553 4640 710 4709 igitur
752 4632 1113 4693 insidiantium
1145 4646 1228 4692 est
1260 4636 1535 4691 hominum
1564 4633 1849 4705 apostolica
1883 4633 2132 4703 dogmata
2162 4631 2217 4691 D
2239 4650 2321 4697 est
2346 4641 2594 4710 potestati
2628 4638 2857 4712 [pietati]
2891 4646 3083 4693 vestra:
3109 4646 3163 4694 et
3192 4639 3614 4710 religiosissima;
3646 4643 3830 4694 νοιυιι-

552 4741 606 4786 et
638 4742 856 4799 paterna
883 4731 1205 4796 convellere,
1249 4729 1338 4798 qui
1376 4730 1558 4783 eadem
1590 4737 1805 4797 paterna
1837 4734 1890 4779 et
1916 4733 2135 4794 aposto-

556 4823 655 4877 lica
685 4824 932 4893 dogmata
957 4822 1164 4877 illibata
1189 4823 1476 4892 recipiunt,
1506 4828 1712 4875 constat
1738 4818 1922 4887 procul
1949 4816 2134 4881 dubio,

555 4915 676 4984 quia
707 4913 1025 4969 insidiantes
1052 4931 1156 4968 non
1201 4924 1348 4967 sunt.
1398 4912 1645 4983 Ejusdem
1694 4926 1921 4979 namque
1946 4908 2136 4982 synodi

557 5005 717 5061 ﬁdem
764 5005 1132 5060 intemeratam
1188 5004 1299 5059 Deo
1341 5013 1557 5059 auctore
1605 5003 1916 5070 retinemus,
1968 5009 2023 5055 et
2059 5000 2136 5055 sic

559 5101 763 5169 privata
810 5098 1018 5167 negotia
1066 5111 1186 5167 quae
1228 5097 1338 5151 illic
1384 5104 1530 5165 gesta
1585 5104 1730 5159 sunt,
1780 5109 1902 5149 cum
1955 5101 2141 5148 sancto

559 5190 953 5260 praedecessore
1001 5200 1186 5244 nostro
1216 5189 1396 5244 Leone
1446 5188 1802 5256 prarterimus,
1860 5194 1917 5240 ut
1957 5184 2146 5239 deﬁni-

562 5284 760 5338 tionem
792 5280 916 5337 ﬁdei
947 5280 1054 5336 illic
1081 5281 1363 5350 prolatam,
1419 5280 1687 5350 proposita
1738 5279 1896 5334 etiam
1950 5288 2142 5342 morte,

559 5388 918 5427 reservemus.
952 5372 1007 5427 ln
1051 5371 1368 5441 prtecedeuti
1396 5381 1573 5425 autem
1609 5370 1915 5425 testimonio
1944 5368 2142 5421 multo-

561 5478 678 5516 rum
710 5462 867 5518 simul
907 5465 1276 5532 episcoporum
1306 5470 1485 5517 utrum
1537 5461 1786 5525 dietator,
1816 5476 1882 5513 an
1912 5459 2145 5528 scriptor

559 5554 840 5620 erraverit,
868 5552 1212 5625 ignoramus;
1245 5569 1417 5624 neque
1443 5555 1585 5609 enim
1615 5556 1665 5608 in
1693 5555 1945 5625 encycliis
1970 5552 2142 5607 couti-

560 5654 739 5712 netur,
783 5651 842 5700 ut
883 5646 983 5714 ipsi
1026 5646 1078 5700 in
1131 5646 1346 5715 scriptis
1397 5647 1589 5700 vestris
1636 5645 1907 5715 posuistis.
1965 5645 2146 5715 Neque

561 5737 707 5791 enim
748 5738 855 5792 iota
902 5754 1063 5793 unum
1104 5748 1196 5794 aut
1235 5739 1439 5809 apicem
1485 5754 1766 5809 possumus
1810 5754 2147 5796 commovere

634 5870 716 5941 (ο)
743 5870 942 5929 Deesse
965 5873 1052 5929 his
1076 5875 1349 5945 quidpiam
1375 5876 1605 5932 videtur.
1636 5877 1809 5932 Hann.

2244 4734 2358 4797 tati,
2389 4732 2858 4787 constitutionibus
2891 4731 3264 4802 synodalibus,
3299 4746 3417 4800 quae
3444 4731 3575 4786 mihi
3603 4732 3674 4788 de
3704 4747 3831 4787 con-

2244 4824 2544 4879 firmatione
2595 4823 2720 4877 ﬁdei
2768 4824 3045 4880 catholica:
3093 4824 3410 4893 placuerunt
3450 4823 3625 4878 libens
3662 4826 3831 4894 adjeci

2245 4917 2571 4972 sententiam
2631 4931 2826 4971 meam.
2886 4917 2967 4988 (Si
3018 4931 3146 4987 ergo
3186 4915 3648 4971 conﬁrmationem
3712 4918 3830 4973 ﬁdei

2244 5011 2522 5067 Catholicae
2549 5011 2651 5067 sibi
2685 5012 2973 5082 placuisse,
3020 5012 3177 5082 eique
3218 5011 3533 5067 sententiam
3574 5010 3831 5081 adjecisse

2247 5103 2433 5158 astruit
2460 5120 2475 5170 ;
2524 5104 2578 5158 in
2624 5101 2730 5168 his,
2762 5104 2816 5158 in
2846 5105 3038 5172 quibus
3063 5102 3399 5159 conﬁrmatio
3428 5101 3551 5157 ﬁdei
3578 5116 3687 5157 non
3719 5100 3831 5169 fuit,

2247 5203 2465 5250 constat
2485 5194 2610 5263 quia
2639 5194 2961 5250 sententiam
2986 5212 3092 5250 non
3118 5195 3335 5266 adjecit.

2323 5284 2403 5337 Vl.
2446 5284 2635 5339 Adhuc
2680 5294 2858 5340 autem
2904 5300 2970 5341 ex
2996 5286 3239 5355 ejusdem
3286 5286 3427 5341 beati
3478 5286 3679 5341 Leonis
3720 5284 3829 5356 epi-

2251 5378 2390 5431 stola
2437 5379 2800 5434 testimonium
2840 5380 3054 5450 scriptis
3082 5381 3275 5435 vestris
3320 5379 3581 5445 inseritis,
3627 5396 3746 5449 qua:
3772 5380 3829 5435 ad

2254 5468 2507 5525 Basilium
2565 5471 2741 5525 dicit:
2775 5472 2869 5527 Pie
2915 5474 3069 5528 nobis
3121 5482 3176 5527 et
3230 5482 3539 5530 constanter
3585 5477 3829 5531 utendum

2254 5561 2482 5634 [Forsan
2533 5564 2839 5637 vivendum]
2897 5574 3017 5631 est,
3066 5566 3261 5621 nedum
3310 5569 3495 5623 talium
3552 5568 3832 5638 disputatio

2252 5654 2575 5720 admittitur,
2605 5671 2791 5711 eorum
2816 5672 2936 5727 quas
2960 5657 3215 5713 divinitus
3241 5659 3459 5714 deﬁnita
3486 5670 3632 5725 sunt,
3663 5670 3835 5715 aucto-

2254 5746 2396 5801 ritati
2426 5745 2732 5816 derogetur.
2763 5746 2830 5802 Et
2860 5746 2995 5804 infra
3026 5748 3175 5804 :Nec
3190 5750 3334 5806 enim
3358 5750 3589 5820 aliquam
3617 5750 3831 5823 [Forsan
