4076 6348
314 348 415 403 721

1564 345 1922 405 Εριετοωε
1963 347 2054 405 E'l‘
2093 345 2429 403 DECRETA.

3507 347 3612 402 722

318 460 385 515 ad
415 455 675 529 aliquam]
711 454 1151 525 disceptationem
1187 455 1344 525 plene
1379 454 1597 510 deﬁnita
1619 457 1918 513 revocanda
1949 460 1999 519 Δ
2029 468 2086 513 ut
2115 460 2182 514 ad
2208 470 2397 515 omnes
2424 458 2614 516 fratres
2640 460 2729 531 qui
2758 460 3186 517 Chalcedonensi
3214 461 3419 533 synodo
3440 462 3613 519 inter-

319 562 468 618 sunt,
520 565 588 604 ne
630 548 697 603 ad
740 547 1020 602 arbitrium
1064 547 1435 603 damnatorum
1468 547 1569 617 ipsi
1611 548 1679 604 de
1724 548 1804 603 his
1838 548 1919 602 vi-

327 648 555 705 deamur
588 643 883 711 ambigere,
930 656 1050 711 qua:
1094 640 1436 695 manifestum
1477 650 1560 695 est
1601 656 1701 710 per,
1740 642 1921 696 omnia

326 738 659 811 propheticis
698 746 753 792 et
790 735 1115 805 evangelicis
1146 743 1305 803 atque
1332 733 1643 802 apostolicis
1684 732 1919 788 auctori-

326 836 532 894 tatibus
554 846 875 888 consonare.
909 830 1061 898 (Quae
1099 838 1277 883 autem
1314 829 1397 883 vel
1428 828 1678 896 superius
1703 826 1923 882 deﬁnita

325 928 603 992 divinitus,
636 926 721 980 vel
751 924 973 979 inferius
1020 922 1176 991 plene
1215 922 1432 977 deﬁnita
1458 931 1687 987 asserat,
1713 936 1777 976 ex
1810 921 1924 989 ipsa

331 1021 418 1077 vel
452 1035 517 1075 ex
556 1018 675 1073 aliis
701 1016 818 1087 ejus
846 1014 1088 1083 epistolis
1120 1026 1293 1069 vestra
1328 1014 1659 1069 Frateroitas
1682 1021 1870 1081 penset
1910 1029 1923 1065 :

331 1115 387 1170 in
440 1111 635 1182 quibus
677 1123 949 1179 nunquam
999 1105 1249 1178 specialia
1300 1116 1450 1177 gesta
1492 1104 1923 1170 commemorari,

330 1206 426 1263 sed
455 1205 571 1260 sola
603 1216 724 1273 qua:
748 1201 817 1256 de
842 1200 948 1255 fide
969 1210 1093 1255 sunt
1124 1199 1329 1269 prolata
1357 1197 1663 1253 conﬁrmat.
1697 1196 1849 1252 Unde
1874 1194 1929 1250 in

334 1299 423 1355 his
448 1309 663 1368 quoque
688 1293 867 1349 verbis
897 1291 1183 1362 vigilanter
1204 1290 1532 1359 imprimitur
1576 1286 1803 1363 [Forsan
1833 1303 1932 1343 ex-

339 1385 643 1459 primitur],
687 1394 742 1440 et
779 1399 897 1455 qua:
939 1384 1095 1453 plene
1143 1382 1359 1438 deﬁnita
1405 1381 1599 1436 dixerit
1642 1379 1934 1435 attenditur

336 1480 569 1555 [Forsan
611 1474 958 1548 ostenditur],
1010 1490 1131 1529 cum
1177 1473 1307 1528 dicit
1338 1491 1350 1525 :
1387 1473 1460 1527 Ne
1490 1472 1557 1527 de
1589 1472 1668 1525 his
1699 1471 1828 1539 ipsis
1859 1471 1936 1525 vi-

338 1575 565 1629 deamur
611 1569 907 1640 ambigere,
954 1583 1073 1637 qua:
1116 1568 1457 1621 manifestum
1501 1574 1591 1620 est
1628 1581 1723 1633 per
1759 1563 1937 1618 omnia

333 1666 663 1743 propheticis
704 1674 758 1720 et
800 1663 1128 1734 evangelicis
1170 1672 1328 1729 atque
1364 1660 1675 1731 apostolicis
1701 1659 1937 1713 auctori-

335 1761 535 1816 tatibus
558 1755 905 1824 consonare.)
952 1756 1200 1818 Pensate,
1243 1767 1446 1823 qureso,
1500 1751 1693 1806 fratres
1737 1751 1941 1807 charis-

2026 550 2257 615 fuerunt,
2278 552 2472 620 scripta
2497 552 2804 623 dirigerem,
2828 553 3017 623 quibus
3040 554 3304 623 placuisse
3332 554 3463 609 mihi
3493 570 3615 625 qua

2027 658 2056 697 a
2091 646 2292 699 sanctis
2323 646 2578 701 fratribus
2608 646 2805 725 nostris
2834 648 2900 701 de
2938 648 3118 717 regula
3151 647 3272 702 ﬁdei
3302 648 3617 705 conﬁrmata

2025 746 2169 801 sunt,
2213 736 2665 793 demonstrarem.
2701 739 2863 810 (llinc
2893 740 3137 809 estquod
3182 739 3475 795 Pnlclieriae
3510 745 3619 794 Au-

2028 836 2199 898 gustae
2227 828 2421 883 iterum
2448 829 2709 893 scribens,
2740 832 2815 884 ait
2835 830 3027 902 (Epist.
3062 829 3155 901 58)
3182 849 3194 883 :
3224 831 3377 886 Circa
3400 831 3620 887 fratrem

2029 932 2210 975 autem
2259 936 2436 974 meum
2482 932 2850 977 veneratorem
2898 930 3135 976 Vestrum
3190 921 3457 976 lulianum
3504 920 3622 990 epi-

2030 1028 2251 1083 scopum
2296 1023 2549 1082 quantnm
2600 1014 2793 1070 debeat
2839 1014 3059 1070 credere
3110 1022 3285 1069 vestra
3343 1013 3613 1081 dignatio,

2032 1106 2340 1175 apostolica:
2361 1107 2501 1162 sedis
2524 1109 2785 1163 aestimate
2809 1107 3031 1179 judicio,
3058 1123 3178 1163 cum
3208 1108 3261 1162 in
3283 1121 3443 1162 causa
3474 1106 3623 1169 ﬁdei,

2033 1196 2117 1252 cui
2173 1198 2405 1266 gloriosa
2463 1198 2638 1253 Pietas
2695 1210 2871 1255 vestra
2918 1198 3234 1265 famulatur,
3291 1199 3459 1253 vicem
3521 1198 3625 1267 ipsi

2036 1302 2212 1341 meam
2241 1297 2465 1344 eatenus
2486 1289 2803 1362 delegarioi,
2834 1301 2890 1345 ut
2914 1292 2981 1346 ab
3007 1307 3067 1346 ea
3091 1308 3208 1362 quae
3228 1291 3381 1346 vobis
3402 1290 3628 1347 debetur

2038 1382 2379 1437 observantia
2424 1400 2530 1439 non
2576 1385 2851 1449 recedens,
2901 1402 2985 1440 me
3030 1385 3216 1441 Pietati
3247 1396 3440 1441 vestrae
3493 1400 3631 1454 pra:-

2038 1484 2256 1532 sentare
2301 1491 2404 1530 non
2452 1477 2705 1547 desinat.)
2755 1475 2982 1532 Causam
3025 1477 3220 1548 quippe
3267 1477 3387 1532 fidei
3430 1491 3631 1531 memo-

2041 1584 2186 1634 rans,
2238 1585 2596 1640 nequaquam,
2650 1570 2907 1636 Eatenus,
2957 1572 3179 1638 diceret,
3235 1570 3337 1626 nisi
3375 1569 3633 1641 quidquid

2043 1670 2192 1715 extra
2228 1661 2386 1716 ﬁdem
2420 1672 2687 1729 ageretur,
2716 1679 2779 1718 ex
2810 1664 3016 1734 synodo
3036 1665 3247 1719 excludi
3274 1664 3554 1719 voluisset.

2122 1754 2229 1809 VII.
2274 1757 2504 1810 Rursum
2564 1773 2658 1825 per
2707 1757 2989 1826 epistolam
3032 1766 3264 1813 vestram
3324 1757 3547 1823 dicitur,
3603 1769 3636 1810 a

342 1852 489 1918 simi,
526 1851 572 1906 si
603 1850 803 1916 scripta
848 1846 1116 1902 Theodori
1160 1845 1487 1915 pmpheticis
1536 1854 1588 1899 et
1618 1844 1942 1915 evangelicis
1970 1846 2019 1905 B
2048 1849 2175 1907 sede
2206 1848 2497 1919 apostolica
2526 1863 2622 1903 vos
2650 1849 2858 1914 doctos,
2887 1858 3046 1919 atque
3071 1849 3137 1903 ab
3186 1849 3383 1904 scrinio
3432 1855 3634 1903 sanctae

338 1958 503 2019 atque
532 1943 843 2013 apostolicis
873 1940 1281 1997 auctoritatibus
1318 1947 1638 2007 consonant,
1684 1953 1801 2006 qum
1853 1952 1939 1991 re-

341 2038 677 2108 demptorem
713 2043 956 2090 nostrum
1006 2032 1205 2100 iniquis
1253 2030 1473 2084 ausibus
1525 2030 1803 2083 Dominum
1848 2046 1975 2083 ue-.

340 2139 493 2201 gant.
538 2128 767 2183 Pensate
810 2126 858 2180 si
904 2124 989 2179 illa
1030 2122 1256 2192 epistola
1291 2121 1615 2191 pr0pheticis
1641 2130 1942 2190 etevange-

344 2219 465 2276 licis
536 2226 694 2289 atque
786 2215 1095 2287 apostolicis
1162 2213 1573 2268 auctoritatibus
1649 2226 1944 2267 consonare

344 2313 611 2378 videatur,
656 2313 705 2365 in
746 2324 850 2380 qua
878 2318 930 2364 et
956 2307 1126 2363 hostis
1158 2306 1411 2361 Ecclesia:
1453 2305 1732 2361 Nestorius
1761 2306 1948 2360 defen-

346 2404 509 2470 ditur,
541 2413 595 2459 et
624 2401 877 2457 defensor
906 2399 1167 2455 Ecclesiae
1195 2398 1429 2468 Cyrillus
1472 2405 1774 2450 accusatur.
1808 2396 1947 2450 Pen-

348 2507 466 2556 sate
493 2498 539 2553 si
564 2497 655 2553 illa
677 2494 991 2551 Theodoriti
1020 2493 1220 2563 scripta
1245 2490 1601 2561 propheticis,
1625 2489 1947 2560 evangelicis

352 2602 516 2659 atque
567 2586 879 2658 apostolicis
939 2582 1349 2639 auctoritatibus
1413 2590 1754 2649 consonant,
1830 2595 1949 2650 qua:

353 2685 501 2756 prius
548 2690 732 2737 contra
780 2690 980 2735 rectam
1024 2678 1184 2732 ﬁdem
1230 2676 1394 2744 edita,
1446 2674 1558 2744 ipse
1611 2674 1948 2743 postmodum

352 2788 646 2831 conversus
701 2772 949 2827 damnat.
1020 2769 1331 2823 Extremum
1392 2781 1603 2836 quoque
1656 2780 1799 2834 saepe
1858 2764 1952 2818 fati

352 2867 549 2925 Leonis
580 2865 648 2919 ad
677 2863 891 2919 Aetium
926 2860 1298 2931 presbyterum
1332 2857 1694 2912 testimonium
1729 2854 1948 2924 ponitis,

352 2974 458 3029 quo
505 2958 632 3012 ait“
668 2972 683 3009 :
716 2954 791 3010 Ne
837 2954 1067 3023 patiatur
1110 2953 1402 3021 sopitarum
1449 2964 1629 3003 rerum
1680 2959 1952 3001 certamen

353 3051 559 3116 afferri,
591 3063 817 3120 quarum
847 3053 1167 3100 retractator
1212 3058 1317 3099 non
1348 3038 1448 3097 nisi
1479 3042 1777 3111 sacrilegus
1809 3043 1956 3095 inve-

355 3148 519 3201 nitur.
572 3142 749 3214 (Quod
792 3141 860 3195 de
894 3138 1086 3210 quibus
1127 3138 1287 3192 rebus
1326 3145 1550 3200 astruat,
1594 3135 1661 3189 ad
1704 3134 1953 3190 eumdem

2044 1942 2326 2007 Ecclesiae,
2362 1940 2447 1995 cui
2482 1942 2591 1996 Deo
2630 1952 2849 2009 auctore
2899 1958 3218 2012 praesumus,
3267 1944 3633 2009 conﬁrmatos,

2042 2050 2114 2090 ne
2141 2034 2263 2088 huic
2300 2034 2375 2087 rei
2408 2048 2526 2103 qua:
2564 2035 2664 2089 sub
2695 2034 2794 2102 piae
2836 2036 3110 2090 memoria:
3151 2035 3451 2090 Justiniano
3492 2034 3641 2102 prin-

2045 2125 2163 2193 cipe
2214 2133 2362 2194 gesta
2413 2133 2529 2187 est,
2579 2124 2883 2178 consentire
2928 2123 3169 2179 debeatis
3222 2141 3236 2177 :
3291 2134 3449 2193 atque
3502 2122 3642 2179 hanc

2046 2215 2451 2285 Opitulationem
2480 2215 2809 2269 excusationi
2840 2224 3031 2269 vestrze
3060 2214 3345 2285 adjungifis
3370 2215 3637 2283 dicentes,

2048 2309 2187 2377 quod
2249 2309 2303 2362 in
2356 2321 2531 2361 causae
2589 2307 2850 2376 principio
2900 2316 2951 2361 et
2998 2306 3154 2361 sedes
3202 2306 3492 2376 apostolica
3546 2320 3643 2373 per

2051 2400 2299 2469 Vigilium
2337 2414 2548 2469 papam,
2582 2409 2633 2452 et
2664 2413 2851 2452 omnes
2891 2397 3199 2452 Latinarum
3241 2397 3641 2467 provinciarum

2051 2493 2326 2565 principes
2380 2492 2709 2547 damnationi
2781 2494 2939 2549 trium
3007 2494 3357 2562 capitulorum
3428 2493 3642 2548 fortiter

2053 2587 2388 2642 restiterunt.
2443 2586 2497 2639 ln
2539 2585 2733 2656 quibus
2763 2587 2942 2640 verbis
2977 2587 3322 2652 attendimus,
3367 2586 3509 2656 quod
3555 2600 3645 2641 res

2054 2692 2175 2746 qua:
2206 2691 2498 2745 provocare
2528 2692 2625 2731 vos
2656 2676 2723 2729 ad
2752 2692 3072 2732 consensum
3096 2678 3298 2743 debuit,
3323 2692 3353 2733 a
3376 2693 3663 2733 consensu'

2054 2785 2152 2824 vos
2178 2771 2291 2838 ipsa
2324 2770 2543 2823 divellit.
2574 2768 2745 2825 Latini
2771 2771 2965 2840 quippe
2998 2770 3239 2825 homines
3271 2780 3325 2825 et
3346 2768 3645 2825 Graecitatis

2061 2868 2261 2939 ignari,
2292 2867 2417 2921 dum
2448 2868 2681 2937 linguam
2714 2866 2982 2930 nesciunt,
3010 2880 3249 2920 errorem
3276 2865 3424 2920 tarde
3452 2879 3651 2934 cogno-

2060 2972 2290 3024 verunt;
2334 2972 2387 3013 et
2436 2968 2582 3013 tanto
2631 2960 2709 3013 eis
2752 2958 2981 3014 celerius
3022 2959 3168 3012 credi
3209 2957 3411 3022 debuit,
3451 2966 3650 3027 quanto

2059 3067 2245 3106 eorum
2272 3052 2591 3117 constantia,
2626 3065 2901 3121 quousque
2929 3066 3114 3106 verum
3159 3061 3564 3121 cognoscerent,
3617 3065 3651 3104 a

2064 3145 2355 3199 certamine
2408 3160 2511 3197 non
2564 3144 2797 3213 quievit;
2851 3157 3079 3212 quorum
3136 3156 3451 3197 consensum
3501 3149 3652 3195 certe

356 3225 567 3294 Aetium
600 3222 844 3290 scribens
868 3231 985 3303 ipse
1014 3231 1340 3295 manifestat,
1375 3230 1560 3285 dicens
1589 3229 1651 3263 ⁸*
1679 3247 1690 3281 :
1719 3229 1859 3282 Nihil
1880 3229 1948 3283 ab
1977 3223 2023 3284 C
2058 3234 2248 3310 [recte]
2278 3234 2610 3290 Fraternitas
2634 3244 2812 3287 vestra
2842 3230 3164 3301 deSpiceret,
3211 3233 3255 3287 si
3297 3246 3429 3285 ausu
3460 3230 3654 3300 praeci-

352 3330 663 3404 apostolicis
712 3343 945 3397 unquam
993 3335 1183 3395 potero
1241 3326 1449 3379 sentire
1501 3323 1796 3388 diversum,
1852 3336 1952 3376 nec

353 3441 385 3479 a
415 3441 532 3481 mea
558 3425 674 3495 ipse
695 3422 911 3479 deviare
940 3422 1245 3486 sententia;
1280 3430 1333 3474 et
1359 3419 1500 3489 quod
1531 3426 1718 3501 sancto
1746 3417 1949 3487 Spiritu

354 3517 634 3574 revelante
682 3515 965 3569 confessus
1022 3526 1164 3577 sum,
1224 3510 1473 3580 quodque
1522 3525 1733 3565 mecum
1791 3510 1954 3565 totius

355 3607 551 3681 synodi
599 3606 930 3677 professione
976 3604 1302 3674 praedicante
1357 3603 1604 3671 patefeci,
1644 3602 1819 3671 aliqua
1857 3616 1952 3655 va-

359 3702 553 3760 rietate
578 3709 905 3757 commutem
939 3714 953 3752 :
986 3712 1105 3752 cum
1139 3695 1347 3751 facilius
1377 3696 1507 3751 mihi
1536 3698 1605 3751 sit
1631 3696 1958 3765 quibuslibet

354 3802 411 3850 et
454 3792 724 3863 suppliciis
773 3790 842 3845 ab
896 3790 997 3843 hoc
1035 3788 1236 3843 mundo
1278 3787 1521 3851 auferri,
1578 3801 1733 3856 quam
1786 3786 1854 3841 ab
1893 3802 1957 3841 ea

360 3900 523 3957 quam
573 3884 901 3955 generaliter
939 3880 1167 3947 credidi,
1225 3880 1559 3949 professione
1608 3879 1848 3949 mutari.)
1900 3880 1957 3934 Si

360 3992 492 4048 ergo
517 3985 710 4031 cuncta
754 3991 843 4031 res
869 3988 988 4044 qua:
1031 3970 1312 4027 retractari
1362 3986 1471 4024 non
1520 3970 1699 4034 debet,
1733 3969 1846 4023 sola
1877 3984 1959 4023 esr

368 4071 642 4143 professio
675 4069 820 4134 ﬁdei,
847 4070 938 4123 ille
957 4073 1276 4122 retractator
1306 4080 1484 4119 rerum
1514 4064 1617 4119 erit
1641 4065 1956 4134 sacrilegus,

365 4165 462 4236 qui
492 4162 814 4234 professioni
837 4161 956 4232 ejus
985 4160 1148 4216 fuerit
1178 4160 1441 4214 diversus.
1484 4159 1617 4214 Nam
1645 4160 1785 4229 quod
1818 4160 1957 4214 idem

358 4257 550 4315 beatus
582 4257 690 4313 Leo
710 4257 878 4312 solam
903 4258 958 4310 in
994 4252 1202 4325 synodo
1244 4252 1633 4322 professionem
1660 4253 1783 4306 fidei
1814 4268 1961 4305 sum-

362 4369 453 4409 mo
482 4352 677 4408 ardore
698 4350 990 4416 custodiat,
1017 4346 1312 4403 innumeris
1341 4345 1580 4415 epistolis
1604 4345 1957 4409 demonstrat,

360 4459 429 4501 ex
460 4444 655 4513 quibus
698 4456 869 4513 pauca
916 4440 1151 4494 breviter
1200 4436 1628 4507 perstringimus,
1681 4447 1737 4490 ut
1782 4437 1831 4489 in
1882 4437 1960 4489 eis

363 4536 564 4590 certior
591 4534 733 4589 facta
766 4541 944 4588 vestra
990 4530 1322 4585 Fratetnitas
1363 4530 1577 4598 colligat
1607 4543 1765 4598 quam
1798 4527 1959 4582 multa

2059 3331 2175 3400 piti,
2211 3330 2519 3399 priusquam
2550 3342 2736 3383 verum
2770 3336 3182 3396 cognoscerent,
3210 3327 3648 3381 consensissent:

2060 3432 2115 3477 at
2142 3432 2418 3491 postquam
2449 3420 2537 3475 diu
2568 3420 2634 3475 ab
2664 3421 2741 3475 eis
2774 3420 3071 3475 laboratum
3104 3428 3208 3486 est,
3240 3426 3293 3473 et
3319 3418 3479 3487 longo
3511 3427 3652 3473 tem-

2060 3531 2191 3586 pore
2236 3517 2301 3569 ad
2350 3515 2576 3586 injurias
2622 3531 2791 3586 usque
2837 3520 3119 3581 certatum,
3154 3511 3281 3568 hinc
3310 3523 3486 3567 vestra
3519 3512 3648 3567 Fra-

2060 3610 2287 3664 ternitas
2316 3618 2501 3678 penset
2530 3610 2655 3679 quia
2703 3618 2781 3663 tot
2820 3608 3029 3663 labores
3076 3616 3297 3677 repente
3341 3621 3447 3660 non
3489 3606 3655 3661 relin«

2062 3712 2310 3771 queri-nt,
2342 3700 2443 3755 nisi
2473 3716 2592 3769 qua:
2620 3716 2744 3755 vera
2774 3701 2879 3754 sint
2906 3702 3271 3770 agnovissent.
3324 3698 3459 3765 Quid
3508 3698 3653 3752 enim

2062 3796 2226 3849 divini
2276 3794 2482 3849 consilii
2538 3792 2706 3849 fuisse
2756 3793 3048 3859 credimus,
3098 3791 3311 3859 fratres,
3369 3788 3510 3860 quod
3559 3788 3654 3844 diu

2063 3890 2280 3944 Saulum
2339 3888 2682 3956 omnipotens
2726 3887 2867 3941 Deus
2914 3895 3326 3955 repugnatorem
3370 3898 3480 3938 sua:
3526 3881 3653 3936 fidei

2065 3997 2187 4037 esse
2236 3979 2497 4050 permisit,
2550 3990 2603 4035 et
2650 3980 2729 4033 sic
2772 3995 2893 4034 cum
2935 3993 3046 4033 sum
3091 3978 3212 4032 fidei
3248 3977 3653 4047 przedicatorem

2064 4074 2213 4141 fecit,
2246 4075 2346 4128 nisi
2374 4082 2431 4127 ut
2456 4074 2684 4141 cunctis,
2719 4072 2913 4143 quibus
2944 4087 3035 4142 per
3076 4072 3225 4126 illum
3260 4070 3431 4126 fuerat
3458 4068 3657 4139 praedi-

2064 4179 2304 4233 caturus,
2336 4166 2665 4231 ostenderet,
2694 4166 2818 4236 quia
2848 4166 3002 4220 valde
3030 4180 3214 4220 verum
3245 4173 3329 4218 est
3358 4162 3451 4218 Dei
3476 4162 3657 4217 Evan-

2063 4262 2282 4332 gelium,
2318 4260 2456 4330 quod
2502 4269 2557 4315 et
2598 4270 2741 4314 tanta
2772 4260 2963 4315 duritia
3010 4259 3262 4315 inclinata
3314 4261 3652 4329 praedicaret,

2066 4365 2123 4407 ut
2148 4353 2273 4407 dum
2304 4368 2364 4406 ea
2393 4353 2665 4408 auditores
2710 4355 2826 4422 ejus
2867 4369 2987 4423 quae
3015 4353 3082 4407 ab
3111 4353 3199 4407 illo
3240 4362 3422 4407 contra
3470 4354 3653 4410 fideles

2066 4456 2216 4516 gesta
2250 4447 2567 4511 recolerent,
2604 4454 2824 4513 repente
2867 4460 2986 4499 eum
3017 4445 3082 4497 ad
3114 4444 3269 4499 ﬁdem
3299 4456 3512 4497 versum
3547 4458 3655 4498 non

2067 4540 2185 4593 sine
2211 4539 2443 4594 evidenti
2486 4538 2694 4591 ratione
2734 4536 3038 4593 sentirent?
3094 4534 3245 4589 Unde
3288 4534 3403 4602 ipse
3442 4548 3657 4603 quoque

368 4637 659 4682 taceamus.
700 4625 836 4679 llinc
856 4633 941 4679 est
963 4625 1104 4677 enim
1127 4622 1267 4693 quod
1298 4622 1623 4676 Marcianum
1657 4626 1948 4692 Augustum

2068 4632 2191 4687 dum
2216 4632 2650 4702 praedicationem
2681 4645 2831 4682 suam
2858 4629 3054 4683 debere
3085 4627 3237 4682 facile
3260 4627 3326 4681 ab
3350 4626 3659 4680 inﬁdelibus

365 4720 567 4790 scripto
616 4732 714 4775 suo
769 4717 1081 4786 alloquitur,
1136 4714 1325 4769 dicens
1371 4714 1566 4785 (Epist.
1617 4714 1709 4785 59)
1747 4733 1758 4767 :
1792 4715 1961 4770 Fratri

373 4822 554 4869 autem
605 4826 726 4868 meo
779 4811 989 4866 Juliano
1047 4809 1302 4879 episeopo
1350 4810 1561 4864 noverit
1612 4819 1785 4864 vestra
1835 4811 1960 4866 Cle-

366 4907 567 4964 mentia
599 4906 701 4961 hoc
725 4920 813 4961 me
862 4904 1077 4976 proprie
1106 4903 1386 4975 delegasse
1438 4913 1495 4955 ut
1535 4902 1819 4973 quidquid]
1853 4903 1962 4958 illic

365 5002 433 5058 ad
466 5001 763 5056 custodiam
801 4999 928 5055 ﬁdei
958 4998 1224 5069 pertinere
1252 4997 1577 5067 probaverit,
1603 5010 1724 5052 meo
1748 4996 1963 5052 nomine

370 5104 564 5149 vestrae
597 5092 917 5149 ﬁducialiter
947 5098 1197 5161 suggerat
1228 5089 1498 5159 potestati.
1530 5088 1689 5159 (Hinc
1718 5091 1961 5157 estquod

367 5185 666 5243 Pulcheriae
695 5185 947 5255 Augusta:
979 5182 1240 5247 scribens,
1287 5184 1361 5235 ait
1393 5179 1585 5251 (Epist.
1629 5180 1722 5248 60)
1756 5197 1769 5233 :
1811 5181 1960 5246 Quod

369 5294 498 5335 vero
547 5278 818 5349 piissimus
865 5275 1159 5345 imperator
1197 5273 1264 5328 ad
1304 5288 1493 5329 omnes
1540 5274 1822 5343 episcopos
1869 5274 1962 5343 qui

369 5370 799 5429 Cbafeedonensi
826 5366 1035 5440 synodo
1063 5367 1442 5432 interfuerunt,
1484 5368 1651 5422 voluit
1688 5382 1773 5423 me
1825 5368 1961 5423 scri-

371 5475 461 5539 pta
491 5465 744 5536 dirigere,
772 5463 969 5534 quibus
998 5476 1059 5518 ea
1089 5476 1208 5533 qua:
1233 5461 1341 5518 illic
1370 5462 1438 5517 de
1468 5461 1592 5517 ﬁdei
1622 5464 1810 5532 regula
1840 5473 1964 5518 sunt

370 5559 592 5617 deﬁnita
618 5558 915 5625 ﬁrmarem,
950 5556 1181 5613 libenter
1219 5556 1479 5626 implevi.)
1532 5556 1665 5612 Hinc
1706 5566 1792 5613 est
1820 5556 1962 5626 quod

370 5654 587 5711 Juliano
630 5653 884 5724 episcopo
912 5651 1178 5717 scribens,
1205 5651 1335 5707 dicit
1368 5668 1383 5706 :
1416 5652 1570 5718 Quod
1607 5654 1965 5709 necessarium

373 5750 601 5807 credidit
629 5747 1082 5804 clementissimus
1121 5748 1434 5819 imperator,
1466 5748 1696 5805 libenter
1725 5749 1963 5815 implevi,

447 5885 478 5919 ἰ
502 5881 615 5938 Non
638 5888 813 5938 exstat
838 5879 953 5936 htec
982 5879 1201 5949 epistola

2070 4730 2238 4798 recipi
2274 4730 2499 4783 Domino
2528 4727 2752 4787 diceret,
2786 4724 2858 4777 ait
2895 4741 2909 4777 :
2942 4722 3181 4788 Domine,
3220 4722 3321 4791 ipsi
3347 4722 3513 4775 sciunt
3536 4721 3661 4788 quia

2069 4836 2162 4891 ego
2195 4836 2333 4873 eram
2364 4816 2675 4872 concludens
2704 4817 2758 4868 in
2797 4830 3023 4881 carcere,
3058 4823 3102 4867 et
3133 4814 3332 4868 caedens
3367 4829 3458 4883 per
3497 4828 3659 4883 syna-

2072 4929 2227 4986 gogas
2276 4928 2360 4966 eos
2398 4911 2483 4979 qui
2536 4908 2806 4964 credebant
2856 4910 2907 4962 in
2948 4918 2994 4962 te
3045 4908 3183 4978 (Act.
3226 4904 3381 4977 χχιι).
3435 4906 3657 4961 Etcum

2074 5003 2310 5067 Galatas,
2359 5003 2545 5056 relicta
2590 5000 2863 5071 Evangelii
2895 5000 3102 5071 regula,
3134 4999 3185 5055 in
3215 4999 3474 5055 Judaismi
3522 5012 3657 5053 con-

2072 5098 2306 5167 spiceret
2325 5110 2564 5152 errorem
2587 5094 2907 5159 declinasse,
2933 5107 3082 5148 suam
3107 5094 3184 5148 eis
3210 5093 3443 5161 priorem
3470 5099 3657 5146 contra

2074 5190 2416 5259 Evnngelium
2464 5188 2712 5242 duritiam
2756 5187 2954 5251 retulit,
2998 5196 3051 5241 et
3091 5186 3159 5240 ab
3208 5184 3505 5240 intentione
3533 5197 3657 5253 per-

2071 5284 2207 5338 fidiae
2248 5298 2433 5337 eorum
2466 5290 2676 5336 mentes
2720 5280 2958 5346 retorsit,
3006 5278 3229 5334 dicens:
3259 5276 3488 5330 Audistis
3532 5291 3660 5334 con-

2069 5376 2406 5431 versationem
2451 5389 2618 5427 meam
2658 5371 2936 5442 aliquando
2981 5370 3034 5422 in
3074 5368 3372 5433 Judaismo,
3412 5367 3659 5439 quoniam

2068 5485 2225 5540 supra
2269 5466 2476 5521 modum
2524 5464 2858 5535 perseQuebar
2902 5461 3186 5516 Ecclesiam
3233 5459 3346 5527 Dei,
3392 5472 3439 5515 et
3490 5476 3659 5527 expu-

2069 5558 2289 5631 gnabam
2342 5557 2530 5621 illam;
2588 5564 2633 5609 et
2687 5553 3015 5626 proﬁciebam
3066 5552 3117 5605 in
3173 5550 3446 5605 Judaismo
3498 5566 3658 5620 supra

2080 5652 2264 5704 multos
2306 5658 2586 5705 cowtaneos
2628 5664 2765 5700 meos
2808 5647 2861 5699 in
2896 5661 3079 5717 genere
3120 5661 3255 5713 meo,
3312 5644 3658 5699 abundantius

2077 5744 2341 5798 wmulator
2387 5742 2603 5795 existens
2646 5748 2973 5809 paternarum
3026 5754 3252 5794 mearum
3299 5737 3653 5799 traditionunt.

2150 5881 2211 5915 ”
2232 5879 2412 5952 Neque
2440 5878 2553 5936 haec
2571 5877 2746 5936 adhuc
2768 5889 2959 5939 exstat.
