4076 6348
520 334 626 391 ηδ

1878 342 1962 397 PE
1973 340 2154 398 LAGII
2190 340 2400 399 PAPAS
2442 343 2487 399 II

3711 354 3822 411 γει

520 455 650 514 Cum
678 464 848 511 autem
870 459 1064 527 placuit
1090 461 1136 515 ei
1160 463 1249 530 qui
1276 477 1358 517 me
1382 463 1663 537 segregavit
1684 460 1748 515 de
1770 470 1914 515 utero
1936 461 2111 515 matris
2138 462 2193 526 Α
2219 457 2499 513 dicentes:
2543 458 2791 514 Doctrina
2833 470 3027 516 vestrae
3056 462 3372 519 reverenda
3418 464 3564 521 sedis
3595 473 3683 521 est
3727 484 3823 539 per

518 566 667 616 metu,
697 560 744 604 et
774 554 966 607 vocavit
994 570 1086 625 per
1113 555 1331 625 gratiam
1358 572 1524 618 suam,
1556 564 1610 607 ut
1640 555 1883 609 reuelaret
1914 553 2111 608 Filium

517 660 669 699 suum
705 645 760 699 in
798 661 898 710 me,
937 657 993 698 ut
1022 646 1425 717 euangelizarem
1444 648 1591 701 illum
1617 648 1669 701 in
1698 647 1953 718 gentibus,
1982 664 2111 701 con-

519 738 666 791 tinuo
704 752 809 792 non
851 740 1081 809 acquievi
1117 742 1264 795 carni
1303 751 1349 795 et
1386 742 1649 813 sanguini.
1710 741 1867 805 Ecce,
1920 741 2112 797 fratres

516 828 849 895 charissimi,
885 831 1079 886 Paulus
1106 835 1353 904 egregius
1384 834 1588 900 doctor,
1622 834 1743 903 quia
1775 835 1867 888 diu
1894 835 2110 889 veritati

517 923 744 989 restitit,
785 924 911 979 inde
955 924 1023 979 ad
1073 926 1436 981 conﬁrmanda
1479 927 1641 983 corda
1683 927 2011 981 audientium
2056 929 2107 982 in

516 1016 760 1086 ejusdem
795 1018 1175 1086 prmdicatione
1201 1020 1441 1074 veritatis
1472 1020 1793 1089 adjutorium
1836 1022 2064 1091 sumpsit
2094 1039 2109 1077 :

511 1108 808 1177 ostendens
834 1109 1093 1178 proiecto,
1117 1114 1241 1181 quia
1265 1112 1442 1174 ﬁdem.
1468 1113 1553 1167 cui
1584 1123 1730 1169 tanto
1751 1116 1900 1185 prius
1928 1116 2110 1171 labore

514 1200 807 1269 restiterat,
844 1203 1184 1271 postmodum
1214 1205 1333 1262 sine
1362 1221 1567 1276 magnae
1611 1207 1837 1263 rationis
1883 1209 2107 1263 certitu-

512 1292 643 1351 dine
661 1310 767 1350 non
794 1298 1034 1353 terrebat.

584 1385 721 1442 VIII.
767 1388 940 1445 Debet
964 1405 1095 1460 ergo
1132 1391 1462 1459 perpendere
1490 1401 1670 1447 vestra
1705 1393 1948 1460 Dilectio,
1981 1395 2107 1465 quia

510 1478 970 1551 praedecessorum
1023 1490 1329 1537 nostrorum
1378 1484 1430 1537 in
1478 1486 1575 1539 hac
1617 1500 1777 1540 causa
1809 1501 2109 1541 consensus

512 1581 664 1627 tanto
690 1582 811 1642 post
837 1573 1013 1629 inanis
1044 1576 1304 1643 nonfuit,
1328 1587 1527 1645 quanto
1550 1578 1694 1646 prius
1721 1579 1870 1635 duris
1894 1590 2106 1635 contra—

511 1666 811 1722 dictionum
844 1669 1114 1723 laboribus
1156 1670 1444 1723 insudavit.
1493 1670 1599 1725 Sed
1631 1672 1714 1726 his
1755 1674 1973 1744 insuper
2029 1674 2107 1729 fa-

508 1766 657 1812 ctum
687 1757 854 1824 Petri,
880 1759 1040 1827 quiet
1069 1759 1287 1814 Paulum
1309 1772 1544 1830 superat,
1568 1776 1742 1818 vestra
1774 1764 2102 1823 Fraternitas

2219 551 2436 605 beatum
2469 551 2729 619 Leonem,
2781 568 3235 627 successoresque
3284 557 3425 627 ejus,
3467 561 3611 616 unde
3651 579 3819 631 pauca

2215 655 2643 700 commemorare
2658 661 2885 714 praesum
2894 648 3119 717 psimus.
3137 658 3405 704 mortuum
3424 652 3494 706 ab
3508 651 3819 711 hominibus

2215 736 2457 791 damnari
2506 737 2809 794 nullatenus
2850 749 3137 809 oportere;
3174 741 3252 813 (et
3293 752 3471 798 tamen
3524 745 3671 799 nulla
3706 747 3817 815 ejus

2216 829 2521 885 testimonia
2573 831 2909 900 subdidistis,
2956 834 3156 903 quibus
3184 836 3323 889 hanc
3351 840 3677 892 sententiam
3731 840 3817 892 ﬁr-

2214 924 2459 977 maretis.
2490 922 2702 978 Etenim
2732 940 2851 993 qua:
2881 939 2908 977 a
2954 925 3105 981 vobis
3132 926 3419 997 subjuncta
3448 939 3598 996 sunt,
3652 940 3817 983 retra-

2213 1013 2503 1068 ctationem
2534 1014 2659 1071 ﬁdei
2690 1015 2805 1072 ﬁeri
2848 1016 3155 1087 prohibent,
3208 1034 3317 1073 non
3343 1031 3524 1075 autem
3573 1022 3817 1078 damnari

2212 1106 2458 1165 inﬁdeles
2480 1119 2722 1167 mortuos
2763 1114 3167 1169 contradicunt.
3200 1114 3305 1171 Sed
3338 1132 3512 1187 neque
3555 1117 3665 1173 hoc
3696 1119 3817 1173 bea-

2213 1206 2326 1253 tum
2376 1199 2612 1257 Leonem
2648 1204 3102 1270 prtedecessorem
3138 1217 3380 1263 nostrum
3426 1212 3665 1279 quodam
3700 1210 3817 1266 loco

2213 1289 2414 1348 dixisse
2434 1296 2796 1353 meminimus.
2822 1295 2953 1365 Quis
2974 1308 3149 1355 autem
3173 1302 3395 1366 nesciat,
3420 1303 3567 1373 quod
3593 1304 3647 1358 in
3672 1306 3817 1358 nullo

2212 1382 2315 1437 sibi
2346 1384 2586 1452 ejusdem
2619 1385 2817 1444 Leonis
2862 1398 2919 1444 et
2976 1390 3116 1447 beati
3169 1394 3449 1464 Augustini
3500 1396 3815 1465 prmdicatio

2210 1478 2593 1533 contradicat?
2631 1480 2749 1549 Ipse
2778 1497 3010 1554 namque
3040 1486 3106 1539 ad
3165 1486 3499 1542 Bonifacium
3559 1489 3813 1546 comitem

2212 1569 2479 1637 scribens,
2510 1573 2587 1626 ait
2612 1572 2803 1644 (Epist.
2838 1575 2930 1643 50,
2957 1593 3073 1647 sup.
3096 1578 3217 1633 colt.
3250 1577 3307 1648 5)
3338 1594 3352 1633 :
3381 1579 3440 1635 Si
3472 1594 3604 1636 vera
3634 1594 3810 1637 essent

2209 1678 2327 1733 quae
2358 1663 2427 1718 ab
2447 1665 2527 1720 eis
2549 1666 2758 1736 objecta
2790 1678 2918 1723 sunt
2957 1669 3268 1739 Caeciliano,
3300 1683 3355 1729 et
3375 1673 3559 1749 .nobis
3592 1686 3812 1745 possent

2210 1757 2498 1827 aliquando
2539 1762 2851 1828 monstrari,
2905 1765 3079 1833 ipsum
3124 1765 3235 1835 jam
3284 1777 3557 1822 mortuum
3593 1771 3813 1825 anathe-

509 1855 576 1909 δά
627 1856 939 1911 memoriam
985 1858 1225 1913 reducat,
1278 1858 1375 1913 Diu
1424 1860 1619 1929 quippe
1664 1862 1879 1931 τρειίιίι,
1925 1879 1992 1918 ne
2037 1864 2101 1918 ad
2136 1860 2183 1921 Β
2210 1854 2610 1908 matizaremus.
2636 1855 2738 1910 Sed
2770 1864 2950 1911 tamen
2976 1857 3274 1913 Ecclesiam
3303 1859 3530 1929 Christi,
3563 1875 3688 1930 qua:
3712 1878 3810 1917 non

510 1948 672 2001 ﬁdem
702 1957 891 2018 gentes
921 1958 1105 2004 sancta
1128 1949 1366 2005 Ecclesia
1397 1952 1515 2006 sine
1542 1954 1949 2010 circumcisione
1972 1958 2102 2011 reci-

510 2053 683 2112 peret,
726 2042 816 2097 diu
848 2057 906 2098 se
943 2058 973 2098 a
1014 2058 1392 2098 conversurum
1443 2048 1679 2116 gentium
1724 2050 2103 2105 communione

508 2126 798 2200 Subtraxit,
860 2136 1027 2191 Paulo
1075 2146 1383 2204 attestante,
1432 2139 1523 2209 qui
1569 2140 1687 2193 ait:
1725 2138 1853 2195 Cum
1893 2144 2105 2197 venisset

508 2228 851 2295 Antiochiam,
900 2230 955 2283 in
1002 2230 1188 2299 faciem
1222 2230 1267 2283 ei
1305 2232 1487 2294 restiti,
1535 2232 1655 2302 quia
1695 2234 2105 2301 reprehensibilis

505 2331 638 2376 erat.
682 2320 838 2375 Prius
878 2323 1015 2376 enim
1063 2340 1216 2393 quam
1263 2324 1486 2377 venirent
1525 2324 1731 2394 quidam
1776 2328 1837 2378 ab
1885 2326 2100 2394 Iacobo,

504 2434 620 2471 cum
646 2418 875 2489 gentibus
897 2419 1108 2484 edebat;
1140 2436 1255 2473 cum
1288 2430 1459 2474 autem
1480 2422 1751 2487 venissent,
1779 2425 2106 2479 subtrahebat

505 2528 581 2575 se,
622 2513 803 2564 timens
842 2527 925 2564 eos
959 2513 1048 2580 qui
1089 2528 1152 2565 ea:
1193 2513 1579 2567 circumcisione
1622 2525 1767 2567 erant
1806 2514 2005 2595 (Galat.
2039 2520 2099 2587 ι).

506 2604 575 2657 Et
623 2604 781 2671 paulo
828 2612 951 2672 post
1003 2620 1015 2656 :
1067 2602 1135 2655 Et
1189 2619 1304 2656 cum
1350 2606 1583 2657 vidissent
1637 2608 1775 2674 quod
1827 2624 1927 2660 non
1973 2619 2105 2662 recte

505 2696 791 2749 ambularet
835 2696 904 2747 ad
953 2697 1211 2748 veritatem
1254 2697 1522 2767 euangelii,
1574 2698 1685 2751 dixi
1733 2698 1887 2753 Petro
1932 2718 2101 2754 coram

507 2786 745 2844 omnibus
786 2803 805 2841 :
846 2786 909 2842 Si
949 2798 1004 2840 tu
1026 2767 1163 2839 .cnm
1208 2786 1426 2842 Iudaeus
1476 2790 1566 2851 sis,
1614 2791 1867 2859 gentiliter
1906 2800 1953 2845 et
2000 2810 2103 2846 non

507 2879 717 2949 iudaice
762 2878 920 2943 vivis,
968 2880 1221 2949 quomodo
1261 2889 1432 2951 gentes
1476 2883 1612 2952 cogis
1652 2883 1956 2954 judaizare?
2001 2883 2099 2951 Qui

507 2958 688 3027 tamen
715 2970 782 3025 ab
810 2970 999 3026 eodem
1033 2971 1198 3025 Paulo
1229 2972 1565 3040 postmodum
1595 2975 1801 3026 ratione
1827 2984 2098 3042 suscepta,

506 3062 634 3119 dum
666 3064 926 3134 quosdam
956 3064 1291 3133 conspiceret
1320 3065 1407 3134 qui
1441 3063 1666 3133 gentiles
1704 3064 1769 3118 ad
1804 3064 2097 3120 Ecclesium

506 3157 785 3212 venientes
832 3157 1070 3227 pondere
1108 3159 1386 3212 servandae
1430 3158 1851 3214 circumcisiouis
1894 3174 2099 3213 onera-

2211 1947 2456 2018 litigiosis
2486 1948 2832 2019 opinionibus
2856 1952 3095 2023 tingitur,
3130 1954 3225 2008 sed
3259 1954 3458 2009 divinis
3509 1958 3813 2011 attestatio-

2164 2040 2369 2094 ‘nibus
2424 2044 2849 2111 comprobatur,
2910 2052 3133 2113 propter
3187 2046 3485 2117 quemlibet
3537 2046 3809 2104 hominem

2208 2134 2512 2201 relinquere
2542 2151 2646 2190 non
2670 2136 2952 2192 debemus.
2979 2136 2999 2207 )
3028 2137 3167 2193 Ecce
3194 2139 3453 2194 mirabilis
3483 2142 3814 2212 praedicator

2213 2234 2267 2279 et
2294 2228 2608 2283 scissionem
2644 2228 2902 2284 Ecclesia:
2942 2240 3161 2300 propter
3187 2230 3463 2286 hominem
3488 2242 3661 2299 vetat,
3692 2235 3811 2288 etsi

2207 2336 2312 2389 qua
2342 2337 2597 2389 perversa
2629 2322 3019 2391 deprehendat,
3076 2339 3195 2377 eum
3244 2338 3403 2391 quem
3445 2324 3669 2393 publice
3720 2325 3810 2381 de-

2207 2411 2462 2468 fendebat
2491 2412 2863 2482 Carcilianum,
2893 2428 2950 2469 se
2979 2415 3139 2469 etiam
3176 2424 3299 2485 post
3328 2424 3556 2471 mortem
3590 2418 3809 2473 anathe-

2209 2508 2464 2563 matizare
2489 2523 2592 2561 non
2623 2509 2873 2577 abnegat,
2906 2510 3029 2577 quia
3061 2507 3310 2563 videlicet
3346 2518 3473 2562 tunc
3504 2508 3807 2563 viventibus

2207 2616 2335 2656 vere
2355 2600 2688 2665 consulatur,
2734 2614 2856 2654 cum
2908 2600 3063 2668 culpa
3112 2600 3164 2655 in
3213 2599 3318 2655 ﬁde
3358 2610 3669 2671 perpetrata
3719 2615 3811 2657 nec

2208 2704 2384 2765 morte
2416 2692 2808 2747 interveniente
2830 2691 3063 2747 laxetur.
3089 2692 3144 2748 Si
3193 2706 3322 2746 vero
3349 2690 3451 2746 hoc
3481 2690 3806 2755 faciendum,

2207 2785 2389 2840 dicere
2417 2784 2644 2840 fortasse
2673 2784 3067 2857 praesumimus,
3121 2784 3223 2838 hoc
3253 2783 3435 2848 procul
3482 2782 3655 2837 dubio
3684 2782 3807 2836 faci-

2206 2895 2349 2946 mus,
2383 2879 2525 2949 quod
2578 2878 2695 2934 fieri
2734 2888 3001 2933 velamus.
3028 2876 3369 2933 Theodorum
3420 2876 3623 2947 quippe
3672 2893 3810 2931 mor-

2206 2981 2357 3026 tuum
2384 2980 2570 3028 sancta
2604 2970 2840 3046 synodus
2863 2971 3032 3041 prima
3059 2970 3325 3041 Ephesina
3348 2969 3628 3023 damnavit
3663 2968 3804 3038 (Act.

2205 3064 2307 3133 vi).
2340 3064 2471 3119 Nam
2498 3080 2620 3120 cum
2648 3066 2714 3118 ab
2737 3064 2855 3133 ejus
2876 3050 3430 3133 discipuliS'dictatum
3454 3062 3524 3135 ab
3542 3062 3636 3117 illo
3661 3078 3806 3131 sym-

2204 3154 2385 3211 bolum
2438 3155 2623 3223 eadem
2672 3155 2878 3226 synodo
2914 3156 3105 3210 fuisset
3143 3155 3432 3226 prolatum,
3464 3153 3611 3208 illico
3643 3154 3753 3208 illic
3779 3168 3807 3207 a

506 3256 649 3313 rent,
696 3244 825 3301 dicit
862 3266 871 3298 :
908 3246 1013 3301 Cur
1059 3250 1265 3302 tentotis
1311 3248 1497 3313 Deum,
1554 3249 1873 3317 imponentes
1916 3252 2105 3321 jugum
2133 3245 2177 3306 C
2212 3248 2411 3301 sanctis
2436 3247 2681 3301 Patribus
2701 3262 2822 3301 cum
2856 3256 3074 3302 auctore
3118 3247 3433 3301 damnatum
3464 3254 3571 3301 est.
3597 3245 3666 3301 Et
3694 3247 3807 3315 ψή-

507 3341 781 3393 cervicibus
840 3341 1241 3409 discipulorum,
1291 3342 1427 3409 quod
1478 3358 1641 3410 neque
1697 3352 1869 3410 patres
1921 3346 2103 3407 nostri,

506 3448 664 3501 neque
701 3448 792 3484 nos
823 3443 1029 3503 portare
1059 3434 1319 3503 potuimus
1348 3432 1485 3502 (Act.
1517 3434 1651 3501 xv)?
1699 3432 1969 3503 Nunquid,
1999 3432 2108 3489 fra-

507 3533 623 3579 tres
680 3526 1003 3591 lectissimi,
1080 3526 1234 3579 Petro
1298 3526 1665 3595 apostolorum
1723 3529 1949 3597 principi
2007 3529 2106 3582 sibi

506 3618 783 3673 dissimilia
816 3619 1029 3673 docenti
1063 3618 1244 3672 debuit
1281 3620 1344 3670 ad
1391 3618 1508 3672 haec
1538 3618 1703 3673 verba
1743 3620 2107 3689 responderi?

506 3710 634 3765 Ilarc
660 3728 775 3779 quae
798 3711 955 3774 dicis,
980 3712 1165 3764 audire
1193 3725 1296 3763 non
1323 3724 1624 3777 possumus,
1658 3711 1777 3779 quia
1808 3712 1950 3765 aliud
1983 3722 2105 3768 ante

506 3803 852 3873 praedicasti?
896 3803 952 3857 Si
1002 3804 1162 3871 igitur
1191 3804 1243 3855 in
1288 3802 1448 3856 trium
1476 3801 1836 3870 capitulorum
1870 3805 2099 3874 negotio,

506 3884 652 3948 aliud
694 3912 812 3949 cum
847 3896 1047 3948 veritas
1089 3904 1443 3961 quzereretur,
1491 3894 1633 3948 aliud
1675 3903 1856 3949 autem
1891 3895 2103 3949 inventa

507 3987 759 4052 veritate,
791 3988 993 4041 dictum
1024 3996 1124 4050 est,
1154 4000 1251 4041 cur
1276 3989 1501 4042 mutatio
1531 3988 1812 4043 sententia:
1842 3989 1965 4043 huic
1992 3993 2100 4043 sedi

506 4081 561 4135 in
586 4080 813 4134 crimine
844 4079 1115 4149 objicitur,
1140 4095 1260 4150 qua:
1286 4095 1314 4131 a
1345 4089 1535 4134 cuncta
1563 4080 1803 4134 Ecclesia
1830 4082 2102 4137 humiliter

507 4174 564 4228 in
612 4172 729 4240 ejus
770 4180 992 4225 auctore
1024 4171 1342 4225 veneratur?
1385 4171 1499 4225 Non
1541 4172 1684 4225 enim
1728 4173 1950 4225 mutatio
1980 4187 2103 4227 sen-

508 4265 715 4328 tentiae,
749 4263 842 4318 sed
869 4262 1225 4316 inconstantia
1257 4277 1449 4317 sensus
1481 4263 1531 4316 in
1563 4263 1717 4329 culpa
1744 4272 1847 4320 est.
1879 4263 2102 4331 Quando

506 4369 637 4425 ergo
668 4356 732 4410 ad
774 4354 1139 4425 cognitionem
1186 4354 1339 4416 recti,
1380 4354 1604 4408 intentio
1648 4354 2101 4411 incommutabilis

505 4458 840 4522 permaneat,
883 4447 1012 4519 quid
1041 4446 1256 4516 obstat,
1282 4447 1327 4502 si
1368 4448 1720 4519 ignorantiam
1750 4463 1898 4502 suam
1941 4449 2096 4504 dese-

506 4561 658 4609 rens,
690 4544 849 4602 verba
896 4542 1203 4612 permutet?
1244 4542 1317 4597 De
1347 4542 1465 4611 ipso
1496 4557 1708 4613 quoque
1736 4552 1955 4597 auctore
1986 4558 2100 4597 om-

2214 3340 2333 3394 dem
2366 3340 2465 3408 ipsi
2497 3342 2667 3397 sancti
2724 3340 2905 3396 Patres
2948 3342 3000 3395 in
3051 3341 3242 3397 eadem
3274 3341 3481 3412 synodo
3510 3341 3809 3397 residentes

2212 3432 2277 3485 ad
2312 3433 2592 3486 Dominum
2612 3434 2720 3501 jam
2746 3432 2947 3501 recepti
2977 3441 3121 3499 sunt,
3149 3442 3429 3502 postquam
3460 3431 3802 3486 Theodorum

2213 3525 2579 3580 damnavere:
2627 3533 2682 3579 et
2718 3524 2764 3579 si
2816 3523 3058 3579 damnari
3104 3534 3372 3579 mortuum
3412 3538 3518 3578 non
3556 3522 3804 3578 debuisse

2212 3618 2460 3683 dicimus,
2490 3618 2675 3687 procul
2701 3617 2868 3671 dubio
2894 3625 3134 3671 mortuos
3155 3629 3490 3679 accusamus,
3536 3624 3593 3669 ct
3616 3615 3802 3683 incipi-

2210 3726 2329 3763 mus
2355 3711 2712 3777 committere,
2774 3711 2913 3780 quod
2961 3710 3186 3765 nitimur
3216 3708 3531 3781 prohibere.
3571 3708 3680 3764 Sed
3712 3723 3803 3763 cur

2210 3804 2301 3858 diu
2334 3816 2387 3859 et
2424 3819 2544 3876 qua:
2573 3806 2742 3861 nostis
2788 3803 3096 3875 loquimur?
3138 3803 3391 3874 Ejusdem
3440 3802 3713 3859 Theodori
3740 3818 3801 3856 ex

2208 3894 2361 3949 libris
2384 3894 2523 3949 illius
2552 3895 2690 3949 dicta
2715 3896 3055 3964 replicemus.
3104 3894 3172 3949 Et
3210 3893 3253 3948 si
3289 3894 3469 3949 Jesum
3504 3892 3579 3964 (a)
3627 3891 3801 3947 Domi-

2209 4005 2333 4043 num
2361 4004 2422 4043 ac
2452 3988 2617 4043 Deum
2645 3997 2905 4055 nostrum,
2939 3989 3029 4059 qui
3058 3996 3179 4059 post
3200 3997 3423 4044 mortem
3451 3989 3662 4055 vivere,
3694 3989 3797 4041 imo

2208 4082 2331 4151 quia
2358 4080 2540 4135 vivere
2586 4081 2841 4146 creditur,
2870 4091 2991 4150 post
3018 4092 3243 4136 mortem
3292 4080 3610 4135 Theodorus
3654 4086 3796 4149 post-

2207 4177 2381 4244 posita
2405 4173 2739 4229 dubitatione
2766 4173 3065 4237 damnavit;
3090 4187 3263 4241 neque
3282 4173 3425 4227 enim
3456 4179 3641 4226 nostra
3670 4170 3799 4225 ﬁdes

2206 4268 2407 4335 patitur
2461 4273 2519 4317 ut
2565 4264 2656 4335 qui
2690 4273 2763 4318 tot
2814 4263 3166 4333 blasphemiis
3214 4263 3565 4332 Redemptori
3616 4274 3796 4319 nostro

2206 4355 2377 4412 hostis
2431 4358 2665 4422 exstitit,
2713 4372 2741 4410 a
2787 4357 2938 4411 vobis
3005 4355 3228 4436 ulterius
3280 4355 3627 4412 defendatur.
3686 4355 3800 4425 Ipse

2206 4452 2402 4522 quippe
2434 4438 2621 4504 contra
2672 4449 3033 4519 Apollinarem
3080 4450 3131 4504 in
3185 4448 3321 4505 libro
3373 4450 3536 4504 tertio
3580 4450 3799 4520 loquens

2206 4544 2277 4594 ait
2309 4539 2465 4612 (Sup.
2501 4541 2621 4594 coll.
2655 4538 2755 4610 4):
3448 4560 3451 4563 δ

506 4643 656 4699 nium
712 4642 821 4695 Deo
872 4640 1149 4709 Scriptura
1198 4646 1482 4692 attestante
1531 4637 1925 4705 cognoscimus,
1978 4636 2099 4705 quia
2130 4640 2185 4703 Ι)
2282 4633 2349 4687 Χ.
2397 4651 2415 4684 ι
2455 4633 2737 4700 Quomodo
2768 4632 2928 4704 igitur
2949 4639 3026 4697 tu,
3057 4631 3145 4687 cui
3172 4647 3337 4704 super
3355 4647 3544 4688 omnes
3567 4633 3799 4688 maxime

506 4734 633 4789 dum
679 4734 962 4789 consilium
1019 4749 1122 4786 non
1172 4740 1350 4785 manet
1410 4726 1637 4804 [Forsan
1688 4728 1899 4801 mutat],
1957 4744 2101 4798 szrpe

507 4827 830 4881 sententiam
880 4834 1081 4889 mutat;
1132 4838 1304 4892 neque
1350 4820 1490 4875 enim
1524 4821 1828 4890 inopinatus
1875 4822 1921 4875 ei
1972 4836 2098 4891 pro-

507 4928 701 4974 ventus
729 4925 1049 4981 accesserat,
1074 4930 1194 4969 cum
1225 4914 1293 4968 de
1319 4928 1383 4968 eo
1409 4928 1566 4983 quem
1599 4916 1714 4981 ipse
1744 4913 1869 4981 ungi
1902 4929 2101 4983 praece-

506 5018 681 5081 perat,
714 5008 924 5063 dicebat
958 5024 969 5058 :
1006 5006 1227 5061 Paenitet
1254 5021 1331 5057 nte
1364 5003 1577 5061 Saulem
1606 5006 1818 5059 tinxisse
1845 5022 2014 5076 regem
2042 5006 2099 5059 in

506 5084 680 5177 israel
710 5098 764 5173 (I
810 5101 935 5170 Reg.
974 5100 1091 5169 xv).
1132 5098 1245 5153 Hoc
1282 5098 1480 5167 quippe
1525 5113 1582 5151 se
1626 5098 1890 5153 facturum
1941 5101 2099 5155 etiam

510 5204 638 5249 tunc
670 5193 959 5263 praescivit,
992 5208 1112 5245 cum
1139 5206 1260 5245 eum
1285 5188 1433 5258 quasi
1457 5191 1801 5260 approbando
1833 5194 2097 5261 praetulit;

511 5304 612 5343 nec
642 5288 710 5341 ad
753 5286 1117 5356 pmnitentiam
1163 5285 1311 5355 quasi
1341 5286 1641 5354 inopinatus
1669 5285 1823 5340 dolor
1848 5289 2095 5351 accessit,

513 5381 607 5434 sed
653 5388 828 5435 tamen
874 5378 1135 5450 poenitere
1175 5392 1235 5432 se
1284 5376 1537 5446 insinuat,
1583 5378 1704 5449 quia
1748 5392 1851 5431 nou
1899 5388 2102 5433 mutato

514 5454 761 5539 consilio,
800 5487 860 5527 ea
890 5488 1009 5542 qua:
1051 5472 1249 5527 dudum
1294 5470 1498 5527 dixerat
1540 5470 1607 5525 de
1651 5471 1741 5525 illo
1773 5472 1935 5526 verba
1976 5487 2101 5543 per-

510 5573 702 5627 mutat.

585 5659 678 5714 IX.
720 5660 778 5714 In
834 5658 918 5714 his
971 5667 1153 5713 autem
1205 5657 1526 5713 testimOuiis
1578 5672 1698 5725 quae
1748 5673 1813 5711 ex
1862 5658 2102 5726 epistolis

510 5754 709 5812 Leonis
753 5751 1166 5823 praedecessoris
1218 5752 1385 5807 nostri
1442 5748 1730 5820 posuistis,
1777 5750 2105 5821 prmmisistis

2208 4727 2364 4782 decet
2392 4726 2952 4795 mentium‘regimen,
2989 4725 3137 4779 illum
3173 4726 3260 4796 qui
3296 4736 3366 4779 ex
3399 4724 3620 4795 Virgine
3648 4734 3799 4780 natus

2209 4827 2313 4884 est,
2348 4820 2511 4873 Deum
2539 4832 2680 4884 esse,
2712 4825 2767 4872 et
2812 4831 2876 4871 ex
2923 4812 3035 4870 Deo
3080 4815 3594 4871 consubstantialem
3654 4814 3798 4869 Patri

2210 4911 2507 4967 existimari
2537 4910 2694 4976 dicis,
2727 4909 2830 4964 nisi
2859 4906 3000 4964 forte
3028 4919 3212 4963 sancto
3238 4908 3460 4978 Spiritui
3480 4908 3626 4963 illius
3648 4921 3797 4962 crea-

2207 5007 2408 5059 tionem
2450 5003 2713 5072 imputare
2747 5016 2850 5056 non
2890 5001 3090 5070 jubes?
3134 5001 3240 5057 Sed
3285 5002 3402 5070 quis
3441 5009 3527 5055 est
3555 4998 3717 5063 Deus,
3747 5007 3801 5053 et

2206 5112 2272 5157 ex
2302 5096 2435 5165 Deo,
2486 5106 2539 5150 et
2583 5093 3054 5149 consubstantialis
3097 5092 3283 5147 Patri?
3330 5093 3381 5147 Is
3432 5092 3573 5147 idem
3612 5093 3702 5162 qui
3730 5106 3797 5145 ex

2208 5189 2428 5259 Virgine
2455 5199 2613 5243 natus
2642 5199 2778 5251 erat,
2813 5192 2828 5253 )
2860 5204 2891 5241 ο
2923 5187 3264 5241 mirandum!
3302 5184 3323 5255 )
3351 5196 3404 5241 et
3431 5187 3523 5256 qui
3559 5200 3655 5255 per
3684 5185 3801 5253 Spi-

2207 5284 2367 5337 ritum
2401 5291 2643 5337 sanctum
2676 5280 2969 5335 seCundum
2994 5280 3204 5335 divinas
3234 5280 3545 5349 Scripturas
3575 5281 3799 5349 plasma-

2209 5387 2294 5431 tus
2318 5386 2420 5445 est,
2453 5385 2506 5430 et
2551 5374 2926 5429 conﬁctionem
2973 5374 3023 5426 in
3055 5374 3301 5429 muliebri
3340 5372 3548 5440 accepit
3574 5369 3797 5426 ventre?

2212 5469 2389 5524 Inerat
2419 5469 2663 5532 forsitan,
2694 5468 2814 5538 quia
2843 5483 2966 5523 mox
3010 5483 3169 5537 quam
3201 5468 3497 5537 plasmatus
3528 5474 3631 5531 est,
3661 5475 3713 5520 et
3742 5473 3797 5518 ut

2213 5564 2472 5632 templum
2498 5562 2591 5617 Dei
2612 5574 2753 5618 esset
2775 5562 2983 5631 accepit
3006 5579 3018 5613 :
3044 5576 3149 5615 non
3173 5570 3349 5615 tamen
3373 5558 3793 5616 existimandum

2213 5656 2368 5711 nobis
2397 5664 2479 5711 est
2508 5655 2675 5710 Deum
2705 5655 2771 5710 de
2818 5654 3036 5723 Virgine
3082 5664 3265 5709 natum
3316 5667 3455 5708 esse.
3499 5672 3517 5705 ι
3568 5652 3633 5706 Et
3682 5659 3797 5719 post

2215 5763 2380 5818 pauca
2409 5766 2422 5803 :
2460 5765 2480 5800 ι
2512 5747 2622 5805 Nec
2642 5748 2935 5804 secundum
2961 5758 3104 5804 tuam
3134 5762 3318 5804 vocem
3343 5744 3793 5816 pronuntiandum

589 5868 667 5942 (a)
707 5869 881 5923 Locus
908 5874 1214 5936 corruptus.
1239 5864 1422 5933 Forte,
1448 5864 1802 5934 inspiciamus,
1824 5864 1867 5920 si
1892 5862 2092 5921 Iesum.
2131 5861 2305 5921 Hann.
