4076 6348
384 252 488 309 7ξὸ

1613 244 1978 317 ΕΡΰῖωῶ
2013 244 2104 309 ΕΤ
2144 247 2487 305 DECRETA.

3558 260 3667 323 736

381 384 488 442 est,
518 374 741 431 omnino
758 387 825 430 ex
852 370 1072 443 Virgine
1096 383 1279 429 natum
1301 374 1471 430 Deum
1490 386 1630 438 esse,
1655 377 1713 429 et
1735 385 1800 433 ex
1837 367 1971 435 Dee.
1998 366 2055 439 Δ
2081 366 2249 423 Deum
2277 368 2465 427 dicens
2496 370 2628 440 (non
2648 370 2794 437 enim
2815 376 3225 443 resurrectionis
3252 379 3476 443 scientia
3496 381 3668 440 doce.-

381 468 897 525 consubstantialem
916 468 1081 527 Patri.
1122 486 1141 521 I
1179 468 1245 523 Et
1266 476 1387 538 post
1417 481 1588 536 pauca
1619 481 1632 520 :
1670 484 1691 519 ι
1727 464 1784 525 Si
1811 463 1969 535 igitur

381 577 506 618 eum
527 575 689 616 carne
710 575 832 616 eum
856 568 1035 619 natum
1054 574 1177 615 esse
1197 561 1403 625 dicunt,
1426 559 1569 630 quod
1589 569 1771 617 autem
1788 568 1971 617 natum

384 667 491 724 est,
524 657 669 712 Deus
696 666 749 711 et
777 671 842 711 ex
892 655 1035 719 Deo,
1083 664 1138 712 et
1179 655 1650 712 consubstantialis
1694 656 1837 713 Patri
1864 667 1970 725 est,

382 763 612 807 necesse
636 758 722 805 est
762 759 818 804 et
847 748 949 805 hoc
975 764 1195 805 carnem
1239 749 1438 815 dicere,
1492 750 1636 819 quod
1661 750 1706 805 si
1736 766 1842 809 non
1871 749 1973 806 hoc

381 858 513 898 caro
539 851 641 911 est,
674 841 929 912 quoniam
973 856 1073 898 nec
1104 843 1265 907 Deus,
1304 856 1404 897 nec
1429 858 1517 897 ex.
1540 844 1669 909 Deo,
1720 857 1818 898 nec
1842 856 1978 900 oon-

386 935 760 990 substantialis
787 933 953 997 Patri,
986 933 1080 988 sed
1102 947 1169 988 ex
1201 931 1409 989 semine
1435 932 1625 998 David,
1657 943 1709 991 et
1736 934 1968 991 consub-

381 1026 655 1083 stantialis
680 1027 729 1081 ei
753 1026 905 1096 cujus
928 1041 1114 1082 semen
1139 1037 1257 1091 est,
1288 1042 1395 1082 non
1419 1027 1471 1081 id
1500 1025 1643 1096 quod
1681 1036 1865 1085 natum
1891 1036 1975 1084 est

380 1138 456 1178 ex
502 1120 742 1194 Virgine,
802 1118 967 1188 Deus,
1017 1128 1073 1175 et
1119 1136 1184 1178 ex
1244 1121 1372 1185 Deo,
1422 1128 1478 1175 et
1505 1120 1975 1178 consubstantialis

382 1213 551 1269 Patri.
590 1230 612 1265 ι

456 1306 525 1362 Ει
548 1313 670 1377 post
698 1317 866 1375 pauca
892 1320 908 1360 :
939 1321 961 1358 ι
994 1303 1110 1359 Non
1136 1303 1278 1359 Deus
1318 1303 1555 1361 Verbum
1581 1318 1647 1360 ex
1679 1303 1842 1361 Maria
1872 1321 1974 1363 na-

382 1408 473 1456 tus
496 1408 602 1467 est,
632 1408 790 1455 natus
812 1408 993 1455 autem
1013 1407 1097 1454 est
1125 1413 1191 1454 ex
1218 1397 1406 1464 Maria,
1432 1400 1522 1468 qui
1549 1413 1621 1455 ex
1649 1400 1856 1457 semine
1894 1408 1978 1457 est

381 1491 589 1560 David;
618 1507 725 1547 non
754 1491 897 1547 Deus
916 1488 1151 1546 Verbum
1172 1506 1242 1546 ex
1268 1492 1495 1546 muliere
1524 1498 1681 1547 natus
1715 1499 1820 1548 est.
1856 1510 1877 1545 ›
1908 1491 1977 1549 Et

382 1584 578 1641 iterum
605 1602 621 1639 :
658 1602 677 1636 r
711 1582 865 1652 Quod
895 1581 1131 1638 edictum
1158 1591 1241 1638 est
1267 1583 1411 1638 enim
1453 1582 1749 1637 Ducebatur
1774 1600 1808 1639 α
1852 1582 1977 1653 8.ρὲ-

2074 456 2165 523 bat
2191 467 2246 515 et
2278 458 2446 516 Deum
2471 476 2591 527 esse
2634 478 2757 531 eum
2783 467 2875 537 Qui
2925 470 3225 540 surrexit),
3248 475 3343 535 sed
3372 477 3523 546 quasi
3568 493 3668 548 pro

2078 558 2340 619 miraculo
2365 558 2509 623 facto
2540 559 2705 621 Deum
2728 562 3019 629 collaudat.
3052 581 3075 629 ι
3106 564 3364 637 Ejusdem
3396 570 3667 631 Theodori

2079 668 2144 710 ex
2176 664 2482 715 commento
2530 656 2674 725 quod
2720 668 2804 721 est
2857 658 2913 721 in
2940 659 3107 721 Actus
3134 665 3495 733 apostolorum
3527 667 3667 724 libro

2077 742 2253 813 primo
2287 762 2301 797 :
2336 763 2355 798 ι
2402 745 2499 803 Ille
2540 753 2722 812 autem
2776 748 2944 816 dixit,
3003 760 3255 820 oportere
3294 756 3666 824 pmnitentiam

2077 847 2298 907 agentes
2326 852 2421 894 eos
2443 854 2541 909 pro
2583 841 2760 897 crucis
2789 841 2844 903 in
2894 842 3191 914 iniquitate,
3221 858 3275 905 et
3315 863 3668 919 agnoscentes

2078 930 2409 991 Salvatorem
2430 943 2486 991 et
2508 933 2816 1003 Dominum,
2848 945 2903 995 et
2930 942 3171 995 omnium
3200 952 3470 1000 auctorem
3497 946 3668 1003 bono-

2079 1038 2199 1081 rum
2227 1023 2413 1081 Jeaum
2430 1023 2722 1094 Christum,
2754 1028 3009 1099 quoniam
3042 1047 3135 1099 per
3180 1033 3280 1089 ista
3322 1038 3568 1104 pervenit
3610 1048 3668 1095 et

2078 1127 2387 1188 assumptus
2406 1128 2486 1179 est
2500 1119 2678 1175 divina
2694 1129 2905 1187 natura,
2919 1123 2971 1176 in
2992 1121 3217 1196 [ipsum]
3232 1125 3432 1195 Spiritu
3446 1128 3664 1199 quidem

2078 1210 2239 1269 ﬁdem
2289 1216 2583 1282 suscipere,
2631 1222 2687 1271 et
2714 1214 2832 1284 ejus
2878 1216 3169 1286 discipulos
3196 1220 3310 1276 lieri
3340 1231 3466 1276 ante
3484 1223 3666 1279 omnia

2079 1306 2148 1361 ad
2200 1305 2460 1377 baptisma
2482 1307 2823 1373 accedentes,
2846 1310 2987 1379 quod
3007 1319 3063 1377 et
3097 1312 3211 1381 ipse
3248 1311 3461 1373 tradidit
3483 1318 3661 1387 nobis,

2078 1396 2515 1461 reformationem
2546 1399 2763 1467 quidem
2791 1400 2993 1459 habens
3028 1402 3393 1472 inspirationis
3423 1404 3667 1479 [praefer-

2079 1489 2369 1551 mationem
2412 1504 2468 1558 q.
2502 1488 2559 1551 ιι,
2591 1490 2937 1563 sperationis}
2975 1495 3294 1565 futurorum,
3337 1495 3393 1553 in
3444 1500 3666 1559 nomine

2080 1589 2260 1636 autem
2283 1581 2665 1643 celebrandum
2697 1584 2872 1643 Patris
2893 1595 2949 1643 et
2979 1586 3099 1642 Filii
3129 1597 3183 1644 et
3212 1591 3383 1645 sancti
3410 1590 3661 1660 Spiritus.

382 1679 487 1733 ritu
539 1676 755 1751 (Matth.
787 1674 885 1746 tv),
942 1686 1131 1747 aperte
1159 1677 1260 1731 hoc
1306 1677 1600 1745 significat,
1646 1676 1790 1747 quod
1815 1678 1883 1732 ab
1910 1692 1975 1732 eo
2084 1675 2195 1733 Hoc
2220 1674 2369 1733 enim
2414 1678 2557 1745 quod
2599 1689 2719 1735 est:
2776 1679 2843 1737 Et
2892 1681 3177 1750 baptizatur
3215 1688 3560 1758 unusquisque
3607 1689 3667 1742 in

383 1772 689 1841 regebatur,
721 1771 789 1825 ab
830 1785 898 1826 eo
926 1770 990 1824 ad
1018 1772 1350 1825 voluntatem
1388 1767 1689 1843 {virtutem}
1724 1772 1974 1841 proposi-
2002 1764 2057 1827 Β
2080 1770 2289 1829 nomine
2303 1767 2429 1825 Jesu
2451 1768 2639 1824 Christi
2665 1772 2803 1839 (Act.
2832 1774 2917 1842 tt),
2950 1788 3057 1831 non
3087 1774 3190 1832 hoc
3236 1775 3390 1845 dicit,
3422 1788 3479 1833 ut
3500 1794 3663 1841 voca-

383 1872 561 1919 torum
594 1862 1021 1929 confortabatur;
1056 1862 1124 1917 ab
1174 1876 1241 1917 eo
1268 1862 1335 1917 ad
1368 1862 1483 1916 btec
1527 1877 1649 1932 qua:
1688 1867 1973 1932 oportebat
2079 1864 2280 1920 tionem
2311 1879 2429 1933 quae
2451 1864 2507 1919 in
2536 1867 2753 1922 nomine
2784 1867 2955 1923 Patris
2975 1878 3030 1924 et
3058 1868 3177 1927 Filii
3202 1880 3258 1926 et
3292 1872 3464 1928 sancti
3491 1873 3667 1941 Spiri-

382 1956 692 2022 dncebatur,
719 1957 788 2012 ab
804 1970 872 2010 eo
900 1954 1042 2025 quod
1063 1954 1289 2009 decebat
1310 1954 1621 2020 docebatur,
1647 1955 1715 2021 ah
1739 1970 1807 2010 eo
1826 1956 1970 2026 eligi-

383 2049 676 2104 tationibus
694 2047 1067 2113 roborabatur,
1093 2056 1149 2101 ut
1164 2047 1231 2103 ad
1249 2056 1452 2103 tantum
1468 2056 1739 2107 certamen
1757 2048 1971 2106 sufﬁce-
2010 2108 2013 2109 ν

382 2150 484 2207 ret,
533 2142 669 2196 sicut
723 2149 777 2195 et
832 2139 1021 2194 beatus
1067 2138 1261 2193 Paulus
1300 2139 1467 2194 dicit:
1502 2140 1799 2210 Quicunque
1835 2141 1970 2201 enim

382 2234 586 2303 Spiritu
609 2234 707 2290 Dei
732 2245 977 2308 aguntur,
1001 2236 1056 2290 Ili
1074 2246 1194 2290 sunt
1228 2237 1325 2306 ﬁlii
1356 2238 1450 2291 Dei
1478 2237 1656 2307 (Rom.
1695 2238 1833 2307 vm).
1871 2257 1893 2293 ι

461 2333 608 2389 Idem
638 2333 790 2402 cujus
811 2318 1011 2400 supra':
1042 2350 1063 2384 ι
1109 2333 1296 2388 Dicant
1347 2333 1508 2402 igitur
1549 2333 1703 2388 nobis
1729 2334 1965 2390 omnium

378 2426 785 2498 sapientissimi,
820 2427 863 2481 si
892 2440 991 2497 pro
1016 2441 1178 2481 sensu
1223 2426 1451 2482 Domino
1479 2426 1607 2483 Jesu
1638 2427 1851 2483 Christo
1874 2431 1967 2498 qui

380 2531 463 2577 est
498 2521 788 2575 secundum
824 2535 1061 2587 carnem,
1100 2520 1352 2575 divinitas
1374 2521 1506 2576 facta
1530 2532 1693 2586 esset,
1726 2523 1865 2577 sicut
1885 2522 1966 2576 di-

378 2623 528 2678 cunt,
561 2614 685 2683 quid
716 2614 886 2668 sancti
912 2612 1146 2682 Spiritus
1175 2617 1555 2684 eooperatione
1581 2614 1646 2670 ad
1672 2615 1785 2670 hac
1808 2616 1967 2670 Chri-

376 2713 492 2759 stus
520 2704 786 2774 indigebat
808 2704 969 2763 iNec
998 2706 1141 2760 enim
1170 2707 1427 2778 unigeniti
1472 2707 1727 2763 divinitas
1763 2706 1967 2779 Spiritu

376 2796 653 2868 indigebat
702 2798 768 2852 ad
812 2797 1249 2867 justilicationem
1278 2818 1299 2864 ,-
1340 2798 1543 2869 Spiritu
1583 2800 1855 2870 indigebat
1897 2802 1964 2855 ad

378 2889 701 2945 vincendum
732 2888 1024 2956 diabolum,
1070 2889 1273 2958 Spiritu
1304 2890 1587 2959 indigebat
1603 2891 1670 2946 ad
1694 2894 1964 2962 operando

376 2983 666 3049 miracula;
698 2984 894 3053 Spiritu
937 2983 1207 3055 indigebat
1232 2993 1292 3039 ut
1318 2985 1604 3040 doceretur
1631 3000 1693 3039 ea
1724 3001 1845 3055 quas
1870 2986 1966 3041 de-

2079 1965 2164 2013 tus
2182 1965 2285 2022 est,
2317 1956 2699 2027 relinquentes,
2730 1960 2915 2015 Jesum
2954 1962 3231 2019 Christum
3256 1962 3310 2019 in
3341 1964 3665 2035 baptismate

2076 2058 2263 2114 vocet;
2293 2048 2387 2105 sed
2418 2048 2575 2118 quale
2609 2058 2695 2105 est
2724 2050 2846 2120 hoc,
2890 2052 3033 2121 quod
3084 2054 3140 2109 in
3179 2055 3365 2126 Moyse
3413 2056 3664 2126 baptiaati

2073 2153 2199 2197 sunt
2228 2143 2284 2198 in
2317 2142 2461 2198 nube
2483 2150 2540 2199 et
2576 2142 2633 2199 in
2673 2145 2806 2200 mari
2840 2143 2893 2213 (Ι
2925 2144 3045 2201 Cor.
3078 2147 3168 2218 χ),
3215 2156 3275 2203 ut
3298 2149 3502 2206 diceret
3536 2150 3665 2221 quia

2072 2235 2176 2290 sub
2206 2235 2347 2291 nube
2374 2235 2507 2291 etin
2540 2236 2676 2291 mari
2720 2236 3099 2309 Egyptiorum
3143 2243 3376 2310 separati
3400 2251 3545 2311 sunt,
3591 2245 3659 2300 li-

2070 2326 2245 2387 berati
2292 2343 2480 2384 eorum
2521 2331 2812 2397 servitute,
2861 2340 2918 2386 ut
2974 2332 3176 2403 Moysis
3228 2335 3377 2403 leges
3422 2336 3660 2393 attende-

2070 2433 2221 2487 rent;
2256 2423 2363 2477 tale
2406 2432 2534 2494 est,
2590 2435 2646 2478 et
2692 2425 2999 2495 baptizatur
3047 2430 3415 2499 unusquisque
3454 2432 3506 2485 in
3558 2446 3660 2488 no-

2070 2516 2215 2571 mine
2247 2516 2377 2570 .lesu
2418 2515 2666 2573 Christi:
2711 2526 2769 2572 ut
2801 2532 2923 2574 cum
2973 2520 3038 2575 ad
3080 2520 3253 2588 ipsum
3303 2523 3663 2583 accessissent

2071 2617 2320 2679 tanquam
2375 2608 2730 2678 Salvatorem,
2781 2622 2836 2667 et
2875 2614 3119 2668 omnium
3170 2614 3431 2669 bonorum
3474 2628 3661 2671 aucto-

2066 2716 2201 2769 rem,
2233 2714 2287 2758 et
2316 2703 2592 2759 doctorem
2652 2705 2911 2772 veritatis,
2946 2705 3016 2760 ab
3058 2705 3179 2775 ipso
3227 2714 3412 2777 utpote
3440 2720 3662 2766 auctore

2066 2794 2334 2851 bonorum
2364 2805 2419 2850 et
2448 2797 2672 2852 doctore
2704 2797 2940 2852 veritatis
2988 2807 3327 2864 vocarentur,
3377 2801 3513 2854 sicut
3541 2815 3661 2855 om-

2068 2887 2225 2942 nibus
2276 2888 2586 2943 hominibus
2630 2904 3005 2959 quamcunque
3049 2898 3250 2946 sectam
3308 2892 3659 2961 sequentibus

2066 2985 2407 3039 consuetudo
2429 2994 2513 3039 est
2543 2986 2611 3039 ab
2660 2987 2780 3055 ipso
2819 2988 3084 3054 dogmatis
3130 2986 3411 3041 inventore
3456 2987 3656 3052 vocari,

375 3076 531 3132 cebat
577 3091 869 3147 peragere;
922 3075 1125 3147 Spiritu
1165 3076 1438 3149 indigebat
1486 3087 1545 3133 ut
1592 3078 1963 3135 inmaculatus
2006 3145 2038 3149 _
2069 3084 2125 3128 ut
2155 3074 2438 3137 Platonici,
2485 3084 2539 3130 et
2587 3075 2858 3144 Epicurei,
2910 3086 2965 3130 et
2992 3076 3295 3145 Manichaei,
3327 3086 3383 3132 et
3431 3079 3660 3133 Marcio-

374 3177 676 3239 appareret.
709 3187 728 3221 ι

451 3265 517 3319 Et
537 3274 882 3334 post'pauca:
919 3282 938 3316 ι
976 3264 1054 3320 Ac
1098 3264 1145 3319 si
1169 3264 1314 3323 dicat
1341 3263 1498 3320 Jesus
1531 3282 1543 3317 :
1574 3264 1688 3334 Ege
1722 3264 1961 3334 quidem,

375 3373 535 3425 quem
568 3357 778 3421 videtis,
806 3357 935 3412 nihil
963 3357 1177 3427 quidem
1210 3355 1386 3413 facere
1418 3372 1635 3427 possum
1665 3359 1961 3414 secundum

374 3466 551 3506 meam
582 3462 846 3517 naturam,
882 3467 1003 3505 cum
1036 3451 1196 3506 homo
1223 3453 1346 3516 sim,
1376 3465 1573 3519 operor
1597 3462 1775 3505 autem
1795 3492 1810 3518 ,
1841 3454 1963 3521 quia

375 3546 431 3599 in
454 3560 531 3597 me
550 3560 759 3598 manens
787 3542 948 3598 Pater
975 3545 1147 3597 omnia
1176 3546 1302 3614 facit
1323 3544 1506 3615 (Joan.
1538 3544 1675 3614 XIV).
1701 3545 1961 3611 Quoniam

377 3639 525 3694 enim
553 3646 607 3694 et
633 3654 725 3709 ego
745 3638 800 3691 in
832 3637 1007 3701 Patre,
1042 3645 1089 3690 et
1133 3635 1292 3691 Pater
1341 3638 1393 3689 in
1441 3654 1519 3691 me
1549 3636 1768 3706 (lbid.),
1824 3637 1964 3692 Deus

376 3743 554 3790 autem
584 3731 818 3787 Verbum
849 3730 1153 3800 unigenitus
1195 3730 1287 3785 Dei
1312 3730 1361 3784 in
1391 3745 1476 3784 me
1502 3738 1606 3796 est,
1648 3739 1853 3785 certum
1883 3739 1965 3785 est

376 3824 521 3898 quod
543 3834 596 3880 et
628 3825 785 3879 Pater
802 3838 923 3879 cum
950 3825 1068 3892 ipso
1097 3823 1149 3877 in
1174 3838 1261 3877 me
1309 3830 1509 3886 manet,
1544 3831 1599 3877 et
1626 3836 1791 3889 opera
1819 3821 1962 3877 facit.

378 3920 448 3975 Et
469 3933 575 3973 non
592 3925 674 3973 est
696 3916 995 3971 mirandum
1018 3915 1086 3971 de
1117 3916 1329 3971 Christo
1356 3914 1469 3969 haec
1495 3915 1819 3983 existimari,
1842 3931 1965 3971 cum

378 4014 657 4071 evidenter
686 4013 799 4083 ipse
825 4013 894 4067 de
925 4010 1136 4065 caeteris
1163 4010 1465 4066 hominibus
1494 4008 1636 4066 dicat
1663 4025 1680 4064 :
1713 4009 1816 4075 Qui
1844 4010 1967 4064 dili-

379 4110 453 4178 git
480 4124 578 4175 me,
608 4122 773 4160 meum
802 4105 1005 4160 verbum
1032 4105 1296 4159 observet:
1339 4114 1388 4158 et
1419 4103 1577 4159 Pater
1621 4107 1799 4179 diliget
1827 4124 1962 4175 eum,

379 4210 429 4254 et
450 4200 516 4252 ad
546 4214 661 4253 eum
686 4198 960 4262 veniemus,
998 4208 1047 4251 et
1076 4197 1393 4252 mansionem
1431 4198 1573 4267 apud
1610 4199 1781 4269 ipsum
1807 4203 1965 4270 facie-

380 4308 495 4347 mus
519 4289 732 4365 (Ibid.).
771 4309 790 4343 ι
827 4290 895 4345 Et
919 4291 1111 4345 iterum
1139 4307 1153 4341 :
1184 4308 1204 4341 ι
1228 4289 1442 4345 Sciebat
1470 4292 1754 4357 subtiliter,
1778 4302 1837 4346 ut
1864 4310 1963 4349 no-

380 4394 487 4442 tam
535 4385 749 4455 quidem
810 4384 1006 4441 faceret
1051 4383 1303 4454 gentibus
1355 4387 1641 4454 pietatem,
1695 4398 1965 4455 pateretur

378 4488 558 4537 autem
604 4479 956 4535 laborantium
1000 4477 1362 4546 inﬁrmitates,
1413 4490 1466 4534 et
1517 4480 1596 4535 sic
1620 4480 1687 4534 ad
1714 4482 1961 4536 eliectum

1989 3145 2044 3210 ο
2070 3168 2243 3232 nistte,
2267 3177 2320 3222 et
2376 3168 2589 3236 quidem
2622 3167 2637 3238 [
2644 3170 2689 3222 si
2737 3165 2974 3240 quidem]
2998 3168 3134 3222 tales
3153 3169 3424 3223 dicuntur.
3448 3169 3653 3226 Eodem

2066 3256 2209 3311 enim
2238 3258 2399 3313 modo
2425 3268 2480 3312 et
2509 3273 2608 3313 nos
2636 3258 2902 3313 nominari
2920 3258 3257 3315 Christianos
3272 3259 3655 3330 judicaverunt

2066 3351 2311 3419 apostoli.
2351 3369 2369 3402 ι

2140 3442 2392 3512 Ejusdem
2445 3442 2713 3498 Theodori
2773 3443 2827 3498 in
2884 3442 3036 3498 libris
3085 3446 3155 3499 de
3210 3445 3643 3503 lncarnatione:

2073 3554 2093 3589 ι
2124 3535 2249 3589 Plus
2290 3536 2685 3605 inquietabatur
2714 3536 3001 3603 Dominus,
3042 3546 3097 3591 et
3142 3547 3418 3594 certamen
3474 3541 3647 3610 majus

2068 3629 2296 3685 habebat
2320 3629 2387 3694 ad
2410 3630 2604 3684 animm
2636 3632 2933 3700 passiones,
2960 3646 3123 3701 quam
3149 3633 3421 3700 corporis;
3451 3643 3506 3689 et
3532 3649 3644 3690 me-

2069 3720 2191 3775 liori
2213 3722 2391 3776 animo
2420 3722 2671 3776 libidines
2712 3723 2976 3789 vincebat,
3024 3723 3295 3789 mediante
3337 3723 3538 3780 deitate
3579 3726 3650 3781 ad

2069 3814 2473 3881 perfectionem.
2511 3813 2665 3869 Unde
2689 3822 2745 3867 et
2774 3814 3032 3869 Dominus
3052 3814 3117 3869 ad
3167 3815 3291 3870 haec
3310 3816 3542 3872 maxime
3570 3816 3653 3872 in-

2068 3909 2289 3964 stituere
2310 3910 2520 3963 videtur
2542 3918 2835 3963 certamen.
2875 3928 2895 3964 ι

2140 4002 2269 4056 Item
2324 3999 2565 4070 ejusdem
2617 4000 2670 4054 in
2722 3998 2860 4054 libro
2910 4008 3097 4057 contra
3143 4002 3518 4073 Synusiastas,
3565 4004 3653 4061 vel

2068 4095 2474 4166 Apollinaristas
2500 4112 2513 4150 :
2544 4112 2565 4147 ι
2600 4092 2707 4149 Sed
2732 4093 2777 4148 si
2797 4109 2927 4148 caro
2965 4104 3104 4161 erat,
3144 4095 3334 4165 inquit,
3369 4095 3649 4164 cruciﬂxa,

2068 4189 2337 4259 quomodo
2359 4188 2439 4242 sol
2470 4186 2643 4243 radios
2671 4189 2884 4253 avertit,
2908 4200 2961 4244 et
2992 4187 3224 4245 tenebra
3246 4197 3651 4258 occupaverunt

2068 4293 2265 4339 terram
2288 4297 2524 4347 omnem,
2550 4290 2604 4337 et
2627 4292 2785 4337 terra
2808 4291 3003 4347 motus,
3027 4289 3082 4337 et
3106 4290 3271 4351 petrae
3292 4284 3476 4337 scissae
3504 4290 3650 4352 sunt,

2069 4388 2122 4433 et
2163 4378 2355 4431 mortui
2412 4383 2763 4431 surrexerunt
2809 4373 2991 4446 (Matt.
3047 4375 3262 4443 um)?
3305 4375 3440 4442 Quid
3492 4376 3655 4445 igitur

2069 4471 2251 4525 dicant
2278 4477 2331 4525 et
2357 4468 2425 4524 de
2473 4468 2709 4524 tenebris
2748 4466 2803 4522 in
2835 4467 3074 4538 Egypto
3120 4467 3273 4521 factis
3324 4468 3655 4536 temporibus

379 4590 533 4631 suam
562 4573 892 4628 voluntatem
913 4571 1206 4628 educeret:
1239 4571 1702 4641 etjustificabatnr
1728 4572 1874 4642 inde,
1907 4582 1963 4629 et

2073 4563 2267 4634 Moysis
2296 4578 2400 4617 non
2427 4575 2522 4631 per
2553 4570 2662 4615 tres
2688 4559 2869 4624 horas,
2898 4559 2997 4613 sed
3041 4574 3138 4629 per
3169 4568 3277 4614 tres
3304 4559 3425 4615 dies
3453 4557 3651 4629 (Exod.

377 4667 751 4723 immaculatus
766 4664 1163 4731 ostendebatur,
1177 4664 1290 4721 sive
1302 4666 1639 4735 repentinae
1650 4664 1961 4739 [peiorum],

379 4765 495 4821 sive
525 4761 762 4819 custodia
788 4760 1090 4827 meliorum,
1122 4761 1238 4815 sive
1261 4759 1424 4814 etiam
1460 4759 1715 4828 paulatim
1744 4760 1810 4813 ad
1850 4775 1963 4815 tne-

378 4860 510 4914 liera
543 4856 886 4927 profectibus.
928 4872 948 4907 ι

451 4952 516 5006 Et
539 4958 661 5020 post
701 4963 867 5018 pauca
923 4945 1162 5017 ejusdem
1211 4944 1485 4999 Theodori
1532 4957 1597 4998 ex
1655 4952 1963 4997 commento

379 5045 672 5101 secundum
697 5042 955 5098 Joannem
982 5061 996 5098 :
1026 5057 1047 5092 ι
1078 5040 1216 5094 Dicit
1240 5038 1307 5093 ad
1328 5037 1589 5092 Thomam
1614 5053 1629 5090 :
1652 5034 1798 5107 Infer
1825 5035 1961 5106 digi-

381 5147 488 5191 tum
518 5146 662 5189 tuum
691 5134 806 5199 huc,
832 5140 881 5186 et
895 5132 1010 5187 vide
1035 5146 1220 5185 manus
1267 5145 1427 5193 meas,
1449 5137 1503 5208 et
1527 5129 1735 5199 porrige
1755 5143 1963 5181 manum

380 5235 544 5293 tuam,
568 5235 617 5282 et
637 5226 778 5281 mitte
801 5226 856 5278 in
886 5224 1024 5279 latus
1046 5240 1233 5291 meum,
1276 5231 1324 5277 et
1354 5223 1461 5276 noli
1498 5238 1605 5277 esse
1642 5222 1958 5289 incredulus,

378 5323 469 5377 sed
496 5320 663 5390 ﬁdelis
686 5317 868 5390 (Josn.
898 5318 1012 5386 xx).
1046 5315 1331 5383 Quoniam,
1364 5314 1517 5378 dicit,
1551 5328 1656 5369 non
1680 5314 1878 5377 credis,
1910 5321 1965 5367 et

312 5406 317 5410 ’
381 5425 581 5473 tactum
620 5414 793 5469 solum
840 5410 1092 5467 sufﬁcere
1146 5408 1238 5464 tibi
1297 5410 1363 5463 ad
1412 5408 1736 5463 credendum
1787 5417 1962 5477 putas,

380 5505 525 5579 (haec
551 5504 695 5563 enim
723 5502 912 5559 dicens
958 5514 1067 5561 non
1092 5514 1177 5555 me
1217 5498 1437 5567 latuisti)
1484 5507 1641 5567 tange
1693 5512 1875 5565 manu,
1910 5505 1966 5552 et

378 5612 515 5666 cape
543 5596 990 5663 experimentum,
1043 5602 1098 5647 et
1125 5591 1273 5646 disce
1319 5590 1558 5655 credere,
1589 5600 1645 5646 et
1692 5607 1797 5646 non
1826 5588 1967 5645 diffi-

382 5692 533 5745 dere.
560 5688 792 5743 Thomas
814 5686 1027 5755 quidem
1056 5699 1178 5739 cum
1209 5684 1287 5737 sic
1324 5681 1662 5743 credidisset,
1715 5680 1967 5735 Dominus

384 5780 755 5838 memetDeus
781 5794 940 5845 nwus,
996 5776 1144 5843 dicit,
1188 5791 1293 5831 non
1344 5774 1520 5844 ipsum
1574 5772 1854 5828 Dominum
1904 5782 1961 5829 et

2072 4657 2171 4727 x)?
2211 4655 2348 4721 Quid
2373 4662 2551 4709 autem
2580 4660 2797 4723 propter
2818 4653 2925 4707 alia
2952 4666 3048 4721 per
3096 4651 3335 4721 loysem
3384 4650 3521 4706 facta
3554 4654 3655 4707 mi-

2071 4748 2273 4815 racula,
2296 4758 2348 4801 et
2368 4754 2488 4817 qua:
2510 4761 2610 4816 per
2639 4745 2822 4800 Jesum
2848 4744 3013 4813 Nave,
3038 4745 3126 4815 qui
3157 4744 3325 4799 solem
3349 4755 3496 4800 stare
3524 4743 3657 4801 fecit

2073 4840 2255 4909 (Josue
2286 4838 2365 4908 ι),
2386 4840 2474 4907 qui
2493 4839 2571 4891 soi
2598 4836 2928 4904 temporibus
2957 4837 3206 4892 Ezechiae
3227 4837 3367 4907 regis
3388 4849 3443 4894 et
3463 4848 3649 4893 contra

2072 4942 2313 4986 naturam
2346 4941 2681 4985 retroversus
2710 4939 2792 4985 est
2819 4927 2925 5000 (IV
2954 4928 3084 5000 Reg.
3116 4928 3240 4999 ita);
3272 4930 3434 4988 etde
3468 4929 3646 4985 Elisaai

2072 5023 2331 5094 reliquiis,
2350 5036 2469 5091 qua:
2482 5018 2750 5077 mortuum
2770 5024 3166 5077 suscitaverunt
3181 5019 3231 5093 (ι
3246 5020 3287 5075 γ
3307 5021 3434 5091 Reg.
3452 5022 3608 5086 xm)?
3629 5040 3649 5073 ι

2072 5117 2324 5189 Ejusdem
2349 5130 2417 5171 ex
2449 5115 2583 5170 libro
2605 5125 2798 5170 octavo
2819 5115 2888 5171 de
2922 5116 3329 5171 lnoarnatione:
3365 5132 3387 5166 ι
3424 5114 3651 5169 Manife-

2072 5222 2212 5265 stum
2244 5218 2418 5264 autem
2448 5216 2531 5264 est
2550 5209 2689 5278 quod
2723 5210 2899 5263 unitas
2926 5208 3209 5264 convenit:
3240 5221 3336 5276 per
3358 5221 3477 5261 eam
3506 5208 3650 5262 enim

2072 5303 2309 5359 collecta
2341 5308 2567 5367 naturae,
2619 5312 2778 5355 unam
2810 5312 3095 5370 personam
3128 5298 3420 5354 secundum
3475 5299 3653 5353 unita-

2076 5407 2180 5452 tem
2211 5396 2519 5451 eﬂ‘ecerunt.
2554 5395 2706 5451 Sicut
2755 5396 2898 5451 enim
2946 5395 3016 5450 de
3043 5394 3158 5449 viro
3187 5402 3244 5449 et
3268 5394 3491 5447 muliere
3519 5391 3654 5447 dici-

2073 5499 2177 5557 tur,
2207 5490 2344 5560 qnod
2363 5491 2478 5561 jam
2500 5505 2601 5543 non
2628 5497 2746 5542 sunt
2767 5488 2903 5553 duo,
2935 5486 3025 5541 sed
3056 5503 3161 5541 una
3196 5502 3316 5540 caro
3345 5484 3548 5557 (Cenes.
3580 5499 3647 5550 tt;

2076 5582 2265 5638 Matth.
2300 5583 2420 5651 xiii)
2447 5599 2459 5647 ;
2492 5583 2732 5635 dicamus
2752 5588 2807 5635 et
2828 5595 2923 5635 nos
2948 5580 3335 5636 rationabiliter
3355 5580 3653 5637 secundum

2077 5676 2294 5731 unitatis
2322 5676 2608 5739 rationem,
2636 5674 2775 5743 quod
2804 5688 2908 5726 non
2935 5683 3061 5728 sunt
3089 5674 3207 5729 dua:
3251 5686 3517 5745 persona,
3550 5673 3649 5730 sed

2079 5783 2202 5834 una,
2226 5768 2428 5822 scilicet
2448 5767 2653 5821 naturis
2683 5764 2946 5821 discretis.
2987 5785 3005 5818 ι
