4076 6348
513 276 617 333 727

1861 266 2134 331 PELAGII
2172 268 2378 329 PAPIE
2414 268 2461 326 11

3700 255 3800 311 ’128

585 391 652 447 Et
698 398 819 460 post
860 405 1049 462 pauca.
1079 411 1101 444 ι
1160 392 1442 476 Quomodo
1483 394 1644 465 igitur
1675 396 1838 449 homo
1867 403 1920 449 et
1954 394 2093 449 Deus
2121 397 2175 456 Α
2200 400 2441 455 nentem,
2470 397 2723 459 tanquam
2770 382 3017 442 eruditus
3053 378 3469 449 sermocinatur,
3511 384 3570 435 et
3595 376 3654 433 in
3687 378 3803 476 in.

515 500 679 540 unum
708 501 802 554 per
822 486 1080 540 unitatem
1110 499 1232 541 esse
1255 488 1473 557 potest?
1513 488 1599 555 qui
1625 488 1879 555 vivificat,
1922 496 1976 541 et
2006 487 2096 555 qui

513 578 842 641 vivificatur;
882 577 987 647 ‘qui
1035 578 1324 642 salvilicat,
1374 587 1427 633 et
1474 578 1563 648 qui
1607 578 1962 642 salvilicatur;
2009 576 2097 645 qui

513 678 640 723 ante
663 670 857 723 saecula
877 680 981 735 est,
1008 669 1167 739 etqui
1198 684 1264 725 ex
1282 670 1448 725 Maria
1476 670 1762 740 apparuit?
1792 690 1811 723 ι
1844 669 2099 738 Ejusdem

516 778 582 818 ex
618 764 1054 831 interpretatione
1105 764 1334 835 symboli
1388 774 1750 821 trecentorum
1806 764 1990 820 decem
2046 772 2100 819 et

514 863 639 908 octo
694 854 954 908 Patrum:
1017 872 1036 906 ε
1074 853 1180 909 Sed
1236 855 1507 910 Christum
1553 857 1765 927 quidem
1805 856 2099 912 secundum

516 954 845 1015 assumptam
897 946 1036 1001 servi
1070 946 1315 1016 formam,
1352 964 1471 1003 eum
1518 960 1693 1005 autem
1740 950 1831 1019 qui
1869 965 1985 1005 eam
2018 963 2101 1003 as-

513 1038 763 1105 sumpsit,
797 1051 955 1105 super
979 1036 1160 1091 omnia
1194 1041 1475 1093 nominans
1504 1040 1671 1095 Deum
1692 1058 1706 1107 ;
1728 1040 1904 1095 intulit
1925 1050 2100 1095 tamen

515 1129 618 1184 hoc
644 1130 938 1186 secundum
964 1131 1423 1201 coniunctionem,
1448 1141 1507 1186 ut
1536 1148 1630 1201 per
1657 1132 2102 1202 significationem

514 1224 786 1277 nominum
819 1230 1127 1278 naturarum
1160 1224 1497 1279 manifestam
1543 1226 1861 1279 divisionem
1920 1223 2100 1279 faciat.

511 1316 680 1373 Nemo
706 1318 885 1388 igitur,
936 1336 1107 1391 neque
1158 1337 1279 1376 eum
1326 1324 1417 1392 qui
1460 1322 1753 1378 secundum
1787 1337 2004 1377 carnem
2035 1338 2101 1377 ex

508 1406 710 1463 Judaais
761 1418 863 1476 est,
912 1410 1051 1465 dicat
1122 1412 1333 1467 Deum:
1379 1428 1478 1467 nec
1526 1414 1720 1468 iterum
1764 1414 1929 1469 Deum
1964 1413 2097 1485 [At.,

508 1499 813 1569 Dominum,
847 1516 945 1557 nec
988 1518 1056 1559 ne
1100 1503 1294 1558 iterum
1348 1504 1656 1576 Dominum]
1699 1506 1787 1575 qui
1826 1515 1909 1560 est
1939 1519 2100 1573 super

507 1594 710 1661 omnia,
741 1596 1036 1650 secundum
1075 1610 1290 1650 carnem
1318 1610 1383 1650 ex
1415 1596 1639 1651 Judaeis.
1680 1615 1701 1649 ι

579 1686 708 1743 Item
740 1704 806 1743 ex
836 1697 1144 1744 commento
1170 1689 1425 1759 Epistolas
1451 1690 1515 1744 ad
1541 1689 1796 1745 Hebraeos
1825 1709 1837 1743 :
1871 1708 1888 1742 ‹
1914 1689 2098 1745 .lesum

2204 485 2399 540 tiochia
2422 483 2594 555 Syriae
2624 482 2679 537 in
2704 479 2932 537 ecclesia
2964 477 3267 548 alloquens,
3311 475 3391 531 sic
3419 473 3560 529 dixit
3588 489 3606 529 :
3635 491 3657 525 σ
3691 471 3805 529 Ho-

2202 591 2290 631 mo
2311 575 2504 641 Jesus,
2533 574 2660 645 quid
2698 582 2771 626 est
2810 572 2948 625 enim
2976 570 3128 623 homo
3158 568 3297 639 quod
3324 583 3520 621 memor
3557 582 3614 621 es
3650 565 3806 636 ejt’ts?

2202 669 2380 741 (Paul.
2410 667 2523 735 νιιι)
2550 684 2563 733 ;
2596 666 2885 736 Apostolus
2908 673 3113 729 autem,
3144 662 3212 716 de
3240 660 3365 716 Jesu
3396 659 3605 713 dictum
3634 656 3807 713 fuisse

2205 764 2327 830 hoc,
2350 762 2483 817 dixit
2513 779 2525 815 :
2552 760 2689 813 Eum
2719 761 2853 814 enim
2877 759 2963 829 qui
2996 757 3148 826 paulo
3180 756 3347 809 minus
3375 755 3438 807 ab
3466 753 3674 825 angelis
3709 753 3808 804 mi—

2204 866 2418 910 noratus
2449 864 2541 919 est,
2563 854 2807 918 vidimus,
2862 850 3054 921 inquit,
3092 847 3269 903 Iesum
3298 846 3490 919 (Hebr.
3521 846 3614 911 ιι).
3662 843 3807 912 Quid

2207 951 2381 1021 ergo?
2439 950 2611 1004 Homo
2641 948 2797 1003 .lesus
2854 944 3096 1000 similiter
3151 944 3401 999 omnibus
3465 941 3806 1006 hominibus,

2208 1041 2406 1096 nullam
2460 1040 2663 1096 habens
2717 1036 3078 1093 differentiam
3137 1035 3203 1088 ad
3257 1034 3507 1089 homines
3558 1031 3809 1101 ejusdem

2204 1132 2439 1205 generis,
2494 1141 2690 1201 praeter
2742 1144 2804 1185 ea
2863 1143 2987 1197 qua:
3016 1127 3186 1197 gratia
3218 1126 3269 1181 ei
3320 1125 3493 1180 dedit.
3530 1143 3555 1177 ι
3603 1123 3811 1191 Quibus

2205 1224 2430 1281 Proclus
2458 1220 3071 1290 Coustantinopolitana:
3102 1218 3249 1273 urbis
3291 1217 3583 1286 episcopus
3612 1214 3812 1270 rescrio

2206 1319 2360 1385 bens,
2387 1318 2461 1372 ait
2493 1316 2651 1387 (Sup.
2686 1314 2810 1370 coll.
2858 1313 2913 1381 5,
2946 1329 3091 1367 conc.
3139 1313 3192 1384 ν)
3222 1330 3234 1366 :
3292 1309 3590 1383 Fugiamus
3618 1308 3812 1363 turbu-

2206 1413 2378 1467 lentos
2408 1420 2461 1465 et
2507 1423 2758 1465 caenosos
2808 1406 3035 1461 fallacia:
3086 1405 3253 1470 rivos,
3284 1412 3432 1473 septa
3480 1400 3580 1456 Dei
3612 1398 3812 1472 [sectas

2207 1501 2400 1574 Deum]
2432 1504 2842 1571 impugnantes:
2876 1499 3000 1554 dico
3038 1498 3151 1553 Arii
3195 1496 3431 1551 furorem
3467 1492 3811 1547 dividentem

2204 1594 2533 1650 individuam
2577 1592 2921 1658 Trinitatem,
2956 1589 3203 1645 Eunomii
3246 1588 3523 1643 audaciam
3575 1586 3813 1641 circuat-

2206 1691 2514 1745 cludentem
2566 1688 2796 1743 scientia
2842 1683 3452 1755 incomprehensibilem
3507 1690 3809 1750 naturam,

505 1780 653 1836 enim
676 1781 803 1836 dicit
824 1800 851 1834 a
873 1781 1158 1848 Nazareth,
1191 1799 1335 1851 quem
1354 1785 1501 1837 unxit
1535 1782 1673 1838 Deus
1698 1783 1899 1853 Spiritu
1923 1796 2099 1839 sancto
2129 1782 2180 1845 B
2206 1784 2504 1841 Macedonii
2528 1782 2731 1837 rabiem
2756 1786 3096 1849 separantem
3121 1792 3151 1831 a
3181 1775 3380 1832 deitatc
3423 1773 3808 1842 inseparabilic

506 1880 556 1926 et
594 1874 780 1928 virtute
813 1874 949 1943 (Act.
981 1874 1040 1942 ι)
1074 1873 1203 1943 :qui
1227 1881 1404 1927 autem
1434 1873 1501 1928 de
1530 1873 1731 1943 Spiritu
1770 1884 1962 1928 unctus
1991 1884 2095 1940 est,

505 1962 822 2016 omnimodo
849 1961 1047 2030 aliquid
1072 1961 1198 2016 inde
1219 1962 1527 2031 assumpsit.
1559 1962 1689 2030 Quis
1708 1971 1885 2018 autem
1917 1964 2100 2019 furens

504 2052 671 2118 dicat,
703 2054 771 2108 de
812 2054 1010 2124 Spiritu
1050 2054 1248 2123 aliquid
1274 2054 1633 2125 assumpsisse
1659 2054 1895 2111 divinam
1942 2066 2099 2110 natu-

503 2144 669 2199 ram?
706 2165 723 2198 ι
760 2148 825 2201 Et
859 2147 1049 2202 iterum
1082 2165 1096 2202 :
1136 2166 1157 2199 ι
1192 2147 1383 2204 Certus
1406 2148 1621 2218 quidem
1648 2158 1702 2203 et
1733 2149 1866 2219 ipse,
1911 2149 2098 2203 Filium

507 2237 605 2294 Dei
637 2253 699 2294 se
726 2254 832 2294 non
864 2239 1161 2295 secundum
1190 2240 1489 2296 divinitatis
1512 2241 1699 2295 dicens
1741 2240 2097 2306 nativitatem,

499 2330 599 2385 sed
625 2331 919 2387 secundum
947 2332 1087 2402 quod
1119 2333 1450 2389 domesticus
1500 2332 1594 2389 Dei
1640 2341 1761 2387 erat
1787 2350 1800 2387 :
1831 2347 1930 2402 per
1956 2332 2099 2402 quod

500 2425 597 2480 filii
646 2426 775 2493 Dei,
804 2442 900 2495 per
940 2427 1265 2483 voluntatem
1317 2425 1613 2501 [virtutem]
1659 2424 1938 2480 domestici
1986 2424 2099 2481 Deo

500 2517 779 2572 constituti
810 2518 1088 2582 homines,
1120 2519 1331 2572 interim
1360 2518 1710 2572 vocabantur.
1754 2534 1773 2567 ι

577 2608 669 2663 XI.
702 2608 828 2664 Haec
858 2609 927 2665 de
956 2611 1251 2664 innumeris
1283 2623 1450 2679 pauca
1482 2608 1835 2678 praztulimus,
1865 2618 1922 2662 ut
1947 2610 2100 2678 quasi

504 2717 602 2773 per
646 2702 889 2758 foramen
941 2712 1248 2772 angustum,
1296 2717 1453 2772 quam
1507 2701 1730 2756 nimium
1784 2701 2097 2755 barathrum

505 2792 652 2848 intus
681 2793 898 2859 lateret,
929 2802 1379 2849 monstraremus.
1418 2793 1560 2848 Ecce
1586 2792 1772 2862 quales
1800 2792 1916 2861 plus
1937 2806 2097 2862 quam

501 2886 694 2941 decem
728 2885 890 2940 millia
922 2885 1181 2940 librorum
1205 2885 1521 2941 Theodorus
1548 2884 1829 2954 scripsisse
1852 2883 2101 2954 perhibe-

508 2988 615 3034 tur.
648 2980 897 3046 Pensate,
925 2994 1132 3048 quzeso,
1168 2980 1211 3033 si
1244 2994 1350 3033 non
1403 2987 1551 3033 tanto
1581 2980 1787 3033 acriora
1832 2986 2100 3033 tormenta

500 3072 820 3142 promeruit,
847 3078 1048 3141 quanto
1073 3070 1304 3139 pluriora
1326 3070 1666 3140 conscripsit.
1694 3070 1800 3125 Sed
1823 3071 1935 3125 haec
1955 3070 2098 3125 illius

2204 1886 2285 1933 ter
2314 1876 2696 1947 procedentem
2727 1872 2986 1943 Spiritum
3010 1915 3023 1937 ,
3055 1881 3108 1927 et
3137 1884 3331 1926 novam
3364 1870 3520 1922 istam
3552 1866 3809 1935 blasphe-

2204 1972 2363 2028 miam
2408 1986 2527 2042 quae
2556 1968 2813 2024 .ludaismi
2844 1966 3013 2021 multo
3043 1965 3272 2033 amplius
3297 1970 3518 2032 superat
3543 1960 3809 2028 blaspbeo

2204 2066 2387 2129 miam,
2437 2061 2868 2125 introducentes,
2902 2072 3025 2112 nam
3059 2057 3133 2111 illi
3176 2054 3391 2126 quidem
3430 2069 3556 2108 cum
3611 2052 3811 2108 Filium

2206 2163 2426 2227 negant,
2462 2154 2709 2208 fraudant
2742 2166 2893 2207 ramo
2923 2151 3193 2215 radicem;
3238 2148 3323 2203 isti
3370 2161 3500 2201 vero
3544 2161 3673 2200 eum
3724 2146 3811 2214 qui

2203 2258 2286 2304 est
2313 2257 2592 2320 negantes,
2624 2246 2848 2301 alterum
2880 2244 3011 2318 [.4I.,
3038 2259 3160 2297 eum
3191 2241 3281 2313 qui
3316 2250 3397 2296 est
3422 2238 3594 2294 Filius
3638 2240 3812 2294 dene-

2203 2353 2361 2414 gant,
2393 2342 2695 2397 fraudantes
2725 2355 2874 2395 ramo
2902 2334 3173 2406 radicem,
3228 2336 3314 2390 isti
3360 2351 3489 2389 vero
3527 2335 3577 2389 ei
3608 2334 3699 2403 qui
3730 2340 3813 2387 est

2204 2434 2457 2507 alterum]
2505 2433 2885 2495 introducunt,
2943 2431 3290 2486 detrahentes
3333 2429 3603 2483 sinceram
3655 2436 3811 2481 natu-

2204 2544 2340 2584 ram.
2380 2528 2605 2599 (Rursus
2633 2526 2699 2580 de
2746 2525 2904 2594 hujus
2952 2537 3141 2578 errore
3171 2521 3409 2577 Joannes
3435 2534 3659 2590 quoque
3701 2524 3812 2575 An-

2204 2620 2471 2675 tiochense
2497 2618 2752 2673 Ecclesiae
2779 2617 3004 2671 antistes
3031 2618 3106 2669 ait
3142 2633 3155 2668 :
3181 2613 3345 2669 Multo
3382 2622 3562 2667 autem
3598 2622 3811 2683 tempo-

2205 2728 2265 2769 re
2296 2726 2645 2783 perseverans
2669 2710 3006 2773 Theodorus,
3033 2709 3299 2779 persuasit
3331 2707 3515 2761 multis
3535 2716 3593 2761 et
3622 2706 3814 2762 Nesto-

2204 2807 2310 2873 rio,
2340 2805 2480 2875 quod
2506 2806 2755 2860 Christus
2776 2804 2943 2859 Filius
2986 2804 3078 2859 Dei
3102 2804 3227 2869 vivi,
3258 2803 3349 2874 qui
3390 2803 3457 2878 de
3484 2813 3675 2859 sancta
3710 2803 3814 2857 vir-

2206 2897 2332 2969 gine
2351 2896 2514 2951 Maria
2545 2908 2702 2951 natus
2729 2906 2830 2961 est,
2864 2910 2970 2950 non
2999 2906 3077 2951 est
3105 2896 3197 2966 qui
3236 2910 3299 2950 ex
3348 2894 3511 2949 Patre
3538 2904 3700 2949 natus
3731 2902 3815 2949 est

2207 2992 2352 3048 Deus
2384 2992 2614 3045 Verbum
2645 2989 3120 3046 consubstantialis
3175 2988 3436 3053 Genitori,
3488 2989 3586 3043 sed
3646 2989 3811 3044 homo

2210 3099 2306 3153 pro
2332 3083 2586 3153 qualitate
2617 3098 2728 3137 sua:
2758 3084 3045 3138 voluntatis
3086 3096 3152 3137 ex
3184 3081 3295 3136 Deo
3327 3080 3504 3136 Verbo
3550 3095 3812 3151 coopera-

501 3164 645 3220 dicta
675 3179 796 3233 quae
822 3163 1023 3232 prolata
1056 3170 1200 3227 sunt,
1225 3172 1401 3216 utrum
1428 3162 1544 3231 ejus
1576 3162 1702 3228 sint,
1745 3161 1971 3216 fortasse
2000 3162 2097 3216 du-

2209 3177 2407 3232 tionem
2432 3174 2781 3244 suscipiens.)
2828 3176 3034 3230 Rursus
3075 3173 3142 3228 de
3182 3174 3301 3244 ejus
3340 3188 3529 3229 errore
3572 3174 3811 3244 Cyrillus

500 3254 722 3310 bitatur.
757 3254 998 3319 Patrum,
1047 3254 1091 3307 si
1129 3254 1549 3323 placet,scripta
1600 3252 1973 3323 proferamus:
2028 3254 2098 3307 ita

504 3346 643 3419 apud
673 3361 771 3402 vos
800 3346 968 3401 libros
1007 3346 1158 3415 ejus,
1186 3361 1323 3417 quos
1351 3346 1418 3401 de
1470 3342 1691 3416 perfidia
1739 3346 1883 3401 illius
1931 3354 2100 3403 testes

497 3440 838 3506 deduximus,
891 3438 1136 3495 deductis
1191 3440 1410 3510 insuper
1458 3439 1689 3495 testibus
1739 3439 2093 3495 affirmemus.

500 3534 773 3589 Armeniae
793 3535 991 3605 quippe
1014 3534 1250 3603 episcopi
1275 3534 1468 3589 Proclo
1490 3534 2097 3602 Constanthmpolitanm

502 3628 651 3685 urbis
666 3630 919 3699 episcopo
945 3629 1155 3683 libellos
1167 3638 1355 3682 contra
1373 3626 1716 3682 Theodorum
1738 3630 2093 3697 porrigentes,

502 3721 687 3777 dicunt
720 3721 878 3793 (Sup.
937 3722 1060 3776 coll.
1106 3720 1209 3786 5):
1270 3721 1393 3776 Fuit
1449 3730 1626 3777 autem
1684 3722 1880 3791 aliquis
1932 3724 2096 3791 pestis

501 3812 767 3890 [pestifer]
792 3816 973 3879 homo,
1021 3815 1193 3884 magis
1213 3823 1395 3868 autem
1426 3813 1538 3868 fera
1571 3855 1584 3879 ,
1632 3814 1863 3868 hominis
1892 3815 2098 3869 habens

502 3910 1109 3973 formamtdiabolicam,
1145 3908 1369 3963 mentito
1400 3906 1616 3962 nomine
1637 3906 1975 3971 Theodorus,
2007 3909 2095 3977 qui

506 4003 724 4059 schema
751 4011 802 4056 et
827 4016 1022 4057 nomen
1052 4000 1292 4070 episcopi
1318 4001 1527 4065 habuit,
1554 4001 1605 4053 in
1637 4000 1835 4068 angulo
1866 4010 1920 4054 et
1947 4000 2098 4068 igno-

502 4097 599 4152 bili
645 4095 763 4150 loco
812 4095 961 4149 orbis
1017 4102 1276 4147 terrarum
1331 4093 1569 4157 latitans,
1626 4092 1677 4145 in
1711 4090 2097 4158 Mopsuesteno

501 4186 706 4242 Cilicia:
736 4184 986 4240 secundae
1008 4185 1097 4238 vili
1122 4184 1337 4253 oppido,
1363 4198 1486 4237 vere
1507 4181 1720 4252 quidem
1749 4192 1802 4235 et
1829 4182 2095 4251 principa-

500 4280 676 4335 litera
703 4278 869 4332 Paulo
913 4277 1265 4331 Samosateno
1310 4275 1666 4339 descendens,
1712 4274 1839 4328 licet
1867 4273 2095 4327 Photino

500 4380 557 4427 et
586 4370 797 4426 caeteris
825 4367 1200 4423 haeresiarchis
1232 4369 1284 4421 in
1334 4367 1471 4421 libro
1498 4366 1565 4421 de
1592 4366 1961 4422 lncarnatione
1988 4364 2096 4419 Do-

505 4463 635 4518 mini
664 4461 830 4517 nostri
858 4460 986 4517 Jesu
1016 4458 1236 4524 Christi,
1273 4460 1325 4514 in
1360 4466 1470 4513 toto
1519 4475 1617 4513 suo
1660 4457 1932 4527 proposito
1960 4458 2093 4527 ipsis

2208 3270 2275 3325 ad
2300 3271 2631 3339 Lamponem
2657 3270 3031 3339 presbyterum
3064 3268 3327 3333 scribens,
3354 3268 3430 3321 ait
3459 3284 3473 3321 :
3505 3266 3640 3322 Cum
3672 3266 3811 3336 apud

2208 3361 2409 3416 Eliam
2439 3375 2831 3425 commorarcr,
2863 3360 2945 3414 vir
2971 3360 3161 3429 aliquis
3205 3374 3271 3414 ex
3304 3358 3386 3411 his
3425 3358 3519 3428 qui
3556 3361 3808 3415 nobiliter

2207 3453 2439 3508 militant
2469 3453 2521 3506 in
2548 3452 2767 3522 palatio,
2801 3452 3077 3521 epistolam
3124 3452 3412 3505 multorum
3454 3466 3715 3506 versuum
3758 3464 3811 3507 et

2205 3547 2463 3617 grandem
2516 3547 2711 3601 obtulit
2759 3547 2889 3601 mihi
2942 3547 3225 3615 signatam,
3277 3561 3435 3616 quam
3489 3561 3554 3602 se
3599 3546 3809 3602 dicebat

2204 3641 2482 3709 accepisse
2508 3640 2576 3693 ab
2607 3638 2958 3694 Antiochenis
2999 3638 3345 3705 orthodoxis;
3381 3638 3805 3708 subscriptiones

2206 3746 2382 3790 autem
2406 3744 2561 3791 erant
2592 3736 2646 3789 in
2676 3749 2739 3789 ea
2773 3734 3126 3802 plurimorum
3181 3730 3507 3787 clericorum
3536 3742 3589 3787 et
3618 3745 3804 3786 mona-

2206 3832 2429 3887 chorum
2478 3841 2532 3886 et
2585 3830 2873 3885 laicorum.
2921 3829 3263 3886 Accusahant
3304 3836 3481 3882 antem
3516 3827 3803 3883 orientales

2205 3926 2516 3994 episcopos,
2580 3926 2731 3994 quasi
2779 3933 3016 3978 tacentes
3060 3922 3275 3991 quidem
3304 3920 3539 3976 Nestorii
3588 3936 3801 3986 nomen,

2204 4017 2680 4071 etdissimulantes
2702 4018 2753 4072 ei
2776 4016 3068 4081 adversari,
3123 4025 3463 4070 transeuntes
3506 4025 3686 4069 autem
3741 4012 3803 4067 ad

2206 4108 2474 4162 Theodori
2502 4105 2730 4163 Codices
2772 4108 2838 4161 de
2884 4107 3252 4161 incarnatione
3302 4105 3493 4171 factos,
3528 4107 3584 4160 in
3613 4105 3804 4175 quibus

2203 4208 2372 4262 multo
2404 4205 2619 4276 pejores
2647 4205 2863 4259 nefariae
2887 4204 3235 4273 blasphemia:
3268 4202 3528 4275 [Nestorii
3557 4203 3804 4273 hlaSphe-

2203 4298 2348 4371 miis]
2378 4302 2567 4370 positae
2598 4307 2762 4353 sunt:
2800 4307 2953 4368 pater
2981 4299 3124 4352 enim
3173 4295 3275 4351 fuit
3315 4296 3551 4352 Nestorii
3592 4294 3799 4365 perfidi,

2202 4392 2294 4461 qui
2324 4401 2380 4445 et
2402 4391 2547 4445 illius
2574 4391 2713 4444 mala
2740 4391 2972 4456 locutus,
2998 4390 3190 4460 impius
3213 4398 3269 4444 et
3295 4390 3349 4444 in
3383 4388 3467 4444 his
3491 4388 3667 4444 factus
3700 4398 3800 4444 est.

2208 4485 2440 4541 Rursum
2466 4488 2535 4539 dc
2583 4500 2769 4541 errore
2800 4486 2938 4540 illius
2986 4486 3126 4539 idem
3157 4482 3391 4556 Cyrillus
3424 4484 3803 4540 Alexandrina

500 4557 1013 4650 verbisinvcniatur
1035 4569 1185 4650 usus,
1213 4564 1267 4609 et
1289 4555 1333 4608 si
1367 4554 1493 4624 quid
1531 4552 1702 4650 peiuS_-_
1738 4552 1964 4650 {Slﬁpef
1984 4566 2096 4650 πῖθ’
2126 4554 2181 4615 Ῑ)
2210 4581 2358 4635 urbis
2388 4581 2671 4650 episcopus
2691 4579 2759 4632 ad
2791 4579 3040 4635 Acacium
3097 4552 3361 4633 Melitenae
3411 4577 3564 4631 urbis
3594 4577 3804 4645 episco—

501 4648 870 4703 chinationem
900 4655 959 4703 et
984 4646 1260 4701 audaciam
1289 4656 1344 4702 et
1368 4662 1609 4701 errorem
1652 4644 1853 4701 diaboli
1884 4645 2099 4700 volebat

499 4757 689 4797 omnes
739 4742 987 4795 homines
1038 4752 1189 4795 aeota
1242 4755 1340 4795 sua
1391 4740 1529 4795 sicut
1556 4739 1759 4793 colubri
1813 4739 2013 4809 lingua,
2047 4746 2101 4790 et

501 4848 712 4890 veneno
736 4832 1010 4902 quodsub
1038 4833 1218 4901 lingua
1246 4833 1448 4901 aspidis
1469 4840 1575 4896 est,
1614 4830 1879 4901 deperire.
1917 4829 1985 4883 Et
2019 4831 2097 4885 in-

501 4926 658 4980 terim
703 4923 919 4993 quidem
951 4923 1281 4978 retiucbatur
1308 4938 1404 4977 suo
1435 4922 1676 4985 latibulo,
1711 4920 1905 4975 timens
1948 4928 2098 4989 pote-

500 5002 692 5075 statem
724 5031 911 5071 eorum
939 5013 1028 5085 qui
1058 5030 1087 5069 a
1116 5029 1310 5084 magno
1359 5014 1467 5068 Deo
1496 5023 1549 5067 et
1582 5014 1856 5068 Salvatorc
1910 5022 2097 5067 nostro

498 5110 627 5165 Jesu
659 5107 877 5163 Christo
935 5114 1258 5175 potestatem
1299 5114 1616 5175 acceperunt
1674 5104 1881 5159 calcare
1934 5120 2098 5173 super

502 5199 753 5255 colubros
783 5208 838 5255 et
865 5200 1131 5268 scorpios,
1153 5206 1208 5254 et
1227 5212 1415 5253 omnes
1448 5197 1671 5251 virtutes
1704 5196 1907 5251 inimici
1940 5197 2093 5268 (Luc.

503 5291 562 5361 ι)
588 5309 601 5345 :
628 5292 748 5347 dico
768 5301 948 5347 autem
973 5299 1187 5349 sanctos
1208 5290 1501 5360 apostolos,
1521 5302 1573 5344 et
1593 5291 1681 5360 qui
1703 5303 2095 5360 consequenter

505 5384 571 5437 ab
603 5381 688 5437 his
735 5390 1111 5453 susceperunt,
1147 5389 1408 5453 martyres
1451 5390 1504 5435 et
1533 5382 1871 5437 confessorcs
1898 5391 1947 5436 et
1982 5384 2092 5453 epi-

501 5487 696 5543 sc0pos
742 5484 797 5529 et
826 5480 1054 5529 cteteros
1102 5480 1353 5529 sanctos.,
1384 5469 1606 5527 Inventa
1653 5479 1852 5539 autem,
1912 5471 2090 5530 nescio

504 5563 796 5634 quomodo,
835 5574 1093 5635 tempore,
1120 5563 1286 5633 coepit
1305 5576 1494 5633 repere
1523 5570 1577 5618 et
1606 5573 1759 5618 extra
1784 5562 1919 5618 lines
1941 5577 2088 5630 suos,

509 5653 756 5711 ﬁduciam
780 5670 973 5725 gerens
996 5665 1050 5712 et
1079 5655 1130 5710 in
1161 5652 1471 5725 parochiam
1502 5653 1568 5710 ad
1622 5668 1742 5710 eum
1796 5668 1901 5711 non
1931 5656 2092 5724 perti-

2210 4688 2332 4741 pum
2358 4672 2626 4737 scribens,
2659 4671 2735 4724 ait.
2766 4687 2780 4724 :
2806 4670 2917 4724 Non
2941 4669 3227 4738 oportebat
3250 4669 3419 4722 latere
3446 4667 3801 4723 Sanctitatem
3878 4654 3889 4667 "

2205 4772 2466 4829 vestram,
2501 4772 2592 4816 aut
2639 4761 2864 4815 forsitan
2909 4762 3183 4830 cognovit,
3234 4758 3377 4827 quod
3406 4773 3596 4812 omnes
3626 4760 3803 4813 orien-

2208 4857 2343 4911 tales
2392 4854 2784 4925 religiosissimi
2827 4854 3067 4923 episcopi
3109 4855 3159 4907 in
3203 4852 3492 4907 Antiochia
3534 4867 3802 4907 convene-

2203 4958 2349 5014 runt,
2399 4963 2520 5004 cum
2564 4947 2950 5002 transmisisset
2999 4945 3077 4999 eis
3121 4953 3325 4999 tomum
3370 4943 3620 4998 dominus
3653 4957 3801 4997 meus

2208 5041 2583 5098 sanctissimus
2618 5042 2840 5095 Proclus
2886 5042 3153 5096 bonorum
3187 5040 3400 5109 plenum
3432 5039 3798 5095 intellectuum

2206 5144 2263 5190 et
2282 5144 2551 5190 rectorum
2578 5134 2911 5205 dogmatnm.
2944 5133 3073 5187 Erat
3115 5132 3258 5187 enim
3287 5133 3337 5186 ei
3370 5132 3505 5186 ratio
3551 5131 3719 5185 multa
3746 5138 3799 5185 ct

2208 5227 2365 5296 longa
2395 5227 2463 5281 de
2512 5226 2915 5296 dispensatione
2945 5223 3157 5280 Domini
3202 5225 3372 5280 nostri
3420 5224 3550 5280 Jesu
3576 5221 3792 5278 Christi.

2206 5333 2496 5401 Supposuit
2517 5343 2647 5385 vero
2671 5330 2901 5399 capitula
2930 5328 3173 5399 quaedam
3203 5328 3426 5385 collecta
3456 5344 3487 5382 e
3526 5328 3792 5384 Theodori

2203 5434 2510 5501 Codicibus,
2541 5447 2660 5503 quas
2690 5441 3075 5488 consonantem
3099 5431 3329 5489 Nestorii
3360 5429 3601 5503 perfidiis
3634 5430 3793 5485 intel-

2202 5540 2399 5597 lectum
2422 5538 2641 5605 habent,
2664 5548 2717 5601 et
2746 5536 3061 5618 adhortatus
3082 5545 3163 5594 est
3193 5550 3287 5597 eos
3313 5537 3477 5593 etiam
3527 5533 3614 5591 illa
3657 5547 3789 5596 ana-

2199 5631 2562 5688 thematizare.
2826 5656 2837 5657 ί
