4076 6348
260 286 374 348 7'29

1464 304 1817 363 EPISTOLE
1858 307 1945 365 ET
1984 309 2329 369 DECRETA.

3455 328 3556 387 730

337 409 455 504 XII.
492 410 699 469 Rursus
724 412 794 471 de
841 429 1026 475 errore
1076 418 1218 477 illius
1248 419 1853 497 [RabbulajEdessenae
1881 424 2046 486 Acat
2093 424 2278 497 [Hebr.
2312 425 2375 500 ιι,
2404 428 2547 486 ferre
2593 444 2717 487 eum
2763 434 2942 491 omnia
3001 435 3188 494 dicens
3217 441 3382 498 verbo
3438 458 3552 504 suae

259 501 525 559 Ecclesia:
549 506 777 563 antistes
806 508 874 564 ad
901 510 1116 566 beatum
1164 512 1425 584 Cyrillum
1454 516 1721 583 scribens,
1747 518 1857 574 ait:

257 594 382 653 Jam
407 612 534 653 vero
560 599 779 669 quidam
811 603 1068 661 unitatem
1099 608 1395 662 secundum
1452 611 1856 668 subsistentiam

257 680 518 744 omnibus
540 691 715 746 modis
744 693 1015 750 abdicant.
1042 697 1259 754 Morbus
1285 701 1427 756 enim
1459 703 1653 773 aliquis
1679 704 1857 760 subla-

258 790 381 837 tens
409 784 730 840 inveteravit
756 787 989 855 Orienti,
1024 790 1429 849 immedicabilis
1478 796 1638 851 modo
1670 798 1859 853 vulne-

255 874 336 929 ris
356 874 654 945 depascens
678 878 935 937 Ecclesia:
956 898 1174 955 corpus,
1193 887 1335 956 apud
1348 887 1555 958 aliquos
1574 892 1725 961 quasi
1748 900 1857 947 ειυς

254 963 463 1033 diosos,
491 975 547 1022 et
592 972 883 1039 supercilia
912 976 1235 1034 extollentes
1259 979 1586 1049 eruditione,
1620 984 1853 1042 latenter

258 1054 580 1115 honoratus.
604 1061 901 1135 Episcopus
927 1068 1070 1123 enim
1098 1070 1313 1140 quidam
1335 1076 1625 1143 provinciae
1654 1075 1856 1135 Cilicia:

255 1147 600 1219 Theodorus,
626 1156 709 1211 vir
734 1159 1039 1215 verisimilis
1063 1165 1295 1231 dicendi,
1312 1177 1366 1221 et
1395 1178 1582 1236 potens
1602 1174 1849 1240 suadere,

254 1240 363 1295 alia
390 1243 607 1313 quidem
622 1260 779 1315 supra
803 1250 1057 1309 tribunali
1078 1254 1147 1310 de
1173 1256 1427 1313 Ecclesia:
1444 1270 1585 1316 statu
1604 1261 1851 1333 [ecclesia

253 1334 461 1407 statim]
511 1337 723 1393 dicebat
771 1341 837 1396 ad
887 1344 1070 1413 populi
1124 1347 1463 1416 placentiam,
1496 1354 1630 1408 alios
1668 1365 1848 1412 autem

250 1606 506 1705 eludebat
536 1612 908 1684 inspicientem
954 1639 1061 1679 non
1093 1628 1446 1686 manifestare
1474 1633 1593 1688 aliis
1623 1637 1843 1705 scripta.

252 1696 366 1757 Iste
396 1703 600 1771 primus
631 1714 901 1779 eXposuit,
930 1730 1035 1770 non
1066 1732 1189 1773 esse
1218 1735 1346 1776 vere
1403 1722 1499 1778 Dei
1531 1728 1845 1793 genitricem

1965 518 2199 584 virtutis,
2232 519 2319 588 qui
2351 518 2779 588 puriﬁcationem
2812 534 3114 584 nostrorum
3148 530 3273 586 fecit
3300 546 3552 603 peccato-

1963 624 2104 677 rum,
2134 619 2190 667 et
2210 612 2276 666 ad
2311 611 2587 671 dexteram
2630 627 2866 688 paterna}
2917 621 3217 692 maiestatis
3271 630 3550 698 consedit;

1961 701 2030 759 de
2052 719 2156 772 quo
2184 705 2250 759 ad
2272 705 2626 764 Colossenses
2652 711 2865 781 scripsit
2892 713 3119 783 epistola
3154 734 3166 770 :
3204 717 3355 783 Quod
3408 720 3460 774 in
3492 738 3551 777 co

1961 798 2134 850 omnia
2163 806 2334 852 creata
2358 810 2497 868 sunt,
2519 818 2634 874 quin
2660 814 2777 859 sunt
2809 806 2862 858 in
2891 806 3029 862 caelis
3058 817 3103 862 et
3135 809 3187 862 in
3220 813 3391 877 terris,
3428 812 3547 868 visi-

1961 888 2084 943 bilia
2139 900 2188 943 et
2218 890 2511 959 inuisibilia,
2542 896 2680 965 quod
2724 914 2814 967 per
2856 913 2974 952 enm
2998 907 3172 953 creata
3216 913 3333 956 sunt
3379 907 3552 959 omnia

1959 979 2181 1055 [601033.
2215 982 2311 1056 1]),
2358 984 2498 1040 hunc
2527 1001 2632 1042 non
2686 988 3020 1045 iucarnatum
3079 992 3360 1063 Verbum,
3412 997 3553 1053 sicut

1958 1076 2286 1147 evangelicis
2314 1080 2534 1137 vocibus
2563 1080 2740 1137 edocﬁ
2761 1097 2969 1151 sumus,
3003 1085 3099 1140 sed
3152 1085 3420 1144 hominem
3454 1105 3549 1159 per

1961 1167 2084 1222 vitae
2114 1171 2513 1238 provectionem
2554 1183 2608 1229 et
2637 1176 2944 1245 passionum
3002 1178 3388 1246 perfectionem
3419 1197 3551 1238 con-

1950 1261 2197 1333 junctum
2231 1265 2341 1320 Deo
2364 1267 2562 1334 Verbo,
2594 1270 2810 1340 scripsit
2855 1274 3051 1329 stultus
3102 1275 3155 1330 in
3184 1277 3454 1333 omnibus.
3482 1280 3549 1334 Et

1957 1352 2077 1409 btee
2105 1354 2158 1409 in
2191 1358 2430 1427 mysticis
2451 1362 2795 1417 sermonibus
2820 1379 2982 1421 ausus
3012 1376 3113 1421 est.

2026 1443 2165 1498 XIV.
2192 1447 2391 1501 Contra
2448 1464 2660 1507 errores
2692 1454 2931 1522 ejusdem
2962 1455 3265 1525 Theodori,
3300 1460 3403 1529 piae
3453 1476 3543 1518 re-

1952 1537 2278 1594 cordationis
2305 1540 2639 1598 Theodosius
2671 1556 2724 1601 et
2760 1546 3161 1605 Valentinianus
3200 1552 3369 1622 legem
3420 1569 3544 1624 pro-

1950 1632 2273 1701 mulgantes,
2297 1632 2583 1706 inquiunt:
2609 1638 2852 1694 Debitam
2900 1656 2928 1694 a
2959 1643 3115 1699 nobis
3140 1645 3542 1704 venerationem

1951 1724 2210 1794 piissimae
2237 1726 2495 1782 doctrinm
2525 1729 2829 1797 reddentes,
2857 1747 2952 1789 eos
2991 1734 3080 1803 qui
3112 1735 3226 1791 ausi
3252 1746 3378 1791 sunt
3414 1752 3545 1792 con-

247 1802 490 1890 sanctam
525 1796 815 1868 Virginem,
850 1814 1097 1873 tanquam
1151 1808 1263 1865 Deo
1290 1810 1469 1868 Verbo
1516 1830 1621 1871 non
1674 1820 1848 1873 susci-
1876 1815 1925 1874 B
1954 1825 2031 1871 tra
2065 1817 2233 1873 Deum
2267 1820 2429 1889 impie
2473 1822 2840 1890 conscribere,
2863 1823 3057 1879 debitae
3108 1826 3543 1883 condemnationi

247 1882 483 1953 pientem
509 1891 806 1946 secundum
838 1910 935 1950 nos
957 1898 1312 1957 nativitatem.
1345 1904 1437 1971 (Et
1483 1917 1603 1974 post
1634 1922 1799 1976 pauca
1827 1927 1840 1962 :

247 1978 357 2035 Nec
385 1981 527 2037 enim
568 1985 773 2053 dicunt,
808 1994 1103 2047 secundum
1129 1996 1504 2063 substantiam,
1537 2001 1622 2055 vel
1650 2016 1843 2056 secun-

245 2072 375 2130 dum
395 2076 794 2135 subsistentiam
820 2083 1025 2138 unitum
1057 2100 1179 2143 esse
1211 2089 1317 2143 Deo
1336 2089 1509 2145 Verbo
1537 2092 1828 2163 hominem,

247 2169 346 2224 sed
386 2169 523 2227 bona
556 2173 828 2231 voluntate
854 2178 1107 2247 quadam,
1133 2188 1387 2252 tanquam
1436 2184 1612 2239 divina
1647 2197 1835 2244 natura

242 2278 352 2318 non
382 2265 706 2336 suscipiente
734 2270 961 2325 alterum
987 2273 1202 2329 modum
1235 2275 1457 2333 unitatis
1481 2291 1697 2349 propter
1729 2298 1837 2337 non

243 2356 826 2428 circumscriplibilem.
868 2363 974 2419 Iste
1038 2365 1173 2420 dixit
1254 2368 1535 2426 Dominum
1594 2384 1836 2431 nostrum

239 2447 428 2504 Iesum
448 2449 720 2507 Christum
745 2470 849 2510 non
865 2466 1115 2527 oportere
1137 2460 1351 2516 adorari
1376 2463 1510 2519 sicut
1532 2465 1834 2535 Dominum,

242 2545 338 2599 sed
364 2546 622 2602 relatione
638 2548 730 2602 Dei
762 2548 1015 2607 honorari
1044 2550 1184 2607 sicut
1202 2555 1486 2625 imaginem
1508 2560 1791 2628 quamdam
1819 2581 1831 2615 :

238 2636 411 2707 magis
439 2648 614 2693 autem
647 2641 981 2697 manifestius
1004 2645 1297 2700 secundum
1329 2661 1422 2702 eos
1446 2649 1644 2718 dicere,
1672 2653 1829 2721 sicut,

239 2728 410 2784 instar
432 2731 632 2801 aliquid
663 2734 926 2790 relatione
972 2738 1260 2795 assidentis
1313 2742 1600 2799 dzemonis.
1642 2744 1751 2801 Iste
1781 2757 1835 2802 et

231 2838 453 2884 carnem
487 2830 697 2886 Domini
728 2836 1091 2903 pronuntiavit
1120 2838 1253 2893 nihil
1280 2841 1502 2896 omnino
1550 2844 1828 2911 prodesse,

233 2921 503 2993 dissipans
523 2923 731 2980 Domini
761 2942 972 2996 vocem,
991 2945 1113 2999 quae
1139 2940 1223 2986 est
1252 2949 1268 2987 :
1296 2930 1431 2987 Caro
1455 2935 1585 2988 nihil
1614 2938 1826 3005 prodest

232 3012 521 3087 (Joan.vr).
538 3016 640 3071 lste
659 3021 999 3087 etapostolos
1020 3022 1151 3077 dicit
1181 3038 1286 3078 non
1309 3026 1629 3093 cognovisse
1670 3027 1830 3083 Chri-

232 3116 379 3164 stum
409 3110 549 3179 quod
613 3112 750 3166 Deus
783 3122 930 3181 erat;
962 3116 1055 3171 sed
1109 3132 1273 3187 supra
1304 3119 1463 3174 fidem
1512 3135 1631 3189 quas
1660 3131 1743 3177 est
1772 3124 1827 3178 in

232 3199 453 3256 homine
478 3201 794 3259 aedificatam
825 3220 945 3262 esse
978 3207 1271 3263 Ecclesium
1303 3210 1662 3284 (Mali/LXVI).

302 3309 443 3368 XIII.
483 3314 711 3370 Rursum
744 3317 813 3373 de
844 3333 1027 3376 errore
1059 3320 1201 3375 illius
1228 3321 1525 3394 Hesychius
1570 3324 1825 3380 Hieroso-

229 3409 497 3480 lymorum
526 3410 825 3479 presbyter,
860 3414 1239 3470 ecclesiastica:
1280 3415 1527 3471 Historia:
1573 3420 1826 3487 scriptor,

227 3501 340 3555 ait:
367 3500 443 3554 Ita
476 3500 763 3557 Pbolinum
793 3504 975 3558 multis
997 3515 1121 3561 ante
1148 3521 1243 3561 eos
1268 3508 1481 3563 saeculis
1502 3509 1822 3566 Theodorus

228 3590 443 3663 quidam
474 3594 994 3664 praecipueimitatus
1025 3608 1128 3664 est,
1162 3599 1464 3654 malitiosus
1494 3601 1707 3669 quidem
1742 3603 1826 3657 lo-

227 3686 429 3755 quendi
489 3694 544 3741 et
572 3686 754 3756 lingua
783 3689 1177 3758 paratissimus,
1210 3702 1263 3744 et
1292 3691 1406 3759 ipse
1433 3699 1609 3747 tamen
1661 3694 1822 3748 insta-

228 3777 323 3833 bili
354 3777 645 3845 voluntate,
674 3780 766 3850 qui
820 3780 925 3835 huc
971 3792 1023 3836 et
1056 3782 1178 3837 illuc
1208 3782 1473 3837 inclinans
1524 3782 1817 3865 ferebatur.

219 3868 515 3927 Clericatui
546 3872 689 3927 enim
718 3874 1058 3929 Antiocheno
1079 3890 1107 3928 a
1131 3877 1301 3945 prima
1335 3884 1491 3930 astate
1525 3892 1819 3932 connume-

217 3974 394 4032 ratus,
421 3976 475 4022 et
503 3968 641 4024 bene
660 3970 972 4024 conversari
996 3969 1286 4040 pollicitus,
1318 3970 1381 4023 ad
1411 3970 1699 4025 saeculares
1756 3971 1821 4025 li-

223 4042 445 4114 bidines
473 4074 722 4115 reversus
745 4060 936 4115 iterum
954 4059 1341 4115 delectabatur.
1373 4060 1426 4114 In
1452 4060 1701 4117 omnibus
1726 4075 1821 4116 au-

215 4158 333 4208 tem
356 4150 508 4205 bonis
535 4143 814 4206 imitabilis
846 4160 900 4205 et
930 4150 1117 4205 beatus
1144 4152 1224 4205 vir
1251 4151 1489 4206 Joannes
1513 4150 1825 4208 Constanti-

218 4244 567 4314 nopolitanus
594 4246 880 4315 episcopus
906 4245 1122 4315 scripsit
1143 4246 1454 4314 epistolam,
1486 4261 1607 4316 quae
1655 4263 1825 4317 usque

220 4339 405 4394 adhuc
433 4340 486 4393 in
516 4338 794 4395 codicibus
827 4339 1041 4410 legitur,
1072 4347 1127 4393 et
1158 4354 1185 4391 a
1217 4339 1401 4409 pejore
1446 4339 1513 4393 ad
1546 4339 1823 4395 meliorem

221 4433 599 4503 pmnitentiam
647 4447 769 4489 eum
827 4432 1124 4489 transferre
1167 4434 1480 4502 praevaluit;
1528 4442 1584 4488 et
1626 4435 1819 4488 iterum

222 4525 366 4580 bene
391 4525 741 4593 conversari,
768 4525 961 4580 iterum
991 4524 1043 4580 in
1070 4524 1321 4580 clericatu
1373 4540 1491 4581 esse
1538 4526 1723 4597 erepit.
1758 4527 1823 4580 Et

1949 1910 2238 1978 subjicere,
2266 1922 2320 1966 et
2348 1914 2657 1967 nominibus
2688 1915 2865 1984 dignis
2906 1919 3082 1972 vocari
3127 1928 3376 1988 oportere
3406 1919 3539 1975 exi-

1948 2005 2310 2061 stimavimus.
2342 2006 2553 2061 Justum
2579 2009 2737 2079 igitur
2760 2010 3081 2065 circumdari
3105 2026 3199 2066 eos
3227 2012 3541 2070 confusione

1946 2111 2164 2151 suorum
2191 2106 2557 2166 peccatorum,
2576 2109 2631 2154 et
2652 2100 2704 2153 in
2732 2100 2825 2153 tali
2856 2100 3117 2156 vocabqu
3146 2117 3458 2172 permanere
3484 2104 3538 2159 in

1946 2198 2228 2253 alternum,
2263 2198 2525 2259 quatenus
2553 2205 2655 2246 nec
2678 2192 2781 2245 vivi
2808 2191 3122 2260 liberentur,
3156 2204 3210 2249 et
3239 2204 3361 2264 post
3387 2210 3535 2250 mor-

1949 2290 2054 2336 tem
2081 2267 2430 2350 permaneant
2448 2285 2763 2352 contempti.
2792 2283 2955 2354 Igitur
2977 2283 3219 2339 doctrina
3265 2286 3537 2343 Theodori

1943 2380 1997 2426 et
2026 2370 2254 2426 Nestorii
2286 2374 2567 2441 impiorum
2612 2384 2668 2429 et
2714 2374 3090 2445 pestiferorum
3124 2378 3234 2431 visa
3266 2389 3351 2433 est
3383 2378 3535 2434 nobis

1942 2462 2303 2517 abominanda
2323 2479 2446 2519 esse
2471 2482 2483 2516 :
2516 2465 2765 2520 similiter
2785 2475 2966 2522 autem
2990 2476 3045 2522 et
3071 2484 3257 2523 omnes
3308 2471 3394 2539 qui
3442 2483 3532 2526 se-

1941 2565 2176 2626 quuntur
2202 2571 2391 2612 eorum
2442 2572 2705 2625 errorem,
2737 2566 2792 2612 et
2821 2560 3163 2614 consentiunt
3219 2576 3403 2616 eorum
3432 2562 3535 2617 im-

1944 2648 2154 2717 pietati,
2181 2649 2380 2718 justum
2407 2657 2491 2702 est
2521 2651 2663 2717 ipsos
2693 2651 2939 2706 eamdem
2969 2652 3388 2708 nominationem
3419 2669 3533 2710 me-

1938 2741 2069 2807 reri,
2096 2748 2148 2793 et
2197 2740 2562 2795 confusionem
2592 2740 2738 2796 indui
2771 2781 2787 2807 ,
2817 2752 2872 2796 ut
2931 2758 3037 2797 non
3081 2742 3402 2811 Christiani,
3435 2746 3532 2802 sed

1936 2831 2237 2886 Nestoriani
2281 2833 2656 2899 nominentur;
2704 2849 2794 2899 ne,
2820 2832 2944 2888 dum
2989 2836 3337 2891 nominantur
3374 2837 3532 2894 Chri-

1936 2924 2116 2991 stiani,
2140 2941 2207 2979 ex
2260 2926 2375 2994 ipso
2429 2924 2769 2982 inveniantur
2797 2926 3034 2983 decorati
3066 2930 3347 2996 vocabulo,
3374 2932 3531 3003 longe

1938 3019 2271 3073 constitutia
2316 3018 2744 3076 Christianorum
2796 3022 3099 3091 proposito,
3132 3032 3187 3077 et
3230 3024 3448 3079 alienati
3496 3040 3528 3080 a

1937 3120 2081 3166 recta
2111 3120 2163 3165 et
2192 3111 2531 3166 immaculata
2562 3111 2684 3166 lide.
2707 3111 2774 3165 Et
2802 3122 2924 3182 post
2951 3128 3150 3183 pauca:
3171 3114 3226 3169 Si
3252 3116 3369 3183 quis
3394 3131 3531 3184 prae-

1862 3204 1907 3266 C
1942 3205 2146 3259 terierit
2196 3214 2514 3273 prmsentem
2574 3214 2810 3259 nostram
2865 3206 3219 3275 sanctionem,
3244 3216 3302 3261 ut
3349 3208 3526 3262 Theu-

1935 3301 2070 3355 doro
2089 3310 2143 3354 et
2164 3299 2409 3354 Nestorio
2437 3302 2752 3369 assenserit,
2777 3306 2832 3353 ct
2860 3298 3074 3354 illorum
3099 3301 3526 3357 sociosimitatus

1935 3391 2115 3459 fuerit,
2149 3400 2267 3461 post
2319 3392 2480 3462 gladii
2527 3391 2785 3447 ultionem
2815 3392 2991 3446 omnis
3048 3392 3164 3460 ejus
3220 3393 3562 3449 substantia‘

1933 3484 2063 3540 fisco
2092 3484 2390 3539 addicatur.
2426 3484 2681 3554 (Rursum
2734 3496 2918 3539 contra
2966 3499 3176 3539 errores
3228 3485 3389 3550 illius,
3425 3486 3525 3554 piae

1934 3577 2319 3633 recordationis
2334 3576 2668 3632 Theodosius
2696 3585 2750 3631 et
2775 3575 3176 3631 Valentinianus
3204 3574 3376 3645 legem
3396 3591 3525 3646 pro-

1930 3670 2230 3741 mulgantcs
2261 3714 2274 3737 ,
2311 3670 2594 3741 inquiunt:
2624 3670 2790 3725 Nemo
2811 3668 3002 3724 habeat
3036 3709 3052 3734 ,
3081 3679 3176 3722 aut
3221 3668 3387 3737 legat,
3432 3677 3525 3724 aut

1930 3764 2151 3827 scribat,
2182 3774 2272 3818 aut
2312 3760 2547 3833 proferat
2577 3763 2903 3828 Nestorium,
2924 3776 3021 3817 seu
3053 3763 3190 3817 illius
3217 3762 3402 3829 libros,
3438 3763 3527 3818 vel

1929 3853 2151 3910 Codices
2165 3855 2610 3909 omninoinutiles
2629 3852 2931 3928 [nocibiles]
2950 3872 2965 3921 ;
2985 3855 3067 3909 vel
3090 3855 3256 3924 ipsius
3268 3854 3524 3921 Nestorii,

1930 3946 2015 4004 vel
2046 3948 2284 4014 alterius,
2327 3957 2379 4002 et
2420 3950 2650 4003 maxime
2681 3948 2913 4003 Nestorii
2944 3948 3201 4004 adversus
3219 3948 3529 4004 solosChri-

1929 4040 2133 4096 stianos
2150 4040 2472 4110 conscripta,
2495 4050 2587 4095 aut
2603 4040 2869 4096 Theodori
2888 4058 2899 4093 :
2918 4040 3013 4096 sed
3043 4041 3409 4111 unusquisque
3429 4042 3525 4096 ha-

1931 4136 2064 4190 bens
2096 4135 2229 4190 tales
2252 4133 2501 4199 Codices,
2526 4134 2736 4202 publice
2762 4133 2882 4190 illos
2910 4132 3149 4202 proferat
3169 4175 3183 4200 ,
3213 4143 3267 4188 et
3297 4134 3348 4189 in
3393 4149 3523 4191 con-

1929 4236 2117 4297 spectu
2140 4228 2377 4283 omnium
2404 4227 2512 4298 igni
2542 4228 2761 4297 tradat.)

2002 4321 2118 4377 XV.
2151 4323 2282 4377 Etsi
2311 4321 2485 4377 adhuc
2509 4319 2736 4377 fortasse
2767 4331 2887 4391 post
2937 4329 3015 4377 tot
3043 4323 3281 4392 prolatas
3306 4322 3522 4379 Patrum

1929 4420 2114 4468 contra
2148 4414 2296 4467 illum
2350 4412 2643 4468 sententias
2697 4421 2874 4467 vestra
2904 4411 3244 4469 Fraternitas
3292 4414 3519 4485 dubitat,

1931 4506 2255 4562 Theodoreti
2286 4506 2452 4560 libros
2477 4507 2637 4576 legat,
2668 4505 2719 4559 in
2743 4505 2933 4576 quibus
2955 4506 3083 4559 dum
3112 4515 3300 4560 contra
3352 4506 3525 4578 Cyril-

220 4616 509 4674 Antiochia
558 4617 741 4673 relicta
775 4660 791 4683 ,
846 4619 897 4672 in
951 4617 1174 4672 Tarsum
1258 4618 1699 4689 transmigravit,
1758 4634 1822 4674 ex

1939 4601 2046 4656 lum
2077 4600 2459 4657 Alexandrina:
2490 4601 2634 4654 urbis
2660 4601 2951 4655 antistitem
2978 4614 3099 4653 eum
3129 4599 3421 4657 defendere
3444 4602 3526 4656 ni-

222 4723 329 4779 qua
393 4709 446 4763 in
523 4708 902 4779 Mopsuestiam
966 4709 1220 4775 transiit,
1279 4709 1558 4764 ordinatus
1636 4710 1688 4764 in
1762 4726 1826 4766 ea

221 4800 551 4872 episcopus,
601 4802 855 4857 nondum‘
890 4802 999 4857 Deo
1050 4804 1265 4858 volente
1340 4804 1677 4860 manifestam
1721 4805 1825 4859 im-

226 4896 444 4967 pietatis
507 4897 650 4951 illius
716 4886 1149 4966 praedicationem
1203 4897 1341 4953 ﬁeri.
1406 4898 1579 4952 Prima
1647 4908 1824 4953 autem

226 4990 496 5044 elementa
538 5003 651 5044 suae
688 4989 948 5043 doctrinm
1005 5004 1073 5046 ex
1102 4989 1324 5045 Judaico
1354 4991 1663 5060 vaniloquio
1692 4992 1827 5046 inci-

222 5082 401 5151 piens,
418 5081 673 5137 Codicem
699 5083 750 5136 in
766 5083 1099 5152 prophetiam
1125 5084 1455 5153 psalmorum
1476 5086 1822 5155 conscripsit,

223 5190 415 5231 omnes
445 5176 512 5231 de
546 5176 770 5232 Domino
802 5175 1216 5247 praedicationes
1247 5174 1479 5248 [Forsan
1512 5178 1822 5248 praedictio-

224 5266 346 5340 nes]
372 5268 731 5339 abnegantem
752 5284 764 5322 :
788 5269 1035 5337 culpatus
1063 5284 1189 5324 vero
1230 5277 1285 5325 et
1306 5270 1660 5339 periclitatus,
1692 5285 1825 5326 con-

222 5362 389 5416 traria
414 5361 512 5414 sibi
539 5361 693 5426 dixit,
722 5377 827 5417 non
857 5375 923 5416 ex
943 5361 1237 5427 voluntate,
1262 5361 1354 5416 sed
1378 5361 1685 5431 compulsus
1707 5378 1825 5417 om-

223 5451 376 5508 nium
408 5450 792 5522 querimoniis;
823 5460 878 5507 et
902 5451 1155 5507 Codicem
1189 5452 1362 5521 ipsum
1388 5453 1569 5509 delere
1617 5453 1822 5525 pollici-

224 5552 338 5611 tus,
368 5545 598 5599 Iatenter
630 5544 985 5600 conservabat
1028 5542 1266 5599 Judaicm
1324 5545 1613 5613 impietatis
1662 5546 1820 5601 viati-

226 5649 370 5692 cum.
426 5637 491 5691 Et
518 5645 636 5705 post
664 5649 830 5707 pauca
857 5652 871 5691 :
905 5635 1175 5691 Christum
1207 5636 1347 5690 enim
1393 5636 1576 5692 Jesum
1608 5637 1821 5707 generis

228 5730 398 5786 nostri
450 5729 785 5786 Salvatorem
828 5738 883 5785 et
931 5729 1214 5787 Dominum
1251 5730 1432 5803 (quem
1474 5731 1819 5801 splendorem

234 5829 473 5894 paternae
526 5821 714 5893 glorite
741 5831 796 5877 et
825 5822 1108 5893 imaginem
1161 5821 1473 5887 substantiae
1500 5822 1697 5880 Paulus
1730 5838 1822 5879 vo-

1932 4694 2076 4757 titur,
2098 4695 2275 4748 verius
2301 4702 2537 4758 accusat,
2569 4693 2752 4756 dicens
2785 4709 2797 4743 :
2838 4709 2856 4743 ι
2889 4691 3389 4761 Interpretationem
3413 4690 3522 4763 Cy-

1931 4788 2084 4843 rillus
2134 4797 2348 4842 accusat
2396 4787 2570 4840 octavi
2621 4785 2834 4855 psalmi,
2882 4794 2937 4840 et
2984 4786 3159 4854 arguit
3223 4785 3338 4841 haec
3362 4787 3525 4843 verba

1930 4882 2094 4937 divini
2116 4880 2419 4936 Theodori:
2442 4878 2863 4934 Consideremus
2892 4878 3072 4948 igitur,
3089 4877 3209 4949 quis
3233 4886 3318 4935 est
3338 4878 3525 4944 homo,

1930 4979 2001 5034 de
2029 4993 2136 5048 quo
2163 4977 2422 5046 stupescit
2449 4984 2502 5029 et
2530 4974 2753 5029 miratur
2781 4972 2923 5043 quod
2949 4973 3253 5042 unigenitus
3277 4972 3528 5044 dignatus

1932 5080 2016 5125 est
2044 5072 2163 5140 ejus
2184 5068 2497 5123 memoriam
2546 5074 2601 5121 et
2633 5067 2997 5122 visitationem
3024 5064 3226 5119 facere.
3259 5063 3363 5121 Sed
3384 5064 3527 5133 quod

1933 5162 2150 5232 quidem
2178 5178 2283 5215 non
2316 5160 2518 5213 dictum
2544 5166 2627 5212 est
2654 5158 2721 5212 de
2746 5159 2895 5212 omni
2926 5157 3165 5221 homine,
3200 5157 3254 5210 in
3280 5156 3527 5224 superioo

1932 5256 2078 5311 ribus
2125 5255 2549 5311 demonstratum
2601 5259 2715 5316 est;
2758 5251 2899 5319 quod
2936 5258 3112 5306 autem
3146 5247 3280 5319 [Αι.,
3305 5244 3425 5318 uec]
3457 5248 3526 5303 de

1932 5364 2039 5405 uno
2058 5348 2322 5420 quolibet,
2352 5346 2533 5401 ethoc
2554 5353 2757 5401 certum
2785 5352 2888 5397 est.
2953 5361 2971 5394 ι
3023 5341 3292 5396 Deductas
3345 5341 3527 5409 itaque

1932 5448 2011 5496 tot
2051 5440 2270 5495 testibus
2317 5437 2682 5509 blasphemias
2707 5434 2805 5489 has
2833 5432 2949 5503 ejus
2970 5444 3092 5486 esse
3126 5428 3246 5499 quis
3271 5428 3527 5485 dubitat?

1932 5533 1999 5590 Et
2030 5534 2188 5591 tantis
2217 5530 2564 5602 blasphemiis
2593 5529 2736 5586 illius
2776 5525 3027 5595 cognitis,
3050 5537 3175 5580 eum
3212 5522 3526 5582 damnatum

1924 5629 2047 5699 jure
2065 5629 2182 5700 quis
2208 5626 2408 5698 neget?

2003 5725 2138 5783 XVI.
2167 5727 2419 5782 Discusso
2442 5716 2571 5795 ergo
2591 5724 2765 5795 primo
2796 5722 2863 5778 de
2886 5718 3524 5781 'llteodorldamnatione

1930 5819 2187 5895 capitulo,
2221 5832 2360 5872 nunc
2401 5817 2465 5872 ad
2513 5817 2653 5873 dicta
2704 5815 2950 5897 epistolae
3000 5813 3327 5875 Theodoreti
3375 5808 3522 5894 [Iba]
