4076 6348
601 321 702 380 ’131

1930 314 2207 375 PELAGII
2247 312 2449 372 PAPE
2486 312 2531 370 ll

3770 317 3871 373 732

603 435 897 507 indaganda
940 443 1293 502 transeamus,
1321 431 1479 503 cuius
1505 438 1616 498 tota
1642 430 1812 511 series
1862 430 1907 487 si
1953 431 2179 487 solerter
2202 431 2259 494 Δ
2280 436 2367 483 cta
2390 426 2629 499 synodus
2656 416 2816 481 tanta
2845 424 3090 483 falsitatis
3113 424 3320 483 crimen
3342 424 3630 484 sustineat.
3665 428 3870 483 Vestra:

602 531 877 602 aspicitur,
905 536 1104 596 sancta:
1130 524 1546 581 Chalcedonensi
1568 523 1777 596 synodo
1801 536 1959 593 quam
1986 522 2055 576 sit
2085 522 2181 577 ad-

600 636 754 678 versa
786 626 1058 695 pensatur.
1102 616 1156 671 In
1184 617 1349 686 gestis
1372 629 1598 685 namque
1627 613 1870 685 ejusdem
1912 612 2105 684 synodi
2125 620 2180 667 et

600 713 814 781 scriptis
828 711 1017 765 Leonis
1027 708 1258 780 Cyrillus
1274 707 1617 777 praedicatur;
1641 706 1690 761 in
1707 707 1935 777 epistola
1949 722 2076 762 vero
2090 706 2193 770 illa_

600 803 919 861 Theodoreti
935 803 1012 877 (α)
1037 801 1264 873 Cyrillus
1297 801 1346 855 in
1363 800 1683 871 Apollinaris
1708 798 1898 868 dogma
1920 813 2178 855 corruens

602 897 946 967 reprobatur;
979 894 1231 961 scriptum
1259 894 1452 963 quippe
1483 893 1535 946 in
1562 908 1623 947 ea
1646 901 1757 947 est:
1793 911 1811 944 ‹
1839 889 2180 963 Cyrillusau-

604 998 709 1043 tem
741 988 904 1042 libros
926 968 1151 1041 Nestorii
1175 974 1360 1039 volens
1394 983 1694 1049 destruere,
1718 984 1895 1053 lapsus
1923 993 2004 1039 est
2025 994 2077 1039 et
2101 985 2180 1037 in-

601 1087 793 1134 ventus
827 1087 911 1133 est
937 1078 987 1132 in
1020 1077 1338 1147 Apollinaris
1384 1077 1577 1147 dogma
1603 1076 1817 1131 cadens.
1860 1094 1877 1126 ›
1922 1075 1976 1130 ln
2015 1074 2181 1146 gestis

600 1172 872 1228 Nestorius
912 1181 967 1225 ut
1042 1171 1411 1240 Redemptoris
1464 1171 1630 1225 nostri
1681 1169 2018 1224 adversarius
2058 1170 2180 1240 jure

600 1264 881 1318 damnatus
931 1261 1275 1326 ostenditur;
1329 1261 1505 1315 verbis
1560 1275 1687 1315 vero
1741 1260 1982 1330 epistola:
2034 1261 2182 1314 dam.

598 1366 753 1412 natus
795 1357 987 1424 injuSIe
1029 1364 1374 1410 memoratur.
1420 1354 1509 1410 Sic
1546 1355 1741 1424 quippe
1762 1353 1815 1407 in
1850 1367 1913 1408 ea
1956 1352 2180 1408 dicitur:

604 1464 625 1499 ι
653 1447 949 1516 Antequam
983 1446 1034 1499 in
1059 1446 1263 1521 synodo
1293 1446 1566 1500 adveniret
1594 1444 2070 1501 reverendissimus
2115 1460 2178 1501 ac

597 1538 975 1594 sanctissimus
1003 1538 1436 1606 archiepiscopus
1484 1536 1743 1602 Joannes,
1766 1536 2067 1592 Nestorium
2116 1553 2182 1593 ex

597 1631 908 1699 episcopatu
953 1629 1340 1698 deposuerunt,
1361 1627 1563 1697 judicio
1602 1637 1658 1683 et
1702 1628 2045 1699 inquisitione
2075 1645 2183 1685 non

597 1723 757 1780 facta.
790 1742 809 1777 ι
843 1724 899 1779 In
926 1724 1091 1794 gestis
1115 1722 1301 1794 synodi
1332 1719 1385 1775 in
1412 1720 1505 1775 Dei
1535 1728 1590 1776 et
1619 1721 1826 1775 Domini
1878 1722 2045 1777 nostri
2074 1737 2180 1777 una

2282 522 2407 578 ﬁdei
2461 520 2868 576 fundamentum
2923 529 3191 587 tenemus,
3233 535 3302 576 ne
3360 528 3644 591 postquam
3691 534 3873 579 saneta

2266 616 2450 685 prima
2507 612 2775 681 Ephesina
2828 612 3064 685 synodus
3133 612 3285 682 quasi
3344 613 3547 668 venalis
3592 616 3859 683 arguitur,

2280 703 2733 760 Chalcedonensis
2784 704 2943 760 etiam
3001 705 3166 775 (quod
3220 704 3380 775 absit)
3413 704 3567 774 culpa
3600 707 3875 761 varietatis

2282 808 2498 853 notetur
2524 816 2537 853 :
2574 813 2693 868 quae
2726 807 2782 853 ut
2805 800 2859 853 in
2890 800 3070 855 verbis
3098 800 3211 855 suis
3243 810 3454 870 quanta:
3474 799 3545 854 sit
3572 802 3877 855 concordia

2281 890 2499 958 clareat,
2533 905 2755 946 necesse
2784 902 2866 947 est
2889 902 2947 947 ut
2968 902 3143 948 vestra
3172 891 3497 949 Fraternitas
3528 894 3623 949 ubi
3643 896 3712 949 sit
3732 912 3876 951 com-

2284 981 2425 1050 pleta
2455 991 2763 1050 cognoscat.
2795 983 2998 1039 Omnes
3055 998 3286 1053 namque
3346 984 3621 1050 novimus,
3653 989 3799 1056 quod
3830 990 3877 1041 in

2283 1074 2491 1145 synodo
2518 1090 2789 1144 nunquam
2834 1091 3089 1142 canones,
3121 1077 3221 1131 nisi
3272 1077 3500 1145 peractis
3548 1079 3879 1134 deﬁnitioni-

2283 1166 2383 1222 bus
2414 1168 2558 1237 ﬁdei,
2593 1170 2691 1225 nisi
2717 1171 2967 1240 perfectis
2996 1171 3341 1244 synodalibus
3370 1174 3535 1244 gestis
3555 1174 3877 1238 habeantur,

2283 1268 2343 1313 ut
2368 1271 2579 1315 servato
2600 1261 2786 1317 ordine
2815 1277 2935 1316 cum
2969 1264 3114 1331 prius
3143 1262 3380 1331 synodus
3423 1263 3489 1317 ad
3525 1264 3691 1317 ﬁdem
3726 1267 3877 1320 corda

2284 1352 2532 1417 aediﬁcet,
2568 1363 2693 1408 tunc
2723 1369 2819 1423 per
2850 1354 3063 1426 regulas
3093 1368 3359 1409 canonum
3414 1369 3599 1409 mores
3627 1356 3879 1410 Ecclesia

2284 1452 2543 1513 actusque
2558 1453 2862 1514 componat.
2880 1445 3132 1515 Vigilanti
3156 1462 3286 1517 ergo
3308 1460 3433 1499 cura
3461 1447 3755 1516 respicite,
3772 1465 3878 1520 qua:

2284 1536 2338 1591 in
2379 1544 2528 1591 sexta
2560 1536 2702 1591 illius
2723 1538 2933 1591 actione
2953 1547 3155 1592 sanctae
3187 1536 3311 1591 ﬁdei
3343 1535 3611 1606 professio
3635 1554 3881 1594 consum-

2286 1640 2491 1694 matur;
2550 1643 2781 1699 moxque
2834 1629 2888 1683 in
2945 1630 3175 1698 septima
3228 1628 3294 1682 ad
3348 1629 3753 1684 institutionem
3779 1630 3877 1701 jam

2288 1720 2525 1775 ﬁdelium
2577 1720 2758 1789 regula
2804 1735 3067 1775 canonum
3120 1720 3322 1791 ﬁgitur.
3352 1720 3721 1776 Ulterioribus
3766 1714 3881 1774 vero

599 1829 832 1888 persona
852 1816 985 1871 duas
1021 1824 1238 1869 naturas
1272 1812 1502 1883 Cyrillus
1528 1811 1805 1868 confessus
1833 1813 2177 1882 ostenditur;
2210 1829 2259 1890 Β
2288 1812 2584 1867 actionibus
2629 1812 2760 1865 nihil
2804 1812 2872 1867 de
2896 1826 3057 1867 causa
3090 1811 3235 1878 ﬁdei,
3267 1812 3361 1867 sed
3386 1813 3497 1867 sola
3534 1812 3757 1882 negotia
3781 1814 3879 1883 pri-

602 1908 659 1963 in
679 1908 858 1965 verbis
885 1908 1122 1975 epistolae
1142 1921 1298 1959 unam
1330 1914 1569 1958 naturam
1606 1903 1817 1958 tradere
1858 1902 2068 1970 dicitur,
2102 1914 2182 1959 at-

596 2016 703 2071 que
734 2001 800 2055 ab
827 2000 928 2053 hoc
974 2011 1131 2052 sensu
1162 2009 1446 2065 correptus
1477 1996 1561 2051 vix
1594 1995 1882 2066 resipuisse
1913 2007 2179 2052 narratur.

598 2088 657 2145 In
688 2089 851 2159 gestis
876 2086 1065 2159 synodi
1091 2086 1569 2140 anathematizatus
1591 2084 1868 2140 Nestorius
1882 2088 2040 2141 etiam
2064 2096 2185 2157 post

596 2191 821 2241 mortem
849 2181 1082 2247 dicitur;
1111 2180 1163 2234 iu
1193 2179 1368 2234 verbis
1405 2194 1538 2235 vero
1567 2179 2001 2249 epistoleetiam
2062 2189 2184 2247 post

597 2274 985 2344 depositiunem
1015 2286 1186 2336 suam,
1218 2285 1313 2339 pro
1339 2271 1455 2327 solo
1483 2271 1678 2325 civium
1719 2285 1937 2324 suorum
1961 2269 2082 2325 odio
2112 2271 2175 2326 ad

596 2368 865 2424 civitatem
894 2381 1045 2422 Suam
1098 2383 1205 2421 non
1256 2369 1463 2423 redisse
1521 2368 1841 2433 perhibetur.
1878 2367 1970 2423 Sic
1989 2367 2186 2439 quippe

598 2458 708 2515 illic
728 2460 981 2529 scriptum
1002 2468 1117 2513 est:
1154 2476 1173 2510 ‹
1212 2456 1487 2513 Nestorius
1512 2469 1689 2514 autem
1721 2461 1841 2529 quia
1864 2461 1916 2514 in
1945 2475 2057 2515 suae
2073 2469 2187 2515 erat

598 2552 725 2608 odio
752 2551 999 2617 civitatis,
1027 2560 1081 2606 et
1105 2550 1341 2605 virorum
1364 2551 1455 2619 qui
1485 2550 1536 2607 in
1559 2566 1621 2606 ea
1651 2561 1778 2606 sunt
1806 2552 2185 2618 maximorum,

601 2643 728 2700 illuc
756 2642 951 2697 reverti
980 2658 1086 2696 non
1117 2642 1305 2711 potuit.
1340 2660 1359 2695 ι
1390 2643 1445 2696 In
1478 2645 1645 2713 gestis
1696 2659 1759 2698 ac
1788 2644 2188 2700 deﬁnitionibus

603 2736 790 2808 synodi
824 2748 958 2789 unus
986 2734 1155 2789 Filius
1183 2733 1343 2790 Jesus
1395 2735 1642 2791 Christus
1672 2736 1867 2791 dicitur
1892 2755 1907 2805 ;
1934 2745 1993 2792 at
2039 2737 2189 2807 juxta

605 2827 905 2883 doctrinam
936 2825 1205 2882 Theodori
1248 2836 1408 2896 atque
1436 2825 1667 2883 Nestorii
1698 2827 1840 2884 Deus
1866 2840 2090 2885 tacetur.
2127 2831 2192 2886 Et

606 2921 661 2975 in
683 2919 848 2991 gestis
881 2919 1069 2991 synodi
1112 2934 1372 2991 nusquam
1404 2921 1717 2978 Theodorus
1745 2923 1982 2979 veritatis
2003 2924 2191 2981 doctor

606 3011 833 3077 dicitur;
862 3012 912 3065 in
933 3011 1114 3067 verbis
1135 3027 1261 3068 vero
1282 3012 1525 3083 epistolae
1553 3013 1715 3085 idem,
1741 3016 1891 3083 cujus
1936 3016 2189 3087 blasphe-

610 3104 744 3160 mias
788 3118 951 3174 supra
1007 3107 1340 3174 protulimus,
1372 3107 1613 3162 veritatis
1654 3107 1842 3163 doctor
1889 3113 2188 3165 clamatur:

2285 1913 2406 1958 vata
2435 1912 2739 1957 versantur.
2769 1902 2920 1970 Quod
2947 1917 3068 1957 cum
3102 1902 3442 1971 responsales
3476 1906 3643 1956 vestri
3670 1904 3743 1956 ita
3774 1918 3883 1956 esse

2287 1994 2635 2065 ambigerem,
2669 2007 2815 2047 curae
2857 1992 3019 2047 nobis
3073 1993 3171 2047 I’uit
3197 2008 3262 2048 ex
3295 1994 3524 2063 prolatis
3570 1995 3762 2048 multis
3792 1993 3885 2048 hoc

2287 2088 2571 2143 Codicibus
2597 2086 2991 2142 demonstrare.
3023 2087 3131 2141 Nos
3182 2098 3359 2142 tamen
3408 2088 3513 2142 hac
3541 2086 3616 2141 de
3646 2104 3709 2143 re
3755 2104 3883 2141 nun.

2287 2196 2445 2251 quam
2470 2180 2695 2233 dubitari
2727 2193 2885 2247 posse
2908 2178 3259 2244 credidimus,
3280 2179 3402 2248 quia
3424 2188 3481 2233 et
3500 2180 3697 2234 eadem
3722 2181 3883 2233 series

2288 2272 2367 2328 sic
2392 2288 2451 2327 se
2479 2270 2731 2334 insinuat,
2762 2281 2820 2325 ut
2840 2270 2991 2325 credi
3013 2272 3170 2326 aliter
3198 2272 3560 2327 contradicat.

2361 2363 2546 2419 XVIII.
2572 2363 2810 2417 Primum
2826 2361 3065 2431 quidem,
3080 2363 3203 2431 quia
3226 2362 3390 2432 (sicut
3405 2362 3613 2418 dictum
3637 2364 3747 2425 est)
3770 2365 3884 2418 dum

2288 2459 2506 2513 deﬁnita
2538 2456 2659 2513 ﬁdei
2690 2456 2871 2526 regula
2899 2456 2952 2510 in
2976 2456 3189 2512 actione
3214 2468 3367 2513 sexta
3398 2459 3729 2523 ostenditur,
3762 2461 3887 2513 ordo

2292 2565 2467 2605 causae
2517 2550 2750 2615 indicat,
2783 2558 2841 2604 ut
2899 2549 2950 2603 in
3007 2551 3220 2604 actione
3269 2550 3551 2620 subiuncta
3613 2567 3876 2608 canonum

2292 2644 2463 2699 forma
2495 2652 2830 2713 sequeretur.
2857 2643 3165 2699 Secundum
3193 2659 3318 2700 vero
3344 2654 3449 2712 est,
3481 2647 3613 2715 quia
3643 2660 3699 2703 et
3732 2647 3785 2702 in
3807 2665 3885 2702 θρα

2293 2737 2457 2791 tionis
2483 2746 2649 2791 sexta
2680 2736 2965 2790 terminum
2988 2733 3100 2806 jam
3129 2750 3391 2791 canonum
3424 2754 3618 2793 norma
3652 2741 3887 2809 praeliba-

2295 2841 2404 2895 tur,
2428 2829 2558 2885 dum
2599 2828 2709 2883 illic
2737 2843 2767 2881 ι
2795 2827 3036 2897 principe
3067 2827 3462 2884 venerabilibus
3516 2830 3791 2900 episcopis
3819 2833 3889 2885 di-

2294 2922 2465 2976 citur:
2487 2920 2677 2989 Aliqua
2708 2929 2831 2974 sunt
2861 2919 3119 2989 capitula,
3156 2936 3275 2989 qua
3306 2920 3372 2975 ad
3405 2924 3671 2977 honorem
3703 2935 3887 2980 vmtra

2294 3012 2614 3068 reverentiae
2640 3011 2792 3066 vobis
2816 3011 3233 3080 reservavimus,
3260 3012 3465 3083 justum
3521 3015 3890 3070 existit-iantes

2300 3105 2417 3159 hme
2443 3119 2472 3157 a
2505 3103 2656 3158 vobis
2684 3102 3003 3173 regulariter
3033 3118 3132 3173 per
3163 3105 3372 3175 singula
3395 3107 3668 3174 synodum
3695 3108 3889 3162 ﬁrmari

607 3197 699 3266 qui
755 3194 1003 3249 nimirum
1034 3195 1075 3249 si
1108 3210 1231 3251 vera
1262 3196 1414 3263 dixit,
1444 3196 1580 3251 falsa
1628 3207 1783 3253 erunt
1811 3216 1927 3268 qu:e
1956 3200 2024 3256 de
2052 3201 2194 3256 veri-
2220 3217 2269 3282 ο
2301 3196 2495 3270 [potius
2522 3213 2617 3267 per
2644 3198 2908 3270 synodum
2941 3196 3203 3271 Formari],
3231 3209 3335 3255 etc.
3369 3200 3753 3258 Prmlibalione
3793 3206 3885 3257 ita.

547 3350 567 3366 ι
610 3296 720 3344 tate
751 3288 987 3359 synodus
1018 3289 1257 3357 protulit.
1287 3290 1538 3360 Quisquis
1571 3291 1729 3361 igitur
1772 3291 1861 3359 qui
1914 3294 2193 3361 epistolam

610 3398 730 3455 quae
756 3382 862 3438 Iba;
884 3382 1101 3450 dicitur,
1125 3382 1411 3438 ostendere
1461 3384 1602 3453 quod
1646 3386 1715 3437 sit
1742 3384 1809 3438 de
1840 3386 2043 3453 synodo
2074 3388 2196 3439 niti-

613 3482 720 3540 tur,
750 3473 873 3544 quid
904 3472 1045 3527 aliud
1076 3488 1233 3543 quam
1262 3482 1407 3542 gesta
1430 3474 1671 3542 ejusdem
1699 3476 1888 3544 synodi
1917 3477 2195 3531 destruere

614 3565 871 3620 conatur?
903 3566 958 3621 Si
998 3566 1140 3619 enim
1187 3565 1534 3634 sibimetipsis
1585 3566 1795 3620 diversa
1843 3576 2005 3632 sunt,
2051 3568 2196 3623 nulla

615 3662 799 3731 procul
825 3659 989 3714 dubio
1015 3661 1331 3714 auctoritate
1360 3660 1672 3725 subsistent,
1697 3661 1817 3729 quia
1849 3676 1966 3731 qua:
1995 3675 2054 3716 se
2099 3662 2223 3714 ἱππ-ε

619 3753 901 3823 pugnando
931 3753 1233 3823 destruunt,
1279 3753 1413 3807 alios
1450 3753 1729 3808 aediﬁcare
1776 3769 1881 3809 non
1927 3762 2195 3823 possunt:

617 3844 664 3897 si
693 3843 1038 3912 sibimetipsis
1067 3844 1274 3899 diversa
1301 3853 1443 3907 sunt,
1472 3845 1610 3898 nulla
1646 3845 1893 3899 ﬁrmitate
1921 3846 2200 3900 convales-

618 3942 764 3996 cunt,
783 3933 1005 3987 Domino
1027 3942 1313 3987 attestante
1334 3935 1421 4003 qui
1440 3935 1545 3989 ait:
1574 3934 1808 4006 Regnum
1824 3935 1875 3988 in
1905 3951 1959 3990 se
1984 3936 2201 3989 divisum

620 4038 723 4076 non
752 4025 903 4078 stabit
933 4024 1082 4094 (Luc.
1116 4024 1215 4095 χι).
1246 4025 1350 4079 Sed
1381 4025 1519 4079 absit
1544 4026 1666 4091 hoc,
1699 4026 1836 4081 absit
1885 4027 1953 4081 ab
1982 4027 2077 4082 illo
2103 4043 2202 4084 ve-

622 4115 860 4167 nerando
891 4113 1141 4180 concilio,
1172 4121 1230 4167 ut
1254 4113 1469 4169 sibimet
1496 4115 1763 4169 contraria
1792 4115 1992 4181 sapiat;
2024 4129 2076 4171 et
2117 4118 2203 4173 vel

623 4204 895 4273 superiora
946 4204 1391 4273 subsequentibus
1419 4204 1688 4263 discordia
1722 4206 1987 4275 praeferat,
2013 4209 2095 4264 vel
2124 4210 2206 4263 in-

621 4295 814 4351 feriora
846 4296 1271 4371 praecedentibus
1315 4299 1690 4367 impugnatura
1733 4298 2036 4369 subiungat.
2069 4301 2206 4358 San-

618 4400 702 4445 cta
734 4390 874 4443 enim
929 4388 1081 4454 ﬁdes,
1111 4388 1231 4460 quae
1279 4404 1385 4443 uno
1437 4389 1550 4444 illic
1606 4389 1793 4460 spiritu
1851 4403 2070 4462 accepta
2098 4405 2203 4463 est,

617 4497 723 4536 uno
743 4496 900 4538 sensu
927 4482 1150 4552 credita,
1173 4496 1279 4537 una
1301 4492 1384 4539 est
1404 4491 1458 4538 et
1487 4483 1589 4539 ﬁde
1609 4481 1859 4557 [Forum
1890 4485 2047 4556 voce]
2074 4502 2208 4556 prte-

2300 3305 2407 3360 que
2457 3300 2623 3353 sextae,
2648 3290 2878 3353 actionis
2906 3291 3208 3353 ostenditur
3233 3293 3358 3359 quia
3393 3292 3516 3363 jure
3546 3296 3886 3360 constitutio-

2302 3398 2398 3436 nes
2421 3396 2687 3443 cattonum
2739 3396 2842 3437 non
2874 3383 2971 3443 nisi
3004 3383 3059 3437 in
3103 3383 3329 3451 septima
3359 3386 3733 3445 continentur.
3763 3388 3885 3455 Quid

2301 3473 2445 3531 enim
2470 3484 2746 3540 supererat
2768 3478 2907 3542 quod
2942 3474 3172 3542 perlecta
3201 3475 3322 3531 ﬁdei
3346 3476 3685 3544 professione
3717 3479 3880 3545 ﬁeret,

2301 3565 2404 3627 nisi
2445 3572 2501 3619 ut
2530 3565 2886 3632 quorumdam
2919 3565 3153 3633 ﬁdelium
3177 3568 3418 3627 actiones
3445 3568 3665 3625 illicitas
3706 3584 3883 3629 sancta

2303 3654 2542 3724 synodus
2574 3655 2759 3723 positis
2786 3656 2987 3726 regulis
3032 3655 3335 3727 iudicaret?
3365 3660 3622 3725 Quamvis
3653 3661 3699 3715 si
3729 3663 3890 3719 soler-

2305 3758 2386 3800 ter
2412 3747 2723 3817 aspicimus,
2757 3763 3025 3815 canonum
3080 3751 3289 3819 regulas
3338 3752 3540 3822 Positas
3590 3769 3726 3821 non,
3766 3757 3889 3815 sicut

2308 3850 2542 3906 putatur,
2580 3841 2631 3894 in
2660 3841 2909 3910 septima,
2940 3841 3033 3896 sed
3066 3842 3298 3903 intextas
3324 3855 3489 3907 sextae
3514 3846 3721 3909 actioni
3751 3850 3886 3909 inve-

2309 3929 2502 3987 nimus.
2531 3928 2664 3991 Nam
2696 3946 2817 3985 eum
2852 3932 2903 3985 in
2936 3932 3140 3997 eisdem
3160 3936 3634 3999 constitutionibus
3653 3944 3890 4003 sancien-

2305 4018 2390 4077 dis
2411 4036 2517 4077 non
2540 4022 2679 4087 dies,
2708 4038 2815 4079 non
2846 4024 3128 4093 imperium
3161 4028 3400 4096 ponitur,
3430 4045 3538 4087 non
3564 4032 3660 4103 qui
3696 4036 3892 4094 reside-

2308 4120 2447 4177 rent,
2480 4115 2876 4181 describuntur,
2911 4118 3275 4186 proculdubio
3324 4136 3447 4183 cum
3474 4139 3582 4181 non
3638 4138 3891 4191 consuete

2307 4205 2529 4265 exordio
2566 4216 2758 4275 coeptae
2805 4217 2953 4277 sunt,
2986 4210 3112 4279 quia
3158 4212 3483 4281 praecedenti
3528 4216 3735 4283 actioni
3778 4221 3896 4281 sub-

2311 4313 2463 4355 nexa
2486 4308 2612 4363 sunt
2639 4300 3058 4363 demonstratur.
3088 4303 3223 4371 Quia
3250 4320 3379 4367 vero
3428 4305 3481 4367 in
3508 4308 3729 4370 actione
3753 4320 3895 4373 sexta

2310 4388 2434 4455 ﬁdei
2465 4405 2626 4456 causa
2653 4391 2953 4461 perﬁcitur,
2984 4392 3103 4471 ipsa
3130 4394 3505 4473 episcoporum
3535 4400 3785 4461 omnium
3812 4418 3898 4475 ge-

2310 4482 2477 4547 nerali
2498 4483 2889 4552 subscriptione
2904 4484 3227 4551 declaratur.
3242 4487 3372 4545 Nam
3391 4490 3482 4560 qui
3498 4500 3621 4559 post
3636 4494 3898 4564 subscrip-

618 4574 812 4657 dicata.
846 4573 1047 4628 Idcirco
1096 4573 1151 4628 in
1176 4573 1385 4629 cunctis
1411 4574 1590 4628 mundi
1620 4575 1860 4644 partibus
1911 4576 2079 4631 forma
2103 4592 2204 4632 no-
2233 4594 2289 4656 ι)
2310 4585 2500 4641 serunt,
2528 4577 2891 4646 sententiam,
2919 4591 3109 4649 cuncta
3138 4595 3259 4650 quae
3286 4581 3354 4636 de
3403 4582 3507 4648 ηαξ
3532 4585 3744 4656 agenda
3790 4586 3897 4643 fue-

617 4677 746 4722 strse
772 4666 1124 4738 professionis
1146 4670 1281 4723 facta
1313 4676 1415 4735 est,
1444 4668 1569 4738 quia
1620 4668 1675 4723 in
1702 4670 2033 4739 precantium
2062 4672 2207 4726 veci-
2310 4675 2450 4734 rant,
2477 4667 2621 4727 ﬁnita
2646 4669 2823 4733 testati
2847 4679 2990 4729 sunt.
3015 4670 3163 4739 Unde
3184 4681 3237 4735 et
3259 4671 3313 4733 in
3335 4673 3513 4739 causis
3530 4685 3652 4745 post
3680 4678 3889 4746 specia-

617 4759 721 4816 hus
742 4762 956 4815 sibimet
987 4762 1099 4829 ipsa
1127 4761 1404 4818 dissimilis
1432 4778 1534 4817 non
1567 4771 1670 4819 est.

684 4849 845 4908 XVII.
872 4853 979 4909 Sed
1007 4868 1101 4908 cur
1130 4853 1499 4909 tantummodo
1529 4858 1769 4910 sanctam
1797 4855 2207 4912 Chalcedonen-

620 4959 735 4999 sem
757 4945 1019 5014 synodum
1049 4946 1276 5000 convelli
1305 4944 1553 5015 dicimus,
1587 4945 1635 4999 si
1676 4947 2053 5013 auctoritatem
2083 4948 2206 5007 huic

616 5034 861 5107 epistolae
891 5035 1243 5103 reprobemus
1260 5037 1287 5090 ’ἑ
1308 5036 1439 5104 Quae
1467 5037 1717 5092 nimirum
1740 5039 1783 5093 si
1806 5055 1927 5095 vera
1943 5041 2200 5108 creditur,

617 5130 776 5182 etiam
796 5138 901 5181 tota
930 5136 1130 5181 sanetae
1154 5126 1435 5195 Ephesius:
1466 5129 1653 5200 synodi
1687 5130 1821 5185 Iides
1863 5146 1923 5185 ac
1947 5146 2202 5189 reveren-

617 5221 691 5275 tia
740 5219 1051 5287 dissipatur.
1085 5218 1212 5274 ﬂaac
1254 5220 1451 5291 quippe
1504 5221 1600 5288 ait,
1628 5223 1770 5291 quod
1810 5222 1945 5278 inea
1972 5222 2207 5292 Cyrillus

616 5311 960 5377 prterttiorum
1017 5308 1373 5377 medicamine
1404 5312 1705 5380 sapientum
1749 5311 1935 5375 oculos
1962 5328 2204 5377 caesaca-

613 5400 713 5453 vit.
728 5399 865 5465 Quid
893 5414 1022 5469 ergo
1041 5399 1154 5454 illic
1172 5399 1242 5463 de
1270 5402 1494 5457 veritate
1517 5412 1721 5461 certum
1742 5402 1960 5468 dicitur,
1983 5403 2070 5457 ubi
2089 5404 2203 5474 ipsa

618 5492 817 5545 veritas
832 5491 1200 5547 sacerdotibus
1219 5491 1438 5549 vendita
1457 5506 1578 5547 esse
1603 5492 1910 5561 perhibetur
1927 5493 2066 5553 YSed
2085 5498 2204 5565 quis

621 5582 723 5637 hoc
745 5583 945 5649 dicere,
970 5583 1089 5653 quis
1110 5582 1212 5638 hoc
1240 5583 1542 5637 consentiat
1560 5583 1823 5651 patienter
1851 5585 2074 5651 audire?
2101 5586 2205 5647 Ite-

618 5675 877 5740 probetur
901 5688 1033 5745 erga
1048 5688 1152 5741 una
1179 5673 1403 5744 epistola
1428 5673 1719 5742 mentiens,
1745 5690 1811 5741 ne
1837 5686 2065 5747 utraque
2081 5692 2201 5732 san-

2313 4757 2475 4825 libus,
2497 4759 2653 4817 nudis
2685 4761 3051 4825 tantummodo
3078 4762 3259 4827 verbis
3288 4763 3603 4838 loquuntur,
3634 4777 3805 4839 atque
3838 4784 3896 4835 ea

2309 4868 2428 4923 quae
2450 4853 2803 4931 decernentes
2826 4855 3095 4925 dixeram,
3123 4856 3273 4923 nulla
3320 4860 3596 4928 supposita
3625 4861 3897 4941 subscrip-

2311 4944 2455 5005 tione
2484 4943 2848 5013 ﬁrmaverunt.
2881 4945 3007 5021 Quae
3031 4944 3259 5020 [Forsan
3288 4946 3412 5025 Qui]
3456 4951 3896 5021 revereudissimi

2310 5036 2549 5107 episcopi
2571 5037 2644 5103 ita
2666 5038 2719 5098 in
2745 5038 2958 5104 actione
2980 5048 3130 5103 sexta
3157 5041 3334 5103 omnia
3355 5055 3471 5110 quae
3487 5039 3554 5097 de
3575 5042 3683 5099 (ide
3698 5046 3896 5114 agenda

2308 5128 2538 5195 fuerant,
2572 5130 2967 5209 cognoscebant
2997 5148 3011 5196 ;
3047 5139 3129 5205 ut,
3163 5130 3301 5197 situt
3333 5132 3442 5195 illic
3483 5134 3746 5206 scriptum
3800 5149 3893 5199 est,

2306 5221 2598 5283 clamarent
2644 5239 2659 5275 :
2709 5220 3107 5295 Supplicamus,
3138 5221 3345 5289 dimitte
3369 5231 3501 5297 nos,
3534 5226 3619 5293 pie
3672 5228 3899 5298 impera-

2306 5322 2413 5381 tor,
2456 5314 2665 5381 dimitte
2708 5329 2825 5385 nos.
2858 5315 3141 5389 (Quodque
3195 5332 3301 5379 non
3353 5327 3448 5385 pro
3498 5317 3625 5385 ﬁde,
3661 5319 3759 5374 sed
3808 5337 3897 5390 pro

2308 5404 2631 5485 specialibus
2696 5405 2874 5469 causis
2944 5405 3145 5469 detenti
3208 5415 3379 5477 sunt,
3444 5408 3727 5489 principali
3794 5412 3893 5465 iiiic

2311 5496 2661 5565 responsione
2711 5504 3074 5561 monstratur,
3125 5512 3249 5561 cum
3307 5497 3504 5551 dicitur
3540 5515 3553 5552 :
3584 5497 3894 5556 Sacratis~i-

2311 5602 2430 5645 mus
2482 5597 2537 5644 et
2590 5588 2861 5658 piissimus
2920 5587 3170 5651 dominos
3218 5598 3399 5645 noster
3447 5590 3751 5647 Marcianus
3793 5597 3893 5648 Au-

2312 5689 2499 5750 gustus
2564 5682 2629 5735 ad
2695 5690 2932 5749 sanctam
3000 5680 3264 5755 synodum
3318 5682 3471 5756 dixit
3518 5700 3533 5737 :
3580 5683 3891 5742 [aberastis

694 5832 773 5929 ta)
810 5832 1113 5899 Legendum
1159 5835 1376 5890 omnino
1401 5833 1534 5905 Iber,
1563 5835 1715 5907 cujus
1737 5844 1863 5895 sunt
1884 5835 2044 5892 verba
2074 5852 2196 5908 qua:
2230 5854 2356 5898 mox
2378 5842 2671 5899 afferuntur
2701 5824 2823 5914 sup.
2840 5841 2963 5899 coll.
2993 5842 3026 5897 6
