4076 6348
256 388 259 389 ν
288 334 397 397 “5

1494 342 1851 402 EPISTOLE
1888 345 1979 404 ET
2014 346 2359 408 DECRETA.

3459 360 3563 419 ⁷54

283 448 459 511 multo
480 446 656 519 spatio
673 444 1351 522 fatigatiotmmperpessi:
1403 454 1630 520 sustinet
1682 466 1867 517 autem
1895 460 1951 521 Δ
1976 475 2105 517 vero
2141 470 2195 518 et
2224 462 2369 533 apud
2397 465 2617 525 eosdem
2647 467 2938 542 episcopos
2976 472 3072 543 qui
3117 473 3172 533 in
3220 473 3563 541 Chalcedone

284 548 404 607 tres
428 548 523 605 aut
575 549 808 611 quatuor
831 542 949 607 dies
975 542 1171 610 adhuc,
1200 554 1254 613 et
1283 548 1640 614 praesentibus
1669 551 1874 623 magni-

1979 555 2331 622 resederunt,
2362 559 2415 614 iu
2459 563 2806 621 veneratione
2854 565 3092 635 synodus
3135 571 3348 629 nonnisi
3394 585 3561 642 usque

282 631 651 732 (meritissima
691 630 968 703 iudicibus
1014 635 1210 732 nostris
1234 674 1250 699 .
1281 634 1491 732 singula
1546 654 1878 732 uituecunqtte
1977 650 2043 710 ad
2075 650 2197 707 ﬁdei
2222 652 2592 712 deﬁnitionem
2621 655 2749 724 fuit,
2781 630 3003 728 peritae
3026 672 3209 730 aperte
3232 630 3555 732 ostenditur,

281 724 447 787 Vultis
465 740 703 797 movere,
720 736 1031 798 competens
1049 727 1295 801 adepturi
1307 730 1558 793 solatium
1573 731 1680 804 (At.
1693 774 1706 795 ,
1725 747 1824 789 aur
1836 735 1875 795 i-

280 819 458 893 lium].
489 820 635 892 )Qui
658 820 821 892 igitur
849 822 918 881 ad
944 823 1149 894 singula
1176 839 1403 894 quaeque
1432 824 1636 885 vellent
1664 836 1873 887 motura

279 917 478 979 retenti
523 924 670 981 sunt,
702 916 824 987 licet
855 913 1089 990 [Forsan
1132 917 1321 989 liquet]
1365 918 1485 988 quia
1541 934 1871 990 nequaquam

278 1007 421 1071 ultra
449 1007 679 1075 action“
706 1015 873 1069 sextae
902 1008 1189 1075 terminum
1211 1024 1309 1079 pro,
1335 1009 1458 1065 ﬁdei
1480 1024 1641 1073 causa
1663 1010 1873 1069 restite-

276 1112 405 1165 runt
427 1100 870 1175 {remanserunt}.

352 1196 462 1257 Sed
490 1212 586 1257 cur
614 1198 682 1255 de
714 1197 800 1259 his
825 1205 1050 1261 extensa
1078 1199 1288 1263 ratione
1314 1200 1552 1271 agimus,
1585 1201 1677 1272 qui
1717 1210 1867 1260 tanta

277 1293 703 1365 praedecessore;
746 1294 917 1355 nostri
948 1293 1088 1353 beati
1118 1293 1312 1357 Leonis
1341 1294 1661 1357 auctoritate
1710 1295 1863 1353 mici-

280 1387 452 1447 tnur‘i
483 1387 603 1456 Ipse
632 1401 896 1456 namque,
926 1387 1066 1444 sicut
1108 1388 1275 1449 multa
1314 1389 1563 1458 superius
1602 1390 1866 1460 epistola-

280 1494 406 1545 rttm
448 1476 566 1550 ejus
607 1479 954 1544 attestatione
994 1480 1311 1547 docuimus,
1355 1494 1502 1551 gestia
1552 1482 1867 1552 multiplicia

273 1587 563 1633 causarum
585 1572 895 1642 specialiqu
916 1574 1273 1643 reprobando,
1290 1575 1660 1633 auctoritatem
1677 1576 1868 1647 synodi

275 1666 337 1733 in
365 1664 479 1729 sola
510 1664 636 1731 ﬁdei
665 1664 977 1731 deﬁnititme
1006 1668 1347 1727 constrinxit.
1395 1668 1528 1725 llinc
1566 1676 1650 1723 est
1686 1668 1864 1729 enim.

271 1759 420 1830 quod
445 1768 663 1829 peracta
692 1757 898 1830 synodo
926 1769 1149 1817 cunctas
1180 1760 1337 1817 nobis
1367 1760 1738 1830 suspicionum
1772 1777 1866 1821 ne-

1975 741 2119 810 quod
2150 743 2385 815 plerique
2417 746 2591 804 (ἶνεεοί
2620 752 2954 820 antiquiores
3002 752 3229 812 Codices
3279 759 3558 817 continere

1974 833 2238 903 synodum
2269 838 2484 897 nonnisi
2514 839 2566 895 in
2599 855 2691 899 sex
2722 844 3023 901 actionibus
3062 847 3364 917 subiunctis
3407 866 3542 908 cano

1975 922 2138 981 nibus
2164 926 2619 996 demonstrantur,
2649 942 2705 988 ut
2729 938 2950 992 omnino
2972 948 3167 995 castora
3193 957 3315 1012 quae
3344 944 3553 1012 privato

1969 1018 2150 1075 studio
2182 1018 2391 1077 fuerant
2417 1033 2557 1079 mota
2580 1066 2595 1091 ,
2629 1032 2734 1081 no‘u
2768 1029 3019 1087 habeant.
3056 1032 3206 1090 Unde
3233 1044 3286 1089 et
3315 1037 3556 1107 encyclia

1971 1110 2089 1169 haec
2112 1112 2183 1169 ita
2209 1130 2329 1171 esse
2356 1126 2638 1175 testantur.
2668 1121 2800 1176 Nam
2832 1124 3015 1183 Leone
3052 1128 3287 1197 Augusto
3317 1130 3543 1200 Alypius

1972 1203 2258 1275 episcopus
2287 1206 2547 1269 Caesareae
2576 1212 2927 1283 Cappadocia:
2977 1218 3249 1283 scribens,
3281 1220 3358 1276 ait
3384 1223 3400 1292 (
3425 1220 3491 1275 In
3517 1226 3551 1279 3

1971 1306 2108 1367 part.
2132 1298 2377 1356 Cholced.
2410 1319 2576 1371 conc.,
2600 1322 2645 1359 ο.
2680 1308 2768 1378 50)
2793 1326 2806 1361 :
2843 1309 2935 1365 llis
2960 1311 3140 1379 itaque
3167 1312 3246 1369 sic
3272 1329 3331 1370 se
3358 1316 3552 1373 haben-

1971 1391 2141 1458 tibus,
2176 1403 2368 1451 vestrae
2400 1395 2589 1453 Pietati
2630 1398 2905 1470 signiﬁco,
2935 1403 3059 1474 quia
3085 1419 3149 1461 ea
3187 1406 3401 1475 quidem
3431 1424 3552 1479 quae

1972 1485 2370 1553 particulariter
2395 1490 2699 1547 examinata
2731 1504 2875 1559 sunt,
2908 1504 2965 1551 et
2991 1511 3109 1566 quac
3134 1498 3355 1571 [atque]
3402 1509 3553 1573 gesta

1970 1593 2001 1637 tt
2034 1581 2237 1635 sanctis
2265 1580 2534 1651 episcopis
2580 1582 2632 1638 in
2672 1585 3099 1645 Cbalcedonensi
3145 1591 3363 1647 civitate
3403 1594 3555 1649 culle-

1970 1671 2074 1729 ctis
2102 1713 2115 1737 ,
2149 1687 2255 1726 non
2289 1674 2388 1741 legi
2417 1691 2432 1740 ;
2466 1690 2639 1744 neque
2669 1677 2811 1733 enim
2840 1694 2868 1731 a
2898 1687 3100 1737 sancta:
3128 1685 3401 1739 memoriae
3431 1694 3554 1741 tunc

1968 1764 2226 1835 episcopo
2276 1765 2583 1832 Thalassio,
2631 1771 2723 1839 qui
2768 1770 3006 1827 interfuit
3055 1785 3242 1831 sancto
3280 1778 3552 1848 concilio,

275 1851 433 1917 bulas
455 1860 703 1921 tergens,
728 1860 915 1920 aperte
940 1851 1005 1911 ad
1030 1851 1316 1943 Maximum
1344 1853 1697 1911 Antiochense
1720 1853 1863 1909 sedis
1892 1846 1942 1923 Β
1969 1857 2168 1927 aliquid
2212 1858 2318 1914 huc
2361 1862 2595 1930 amplius
2632 1871 2717 1919 est
2759 1865 2979 1925 allatum
3008 1882 3072 1923 ex
3121 1868 3205 1925 his
3244 1885 3365 1939 qua:
3404 1846 3554 1943 gesta

272 1943 576 2001 antistitem
607 1942 825 2011 scribit,
856 1942 1042 1998 dicens
1073 1942 1277 2013 (Epist.
1308 1943 1414 2013 62)
1443 1962 1455 1998 :
1490 1944 1547 2000 Si
1579 1945 1702 2013 quid
1730 1958 1861 2000 sane

264 2036 343 2097 ab
383 2034 469 2101 his
515 2034 805 2102 fratribus,
856 2050 997 2105 quos
1040 2035 1107 2099 ad
1148 2045 1391 2103 sanctam
1442 2035 1707 2105 synodum
1748 2036 1865 2091 vice

264 2144 393 2203 mea
425 2128 585 2195 misi,
618 2138 815 2198 praeter
843 2129 895 2191 id
939 2128 1085 2197 quod
1113 2129 1179 2191 ad
1212 2144 1428 2192 causam
1462 2128 1586 2187 ﬁdei
1633 2131 1864 2199 pertine-

266 2222 366 2287 bat
384 2261 399 2291 η
433 2232 642 2293 gestum
670 2236 793 2279 esse
819 2222 1167 2292 perhibetur,
1201 2221 1381 2279 nullus
1408 2229 1510 2277 erit
1532 2222 1743 2291 penitus
1772 2223 1862 2285 tir-

262 2314 511 2383 mitatis,
543 2314 667 2384 quia
696 2312 763 2377 ad
793 2312 896 2377 hoc
923 2320 1129 2373 tantum
1160 2313 1231 2369 ab
1259 2312 1557 2381 apostolica
1585 2313 1712 2375 sede
1738 2321 1864 2367 sunt

260 2407 495 2475 directi,
527 2417 586 2467 ut
614 2408 811 2475 excisis
842 2406 1141 2469 hmresibus
1161 2447 1176 2471 ,
1208 2405 1484 2471 catholicae
1527 2416 1711 2467 essent
1736 2405 1858 2461 ﬁdei

265 2503 609 2567 defensores.
652 2499 925 2571 Quidquid
969 2498 1111 2557 enim
1144 2508 1342 2569 prater
1382 2498 1641 2568 speciales
1671 2512 1861 2553 causas

265 2594 614 2667 synodalium
661 2593 1015 2655 conciliorum
1062 2592 1127 2647 ad
1173 2606 1400 2653 examen
1431 2592 1737 2663 episcopale
1766 2591 1859 2651 de-

259 2688 459 2756 fertur,
488 2698 666 2759 potest
695 2688 924 2757 aliquam
953 2685 1279 2755 diiudicandi
1324 2686 1531 2751 habere
1571 2687 1853 2745 rationem.

262 2784 402 2852 (Sed
428 2784 607 2841 solent
638 2782 885 2837 nonnulli
914 2781 1130 2846 dicere,
1162 2782 1280 2836 haec
1322 2795 1443 2837 eum
1474 2795 1572 2849 pro
1617 2781 1856 2837 Anatolii

260 2876 876 2945 lionstantinopolitanae
925 2876 1078 2935 urbis
1126 2875 1368 2945 episcopi
1420 2875 1855 2943 praesumptione

260 2972 509 3033 dixisse:
539 2972 629 3041 qui
662 2971 706 3025 si
733 2979 788 3027 et
814 2984 905 3026 res
931 2978 1140 3039 gestas,
1172 2980 1224 3023 et
1256 2984 1319 3025 ea
1349 2983 1473 3039 quat
1500 2983 1641 3025 nunc
1668 2982 1855 3038 protu-

258 3065 427 3125 limus
452 3063 693 3133 epistolte
721 3062 880 3118 verba
906 3060 1259 3123 considerant
1279 3100 1294 3125 ,
1323 3058 1583 3129 suspicari
1609 3059 1853 3127 protinus

260 3159 402 3215 falsa
420 3166 655 3214 cessant.
680 3156 923 3225 Namque
947 3170 1070 3210 cum
1094 3154 1381 3224 praedictus
1400 3154 1853 3223 Constantinopo-

1969 1959 2284 2017 noscnntur,
2315 1953 2411 2009 sed
2444 1957 2815 2013 tantummodo
2844 1958 3213 2017 deﬁnitionem
3250 1962 3552 2032 expositam

1968 2044 2036 2101 ah
2078 2044 2169 2099 illo
2208 2054 2401 2101 sancto
2440 2048 2674 2107 concilio
2714 2050 2781 2105 ab
2821 2065 2889 2106 eo
2913 2051 3151 2111 delatam
3185 2055 3443 2127 inspexi.)
3474 2060 3558 2114 Αιρ

1969 2144 2200 2192 testante
2255 2153 2384 2209 ergo
2439 2140 2634 2210 Alypio
2690 2143 2946 2212 episcopo
2999 2146 3373 2215 perdocemur,
3427 2149 3552 2218 quia

1966 2241 2163 2299 prmter
2192 2247 2410 2289 causam
2444 2235 2571 2291 ﬁdei
2599 2236 2731 2293 nihil
2764 2239 2833 2294 de
2862 2241 3069 2311 synodo
3109 2242 3163 2297 in
3207 2246 3551 2300 veneratione

1965 2324 2278 2387 Thalassius
2329 2331 2499 2386 tenuit
2538 2332 2628 2401 qtti
2675 2332 2784 2389 illic
2828 2345 2884 2388 et
2927 2345 3126 2406 praeter
3165 2351 3382 2394 causam
3426 2339 3551 2397 ﬁdei

1964 2420 2347 2490 episcoporum
2377 2424 2607 2493 negotiis
2650 2426 2867 2494 privatis
2911 2429 3165 2484 interfuit.
3219 2431 3276 2488 Si
3308 2432 3469 2501 igitur
3496 2434 3549 2489 in

1962 2514 2175 2568 actione
2206 2524 2361 2571 sexta
2394 2517 2655 2585 professio
2697 2518 2820 2574 ﬁdei
2853 2531 3281 2590 consummatur,
3317 2540 3550 2594 moxque

1962 2619 2227 2662 canonum
2260 2607 2443 2679 regula
2477 2608 2652 2679 ﬁgitur
2679 2628 2693 2677 ;
2724 2611 2768 2667 si
2799 2613 2985 2667 beatus
3014 2614 3123 2670 Leo
3151 2616 3399 2687 negotiis,
3431 2632 3549 2686 qua:

1962 2698 2073 2755 illic
2104 2700 2315 2768 private
2341 2712 2484 2756 mnta
2516 2713 2672 2771 sunt,
2705 2706 3059 2764 contradicit:
3092 2708 3136 2762 si
3170 2708 3271 2765 hoc
3300 2710 3444 2779 quod
3478 2711 3529 2764 ul

1959 2800 2042 2848 tra
2093 2792 2254 2848 ﬁdem
2297 2806 2506 2865 gestum
2547 2806 2659 2863 est,
2702 2814 2801 2853 nec
2842 2801 2887 2853 is
2930 2802 3018 2869 qui
3070 2804 3192 2857 feeit
3236 2803 3549 2861 Thalassius

1959 2887 2169 2941 tenuit:
2197 2901 2295 2941 cur
2326 2902 2424 2942 nos
2453 2888 2765 2945 haereticam
2797 2892 3082 2961 epistolam
3111 2904 3435 2953 retractasse
3460 2912 3550 2953 re-

1958 2978 2367 3046 prehendimur,
2399 2982 2487 3049 qui
2522 2982 2621 3036 hac
2648 2982 2699 3036 in
2741 2998 2801 3038 re
2849 2996 3165 3041 cunctorum
3198 3003 3294 3043 nos
3342 3005 3544 3059 prace-

1956 3072 2197 3128 deutium
2230 3075 2555 3131 auctoritate
2587 3076 2904 3134 roboramur
2930 3080 2954 3133 ?
2987 3080 3049 3134 Et
3078 3083 3324 3152 quamvis
3355 3084 3424 3137 ab
3453 3099 3544 3139 ea-

1961 3166 2086 3221 dem
2116 3166 2346 3236 epistoia
2377 3168 2610 3223 alienum
2644 3184 2703 3224 se
2744 3170 2865 3226 lbas
2906 3175 3227 3242 respondeat
3255 3192 3269 3241 ;
3298 3177 3543 3244 quamvis

258 3250 444 3307 litanti:
469 3249 617 3304 urbis
645 3250 935 3318 episcopus
969 3262 1164 3304 novum
1196 3246 1403 3317 aliquid
1438 3254 1726 3306 conaretur
1763 3261 1849 3300 ar-
1876 3226 1925 3304 C
1957 3257 2079 3328 quia
2121 3226 2413 3330 approbata
2460 3264 2527 3315 sit
2549 3305 2562 3327 ,
2614 3270 2706 3316 aut
2745 3226 3050 3333 difﬁculter,
3099 3278 3190 3321 aut
3236 3226 3541 3324 nullatenus

257 3343 468 3413 ripere,
502 3351 713 3399 constat
740 3340 848 3397 illic
876 3342 927 3396 ei
954 3341 1159 3410 legatos
1186 3338 1335 3397 sedis
1376 3340 1685 3408 apostolicae
1725 3354 1848 3396 cum

256 3450 473 3493 summa
490 3435 825 3492 auctoritatis
847 3435 1094 3493 libertate
1109 3434 1369 3489 restitisse
1388 3432 1524 3503 (Act.
1539 3434 1674 3502 xvn).
1694 3433 1848 3502 Quod

254 3540 317 3586 et
344 3530 541 3586 factum
574 3529 626 3584 in
669 3528 878 3599 synodo
916 3527 1145 3612 legitur.
1175 3536 1232 3583 et
1270 3526 1512 3596 ejusdem
1551 3527 1743 3596 synodi
1780 3528 1847 3581 ad

252 3623 539 3695 praefatum
566 3623 1018 3687 praedecessorem
1046 3629 1286 3677 nostrum
1314 3621 1560 3691 epistolis
1585 3621 1850 3689 approba-

255 3727 368 3773 tur.
388 3719 425 3772 A
442 3733 585 3787 sepe
609 3716 719 3772 fato
739 3724 917 3771 autem
938 3714 1128 3771 eodem
1154 3717 1554 3785 praedecessore
1576 3725 1761 3771 nostro
1779 3715 1848 3771 ad

252 3812 578 3878 Ilaximum,
610 3810 749 3867 sicut
776 3810 1139 3881 praediximus,
1170 3809 1418 3865 novimus
1447 3810 1710 3876 scriptum
1742 3826 1758 3863 :
1787 3808 1845 3864 Si

252 3906 383 3976 quid
402 3920 531 3962 sane
552 3907 621 3961 ab
650 3906 732 3960 his
755 3904 1032 3973 fratribus,
1060 3918 1196 3973 quos
1220 3901 1287 3956 ad
1307 3911 1551 3969 sanctam
1574 3902 1839 3971 synodum

251 4000 373 4055 vice
402 4014 521 4054 mea
549 3999 688 4064 misi,
714 4008 910 4068 praeter
940 3997 995 4053 id
1021 3996 1165 4067 quod
1192 3994 1261 4049 ad
1288 4009 1507 4049 causam
1538 3993 1661 4049 ﬁdei
1694 3996 1847 4061 perti-

249 4091 437 4157 nebat,
448 4102 657 4162 gestum
681 4104 802 4146 esse
823 4088 1158 4160 perhibetur,
1175 4086 1375 4141 nullius
1396 4087 1502 4141 erit
1526 4087 1737 4155 penitus
1760 4085 1843 4140 ﬁr-

251 4183 485 4249 mitatis,
516 4182 639 4253 quia
673 4182 738 4237 ad
769 4183 871 4238 hoc
896 4190 1107 4236 tantum
1136 4189 1265 4235 sunt
1294 4180 1361 4234 ab
1390 4179 1684 4249 apostolica
1713 4179 1843 4235 sede

248 4276 474 4342 directi,
505 4282 564 4329 ut
587 4274 783 4330 excisis
812 4273 1112 4329 hmresibus
1132 4313 1147 4337 ,
1178 4272 1461 4327 catholica:
1504 4279 1687 4326 essent
1718 4271 1839 4326 ﬁdei

250 4368 614 4437 defensores.)
648 4367 705 4423 Si
742 4381 871 4437 ergo
897 4366 967 4421 de
994 4365 1227 4421 Anatolii
1256 4378 1418 4418 causa
1447 4362 1673 4431 loquens
1694 4403 1710 4429 ,
1741 4362 1841 4418 hoc

249 4459 395 4530 quod
426 4473 456 4513 a
485 4458 698 4514 vicariis
726 4458 838 4512 suis
864 4469 1044 4512 aetum
1072 4458 1123 4510 in
1149 4454 1359 4526 synodo
1381 4454 1627 4519 fuerant,
1657 4455 1841 4510 redar-

248 4554 403 4625 guit;
460 4553 713 4608 nimirum
754 4552 879 4622 quia
924 4551 1413 4616 contradixerant,
1465 4548 1835 4619 reprehendit.

248 4646 316 4700 Et
343 4644 463 4715 quis
493 4644 609 4699 haec
639 4646 722 4699 vel
752 4643 951 4698 stultus
976 4641 1223 4699 sentiat?
1262 4643 1396 4695 Dum
1436 4651 1659 4703 constat
1696 4642 1840 4712 quod

248 4738 350 4793 hac
376 4738 444 4793 de
473 4754 532 4793 re
564 4738 754 4793 beatus
786 4736 896 4792 Leo
938 4736 1191 4791 Anatolio
1230 4736 1624 4806 conquerenti,
1672 4737 1836 4795 multa

246 4828 302 4885 in
345 4831 665 4885 vicariorum
704 4844 963 4895 suorum,
1009 4829 1132 4895 quia
1168 4828 1637 4891 contradixerant,
1684 4828 1841 4884 laude

241 4921 502 4980 rescribat
534 4920 736 4993 (Epist.
768 4920 916 4992 55):
953 4919 1104 4991 cuius
1147 4920 1394 4989 epistolas
1444 4935 1587 4977 nunc
1627 4920 1832 4977 idcirco

246 5014 411 5073 verba
441 5030 546 5069 non
575 5016 824 5085 ponimus
844 5056 861 5081 ,
897 5030 966 5070 ne
992 5014 1240 5070 volumen
1285 5015 1391 5069 hoc
1430 5015 1839 5073 immoderatius

242 5107 620 5165 exteHdamus.
652 5106 785 5162 Cum
817 5123 945 5165 vero
974 5118 1031 5164 et
1054 5108 1331 5177 subjicitur
1359 5126 1373 5164 :
1401 5108 1665 5177 Quidquid
1692 5109 1835 5167 enim

247 5207 447 5269 praeter
475 5200 739 5269 speciales
773 5215 968 5256 causas
999 5200 1341 5272 synodalium
1370 5202 1729 5261 conciliorum
1768 5204 1835 5261 ad

242 5307 475 5349 examen
504 5294 814 5363 episcopale
842 5293 1107 5360 defertur,
1154 5303 1334 5362 potest
1374 5295 1610 5364 aliquam
1649 5297 1837 5367 dijudi'

239 5387 401 5444 candi
432 5387 634 5445 habere
673 5391 969 5453 rationem,
1013 5387 1232 5458 (aperte
1279 5388 1435 5445 nobis
1480 5388 1698 5449 licentia
1749 5391 1835 5446 tri-

241 5481 449 5549 buitur,
486 5489 546 5536 ut
575 5481 830 5552 quidquid
864 5481 971 5537 illic
1000 5489 1149 5535 extra
1180 5481 1304 5537 ﬁdei
1335 5497 1527 5541 causas
1554 5484 1623 5539 de
1652 5499 1831 5555 perso-

238 5574 330 5631 nis
355 5581 566 5643 gestum
593 5582 677 5627 est
698 5614 713 5638 ,
744 5582 1086 5629 retractetur.
1120 5574 1384 5643 Specialis
1434 5575 1636 5645 quippe
1677 5592 1831 5648 syno-

239 5666 447 5722 dalium
477 5666 835 5722 conciliorum
867 5682 1026 5722 causa
1063 5676 1147 5727 est
1187 5667 1341 5725 ﬁdes.
1385 5668 1656 5738 Quidquid
1696 5686 1826 5742 ergo

239 5766 442 5827 praeter
495 5756 656 5829 ﬁdem
706 5758 901 5831 agitur,
951 5759 1133 5819 Leone
1184 5760 1444 5833 docente,
1496 5764 1821 5835 ostenditur,

1953 3341 2375 3419 demonstretur,
2412 3355 2634 3411 licenter
2661 3365 2842 3413 tamen
2886 3361 3253 3430 unusquisque
3291 3377 3409 3417 eam
3456 3378 3539 3417 re-

1953 3448 2332 3517 prehenderet,
2365 3449 2575 3504 etiamsi
2604 3452 2842 3519 episcopi
2884 3452 2937 3506 in
2964 3452 3154 3508 eodem
3194 3454 3424 3509 concilio
3448 3470 3537 3510 re-

1951 3540 2191 3596 sidentes
2239 3542 2351 3597 suis
2400 3543 2543 3597 illam
2589 3544 3072 3613 suhscriptionibus
3117 3548 3539 3616 approbassem;

1956 3634 2079 3703 quia
2111 3644 2429 3705 postquam,
2472 3636 2629 3692 beato
2668 3637 2848 3692 Leone
2885 3638 3192 3707 scribente,
3235 3640 3326 3710 jus
3372 3649 3541 3696 retra-

1953 3727 2134 3782 ctandi
2165 3735 2220 3780 et
2251 3726 2578 3794 diiudicandi
2609 3729 2943 3797 conceditur,
2978 3731 3138 3785 etiam
3176 3731 3222 3786 si
3271 3747 3375 3800 qua
3415 3745 3536 3786 esse

1954 3828 2163 3886 poterat
2191 3833 2380 3873 eorum
2426 3819 2515 3888 qui
2564 3820 2921 3875 interfuerant
2951 3822 3005 3876 in
3044 3822 3266 3892 privatis
3304 3822 3538 3891 negotiis

1951 3912 2243 3964 auctoritas
2260 3951 2274 3973 ,
2307 3922 2584 3966 vacuatur.

2022 4003 2141 4057 XX.
2161 4001 2416 4063 Discussa
2442 4005 2622 4076 itaque
2651 4004 2890 4060 secundo
2917 4005 3180 4074 capitulo,
3215 4007 3427 4061 tertium
3455 4020 3539 4061 sup

1945 4107 2152 4168 pereat,
2200 4097 2343 4168 quod
2386 4106 2533 4151 tanto
2573 4098 2831 4153 debemus
2877 4098 2930 4153 in
2984 4098 3244 4154 brevitate
3268 4102 3539 4156 constrin-

1949 4205 2112 4259 gere,
2144 4199 2345 4260 quanto
2374 4198 2430 4243 et
2458 4204 2553 4245 vos
2581 4189 2736 4245 nobis
2772 4191 2885 4246 hmc
2918 4191 2969 4245 in
3014 4208 3073 4247 re
3114 4208 3220 4247 non
3259 4194 3531 4250 credimus

1946 4283 2232 4337 resultarc.
2285 4282 2470 4351 Neque
2524 4284 2665 4341 enim
2726 4284 3047 4340 Theodoreti
3105 4288 3283 4341 omnia
3336 4289 3531 4357 scripta

1945 4374 2296 4439 damnamus,
2345 4375 2441 4431 sed
2487 4376 2599 4431 sola
2637 4392 2757 4445 quat
2793 4391 2980 4432 contra
3020 4378 3311 4435 duodecim
3345 4381 3532 4452 Cyrilli

1946 4469 2210 4539 capitula,
2256 4469 2370 4523 sola
2405 4484 2529 4539 qua:
2570 4480 2755 4525 contra
2796 4482 2997 4527 rectam
3039 4472 3198 4527 ﬁdem
3238 4473 3529 4541 aliquando

1943 4562 2224 4630 scripsisse
2255 4570 2583 4617 monstratur
2610 4579 2624 4628 ;
2658 4578 2777 4632 quae
2804 4572 2982 4617 tamen
3013 4572 3067 4618 et
3095 4564 3213 4633 ipse
3234 4564 3522 4621 damnasse

1946 4654 2312 4724 cognoscitur,
2365 4657 2453 4723 qui
2507 4655 2560 4708 in
2618 4661 2803 4709 sancta
2850 4654 3273 4711 Chalcedonensi
3319 4659 3529 4728 synodo

1945 4762 2071 4803 vera
2101 4747 2383 4802 confessus
2425 4747 2715 4805 invenitur.
2758 4746 2889 4802 Nam
2931 4749 3203 4817 quomodo
3232 4761 3353 4820 post
3381 4766 3532 4806 erro-

1944 4855 2057 4895 rem
2102 4847 2249 4895 recte
2279 4840 2484 4909 sapiat,
2515 4849 2567 4894 et
2598 4855 2659 4895 ea
2690 4855 2809 4910 qum
2842 4840 2990 4910 prius
3019 4844 3350 4912 scripserat,
3380 4856 3435 4901 et
3461 4860 3525 4902 ea

1942 4948 2064 5003 qua:
2094 4935 2148 4988 in
2168 4932 2595 4989 Cltalcedonensi
2622 4934 2829 5004 synodo
2848 4934 2921 4990 ab
2947 4935 3039 4990 illo
3064 4946 3189 4991 sunt
3212 4950 3386 5009 gesta,
3414 4956 3531 4994 ma-

1944 5029 2223 5085 nifestant.
2272 5027 2390 5098 Ipse
2420 5044 2650 5098 namque
2680 5028 2923 5085 Nestorio
2950 5029 3221 5097 scribens,
3252 5033 3327 5089 ait
3359 5033 3379 5106 (
3403 5034 3525 5088 Col-

1939 5121 2035 5177 lat.
2064 5121 2097 5174 5
2122 5123 2179 5192 ):
2211 5140 2230 5172 ι
2262 5121 2318 5176 In
2353 5121 2435 5176 his
2464 5137 2582 5191 qua:
2618 5123 2668 5176 in
2704 5135 2845 5178 tuam
2881 5122 3296 5180 Venerationem
3326 5126 3527 5195 injuste

1940 5221 2102 5283 atque
2134 5212 2313 5282 inique
2342 5213 2551 5283 prolata
2582 5221 2739 5279 sunt,
2774 5230 2875 5269 nec
2904 5214 2951 5269 si
2989 5216 3118 5269 mihi
3159 5217 3281 5285 quis
3321 5226 3523 5272 utram-

1937 5320 2047 5375 que
2071 5318 2286 5357 mauum
2316 5304 2634 5369 absciderit,
2661 5313 2848 5374 potero
2877 5306 3117 5375 praebere
3142 5321 3480 5363 consensum.
3497 5328 3517 5362 ι

1936 5396 2190 5452 Aemerio
2220 5395 2339 5469 [AL
2373 5395 2645 5468 Himerio]
2678 5413 2892 5468 quoque
2921 5398 3245 5453 Nicomedia:
3268 5400 3522 5470 episcopo

1939 5487 2211 5553 scribens,
2245 5487 2320 5543 ait
2349 5488 2557 5562 (Epist.
2584 5490 2644 5544 Ἠ
2674 5490 2896 5560 synod.)
2922 5507 2937 5547 :
2966 5491 3333 5546 «Dantnationi
3362 5509 3522 5550 vene-

1937 5579 2091 5636 randi
2119 5590 2173 5634 et
2201 5580 2522 5634 sanctissimi
2547 5581 2785 5650 episc0pi
2816 5579 3047 5637 Nestorii
3071 5598 3189 5653 qua:
3216 5583 3353 5641 facta
3382 5585 3519 5643 dici-

1936 5683 2042 5741 tur,
2074 5688 2179 5728 non
2202 5673 2461 5728 debemus
2488 5673 2727 5743 praebere
2749 5687 3125 5731 consensum.»
3155 5674 3261 5749 (Ad
3290 5679 3520 5735 Alexan-

1934 5766 2092 5841 drum
2140 5780 2351 5835 quoque
2394 5764 2848 5839 Hierapolitanum
2889 5766 3199 5840 episcopum
3240 5770 3515 5840 scribens,

237 5850 364 5923 quia
413 5851 549 5906 nihil
590 5852 797 5925 obstat,
840 5852 884 5907 si
921 5854 988 5908 ad
1029 5855 1287 5930 judicium
1336 5865 1638 5915 revocetur.
1689 5859 1824 5926 Quia
1930 5859 2052 5921 ait:
2082 5875 2103 5921 ς
2133 5857 2201 5927 Et
2228 5867 2354 5923 ante
2384 5865 2490 5925 tua:
2516 5856 2799 5929 Sanctitati
2840 5858 3095 5934 paradisi,
3123 5864 3272 5935 quasi
3310 5863 3514 5923 domini
