4076 6348
574 314 677 374 738

1895 307 2171 370 PELAGII
2213 308 2417 366 PAPE
2460 311 2503 365 ll

3775 314 3882 372 736

575 436 690 494 mei
730 434 1061 493 venerabilis
1086 442 1147 497 et
1174 434 1494 491 sanctissimi
1526 434 1759 505 episc0pi
1790 433 2016 489 Nestorii
2050 432 2166 486 fue-
2199 428 2243 486 Λ
2279 428 2437 483 nibus
2476 428 2773 486 fruebatur.
2804 449 2823 483 ι
2856 430 2966 501 (Et
3012 440 3132 501 post
3174 432 3311 487 alia:
3350 450 3371 484 ι
3397 429 3551 485 Iesus
3592 430 3881 498 curia",

576 530 651 586 rit
679 530 872 599 dogma
902 530 1209 583 damnatum
1232 574 1246 598 ,
1282 545 1378 583 nec
1405 544 1501 597 ego
1544 544 1665 583 cum
1708 528 1793 583 his
1836 529 1925 597 qui
1971 528 2170 580 faciunt

577 623 1087 692 communicabo»)
1127 623 1205 677 Ad
1236 622 1597 677 Alexandrum
1638 638 1763 674 vero
1803 622 1974 693 Syriae
2004 621 2168 674 Palte~

582 718 846 772 stinorum
876 717 1159 786 prmsulem
1189 716 1432 770 scribens
1462 714 1537 785 (a)
1557 759 1570 779 ,
1604 715 1675 768 ait
1702 730 1715 767 :
1741 713 2033 767 «Existimo
2061 728 2167 782 prae

581 809 834 864 omnibus
866 809 1100 863 maxime
1131 810 1459 863 satisfactum
1492 824 1615 863 esse
1648 808 1867 861 domino
1895 822 2016 861 meo
2044 822 2168 862 san-

582 904 827 958 ctissimo
856 918 918 957 ac
949 902 1255 956 venerando
1284 902 1477 955 Joanni
1507 903 1781 971 episcopo,
1816 901 1957 970 quod
1992 901 2167 954 nulla-

582 1004 739 1051 tenus
768 996 1101 1065 acquiescam
1128 996 1177 1048 in
1210 990 1550 1049 damnatione
1581 978 1783 1048 domini
1812 995 1912 1046 mei
1943 992 2169 1046 sanctis-

582 1090 703 1144 simi
734 1102 785 1145 et
814 1089 1099 1144 venerandi
1130 1088 1361 1143 Nestorii
1394 1089 1627 1157 episcopi
1658 1086 1896 1153 prrebere
1939 1100 2169 1139 consen-

577 1195 725 1246 sum,
760 1197 876 1251 qnae
919 1184 971 1235 in
1001 1182 1208 1235 Tharso
1247 1190 1301 1233 et
1331 1182 1383 1233 in
1411 1180 1622 1249 Epheso
1663 1178 1799 1232 facta
1831 1186 1930 1232 est.
1971 1196 1987 1227 ι
2020 1176 2037 1244 (
2067 1176 2166 1243 Qui

579 1276 916 1344 postmodum
967 1284 1143 1327 tamen
1193 1289 1315 1327 cum
1370 1273 1740 1327 resistentium
1788 1272 2088 1326 certamine
2137 1286 2167 1326 a

579 1375 768 1421 sancto
793 1365 1216 1420 Chalcedonensi
1242 1365 1473 1419 concilio
1500 1366 1799 1432 admissus,
1829 1372 2013 1431 aperte
2042 1379 2169 1417 ana-

579 1457 757 1512 thema
804 1459 854 1511 in
906 1457 1211 1511 Nestorium
1261 1457 1523 1525 protulit;
1570 1472 1735 1525 seque
1774 1455 2167 1520 orthodoxum,

578 1551 698 1623 ipso
724 1552 978 1607 haeretica
1005 1552 1316 1621 reprobate,
1338 1552 1671 1605 monstravit.
1704 1551 1909 1603 Dudum
1941 1563 2169 1618 namque

579 1655 780 1699 sanctae
826 1645 1083 1699 Ecclesiae
1124 1645 1335 1699 diversa
1380 1644 1653 1709 sentiens,
1697 1655 1749 1697 et
1794 1653 1978 1697 contra
2024 1643 2166 1697 beati

574 1735 759 1809 Cyrilli
800 1738 1084 1793 duodecim
1125 1741 1356 1808 capitula
1400 1739 1661 1803 scribens,
1708 1740 1780 1791 ait
1832 1737 1937 1802 (In
1968 1739 2000 1789 5
2028 1748 2160 1808 part.

2271 523 2478 595 inquit,
2502 525 2613 580 lteri
2638 535 2686 579 et
2717 526 2871 580 hodie
2891 569 2905 592 ,
2932 527 3041 595 ipse
3068 535 3115 579 et
3140 529 3193 581 in
3221 528 3435 581 srrcula.
3466 525 3763 594 Quomodo
3787 527 3887 595 igi-

2273 627 2380 682 tur,
2436 618 2867 687 sapientissimi,
2916 621 3176 676 debemus
3219 622 3545 688 advertere,
3598 624 3885 692 quomodo

2269 712 2409 767 idem
2446 714 2559 783 ipse
2588 714 2702 769 heri
2732 724 2786 769 et
2812 714 2972 770 hodie
2998 724 3054 771 et
3082 718 3132 771 in
3158 718 3356 771 smcnla
3378 760 3393 783 ,
3418 728 3473 773 et
3501 718 3887 786 temporaliter

2271 816 2325 860 et
2356 814 2592 861 :rternns
2613 848 2626 871 ,
2661 817 2717 861 et
2748 807 2802 861 in
2834 816 3081 876 tempore
3109 817 3164 862 et
3205 823 3365 878 super
3410 818 3658 879 tempora
3694 827 3709 861 :
3762 826 3885 864 nam

2270 898 2314 952 si
2346 909 2580 953 aeternus
2611 908 2727 964 est,
2759 902 3067 970 temporalis
3100 917 3203 956 non
3234 910 3349 967 est,
3380 912 3434 957 et
3462 904 3506 957 si
3541 905 3597 957 in
3630 910 3889 972 tempore

2269 999 2385 1057 est,
2416 1004 2581 1059 super
2611 1000 2824 1062 tempus
2856 1007 2961 1047 non
2995 1002 3098 1048 est.
3128 1012 3146 1045 ι
3183 994 3245 1048 Et
3291 1010 3504 1049 rursum
3550 996 3609 1050 in
3648 980 3889 1052 Domino

2274 1081 2386 1136 Deo
2415 1091 2599 1137 nostro
2624 1082 2752 1138 Jesu
2780 1083 2997 1138 Christo
3024 1084 3241 1140 deitatis
3264 1096 3318 1142 et
3343 1087 3707 1142 humanitatis
3733 1089 3887 1157 quaa'

2273 1175 2533 1229 unitatem
2581 1184 2863 1242 astruens,
2910 1177 3027 1231 ait:
3064 1195 3082 1229 ι
3126 1176 3352 1233 Naturas
3387 1179 3762 1235 discernimus
3793 1181 3885 1237 Dei

2273 1266 2433 1321 Verbi
2464 1285 2478 1333 ;
2508 1278 2750 1322 naturam
2776 1268 3041 1339 integram
3066 1269 3295 1325 dicimus
3315 1314 3329 1337 ,
3359 1280 3412 1325 et
3436 1286 3740 1341 personam
3768 1274 3883 1331 sine

2271 1361 2601 1416 dubitatione
2629 1360 2917 1431 perfectam
2942 1380 2955 1428 ;
2979 1378 3079 1417 nec
3102 1365 3243 1418 enim
3273 1364 3389 1421 sine
3412 1381 3648 1433 persona
3675 1367 3763 1420 fas
3790 1377 3877 1423 est

2271 1468 2583 1509 asseverare
2626 1455 2985 1510 substantiam
3022 1474 3034 1510 :
3085 1458 3376 1527 perfectam
3419 1475 3645 1530 quoque
3685 1462 3880 1517 huma-

2273 1563 2396 1601 nam
2427 1557 2668 1602 naturam
2703 1563 2824 1602 cmn
2856 1564 2952 1605 sua
2985 1565 3213 1619 persona
3241 1551 3495 1607 similiter
3522 1553 3878 1613 conﬁtemur.

2272 1639 2405 1695 Cum
2440 1655 2566 1696 vero
2605 1642 2671 1694 ad
2712 1642 3147 1711 coniunctionem
3190 1646 3540 1716 respicimus,
3594 1657 3731 1706 tunc
3780 1652 3874 1707 de-

2273 1749 2417 1789 mum
2460 1749 2617 1787 unam
2664 1749 2944 1801 personam
2992 1736 3185 1790 merito
3225 1752 3621 1807 nuncupamus.
3647 1758 3671 1792 ι
3698 1741 3719 1810 )
3747 1741 3879 1811 Quis

574 1832 762 1885 concil.
817 1830 1011 1899 Ephcs.
1046 1832 1115 1884 ad
1144 1834 1177 1887 ’5
1202 1832 1496 1902 anatltcm.)
1525 1849 1538 1884 :
1569 1850 1587 1883 α
1619 1833 1867 1887 Sanctam
1899 1834 2165 1902 Virginem
2198 1829 2246 1890 B
2275 1827 2388 1882 hac
2408 1868 2422 1891 ,
2458 1826 2651 1881 TRITOS
2677 1825 2981 1881 charissimi
3002 1869 3014 1889 .
3058 1828 3214 1897 plena
3255 1830 3403 1884 omni
3441 1831 3733 1901 impietate
3773 1849 3878 1891 non

576 1924 839 1989 θεοτὸκον,
876 1923 926 1977 id
956 1933 1069 1989 est,
1104 1924 1195 1978 Dei
1224 1926 1533 1994 genitricem
1570 1940 1851 1989 vocamus,
1888 1941 1990 1978 non
2022 1924 2161 1993 quod

579 2014 747 2070 Deum
774 2018 983 2085 peperit
1010 2032 1102 2084 per
1128 2026 1371 2071 naturam
1402 2016 1668 2089 [natura],
1697 2018 1789 2071 sed
1815 2018 1953 2084 quod
1990 2017 2162 2070 homi—

578 2123 703 2164 nem
751 2109 980 2163 ediderit
1020 2110 1364 2179 conjunctum
1414 2109 1558 2169 Deo.
1600 2125 1757 2178 quem
1809 2110 1921 2177 ipse
1972 2110 2163 2161 forma-

573 2201 706 2255 νὴ.»
740 2201 757 2270 )
784 2200 848 2254 Et
878 2209 998 2269 post
1028 2216 1191 2270 pauca
1220 2218 1232 2254 :
1272 2220 1289 2251 ι
1319 2201 1375 2256 Si
1406 2202 1661 2255 naturalis
1690 2200 1996 2269 eonjunctio
2029 2200 2163 2253 faeta

572 2302 659 2348 est
686 2294 870 2348 formae
904 2294 993 2347 Dei
1024 2302 1076 2348 et
1103 2294 1288 2349 forma:
1336 2296 1500 2359 servi,
1547 2295 1848 2349 invenietur
1891 2293 2166 2363 legislatnr

581 2385 995 2439 necessitatibus
1028 2385 1158 2452 legis
1188 2386 1445 2439 serviens.
1480 2404 1496 2437 ι
1517 2384 1535 2455 (
1559 2386 1622 2439 Εῑ
1651 2400 1865 2439 rursum
1901 2384 2002 2454 [Ad
2032 2401 2164 2437 ana-

576 2475 729 2529 them.
752 2474 807 2548 5]
832 2476 1622 2531 :rNomineconununicationis
1646 2479 1898 2541 nitentes,
1927 2488 1981 2530 ut
2004 2492 2163 2530 ttnum

578 2569 794 2639 quidem
828 2569 1021 2623 Filium
1051 2570 1371 2633 adoramus,
1405 2579 1458 2623 et
1486 2584 1606 2623 eum
1641 2570 1729 2637 qui
1760 2568 2081 2636 assumpsit,
2115 2578 2167 2621 et

585 2677 707 2714 eum
740 2661 827 2729 qui
860 2670 1165 2730 assumptus
1196 2671 1277 2714 est
1304 2678 1317 2725 ;
1349 2660 1706 2715 difl‘erentiant
1751 2670 1927 2715 tamen
1968 2676 2166 2731 cogno-

581 2754 783 2808 scimus
806 2764 1133 2807 naturarum.
1158 2754 1512 2822 'l‘heophuron
1537 2764 1713 2809 autem
1741 2754 1921 2809 dicere
1950 2766 2166 2823 portans

583 2846 671 2900 vel
706 2846 980 2901 dominum
1015 2846 1230 2900 indutus
1262 2846 1530 2900 hominem
1575 2846 1844 2900 Christum
1889 2847 2164 2922 [θεοφόρον

577 2937 631 2993 id
664 2946 777 3003 est,
813 2936 1075 2993 deifernm
1111 2938 1379 2993 hominem
1410 2939 1619 3007 dicere,
1652 2949 1708 2993 ut
1749 2954 1779 2992 a
1819 2940 2003 2995 multis
2026 2940 2044 3013 ]
2068 2984 2081 3006 ,
2112 2950 2169 2995 ut

576 3045 606 3082 a
650 3030 833 3085 multis
873 3032 1075 3085 sanetis
1124 3032 1360 3099 patrihus
1402 3032 1600 3085 dictum
1647 3043 1760 3090 est.
1808 3048 1912 3085 non
1944 3048 2162 3087 recusa-

580 3135 721 3175 mus.
754 3141 773 3173 ι
807 3121 871 3176 Ει
905 3131 1025 3189 post
1052 3123 1151 3175 alia
1187 3121 1287 3193 [Ad
1308 3123 1569 3175 anatltcm.
1598 3120 1683 3193 lli]
1715 3141 1727 3176 :
1760 3124 2160 3189 «Considerate,

2268 1921 2488 1975 videat?
2538 1924 2581 1975 A
2630 1922 2822 1992 quibus
2870 1932 3047 1976 tamen
3098 1932 3338 1989 constat,
3399 1926 3542 1994 quod
3621 1940 3683 1981 se
3730 1938 3871 1995 post-

2267 2016 2483 2069 modum
2518 2015 2633 2082 ipse
2662 2017 2930 2079 correxit,
2977 2015 3068 2085 qui
3113 2017 3164 2070 in
3210 2028 3390 2072 sancta
3431 2018 3873 2079 Chalcedonensi

2268 2106 2476 2178 synodo
2526 2107 2833 2162 Nestorium
2884 2108 3337 2164 anathematizare
3382 2111 3688 2166 consensit.
3740 2113 3868 2181 Quis

2269 2214 2375 2254 non
2428 2200 2606 2253 videat
2647 2211 2844 2269 quanta
2894 2202 3199 2257 temeritate
3242 2202 3454 2273 plenum
3489 2204 3581 2259 sit.
3620 2205 3875 2261 Theodo-

2269 2295 2369 2347 reti
2421 2294 2619 2361 scripta
2670 2292 3035 2363 superbiendo
3086 2294 3383 2352 defendere
3434 2311 3557 2365 qua:
3619 2299 3871 2354 eumdem

2271 2385 2444 2452 ipsum
2491 2393 2736 2449 constat,
2790 2393 2938 2440 recta
2988 2397 3109 2455 post
3152 2386 3498 2457 profitendo,
3540 2388 3877 2446 damnasse?

2272 2476 2437 2531 Deum
2471 2492 2599 2531 vero
2626 2478 2743 2547 ejus
2771 2486 2827 2532 et
2858 2492 3142 2547 personam
3172 2480 3466 2550 recipimus
3494 2523 3509 2547 ,
3549 2496 3607 2537 et
3654 2500 3721 2538 ea
3762 2500 3875 2555 qua

2273 2568 2474 2623 dudum
2501 2569 2770 2624 latuerant
2800 2585 2977 2637 pravm
3010 2571 3291 2639 scripturae
3320 2572 3617 2641 probamus
3646 2574 3874 2648 [Forum

2272 2678 2436 2733 prava
2462 2665 2662 2733 scripta
2687 2663 3061 2737 reprobamus]
3082 2705 3097 2729 ,
3126 2664 3176 2719 in
3212 2666 3357 2720 nullo
3387 2683 3417 2721 a
3446 2678 3655 2723 sanctae
3681 2670 3872 2740 synodi

2271 2756 2481 2811 actione
2512 2756 2829 2813 deviamus:
2878 2757 2999 2826 quia
3048 2759 3160 2812 sola
3203 2758 3320 2826 eius
3366 2759 3624 2814 haeretica
3671 2763 3869 2831 scripta

2269 2862 2583 2921 reSpuentes
2605 2892 2620 2917 ,
2646 2861 2698 2907 et
2725 2867 2843 2906 cum
2873 2852 3080 2923 synodo
3104 2853 3279 2907 adhuc
3302 2852 3612 2908 Nestorium
3638 2853 3874 2927 insequi-

2270 2958 2410 3007 mur,
2444 2952 2497 2997 et
2525 2958 2646 2999 cum
2682 2945 2891 3015 synodo
2921 2945 3320 3001 Theodoretum
3350 2948 3700 3017 profitentem
3729 2960 3871 3004 recta

2270 3050 2591 3091 veneramur
2615 3036 2775 3107 (Sup.
2801 3038 2919 3093 coll.
2947 3038 3025 3106 4).
3052 3039 3165 3093 Alia
3197 3055 3327 3094 vero
3355 3041 3555 3110 scripta
3590 3041 3741 3096 illius
3771 3058 3870 3098 non

2272 3128 2445 3182 solum
2479 3130 2799 3196 recipimus,
2836 3130 2929 3183 sed
2974 3132 3053 3185 eis
3095 3131 3253 3185 etiam
3297 3141 3485 3185 contra
3527 3132 3869 3188 adversarios

582 3216 783 3284 inquit,
818 3216 1119 3283 apostolum
1151 3226 1204 3270 et
1236 3217 1537 3285 pontificem
1570 3218 1927 3271 Confessionis
1969 3227 2164 3271 nostra:
2196 3208 2241 3270 C
2276 3222 2495 3276 utimur.
2527 3221 2657 3276 Nam
2688 3238 2809 3276 eum
2842 3222 3160 3277 Theodorus
3208 3222 3484 3278 Canticum
3532 3226 3866 3280 canticorum

576 3305 757 3363 Jcsum
792 3306 1000 3362 fideiem
1030 3309 1078 3362 ei
1114 3312 1200 3377 qui
1232 3308 1355 3363 fecit
1384 3308 1529 3364 illum
1561 3308 1748 3381 (Hebr.
1784 3309 1912 3380 tu],
1945 3311 2083 3363 sicut
2113 3320 2168 3366 et

578 3402 791 3473 Moyses
834 3402 886 3456 in
931 3403 1073 3456 omni
1115 3403 1277 3457 domo
1321 3420 1436 3457 sua.
1486 3403 1767 3457 Facturum
1814 3414 1992 3459 autem
2045 3421 2165 3459 eum

576 3496 698 3565 quis
726 3511 847 3550 esse
875 3495 1067 3550 dixerit
1114 3508 1258 3549 recta
1296 3499 1565 3561 sentiens,
1610 3499 1905 3553 iucrealum
1950 3509 1997 3551 cl
2044 3514 2164 3551 cum

580 3587 739 3643 Patre
761 3598 1091 3645 coatternum
1120 3598 1172 3642 ct
1196 3589 1417 3655 addam,
1437 3605 1622 3643 verum
1654 3588 1843 3661 [Deum
1874 3590 2169 3661 Verbum]?

578 3681 671 3736 sed
704 3696 825 3736 eum
857 3682 946 3751 qui
978 3690 1061 3736 est
1088 3697 1153 3735 ex
1183 3682 1389 3735 semine
1419 3681 1615 3749 David,
1648 3682 1736 3749 qui
1769 3681 1900 3735 liber
1927 3681 1993 3734 ah
2022 3681 2167 3735 omni

578 3784 799 3843 peccato
830 3774 1064 3843 pontifex
1095 3784 1279 3829 uoster
1300 3774 1396 3827 fuit
1416 3814 1432 3840 ,
1458 3784 1512 3828 et
1540 3772 1814 3828 victimam
1848 3775 1960 3843 ipse
1985 3790 2041 3828 sc
2075 3790 2169 3844 pro

578 3867 735 3920 nobis
774 3867 968 3921 obtulit
1009 3867 1149 3930 Deo,
1194 3867 1401 3922 habens
1444 3868 1493 3920 in
1535 3883 1595 3922 se
1632 3878 1777 3923 certe
1808 3866 1899 3921 Dei
1932 3866 2166 3921 Verbum

578 3956 869 4011 adunatum
899 3958 1034 4022 sibi,
1070 3958 1607 4028 inseparabiliterque
1637 3959 2073 4029 coniunctum»)
2106 3959 2172 4014 Et

578 4066 793 4105 rursum
816 4091 834 4118 ,
866 4061 923 4106 ut
951 4067 1073 4106 eum
1102 4054 1251 4122 quasi
1279 4053 1591 4108 ostenderet
1620 4053 1685 4107 ad
1710 4054 2042 4109 divinitatem
2075 4070 2170 4124 per

582 4143 915 4199 incrementa
948 4145 1217 4212 crevisse,
1250 4148 1304 4200 in
1336 4146 1525 4201 eodem
1555 4161 1718 4215 opere
1749 4146 2051 4218 subiungit,
2082 4148 2165 4202 di-

581 4252 712 4294 cens
740 4256 751 4290 :
787 4257 806 4290 r
841 4239 931 4294 Ait
959 4239 1184 4309 angelus
1218 4240 1417 4310 Virgini
1445 4257 1459 4294 :
1490 4241 1719 4310 Spiritus
1749 4251 1959 4294 sanctus
1989 4258 2172 4312 super—

581 4330 742 4385 veniet
770 4332 825 4385 in
856 4339 903 4385 te
925 4374 939 4397 ,
973 4341 1017 4385 et
1044 4332 1203 4386 virtus
1234 4332 1485 4386 Altissimi
1515 4333 1829 4387 obumbrabit
1859 4335 1950 4387 tibi
1975 4350 1993 4389 :
2023 4335 2169 4388 ideo-

581 4441 681 4497 que
718 4425 858 4495 quod
904 4434 1149 4478 nascetur
1189 4441 1254 4479 ea:
1294 4437 1342 4479 te
1388 4436 1655 4494 sanctum,
1696 4426 1959 4480 vocabitur
1997 4424 2168 4479 Filius

578 4516 677 4572 Dei
706 4515 856 4589 (Luc.
887 4515 950 4586 ι).
978 4514 1330 4572 Considerate
1362 4516 1446 4572 hic
1474 4518 1662 4584 etiam,
1696 4516 1814 4588 quia
1847 4528 2035 4572 cuneta
2070 4518 2167 4571 hu-

2272 3313 2434 3368 vellet
2476 3328 2777 3383 exponere,
2824 3324 2877 3369 et
2924 3330 3030 3369 non
3060 3315 3125 3369 ad
3170 3326 3509 3379 commenta,
3551 3318 3650 3372 sed
3694 3322 3866 3388 potius

2269 3406 2335 3459 ad
2362 3406 2709 3461 deliramenta
2762 3406 3059 3474 laboraret,
3110 3421 3203 3476 per
3232 3406 3374 3461 hunc
3414 3408 3611 3461 librum
3660 3408 3866 3464 (Ethio-

2270 3500 2432 3568 pissaa
2462 3498 2663 3569 regina:
2696 3498 2993 3553 blanditum
3027 3498 3224 3568 fuisse,
3262 3504 3532 3568 professus
3577 3511 3697 3567 est,
3733 3502 3865 3571 quod

2272 3591 2643 3646 Theodoretus
2674 3590 3077 3661 reprehendens
3097 3632 3114 3657 ,
3150 3606 3343 3646 nomen
3374 3592 3595 3661 quidem
3627 3593 3861 3663 ejusdem

2274 3682 2541 3737 Theodori
2574 3683 2895 3752 supprimit,
2940 3683 3034 3739 sed
3076 3693 3254 3738 tamen
3286 3685 3555 3739 vesaniam
3592 3686 3859 3753 patefecit.

2276 3774 2529 3841 Ejusdem
2575 3790 2805 3845 namque
2852 3776 2975 3830 libri
3017 3788 3322 3832 commenta
3364 3778 3755 3843 conscribens,
3793 3782 3861 3835 ait

2273 3867 2363 3937 (In
2394 3866 2632 3939 prooem.)
2662 3883 2676 3921 :
2708 3868 2882 3922 Audio
2904 3868 3085 3937 plures
3109 3868 3387 3922 Canticum
3414 3869 3750 3924 canticorum
3778 3871 3860 3925 deo

2275 3961 2581 4025 trahentes,
2612 3967 2667 4013 et
2691 3974 2797 4013 non
2828 3958 3120 4013 credentes
3150 3959 3451 4029 spiritalem
3483 3974 3609 4015 esse
3640 3961 3859 4030 librum,

2275 4052 2482 4107 fabulas
2535 4060 2715 4107 autem
2771 4052 3030 4121 quasdam
3088 4052 3391 4108 aniculares
3449 4068 3546 4122 per
3596 4058 3859 4110 vesaniam

2277 4156 2521 4203 texentes
2551 4160 2906 4215 componere,
2952 4154 3006 4199 et
3047 4160 3407 4214 praesumere,
3459 4146 3707 4201 dicentes
3746 4149 3857 4216 quia

2238 4241 2488 4311 sapiens
2537 4240 2791 4297 Salomon
2841 4238 2907 4292 ad
2959 4242 3196 4307 seipsum
3244 4246 3298 4293 et
3348 4238 3515 4292 filiam
3566 4238 3859 4295 Pharaonis

2278 4336 2418 4389 hunc
2444 4334 2634 4389 librum
2661 4332 3000 4401 conscripsit.
3034 4331 3315 4397 Quomodo
3341 4346 3468 4401 ergo
3494 4332 3639 4387 nulla
3674 4334 3861 4402 scripta

2274 4428 2515 4496 ejusdem
2573 4425 2900 4479 Theodoreti
2959 4423 3295 4493 recipimus,
3350 4424 3440 4491 qui
3500 4422 3652 4477 illum
3711 4424 3860 4479 etiam

2277 4528 2461 4574 contra
2496 4519 2836 4573 Theodorum
2858 4560 2872 4581 ,
2903 4526 3230 4570 assertorem
3260 4515 3503 4570 veritatis
3532 4515 3863 4571 invenimus?

579 4610 816 4667 manitus
842 4611 1129 4665 dicuntur:
1166 4610 1309 4680 Erit,
1341 4612 1542 4681 inquit,
1576 4627 1830 4683 magnus.
1866 4626 1972 4665 non
2004 4590 2250 4677 dixit,'D
2281 4614 2403 4668 Haec
2433 4612 2497 4667 ad
2532 4612 2728 4681 scripta
2761 4618 2938 4665 vestra
2968 4608 3379 4678 respondemus.

577 4711 658 4758 est
683 4719 698 4769 ;
728 4712 782 4758 et
812 4702 957 4758 ﬁlius
985 4703 1248 4758 Altissimi
1280 4703 1580 4768 vocabitur,
1613 4718 1716 4756 non
1752 4703 1883 4756 dixit
1910 4709 2163 4766 vocatur,

576 4805 631 4851 et
660 4795 806 4850 dabit
851 4796 900 4851 el
935 4796 1191 4851 Dominus
1229 4796 1411 4851 sedem
1454 4795 1624 4850 David
1672 4795 1842 4849 Patris
1891 4794 2014 4860 sui,
2063 4808 2168 4847 non

580 4894 749 4961 dixit,
793 4892 984 4957 habet,
1028 4893 1121 4947 sed
1174 4892 1324 4947 dabit
1366 4891 1415 4946 ei
1462 4892 1751 4954 Dominus;
1797 4898 1849 4943 et
1892 4887 2166 4959 regnabit,

582 5002 687 5043 non
721 4985 885 5051 dixit,
918 4994 1109 5055 regnat
1135 5002 1149 5051 ;
1180 4994 1235 5039 et
1264 4999 1425 5054 super
1446 4982 1613 5053 quos?
1645 4999 1805 5053 super
1832 4983 2044 5038 domum
2076 4980 2170 5037 Ja-

580 5080 683 5133 coh
710 5098 725 5147 ;
762 5093 867 5134 non
896 5077 1049 5143 dixit,
1074 5092 1237 5147 super
1267 5078 1487 5149 angelos
1514 5086 1567 5131 et
1594 5075 1999 5145 archaugclosn
2033 5074 2173 5127 Rur-

582 5189 700 5227 sum
737 5172 788 5225 in
817 5170 1008 5227 eodem
1039 5170 1177 5226 libro
1208 5170 1444 5225 secundo
1471 5170 1546 5223 ait
1573 5185 1588 5223 :
1624 5188 1641 5219 ι
1670 5167 1823 5224 Iesus
1854 5176 2027 5221 autem
2055 5167 2168 5237 ple-

580 5280 676 5317 nus
719 5264 923 5336 Spiritu
965 5272 1141 5318 sancto
1182 5278 1440 5333 regressus
1470 5274 1542 5315 est
1574 5279 1605 5314 a
1630 5259 1862 5315 Iordane
1892 5257 2060 5330 (Luc.
2090 5272 2166 5324 tv,

586 5354 664 5424 l).
699 5355 763 5408 Et
794 5356 985 5410 iterum
1013 5371 1029 5411 :
1062 5356 1340 5426 Regressus
1370 5362 1440 5408 est
1469 5351 1621 5407 Jcsus
1644 5354 1695 5406 in
1718 5354 1901 5405 virtute
1942 5350 2169 5421 Spiritus

580 5449 632 5504 in
664 5447 939 5505 Galilaeam
969 5448 1169 5523 (lbid.,
1200 5447 1337 5520 M):
1370 5463 1476 5503 non
1508 5447 1603 5502 Dei
1633 5446 1869 5503 Verbum
1913 5458 2171 5509 coopera-

585 5543 731 5598 tione
760 5542 844 5597 vel
876 5541 1077 5596 auxilio
1105 5542 1319 5611 eguisse
1362 5539 1599 5610 Spiritus
1641 5538 1810 5593 sancti
1857 5537 2167 5602 arbitreris,

580 5636 676 5690 sed
708 5634 922 5691 visibile
963 5635 1217 5704 templum
1252 5634 1415 5689 variis
1445 5632 1613 5687 sancti
1654 5631 1887 5700 Spiritus
1928 5630 2173 5685 donatio-

660 5769 735 5839 (a)
776 5768 876 5840 Est
898 5768 1124 5840 epistola
1154 5768 1222 5825 66
1248 5769 1501 5840 Synodiei
1542 5767 1854 5840 Casinensis
1893 5765 2168 5840 a_Bal_uzio

582 5836 730 5894 editi}
759 5842 829 5896 At
853 5839 1157 5896 Alexander
1187 5836 1617 5909 Hierapolitanus
1652 5839 1704 5893 in
1736 5837 1890 5908 Syria
1925 5836 2165 5904 Euphra-

2350 4706 2492 4762 ΧΧΙ.
2528 4704 2634 4760 Sed
2662 4714 3017 4775 opportunum
3044 4701 3201 4755 valde
3223 4700 3549 4771 iudicamus,
3579 4708 3639 4755 ut
3666 4714 3727 4756 ea
3754 4715 3863 4769 quae

2279 4801 2397 4854 sine
2427 4797 2630 4867 scripto
2658 4812 2686 4848 a
2721 4794 3125 4864 responsalibus
3155 4793 3351 4847 vestris
3381 4790 3716 4857 audivimus,
3752 4791 3862 4845 bre-

2279 4899 2419 4951 viter
2447 4895 2611 4950 verba
2641 4893 2988 4961 replicemus.
3036 4889 3300 4945 Dixerunt
3339 4888 3479 4943 enim
3525 4887 3861 4943 Theodorum

2282 5009 2311 5048 a
2337 4993 2542 5048 Joanne
2573 4987 2923 5045 Antiochense
2952 4985 3099 5039 urbis
3140 4984 3396 5054 episcOpo
3445 4982 3581 5037 mira
3626 4996 3723 5052 per
3760 4982 3860 5052 cpio

2280 5085 2469 5140 stolam
2501 5081 2846 5137 attestatione
2879 5078 3147 5133 laudatum
3169 5117 3184 5141 ,
3209 5074 3352 5145 quod
3375 5088 3562 5129 verum
3592 5088 3696 5129 nos
3726 5074 3858 5129 nullo

2279 5179 2441 5233 modo
2483 5176 2780 5232 credimus.
2825 5172 2880 5228 Si
2925 5183 3101 5226 tamen
3141 5178 3196 5225 et
3239 5169 3347 5223 tale
3394 5166 3593 5238 aliquid
3640 5167 3856 5221 fortasse

2279 5272 2567 5342 reperitur,
2596 5269 2716 5339 plus
2745 5266 2869 5322 ﬁdei
2900 5265 3086 5335 primae
3131 5262 3416 5334 Ephesium
3464 5259 3709 5331 synodo,
3752 5259 3856 5327 plus

2276 5364 2461 5440 Cyrilli
2492 5365 2673 5428 libris,
2704 5361 2823 5433 plus
2857 5358 3140 5431 llesychii,
3188 5370 3347 5427 quam
3390 5354 3511 5408 aliis
3553 5368 3673 5421 qua:
3713 5350 3853 5404 inno-

2277 5474 2486 5519 tescere
2518 5474 2662 5516 nunc
2688 5471 2858 5529 usque
2890 5455 3248 5525 nequiverunt
3275 5447 3524 5519 epistolis
3553 5443 3852 5501 commoda-

2278 5572 2419 5614 mus.
2451 5554 2718 5610 Debemus
2749 5559 2928 5605 tamen
2968 5546 3262 5613 accedere,
3311 5543 3471 5597 etiam
3510 5536 3853 5593 concedentes

2280 5647 2481 5719 aliquid
2514 5646 2718 5700 dicere.
2761 5643 2835 5698 lta
2873 5655 3002 5711 ergo
3050 5648 3106 5693 ut
3148 5632 3488 5705 responsales
3532 5630 3693 5685 vestri
3721 5642 3852 5683 asse-

2276 5759 2747 5829 tesia'episcopusi
2778 5756 2905 5821 fuit,
2956 5768 3061 5809 non
3106 5754 3158 5807 in
3200 5746 3511 5806 Palaestina.
3556 5744 3724 5800 Error
3751 5740 3845 5797 lor-

2277 5846 2422 5889 tasse
2448 5828 2672 5887 librarii.
2699 5828 2878 5884 Hann.
