4076 6348
293 347 405 409 737

1509 356 1860 419 EPISTOLE
1900 363 1987 420 ET
2027 360 2367 421 DECRETA.

3472 366 3577 429 7‘38

278 462 428 525 'runt
454 478 578 525 esse
606 468 919 525 sentiamus.
956 468 1061 526 Vos
1091 472 1269 537 scitis,
1302 473 1494 529 fratres
1519 475 1884 545 dilectissimi,
1915 483 1966 539 Δ
1993 480 2254 535 mittimur
2276 522 2291 547 ,
2343 480 2580 549 vigilanti
2634 496 2758 537 cura
2824 485 3135 556 perpendite
3158 528 3170 551 ,
3249 489 3369 558 quia
3432 487 3573 546 illam

298 563 449 632 quod
483 577 568 617 res
600 578 718 631 qua:
747 564 1007 620 dubietati
1038 566 1279 635 subjacet
1330 569 1380 623 in
1425 580 1627 639 partem
1670 589 1884 644 semper

302 663 389 708 cst
420 655 818 724 interpretanda
866 657 1163 713 meliorem.
1197 660 1333 726 Quid
1378 662 1554 732 itaque
1589 664 1795 735 obstat,
1836 666 1882 721 si

300 747 430 803 dum
458 750 524 803 de
553 749 671 818 ejus
698 765 885 807 errore
912 753 1182 808 occultum
1213 756 1387 811 adhuc
1413 766 1461 811 et
1493 758 1709 814 dubium
1741 760 1838 815 fuit
1862 802 1879 829 ,

299 842 371 895 ab
400 856 505 895 uno
539 842 696 896 Patre
726 842 973 900 laudatus
1002 854 1117 912 est;
1146 855 1199 902 et
1229 846 1595 906 innotescentc
1622 861 1740 919 p05t
1768 868 1885 920 per-

274 933 461 996 ‘lidia,
516 948 652 1003 pene
696 935 931 991 omnium
985 953 1298 1010 magnorum
1345 941 1565 997 Patrum
1605 947 1885 1002 sententiis

302 1026 449 1080 velut
488 1027 737 1082 immanis
781 1027 948 1083 beSIia
989 1029 1139 1099 quasi
1190 1032 1653 1090 crebrescentibus
1692 1037 1881 1106 jaculis

260 1110 263 1111 ⁷
297 1126 385 1171 est
413 1117 741 1173 confossus?
768 1118 848 1172 An
878 1135 984 1174 non
1030 1132 1085 1177 et
1123 1122 1293 1177 malos
1329 1140 1359 1178 a
1403 1126 1558 1180 bonis
1597 1129 1883 1197 aliquando

300 1206 549 1264 laudatos
580 1210 852 1274 novimus,
886 1226 987 1266 nec
1019 1223 1198 1269 tamen
1241 1217 1443 1271 eisdem
1493 1217 1738 1273 laudibus
1784 1220 1881 1275 de—

298 1297 528 1355 fensos?
556 1300 696 1367 Quid
728 1317 959 1373 namque
990 1304 1041 1358 in
1073 1304 1445 1363 hmresiarchis
1474 1308 1705 1377 Origene
1735 1311 1884 1364 dete-

296 1392 436 1458 rius,
467 1402 520 1448 et
549 1395 674 1463 quid
708 1396 760 1449 in
791 1395 1235 1467 historiograpltis
1264 1400 1492 1455 inveniri
1526 1402 1757 1458 Eusebio
1788 1402 1883 1459 ho-

298 1486 596 1542 norabilius
623 1492 842 1558 potest?
889 1490 954 1545 Et
996 1494 1116 1562 quis
1146 1502 1388 1549 nostrum
1418 1498 1624 1552 nesciat
1648 1498 1700 1552 in
1731 1499 1883 1555 libris

296 1578 412 1632 suis
440 1580 653 1648 quantis
681 1579 966 1651 Origenem
998 1585 1258 1640 Eusebius
1287 1589 1571 1655 praeconiis
1618 1590 1830 1645 attollat
1863 1592 1886 1647 ?

299 1669 411 1725 Sed
445 1671 569 1739 quia
595 1682 778 1727 sancta
809 1673 1047 1729 Ecclesia
1078 1691 1296 1731 suorum
1331 1680 1559 1733 fidelium
1593 1683 1755 1737 corda
1789 1684 1882 1739 be-

264 1758 543 1833 Anignius,
586 1781 741 1833 quam
785 1768 947 1822 verba
990 1769 1287 1826 districtius
1332 1785 1514 1841 pensat
1543 1792 1556 1841 ;
1586 1785 1640 1831 et
1668 1779 1787 1845 plus
1825 1779 1879 1833 in

1986 571 2297 625 scissionem
2348 582 2546 627 sancta:
2596 572 2853 630 Ecclesia:
2908 592 3005 647 pro
3056 578 3340 635 Theodoro
3392 580 3574 641 facere

1986 662 2317 719 Fralet'nitas
2348 676 2526 720 vestra
2555 683 2660 724 non
2691 674 2911 737 metuat,
2948 679 3106 741 quam
3134 687 3232 741 pro
3258 688 3316 728 se
3335 674 3419 730 vel
3448 690 3575 746 pro-

1986 755 2122 809 fiteri
2155 756 2349 811 Paulus
2373 758 2604 827 expavit.
2636 758 2743 814 Cur
2774 776 2879 815 non
2903 762 2966 815 ad
2994 764 3306 819 memoriam
3325 781 3423 836 pro
3443 769 3568 823 uni-

1984 854 2093 901 tate
2120 848 2383 902 servanda
2414 850 2553 904 beati
2588 851 2865 920 Augustini
2897 854 3093 908 dictum
3126 855 3403 913 reducitur
3435 859 3565 930 (Au-

1984 948 2141 1008 gust.,
2172 940 2259 993 lib.
2293 940 2355 995 de
2380 942 2530 995 unico
2561 941 2839 1011 Baptis.)?
2871 944 2961 1015 qui
2992 946 3116 1001 dum
3166 948 3231 1003 de
3279 949 3437 1005 unico
3476 950 3571 1007 ba-

1983 1034 2236 1101 ptismate
2266 1033 2591 1103 loqueretur,
2620 1035 2821 1091 idcirco
2873 1037 3198 1110 Cyprianum
3250 1054 3564 1114 martyrem,

1985 1126 2071 1194 qui
2122 1126 2191 1181 de
2239 1128 2482 1182 iterando
2530 1129 2847 1199 baptismate
2896 1135 3217 1202 scripserat,
3261 1135 3569 1197 defunctum

1985 1218 2272 1286 perhibuit,
2300 1220 2420 1289 quia
2453 1220 2577 1276 licet
2611 1237 2828 1289 parvum
2857 1224 2980 1295 quid
3010 1228 3259 1292 senserit,
3295 1244 3565 1298 nunquam

1988 1320 2162 1365 tamen
2192 1327 2251 1367 se
2278 1327 2304 1365 a
2337 1315 2497 1368 totius
2538 1315 2789 1371 Ecclesiae
2843 1317 3218 1373 communione
3266 1322 3567 1391 suspendit.

1986 1404 2074 1460 Sic
2105 1406 2262 1475 igitur
2295 1423 2604 1473 permanere
2632 1413 2683 1465 In
2715 1411 2997 1466 sanctitate
3046 1423 3292 1468 servante
3338 1424 3568 1482 constat,

1986 1497 2176 1553 fratres
2201 1499 2559 1566 dilectissimi,
2593 1503 2712 1570 quia
2740 1503 2865 1557 dum
2898 1518 2990 1558 vos
3020 1506 3087 1559 ab
3138 1506 3380 1562 ecclesia:
3435 1508 3567 1563 uni-

1986 1599 2093 1645 tate
2121 1592 2446 1663 disjungitis,
2479 1608 2638 1650 omne
2690 1595 2901 1651 virtutis
2949 1599 3198 1653 meritum
3242 1601 3567 1671 perdidistis,

1985 1680 2145 1735 etiam
2174 1681 2217 1736 si
2248 1692 2392 1738 recte
2421 1686 2669 1742 teneatis.
2697 1686 2963 1757 Scriptum
2993 1690 3187 1760 quippe
3211 1700 3291 1747 est
3318 1710 3333 1747 :
3379 1693 3571 1750 Pacem

1985 1774 2255 1842 sequimini
2310 1790 2423 1827 cum
2480 1777 2709 1831 omnibus
2761 1790 2811 1833 et
2860 1782 3263 1851 sanctimoniam,
3320 1786 3430 1841 sine
3469 1804 3571 1859 qua

296 1854 567 1910 haereticis
597 1870 813 1911 sensum
846 1861 1118 1929 proprium
1139 1904 1154 1929 ,
1198 1878 1357 1932 quam
1409 1870 1621 1921 testatio
1663 1869 1878 1925 Eusebii
1915 1862 1959 1921 Β
1984 1879 2130 1916 nemo
2151 1864 2337 1918 videbit
2362 1866 2634 1922 Datninum
2660 1868 2852 1936 (Hebr.
2876 1873 2998 1942 xu).

293 1949 577 2006 absolvere
609 1952 812 2021 potuit,
846 1968 945 2009 nec
976 1970 1185 2009 rursum
1215 1957 1505 2013 Eusebium
1539 1960 1738 2015 laudati
1762 1962 1881 2018 Ori-

294 2044 452 2115 genis
478 2045 633 2115 culpa
661 2046 954 2102 damnavit.
998 2053 1077 2103 An
1124 2067 1227 2105 non
1268 2063 1321 2106 et
1366 2053 1655 2123 Gregorius
1695 2058 1880 2128 Nyssa:

290 2137 452 2192 urbis
480 2138 765 2209 episcopus
791 2155 911 2195 cum
944 2140 1222 2197 Canticum
1252 2148 1579 2200 canticorum
1627 2149 1877 2218 exponit,

290 2232 508 2299 magnis
540 2229 824 2302 Origenem
854 2232 1098 2290 laudibus
1130 2235 1385 2302 praefert?
1413 2239 1493 2293 An
1526 2256 1629 2294 non
1665 2251 1719 2295 et
1757 2242 1879 2299 Ilie-

299 2334 564 2392 rOuymus
606 2332 804 2378 nostrae
850 2324 1105 2381 Ecclesiae
1150 2328 1450 2400 presbyter,
1499 2342 1555 2387 et
1598 2334 1882 2403 singularis

294 2411 511 2468 Hebraei
539 2414 804 2471 sermonis
831 2415 1129 2487 interpres,
1162 2427 1310 2474 tanto
1339 2436 1460 2491 erga
1490 2422 1777 2492 Origenem
1806 2424 1881 2479 fa-

292 2523 431 2563 vore
459 2508 775 2574 intenditur,
804 2518 863 2565 ut
892 2526 1029 2581 pene
1054 2514 1347 2583 discipulus
1388 2514 1502 2585 ejus
1546 2532 1665 2573 esse
1706 2518 1884 2574 videa-

304 2601 421 2656 tur?
447 2602 550 2658 Sed
581 2605 701 2673 quia
732 2604 851 2674 plus
878 2618 1037 2660 causa
1066 2622 1223 2675 quam
1250 2607 1410 2663 verba
1442 2611 1706 2677 pensanda
1737 2619 1880 2679 sunt,

298 2708 402 2749 nec
438 2695 555 2750 istis
599 2712 695 2751 sua
740 2696 1041 2766 benignitas
1086 2701 1302 2765 nocuit,
1339 2716 1439 2756 nec
1476 2702 1622 2757 illum
1664 2718 1695 2758 a
1731 2712 1880 2759 reatu

294 2789 514 2861 proprio
546 2790 699 2847 favor
729 2790 1307 2848 alienas-attestationis
1342 2796 1635 2850 excusavit.

368 2889 531 2947 XXII.
561 2890 735 2961 Cogor
762 2891 1045 2959 posthaec,
1091 2889 1281 2948 fratres
1328 2890 1651 2959 charissimi,
1696 2894 1883 2950 dolens

289 3001 416 3040 cum
451 2984 614 3039 Paulo
641 2985 821 3041 dicere
848 3004 861 3040 :
900 2985 1267 3041 Testimonium
1295 2988 1532 3058 perhibeo
1564 2985 1701 3044 vobis
1741 2989 1881 3062 quod

288 3079 670 3134 amulationem
697 3076 793 3133 Dei
818 3080 1042 3147 habetis,
1065 3082 1154 3134 sed
1191 3097 1294 3134 non
1316 3082 1591 3135 secundum
1617 3085 1883 3140 scientiam

295 3170 472 3241 (Rom.
508 3169 608 3240 x)‘:
640 3170 791 3240 cujus
815 3186 939 3242 erga
966 3173 1220 3228 unitatem
1244 3184 1440 3229 sanctis
1468 3176 1707 3231 ecclesiae
1754 3178 1880 3234 dum

296 3266 502 3319 viscera
525 3264 803 3319 cbaritatis
827 3265 1049 3334 aspicio,
1080 3265 1356 3321 discordes
1376 3282 1470 3323 vos
1496 3268 1885 3328 intolerabilius

296 3355 613 3426 ingemisco.
645 3355 892 3422 Pensate,
926 3371 1126 3423 quaeso,
1156 3371 1260 3426 quo
1291 3359 1484 3413 ardore
1513 3370 1711 3415 sanctze
1764 3364 1882 3418 uni-

299 3449 422 3503 tatis
446 3447 728 3502 anhelabat
757 3462 877 3501 cum
906 3446 1334 3517 Philippensibus
1362 3450 1563 3506 diceret
1600 3469 1614 3504 :
1673 3453 1733 3508 Si
1780 3472 1886 3525 qua

252 3536 259 3539 “
301 3539 577 3595 consolatio
619 3541 672 3593 in
702 3539 924 3604 Christo,
964 3542 1009 3594 si
1048 3543 1186 3611 quod
1226 3545 1469 3600 solatium
1510 3548 1790 3614 rhuritatis,
1841 3551 1885 3604 si

299 3650 398 3701 qua
427 3632 679 3686 societatis
706 3648 841 3699 spes,
869 3633 911 3685 si
939 3648 1037 3701 qua
1065 3635 1259 3689 viscera
1286 3645 1331 3689 et
1363 3638 1713 3692 miserationes
1739 3682 1753 3705 ,
1786 3642 1884 3694 im-

302 3728 432 3794 plete
458 3724 701 3796 gaudium
726 3741 908 3790 meum,
942 3735 998 3778 ut
1025 3727 1159 3781 idem
1184 3729 1441 3797 sapientes
1464 3771 1477 3795 ,
1508 3733 1737 3785 eamdem
1767 3735 1886 3788 rha-

299 3820 501 3872 ritatem
530 3817 761 3872 habentes
787 3858 803 3884 ,
835 3820 1097 3873 unanimes
1121 3862 1135 3884 ,
1160 3822 1384 3889 idipsum
1413 3827 1678 3879 sentientes
1729 3826 1885 3897 (Phi-

304 3911 430 3981 lipp.
462 3910 541 3981 I't).
571 3910 672 3978 Qui
718 3910 875 3980 igitur
923 3912 1321 3967 unanimitatem
1370 3913 1662 3986 locuturus,
1711 3926 1788 3971 tot
1834 3929 1887 3974 et

305 4007 437 4060 tales
489 4006 857 4073 inquisitiones
905 4006 1181 4075 praemisit,
1231 4004 1485 4075 quantum
1537 4022 1678 4065 esset
1730 4011 1887 4081 hujus

303 4097 516 4151 virtutis
567 4098 852 4161 meritum,
930 4112 1033 4150 non
1079 4097 1383 4168 explenda,
1432 4100 1525 4154 sed
1575 4101 1889 4171 inquirendo

304 4190 640 4245 monstravit.
670 4190 737 4242 At
767 4198 951 4243 contra
1000 4204 1160 4258 quam
1215 4192 1283 4245 sit
1335 4193 1531 4247 malum
1580 4194 1883 4265 discordiaa,
1964 4194 1967 4197 ’

303 4282 529 4352 loquens
558 4280 849 4336 Corinthiis
875 4282 1129 4336 ostendit.
1162 4283 1252 4337 Ait
1291 4285 1434 4338 enim
1465 4304 1476 4338 :
1528 4287 1889 4357 Signi/iratum

301 4383 375 4428 est
400 4372 524 4426 mihi
548 4374 611 4426 de
636 4373 793 4449 vobis,
824 4372 1012 4443 fratres
1038 4374 1156 4439 mei,
1187 4376 1248 4427 ab
1275 4377 1354 4430 his
1384 4378 1473 4447 qui
1519 4386 1637 4431 sunt
1685 4380 1885 4447 Cll/088,

301 4468 421 4537 quia
443 4468 790 4521 contentiOnes
810 4474 926 4520 sunt
956 4468 1088 4520 inter
1108 4483 1196 4521 vos
1228 4482 1249 4523 :
1274 4467 1370 4522 hoc
1398 4481 1566 4523 autent
1596 4472 1731 4536 dico,
1754 4474 1889 4541 quod

300 4561 648 4630 unusquisque
671 4569 886 4614 uestrum
915 4560 1067 4624 dicit,
1099 4576 1192 4630 ego
1219 4578 1330 4614 smn
1360 4560 1535 4630 Pauli,
1583 4582 1673 4635 ego
1720 4578 1889 4621 autem

300 4652 510 4720 Apollo,
538 4668 630 4722 ego
661 4668 773 4705 vero
796 4650 1000 4723 (Iephte,
1024 4669 1115 4721 ego
1144 4664 1311 4707 autem
1338 4655 1525 4710 Citriin
1552 4658 1606 4727 (Ι
1637 4658 1755 4713 Cor.
1789 4661 1886 4731 ut).
1924 4639 1973 4699 ι)

303 4744 458 4812 Quod
482 4760 603 4799 cum
651 4754 847 4813 quanta
894 4744 1356 4803 animadversione
1407 4751 1670 4820 loquatur,
1718 4770 1890 4826 agno-

303 4837 525 4905 scimus,
559 4836 603 4890 si
632 4836 928 4905 subjuncta:
976 4836 1356 4907 increpationis
1385 4842 1545 4896 verba
1581 4859 1883 4911 pensamus.

308 4929 395 4984 Ait
418 4928 560 4982 enim
597 4944 609 4979 :
645 4926 852 4981 Divisus
874 4936 949 4981 est
978 4927 1211 4983 Christus
1233 4930 1258 4983 ?
1282 4934 1511 5001 nunquid
1543 4933 1742 4990 Paulus
1765 4954 1886 4991 cru-

303 5021 491 5090 ciﬁxus
518 5029 590 5072 est
616 5034 709 5088 pro
741 5020 923 5073 vobis?
966 5028 1057 5073 aut
1099 5021 1150 5073 in
1196 5022 1403 5076 nomine
1446 5022 1604 5078 Pauli
1647 5026 1889 5096 baptizati

306 5114 427 5167 estis
455 5110 692 5183 (Ibid.)?
721 5111 1070 5168 Considerate
1101 5112 1284 5183 igitur,
1319 5117 1505 5172 fratres
1535 5120 1661 5186 mei,
1690 5131 1743 5175 et
1763 5121 1889 5177 dum

306 5205 419 5261 Deo
445 5206 620 5259 adhuc
646 5214 981 5274 expectante,
1034 5207 1179 5260 omni
1209 5207 1416 5263 incerto
1445 5212 1566 5266 vita:
1613 5214 1717 5268 fine
1767 5231 1893 5284 pcr-

390 5371 415 5399 ιι
443 5361 566 5440 Haec
596 5370 677 5415 est
703 5361 790 5440 illa
813 5360 1038 5440 epistola
1067 5362 1292 5440 Pelagii,
1322 5381 1423 5440 qua
1456 5368 1720 5440 Pelagius,
1756 5382 1893 5430 teste

310 5442 500 5487 sancto
525 5431 802 5503 Gregorio,
833 5432 1022 5505 synodi
1058 5431 1663 5505 ConstantinOpolitanm
1710 5431 1890 5500 omnia

313 5513 454 5578 acta,
489 5516 840 5578 praeterquam
866 5504 1253 5578 absolutionem
1277 5504 1515 5578 Gregoi-ii
1542 5513 1881 5570 Antiochenii

308 5574 566 5646 episcopi,
592 5575 818 5646 cassavit
843 5584 897 5628 et
924 5575 1227 5642 reprobavit
1259 5595 1272 5629 :
1301 5574 1569 5646 praicipue
1596 5599 1724 5637 vero
1753 5586 1880 5640 illud

307 5644 582 5699 decretum
614 5659 722 5715 quo
748 5644 981 5724 Joannes
1029 5644 1646 5724 Constantinopolitanus
1676 5656 1883 5724 episco-

307 5730 409 5793 pus
439 5730 636 5793 nomen
666 5715 1003 5793 mcutnenici‘
1032 5716 1132 5793 sibi
1174 5715 1487 5793 arroganter
1510 5715 1880 5793 usurpaverat.

306 5787 431 5868 Qua.
452 5786 517 5868 de
546 5802 605 5841 re
627 5786 750 5868 vide
776 5784 1054 5868 quaaiiifra
1082 5784 1331 5868 diconihil?
1360 5794 1499 5868 notis
1531 5784 1770 5868 allegatus
1796 5813 1886 5868 sy-

304 5856 435 5912 nodi
479 5857 1105 5927 Constantinopolitanae.
1166 5860 1462 5916 Ridiculum
1497 5876 1578 5919 est
1625 5856 1765 5936 Quod
1815 5856 1881 5924 ex

2056 1956 2242 2013 XXIII.
2278 1958 2435 2014 Multa
2468 1962 2627 2017 locuti
2656 1978 2860 2032 sumus,
2888 1968 3011 2037 quia
3039 1978 3094 2025 et
3122 1971 3187 2025 ad
3216 1973 3379 2027 multa
3405 1975 3568 2030 ratio-

1981 2047 2211 2103 cinando
2242 2052 2637 2119 reSpondimus.
2672 2056 2735 2109 Et
2765 2072 2885 2111 cum
2917 2061 3222 2118 testimonia
3250 2080 3312 2118 ex
3358 2075 3567 2134 patrum

1982 2141 2139 2197 dictis
2191 2143 2469 2200 innumera
2516 2157 2890 2217 suppeterent,
2936 2166 3199 2220 perpauca
3247 2159 3567 2224 posuimus:

1982 2234 2230 2291 videlicet
2267 2238 2544 2306 cupientes
2576 2249 2632 2294 ut
2657 2242 2850 2311 scripta
2881 2252 3061 2297 nostra
3101 2245 3154 2299 in
3184 2248 3358 2302 causis
3387 2250 3565 2315 singu‘

1984 2326 2050 2381 lis
2078 2329 2313 2382 narratio
2344 2329 2581 2385 breviata
2611 2334 2965 2417 succingeret,
2996 2351 3068 2391 ne
3091 2336 3318 2393 fortasse
3348 2340 3564 2396 taedium

1985 2416 2179 2484 legenti
2217 2431 2553 2489 generarent.
2593 2422 2762 2479 Unum
2793 2416 2967 2481 tamen
2998 2427 3140 2497 quod
3164 2428 3275 2499 jam
3322 2434 3568 2501 superius

1984 2512 2240 2580 diximus,
2298 2532 2402 2571 non
2451 2520 2613 2574 taedet
2663 2522 2709 2576 si
2763 2523 2925 2587 etiam
2973 2526 3165 2581 crebro
3206 2528 3567 2598 replicemus:

1985 2606 2117 2673 Quia
2152 2608 2310 2662 fidem
2340 2622 2537 2666 sanctze
2567 2611 3024 2669 Chalcedonensis
3069 2618 3257 2690 synodi
3311 2621 3568 2677 illibatam

1987 2713 2082 2767 per
2108 2702 2288 2755 omnia
2318 2702 2429 2758 Deo
2458 2714 2675 2760 auctore
2704 2721 3004 2774 servamus,
3038 2709 3263 2782 ejusque
3289 2711 3568 2771 definitio-

1986 2808 2102 2857 nes,
2134 2795 2269 2849 sicut
2303 2795 2584 2865 Ephesinac
2609 2801 2817 2869 primm,
2846 2799 3475 2874 Constantinopolitanre,
3506 2822 3571 2865 ac

1985 2885 2214 2942 Nictena:
2243 2892 2429 2961 synodi
2461 2893 2883 2951 irretractabiles
2912 2913 3053 2953 nunc
3078 2914 3249 2969 usque
3278 2903 3572 2973 tenuimus,

1985 2981 2069 3034 vel
2098 2990 2271 3037 morte
2302 2986 2571 3052 proposita
2602 2988 3019 3046 irretractaliiles
3084 2993 3435 3051 custodimus.
3466 2994 3575 3051 Ve-

1986 3079 2093 3129 stra
2148 3072 2307 3147 igitur
2356 3076 2582 3137 Dilectio
2630 3082 3061 3141 communionem
3114 3084 3345 3140 fidelium
3392 3088 3577 3144 ortho-

1987 3172 2252 3229 doxorum
2278 3172 2501 3231 fratrum
2533 3195 2635 3232 non
2668 3179 2858 3250 fugiat,
2890 3200 2956 3237 ne
2984 3180 3264 3254 pres-entia
3302 3181 3447 3242 vocis
3478 3196 3573 3243 no-

1988 3271 2113 3317 stra:
2141 3265 2463 3334 adjutorium
2493 3269 2535 3321 si
2583 3271 2769 3327 audire
2821 3275 3135 3344 neglexerit,
3188 3289 3371 3334 contra
3413 3294 3471 3335 se
3519 3282 3573 3335 in

1988 3363 2349 3413 testimonium
2383 3370 2578 3417 vertat.
2630 3362 2753 3419 Nos.
2790 3376 2967 3423 autem
3013 3369 3078 3423 ad
3126 3370 3407 3427 Dominum
3453 3384 3575 3442 post
3670 3403 3683 3407 ~

1988 3450 2148 3506 verba
2181 3454 2507 3509 recurrimus
2534 3498 2547 3521 ,
2578 3471 2806 3528 eumque
2835 3471 3090 3530 quantum
3123 3477 3407 3532 possumus
3438 3464 3575 3521 ﬂeti-

1988 3543 2087 3597 bus
2113 3559 2412 3612 exoramus,
2448 3556 2503 3601 ut
2532 3547 2631 3604 hoc
2655 3552 2794 3621 quod
2826 3553 2982 3609 vobis
3004 3556 3069 3609 ad
3096 3558 3420 3626 sequendam
3446 3575 3573 3615 con-

1988 3635 2223 3689 cordiam
2255 3652 2283 3689 a
2334 3639 2488 3693 nobis
2538 3641 2758 3709 dicitur,
2812 3644 2927 3713 ipse
2972 3644 3025 3700 in
3073 3648 3266 3704 vestris
3308 3650 3573 3707 mentibus

1988 3742 2147 3781 manu
2179 3729 2383 3784 iutimm
2418 3732 2781 3800 inspirationis
2806 3747 3075 3806 operetur.

2325 3842 2652 3900 EPISTOLA
2689 3846 2750 3902 Vl
2783 3857 2809 3885 ἰ
2839 3847 3009 3920 [Olim
3043 3849 3257 3925 VIII],

2048 3957 2114 3994 an
2141 3956 2379 3996 sosussu
2409 3959 2696 4001 setscoruu
2726 3963 3388 4013 CONSTANTINOPOLI’I'ANUI
3413 3957 3512 4029 (a).

1994 4055 2126 4111 Eum
2156 4057 2346 4136 arguit,
2395 4059 2485 4136 qui
2534 4062 2834 4136 universalis
2881 4066 3107 4136 episcOpi
3134 4085 3317 4124 nomen
3343 4071 3439 4126 sibi
3460 4072 3572 4127 vin-

2274 4129 2496 4195 dicabat,
2544 4149 2645 4209 qua
2694 4134 2755 4188 de
2797 4129 2953 4190 causa
3005 4129 3286 4209 generalem

2430 4203 2683 4271 synodum
2748 4203 3125 4264 convocavérat.

2069 4312 2441 4368 Dilectissimis
2473 4314 2730 4372 fratribus
2764 4318 3025 4376 universis
3053 4322 3340 4394 episcopis,
3371 4327 3459 4397 qui
3492 4327 3560 4382 il-

1994 4410 2137 4465 licita
2168 4412 2445 4465 vocatione
2476 4411 2697 4468 Joannis
2717 4411 3295 4488 Constantinopolitani
3327 4422 3565 4490 episcopi

1995 4506 2059 4558 ad
2074 4504 2333 4576 synodum
2349 4503 2867 4577 Constantinopolim
2882 4518 3271 4576 convenerunt,
3296 4510 3566 4583 Pelagius.

2073 4595 2353 4651 Manifesto
2373 4597 2535 4666 (sicut
2550 4597 2873 4667 optavimus)
2892 4613 2984 4667 per
2995 4598 3219 4667 gratiam
3237 4599 3332 4655 Dei
3347 4599 3432 4672 [8.
3450 4601 3573 4660 Leo.

1998 4691 2147 4760 epist.
2179 4688 2284 4761 55]
2318 4690 2519 4745 lumine
2548 4690 2867 4759 evangelicae
2899 4691 3159 4758 veritatis,
3191 4693 3258 4747 ab
3284 4694 3570 4750 universali

2001 4783 2254 4849 Ecclesia,
2284 4782 2717 4850 perniciosissimi
2748 4783 2950 4836 erroris
2975 4793 3132 4839 nocte
3163 4784 3405 4854 depulsa,
3442 4787 3573 4841 inef-

1996 4872 2228 4929 fabiliter
2257 4872 2548 4943 gaudemus
2581 4874 2632 4926 in
2662 4873 2889 4928 Domino
2914 4892 2927 4928 :
2955 4874 3048 4930 scd
3080 4890 3184 4931 non
3213 4877 3424 4933 modico
3443 4893 3574 4934 con-

1998 4966 2274 5018 tristamur
2306 4979 2563 5031 mmrore,
2588 4965 2711 5036 quia
2734 4981 2797 5022 ea
2825 4982 2944 5038 quae
2970 4968 3098 5023 olim
3122 4969 3323 5025 calcata
3345 4970 3575 5038 fuerant,

1997 5063 2051 5110 et
2083 5053 2316 5109 funditus
2365 5055 2637 5124 damnata,
2684 5073 2783 5114 nec
2812 5074 3041 5131 unquam
3083 5060 3199 5117 fieri
3240 5059 3573 5135 debuerant,

1998 5150 2253 5207 redivivis
2300 5150 2573 5208 radicibus
2624 5153 2926 5223 germinant
2971 5165 3130 5227 atque
3175 5157 3457 5227 pullulant.
3512 5159 3579 5215 Et

1997 5246 2247 5316 quoniam
2276 5247 2438 5301 multa
2463 5288 2477 5315 ,
2510 5263 2629 5317 qua:
2652 5248 3036 5317 paenitudinem
3070 5259 3577 5322 possuntgenerare

1998 5379 2101 5434 hac
2129 5380 2354 5444 epistola
2405 5391 2662 5453 novantes
2710 5383 2944 5438 haeretici
2986 5385 3269 5453 primatum
3317 5385 3573 5442 Ecclesia:

1999 5454 2332 5521 impugnent,
2363 5467 2483 5505 cum
2509 5452 2633 5507 hinc
2661 5456 2833 5521 potius
2860 5452 3106 5508 undecim
3133 5456 3455 5511 validissima
3485 5473 3576 5511 ar-

1992 5532 2241 5591 gumenta
2291 5522 2741 5595 colligipossint,
2791 5525 2985 5592 quibus
3030 5525 3260 5595 Romani
3310 5528 3577 5595 pontificis

1992 5596 2253 5660 primatus
2284 5594 2585 5648 firmissime
2616 5596 3015 5648 corroboratur.
3050 5594 3185 5652 Vide
3217 5594 3407 5653 Bar’on.
3437 5613 3566 5653 ann.

1989 5655 2295 5728 587,'num.
2322 5664 2352 5715 7
2380 5675 2432 5717 et
2461 5663 2545 5728 l5,
2580 5664 2646 5718 l4
2667 5673 2720 5719 et
2751 5664 2840 5718 15.
2868 5666 2998 5719 Ssv.
3036 5665 3151 5720 Bttv.

2069 5734 2165 5802 (a)
2208 5734 2386 5802 Neque
2418 5737 2551 5788 hanc
2570 5750 2598 5788 a
2622 5734 2858 5788 subdolis
2884 5734 3068 5790 lsidori
3097 5738 3361 5793 mercibus
3377 5738 3458 5793 fas
3480 5748 3565 5794 est

1986 5803 2287 5877 sejungere.
2325 5804 2455 5859 Vera
2505 5805 2647 5859 enim
2694 5806 2882 5871 periit,
2932 5807 2984 5859 in
3035 5808 3190 5877 cujus
3240 5810 3414 5867 locum
3453 5808 3572 5866 haec

1987 5874 2215 5928 conficta
2246 5884 2326 5929 est
2349 5914 2366 5942 ,
2393 5884 2450 5929 ut
2480 5877 2650 5945 stylus
2679 5877 2889 5946 aliaque
2918 5874 3133 5935 docent.
