4076 6348
574 312 679 370 759

1887 296 2161 356 PELAGII
2204 294 2403 352 PAPE
2441 292 2484 351 ιι

3764 284 3881 349 740

576 430 748 506 [Idem
773 430 923 497 epist.
955 426 1081 501 ιη,
1112 425 1453 498 proveniunt,
1488 432 1711 476 necesse
1742 424 1825 471 est
1852 430 1915 471 ea
1944 425 2161 468 cassare
2190 408 2246 471 Α
2269 423 2505 463 errorem
2554 419 2707 459 suum
2736 404 2847 459 cito
2875 400 3194 468 correxerit,
3228 414 3257 454 a
3284 400 3443 456 nobis
3484 404 3873 457 excoman

576 504 696 595 quae
744 532 927 577 contra
981 520 1223 575 ordinem
1268 526 1323 573 et
1352 530 1565 570 omnem
1596 509 1969 567 auctoritatem
2021 504 2157 557 facta

578 594 701 671 esse
733 623 1044 668 noscuntur.
1078 610 1250 673 Unde,
1285 609 1494 670 fratres,
1532 601 1729 684 rejecta
1758 598 1969 669 penitus
1992 594 2156 648 auda-

577 712 679 772 cia,
712 722 832 779 quae
862 716 1044 762 contra
1071 702 1419 774 apostolicam
1449 702 1633 751 sedem
1692 703 1745 747 et
1770 699 1957 747 contra
1989 691 2159 759 ipsam

582 776 792 860 Domini
815 797 1104 855 Salvatoris
1134 809 1343 859 vocem,
1369 806 1469 861 qua
1502 789 1701 844 dietum
1724 796 1840 840 est:
1874 781 1955 836 Tu
1983 797 2033 835 es
2064 776 2163 841 Pe-

579 906 714 961 trus,
745 904 792 949 et
822 908 974 959 super
996 890 1127 943 hanc
1156 897 1351 956 petram
1372 881 1639 952 azdiﬁcabo
1664 877 1950 933 Ecclesiam
1976 890 2158 935 meam,

582 984 797 1056 (Matth.
827 980 967 1049 xvi),
1000 988 1206 1045 sumpta
1238 983 1321 1029 est
1368 968 1676 1040 disputandi
1718 976 1902 1021 contra
1950 961 2161 1018 Domini

579 1083 866 1147 praecepta,
891 1085 1024 1124 vana
1048 1066 1342 1123 errantium
1381 1062 1542 1117 corda
1593 1058 2012 1128 conquiescant,
2062 1064 2162 1108 nec

578 1144 736 1224 liceat
778 1160 992 1217 defendi
1021 1152 1271 1232 (Ibid.),
1306 1154 1447 1225 quod
1482 1168 1585 1206 non
1631 1151 1785 1204 liceat
1816 1162 1973 1214 agere
2006 1144 2165 1219 [licet

580 1256 709 1331 agi].
739 1255 983 1311 Relatum
1015 1262 1095 1308 est
1124 1248 1347 1323 ergotad
1380 1244 1729 1319 apostolicam
1761 1240 1965 1302 sedem,
1998 1240 2165 1290 Joan-

578 1324 701 1406 nem
746 1341 1392 1413 Constantinopolitanum
1446 1341 1755 1408 episcopum
1806 1324 2164 1385 universalt-m

577 1458 636 1498 se
664 1436 999 1496 subsrribere
1047 1430 1375 1509 [scribere],
1409 1443 1611 1497 vosque
1657 1442 1725 1481 ex
1759 1422 1856 1477 hac
1898 1436 1991 1475 sua
2024 1434 2162 1489 prre-

577 1533 882 1603 sumplione
926 1528 991 1583 ad
1020 1508 1285 1598 synodum
1332 1533 1630 1577 convocare
1657 1508 2038 1591 [convocasse]
2074 1525 2165 1579 ge-

581 1602 851 1692 neralem,
905 1639 1027 1679 cum
1077 1616 1406 1692 generalium
1453 1613 1784 1684 synodorum
1833 1602 2165 1661 convocandi

587 1721 881 1775 auctoritas
913 1698 1221 1785 apostolica:
1268 1705 1381 1763 sedi
1424 1702 1569 1758 beati
1600 1701 1741 1757 Petri
1772 1696 2026 1767 singulari
2064 1692 2167 1761 pri-

2267 504 2494 559 candum
2530 504 2664 568 fore,
2698 510 2750 554 et
2782 498 3091 569 aprustolicm
3115 496 3259 551 sedis
3280 506 3441 567 atque
3465 496 3716 549 omnium
3747 514 3871 551 san-

2267 608 2478 653 ctorum
2507 595 2884 665 episcoporum
2913 589 3286 645 communione
3316 604 3524 643 carere.
3560 587 3870 644 Universa-

2267 682 2427 744 litatis
2474 702 2683 758 quoque
2718 699 2942 747 nomen,
2992 681 3132 748 quod
3178 681 3276 735 sibi
3311 680 3502 735 illicite
3543 684 3867 750 usurpavit,

2268 781 2429 836 nolite
2483 778 2792 843 attendere,
2843 792 2939 829 nec
2984 772 3261 828 vocatione
3311 772 3430 843 ejus
3459 768 3528 826 ad
3564 774 3869 845 synodum,

2266 875 2468 942 absque
2497 871 2811 924 auctoritate
2840 869 2980 921 sedis
3009 864 3336 935 apostolicae,
3364 882 3601 935 unquam
3630 867 3829 922 venite
3855 910 3872 934 ,

2268 968 2311 1023 si
2340 968 2648 1037 apostolica:
2690 954 2834 1020 sedis
2875 975 2927 1019 et
2957 971 3273 1017 caztcrorum
3305 963 3695 1031 episcoporum
3726 977 3879 1018 com-

2268 1064 2522 1116 munione
2551 1060 2709 1113 vultis
2738 1059 2859 1112 frui.
2895 1055 3084 1111 anlus
3109 1055 3250 1109 enim
3287 1054 3748 1123 patriarcharum
3779 1056 3882 1110 hoc

2270 1165 2374 1209 tam
2425 1153 2647 1223 profano
2686 1150 2945 1205 vocabulo
2989 1164 3219 1218 unquam
3266 1157 3444 1201 utatur
3475 1145 3795 1219 (a),.quia
3835 1148 3879 1201 si

2269 1262 2514 1302 summus
2546 1238 2729 1316 [unus]
2776 1224 3076 1309 patriarcha
3107 1224 3418 1292 universalis
3448 1236 3676 1302 dicitur,
3717 1238 3878 1306 patri-

2268 1314 2763 1394 archarumnnmen
2779 1335 2985 1389 cat-teris
2998 1332 3303 1401 derogatur.
3324 1318 3431 1385 Sed
3468 1328 3616 1384 absit
3638 1331 3743 1399 (bi
3770 1346 3798 1382 a
3824 1314 3878 1382 fi-

2268 1430 2406 1485 delis
2436 1429 2748 1497 cujusquam
2777 1435 2974 1488 mente,
3012 1424 3112 1478 hoc
3144 1416 3243 1477 sibi
3271 1423 3350 1477 vel
3379 1410 3520 1477 velle
3555 1424 3875 1492 quempiam

2269 1522 2528 1591 arripere,
2554 1517 2693 1573 unde
2724 1520 2983 1572 honorem
3029 1514 3251 1569 fratrum
3277 1530 3499 1569 suorum
3540 1502 3877 1569 imminuere

2267 1629 2332 1669 ex
2376 1613 2839 1683 quantulacunque
2880 1621 3027 1678 parte
3056 1607 3320 1663 videatur.
3364 1608 3725 1677 Quapropter
3755 1596 3878 1663 cha-

2268 1706 2398 1759 ritas
2414 1716 2583 1759 vestra
2602 1705 2865 1758 neminem
2887 1716 3115 1769 unquam
3132 1701 3243 1754 suis
3263 1700 3314 1753 in
3333 1699 3580 1765 epistolis
3597 1699 3879 1754 universa-

581 1814 779 1883 νίιεείο
809 1812 880 1867 δίι
911 1796 1124 1871 "adimi
1156 1814 1211 1859 εί
1242 1801 1386 1857 "una
1419 1815 1647 1871 υιιψιαιη
1682 1795 1917 1867 δὶήοίίυδ
1944 1802 2057 1883 mia
2088 1790 2164 1842 Ie‘
2191 1807 2243 1869 Β
2274 1796 2376 1853 lem
2393 1797 2647 1857 nominet,
2668 1813 2731 1851 ne
2750 1797 2848 1850 sibi
2878 1795 3115 1849 debitum
3145 1793 3584 1859 subtrahat,cum
3604 1794 3766 1849 alteri
3789 1795 3877 1847 ho.

582 1876 737 1979 gattir
780 1918 899 1974 quas
948 1899 1245 1971 apostolica
1295 1896 1615 1951 auctoritate
1660 1905 1763 1945 non
1808 1887 1965 1943 fuerit
2016 1876 2165 1939 l’ulta.

579 1976 691 2065 Qua
701 2005 935 2067 propter,
961 1990 1212 2065 quidquid
1239 1991 1288 2043 in
1308 1988 1759 2059 praedicto-vestro
1776 1976 2155 2035 conventiculo

584 2066 744 2159 (quia
786 2080 1022 2157 synodus
1069 2082 1244 2138 taliter
1293 2084 1613 2151 praesumpta
1645 2090 1766 2131 esse
1816 2088 1919 2125 non
1964 2066 2170 2139 potuit)

584 2180 875 2245 statuistis,
923 2194 987 2233 ex
1031 2174 1349 2231 auctOritate
1396 2169 1569 2227 sancti
1616 2168 1755 2223 Petri
1799 2163 2170 2235 apostolorum

584 2272 867 2347 principis,
892 2279 947 2328 et
974 2268 1185 2325 Domini
1210 2264 1506 2322 Salvatoris
1527 2277 1677 2327 voce,
1706 2274 1808 2329 qua
1834 2258 1989 2313 beato
2014 2256 2170 2310 Petro

584 2379 904 2445 potestatem
930 2364 1125 2438 ligandi
1153 2372 1315 2433 atque
1336 2358 1578 2415 solvendi
1618 2356 1731 2425 ipse
1753 2353 1986 2409 salvator
2004 2346 2169 2413 dedit,

583 2480 705 2537 qua
727 2464 885 2519 etiam
910 2468 1149 2531 potestas
1170 2458 1221 2511 in
1244 2452 1647 2510 successoribus
1669 2448 1785 2520 ejus
1808 2445 2173 2501 indubitanter

587 2556 855 2620 transivit,
894 2550 1147 2623 praecipio
1170 2548 1348 2603 omnia
1373 2560 1494 2615 quae
1518 2542 1589 2598 ibi
1618 2541 1900 2602 statuistis,
1933 2549 1986 2593 et
2014 2552 2169 2600 vana,

588 2654 647 2703 et
667 2655 874 2701 cassata
905 2656 1045 2708 esse,
1082 2643 1153 2695 ita
1188 2648 1245 2694 ut
1271 2640 1526 2705 deinceps
1559 2648 1829 2704 nunquam
1856 2638 2169 2701 appareant,

588 2753 691 2794 nec
716 2736 1059 2791 ventilentur.
1095 2722 1306 2787 Etenim
1326 2730 1442 2799 ipse
1468 2728 1713 2783 Salvator
1748 2724 1904 2779 beato
1930 2724 2169 2791 Aposto—

592 2829 646 2886 lo
666 2829 825 2885 Petro
850 2837 1098 2899 tanquam
1115 2826 1229 2895 ipsa
1249 2838 1343 2893 per
1360 2838 1418 2877 se
1440 2824 1636 2877 veritas
1661 2818 1920 2890 loquitur,
1944 2815 2129 2871 dicens
2155 2832 2169 2868 :

593 2922 918 2993 Quwcunque
960 2920 1195 2991 ligaveris
1220 2934 1379 2987 super
1425 2926 1633 2983 terram,
1665 2925 1813 2969 erunt
1859 2915 2015 2985 ligata
2046 2920 2092 2967 et
2120 2912 2175 2965 in

593 3013 752 3081 calo;
776 3024 820 3069 et
840 3028 1166 3085 quaecumque
1192 3010 1398 3066 solveris
1418 3025 1575 3081 super
1595 3019 1803 3075 terram,
1837 3019 1984 3063 erunt
2006 3008 2175 3061 soluta

593 3110 721 3163 etin
749 3109 873 3163 caelo
909 3105 1125 3179 (Matth.
1155 3107 1289 3174 xvr).
1323 3102 1500 3159 Multis
1548 3102 1727 3158 denuo
1767 3102 2076 3173 apostolicis
2119 3109 2176 3156 et

2279 1907 2463 1946 norem
2493 1882 2652 1945 olTert
2698 1880 3017 1943 imlubitum.
3055 1887 3390 1939 Adversarius
3436 1902 3671 1953 namque
3705 1898 3876 1939 noster

2279 1982 2549 2048 diabolus,
2595 1984 2681 2051 qui
2712 1993 2897 2034 contra
2932 1978 3159 2033 humiles
3187 1978 3451 2044 smviens,
3482 1978 3622 2031 sicut
3667 1977 3756 2031 leo
3793 1996 3878 2031 nt-

2273 2077 2413 2147 giens
2429 2074 2848 2143 circuitquwrens
2862 2088 3009 2140 quem
3029 2074 3228 2124 devoret
3258 2064 3309 2139 (I
3326 2066 3443 2123 Pet.
3472 2070 3579 2135 In),
3612 2086 3723 2123 non
3754 2070 3877 2136 jam,

2277 2179 2331 2221 ut
2359 2167 2660 2229 cernimus,
2692 2164 2872 2219 caulas
2900 2162 3092 2217 circuit
3123 2159 3208 2235 [8.
3232 2159 3412 2234 Greg.,
3446 2152 3606 2233 ibid.]
3628 2203 3643 2225 ,
3675 2161 3775 2215 sed
3807 2161 3871 2216 ita

2278 2257 2453 2313 valide
2498 2258 2549 2311 in
2595 2256 2911 2327 quibusdam
2961 2253 3212 2309 Ecclesia:
3242 2252 3571 2308 necessariis
3618 2250 3878 2307 membris

2276 2350 2492 2406 dentem
2522 2349 2652 2419 ligit,
2687 2356 2745 2403 ut
2775 2347 2902 2402 nulli
2934 2348 3005 2402 sit
3033 2344 3278 2408 dubium,
3308 2338 3431 2417 quia
3466 2343 3571 2400 nisi
3607 2346 3876 2399 unanimi-

2278 2442 2378 2508 tcr,
2407 2442 2620 2497 favente
2665 2441 2912 2506 Domino,
2955 2448 3272 2495 cunctdrum
3318 2438 3536 2510 provida
3599 2452 3875 2511 pastorum

2279 2538 2433 2593 turba
2462 2545 2772 2601 conrurrat,
2816 2550 2999 2604 oume,
3045 2534 3185 2605 quod
3217 2533 3376 2600 absit,
3411 2532 3574 2588 citius
3624 2534 3771 2589 ovile
3804 2536 3875 2589 di-

2274 2620 2458 2690 laniet.
2522 2626 2883 2700 Perpenditis,
2928 2627 3120 2685 fratres
3183 2626 3510 2694 charissimi,
3561 2628 3695 2700 quid
3744 2644 3777 2685 e
3806 2629 3876 2683 νίο

2276 2725 2398 2781 cino
2424 2723 2800 2794 subsequatur,
2834 2738 2956 2778 cum
3000 2733 3054 2777 et
3086 2723 3136 2776 in
3168 2712 3547 2778 sacerdotibus
3579 2731 3873 2793 erumpunt

2278 2834 2384 2878 tam
2444 2839 2691 2894 perversa
2756 2823 3069 2893 primordia.
3120 2822 3253 2889 Quia
3285 2824 3427 2877 enim
3456 2824 3614 2893 juxta
3662 2833 3749 2877 est
3782 2820 3869 2876 ille

2278 2908 2435 2991 [illi]
2468 2918 2533 2973 de
2559 2934 2664 2987 quo
2689 2917 2946 2986 scriptum
2972 2926 3053 2970 est
3083 2930 3098 2969 :
3126 2912 3248 2984 Ipse
3273 2925 3344 2969 est
3370 2931 3460 2968 rex
3488 2931 3649 2985 super
3674 2917 3875 2967 univer-

2279 3029 2365 3067 sos
2396 3014 2529 3082 ﬁlios
2574 3011 2826 3079 superbire
2856 3008 3018 3082 (Job.
3052 3008 3163 3079 xu)
3216 3008 3377 3080 (quod
3409 3026 3516 3064 non
3563 3008 3685 3065 sine
3736 3011 3874 3079 gravi

2284 3102 2469 3159 dolore
2499 3104 2678 3160 dicere
2717 3098 3031 3174 compellor,
3082 3102 3209 3155 dmn
3244 3100 3405 3157 frater
3434 3111 3489 3156 et
3512 3100 3871 3170 coepiscopus

594 3201 867 3257 canonicis
921 3207 1081 3268 atque
1128 3195 1511 3253 ecclesiasticis
1556 3194 1875 3249 instruimur
1932 3194 2169 3265 regulis,
2198 3195 2250 3260 C
2280 3211 2458 3255 noster
2481 3196 2715 3253 Joannes
2741 3197 2987 3251 mandata
3012 3196 3303 3265 dominica,
3330 3205 3382 3250 et
3403 3196 3707 3265 apostolica
3744 3209 3873 3264 pra:-

594 3308 700 3349 non
728 3291 926 3347 debere
955 3290 1155 3360 absque
1185 3289 1449 3344 sententia
1480 3287 1704 3343 Romani
1738 3276 2016 3342 Pontiﬁcis
2045 3302 2177 3341 con-

590 3384 715 3439 cilia
747 3380 1005 3437 celebrari
1042 3379 1226 3455 [Socr.
1258 3396 1316 3443 u,
1346 3381 1377 3431 8
1406 3387 1461 3434 et
1491 3380 1558 3433 i3
1580 3421 1593 3445 ,
1627 3377 1753 3435 Soz.
1784 3392 1843 3432 tu
1866 3420 1879 3442 ,
1912 3372 1978 3449 9]
2007 3396 2017 3429 :
2048 3392 2177 3445 qua-

586 3482 806 3547 propter
837 3472 915 3540 (ut
938 3472 1045 3543 jam
1074 3460 1271 3526 dictum
1300 3467 1412 3539 est)
1446 3476 1518 3524 rei
1539 3479 1591 3523 te
1619 3485 1722 3523 non
1752 3469 2055 3535 concilium,
2081 3468 2175 3525 sed

587 3576 831 3623 vestrum
867 3563 1297 3620 conventiculum
1330 3556 1413 3617 vel
1445 3560 1858 3617 conciliabulum
1890 3571 2173 3628 cassatur;

588 3668 646 3716 'el
673 3646 932 3730 quidquid
959 3657 1009 3712 iu
1039 3672 1104 3712 eo
1133 3663 1313 3711 actum
1344 3663 1451 3721 est,
1497 3654 1702 3708 irritum
1734 3652 1959 3707 habetur
1987 3668 2048 3706 ac
2080 3670 2173 3705 va-

588 3766 771 3807 cuum.
806 3748 915 3804 Vos
942 3756 1153 3818 quoque
1180 3746 1468 3815 deinceps,
1496 3753 1550 3799 ut
1581 3743 1776 3799 nullius
1804 3743 2012 3799 hortatu
2048 3744 2173 3798 talia

590 3845 948 3917 praesumatis,
978 3845 1023 3899 si
1055 3842 1361 3913 apoStoiicze
1388 3841 1534 3897 sedis
1564 3841 1945 3896 communione
1986 3855 2173 3896 carere

590 3951 697 3994 non
730 3937 909 3992 vultis.
941 3937 1096 3992 Modo
1125 3946 1253 3991 vero
1280 3935 1401 3990 ideo
1423 3932 1771 4004 suspenditur
1796 3935 1927 3986 ultio
1948 3974 1962 3999 ,
2008 3942 2065 3987 ut
2098 3933 2172 3986 lo-

587 4045 710 4088 eum
741 4030 909 4100 possit
936 4030 1136 4085 habere
1163 4029 1425 4086 correctio
1453 4027 1539 4102 [8.
1566 4026 1691 4093 Leo,
1714 4027 1859 4098 epist.
1887 4026 1999 4097 47].
2032 4026 2175 4081 Prte-

590 4125 907 4181 decessores
931 4136 1059 4179 vero
1080 4123 1322 4191 Joannis,
1348 4131 1401 4178 et
1422 4123 1537 4193 ipse
1557 4122 1791 4177 Joannes
1809 4165 1823 4189 ,
1849 4137 1953 4176 non
1978 4123 2171 4188 semel,

591 4218 689 4275 sed
720 4216 1015 4286 saepissime
1046 4212 1300 4286 epistolas
1330 4223 1487 4285 atque
1520 4213 1731 4269 libellos
1762 4214 1980 4285 pr0pria
2011 4229 2171 4268 manu

590 4308 926 4379 subscriptos
955 4310 1157 4365 sanctis
1182 4308 1614 4364 antecessoribus
1644 4310 1843 4363 nostris
1874 4309 2169 4375 miserunt,

586 4405 780 4477 quibus
796 4418 977 4459 coram
1000 4403 1110 4457 Deo
1140 4400 1411 4472 protestati
1440 4410 1582 4466 sunt,
1615 4400 1743 4455 nihil
1776 4414 2008 4472 unquam
2043 4415 2170 4471 pro-

588 4508 741 4556 terve
772 4504 955 4554 contra
989 4496 1334 4567 apostolicam
1367 4495 1547 4551 sedem
1580 4510 1761 4567 agere,
1795 4512 1895 4551 nec
1920 4496 1991 4551 de
2023 4495 2171 4550 illius

2279 3294 2455 3361 eepta,
2490 3290 2806 3361 regulasqne
2862 3288 3081 3345 Patrum
3114 3287 3433 3357 despiciens.
3469 3304 3591 3342 eum
3642 3302 3744 3356 per
3772 3289 3872 3341 ela-

2280 3382 2479 3440 tionem
2515 3399 2846 3455 praecurrere
2878 3391 3105 3437 conatur
3149 3368 3201 3436 in
3248 3376 3490 3451 nomine)
3522 3391 3725 3434 vestrae
3754 3378 3872 3434 bea-

2280 3472 2487 3533 titudini
2521 3476 2720 3533 indicet
2747 3478 3090 3547 omnipotens
3118 3464 3288 3539 Deus,
3336 3490 3497 3545 quam
3544 3474 3703 3546 gravi
3751 3490 3870 3528 con-

2277 3569 2616 3625 siderationis
2662 3570 2820 3640 hujus
2845 3568 3045 3637 gemitu
3082 3578 3355 3636 torqueor,
3384 3564 3525 3635 quod
3566 3562 3661 3620 ille
3690 3580 3857 3635 quon-

2278 3661 2401 3717 dam
2444 3662 2569 3715 mihi
2622 3664 2958 3727 notissimus,
3012 3658 3099 3714 ille
3148 3657 3398 3713 omnibus
3445 3648 3721 3724 dileCIus,
3776 3658 3859 3712 ille

2282 3758 2369 3825 qui
2404 3754 2799 3824 eleemosynis,
2847 3750 3214 3814 orationibus,
3250 3760 3409 3820 atque
3450 3747 3681 3818 jejuniis
3728 3749 3866 3803 vide-

2281 3847 2438 3901 batur
2466 3856 2780 3917 occupatus,
2813 3858 2867 3901 et
2896 3862 2959 3899 ex
2992 3860 3058 3900 eo
3086 3859 3192 3914 quo
3224 3842 3443 3898 fmtebat
3474 3843 3682 3907 cinere,
3710 3858 3775 3899 es
3803 3860 3858 3897 ea

2280 3959 2438 4015 quam
2510 3940 2878 4011 pra-tendebat
2932 3928 3233 3992 humilitate
3295 3935 3612 4006 jactantiam
3672 3945 3862 3991 tantam

2276 4032 2503 4102 sumpsit
2532 4073 2546 4096 ,
2600 4030 2671 4085 ita
2720 4040 2777 4084 ut
2815 4028 3057 4083 universa
3089 4025 3191 4083 sibi
3238 4035 3404 4081 tentet
3453 4025 3786 4093 adscribere,
3818 4039 3865 4083 et

2276 4127 2475 4193 omnia,
2497 4142 2613 4195 qua:
2635 4125 2732 4181 soli
2753 4125 2840 4179 uni
2857 4123 3013 4194 capiti
3031 4122 3332 4188 cohaerent,
3355 4121 3607 4177 videlicet
3628 4122 3860 4187 Chrisw,

2279 4234 2374 4289 per
2420 4216 2735 4271 electionem
2769 4212 3054 4285 pompatici
3092 4214 3356 4268 sermonis
3385 4210 3634 4283 ejusdem
3668 4212 3862 4268 Christi

2277 4310 2379 4365 sibi
2411 4308 2629 4364 studeat
2676 4310 2916 4364 membra
2963 4307 3269 4378 subjugare.
3312 4305 3421 4362 Nec
3452 4307 3673 4374 mirum,
3725 4306 3861 4377 quod

2278 4406 2367 4461 ille
2419 4415 2654 4460 tentator
2708 4405 2796 4474 Qui
2848 4403 3053 4458 initium
3104 4403 3278 4456 omnis
3328 4401 3535 4472 peccati
3584 4403 3693 4456 scit
3740 4416 3853 4457 esse

2277 4498 2609 4571 superbiam,
2651 4507 2705 4552 et
2736 4507 2859 4552 tunc
2886 4511 2947 4550 ea
2977 4498 3028 4549 in
3061 4496 3235 4564 primo
3266 4494 3488 4549 homine
3521 4505 3651 4549 ante
3679 4495 3851 4549 omnia

588 4604 682 4649 aut
711 4591 937 4647 aliorum
967 4590 1257 4662 privilegiis
1286 4589 1573 4659 quidquam
1602 4598 1858 4658 usurpare
1885 4607 1897 4642 :
1924 4588 2014 4658 qui
2042 4586 2169 4643 hac-
2196 4580 2250 4641 Β
2280 4608 2405 4646 usus
2435 4600 2547 4656 est,
2578 4599 2633 4645 et
2662 4604 2800 4644 nunc
2840 4604 2955 4644 eam
2990 4588 3041 4642 in
3073 4586 3388 4659 quibusdam
3421 4588 3733 4644 hominibus
3762 4604 3850 4661 po-

590 4695 748 4743 tenus
778 4686 829 4741 in
872 4686 1091 4740 archivo
1140 4692 1336 4738 sancta:
1386 4682 1640 4738 Romanae
1689 4682 1943 4737 Ecclesia:
1971 4682 2070 4735 sub
2101 4681 2171 4735 si-

586 4781 729 4851 gillis
752 4790 816 4834 ac
845 4778 1212 4848 chirographis
1243 4788 1427 4831 eorum
1475 4775 1708 4830 roborati
1741 4775 2001 4829 habentur
2035 4775 2171 4829 inte-

588 4874 693 4945 gri.
724 4872 778 4926 in
826 4872 959 4941 ipsis
987 4873 1131 4926 enim
1163 4870 1405 4939 epistolis
1433 4867 1516 4923 vel
1549 4868 1743 4923 libellis
1767 4866 2170 4932 ,anathematis

588 4965 811 5020 vinculo
842 4979 902 5019 se
926 4964 979 5019 et
1009 4976 1347 5017 successores
1388 4972 1573 5016 eorum
1620 4960 2084 5026 constrinxerunt,
2121 4959 2169 5013 si

587 5068 820 5127 unquam
851 5050 1048 5125 aliquid
1069 5058 1250 5108 contra
1281 5066 1374 5107 eos
1403 5054 1895 5121 prresumpsissent,
1922 5058 2015 5105 aut
2038 5062 2168 5105 con-

586 5154 669 5206 tra
709 5140 1088 5220 aposttilibam,
1133 5147 1215 5201 vel
1246 5146 1405 5202 ullius
1434 5147 1651 5201 alterius
1677 5145 1911 5216 episcopi
1941 5144 2125 5200 sedem
2151 5185 2165 5212 ,

588 5244 875 5316 quidquam
923 5241 1130 5297 adversi
1177 5244 1391 5312 quoipso
1419 5240 1579 5296 modo
1620 5250 1804 5295 essent
1848 5240 2042 5296 moliti.
2077 5238 2165 5294 ld-

588 5340 733 5394 circo
761 5352 855 5394 eos
886 5352 992 5395 non
1017 5347 1102 5392 est
1135 5350 1359 5391 necesse
1378 5336 1867 5397 escommunicare,
1903 5343 1993 5388 aut
2031 5350 2162 5389 ana-

588 5429 970 5496 thematinre;
998 5430 1119 5499 quia
1149 5428 1248 5499 ipsi
1274 5426 1630 5482 anathematis
1660 5425 1896 5491 vinculo,
1936 5424 2167 5495 propriis

585 5522 834 5577 manibus
866 5521 1224 5589 professiones
1246 5534 1369 5575 suas
1394 5533 1599 5588 suaque
1622 5518 1821 5586 scripta
1843 5516 2166 5583 roboranda,

585 5615 1041 5671 constrinxerunt.
1072 5615 1218 5671 Sciat
1242 5629 1303 5671 se
1332 5624 1509 5670 tamen
1539 5623 1593 5668 et
1620 5612 1735 5682 ipse
1764 5609 1998 5666 Joannes
2017 5652 2031 5676 ,
2067 5609 2167 5665 nisi

587 5758 770 5901 “hic;
792 5758 1070 5826 Sententia
1120 5771 1289 5827 sancti
1343 5770 1587 5841 Gregorii
1635 5782 1823 5842 papa,
1862 5766 2024 5839 epist.
2065 5765 2165 5837 56,

2279 4686 2353 4739 nit
2382 4688 2433 4739 in
2469 4686 2573 4739 fine
2608 4684 2903 4747 virtutum;
2951 4692 3006 4737 et
3044 4683 3130 4751 qui
3174 4683 3512 4751 aliquatenus
3542 4680 3701 4738 bonis
3747 4687 3856 4739 vitae

2277 4776 2471 4833 studiis
2500 4776 2821 4832 videbantur
2848 4772 3251 4831 crudelissimas
3298 4790 3492 4829 manus
3524 4775 3642 4845 ejus
3669 4776 3856 4847 eﬂ'uge-

2277 4887 2359 4935 re,
2391 4873 2468 4925 eis
2500 4871 2550 4925 in
2580 4869 2713 4938 ipsis
2743 4868 2898 4923 metis
2922 4867 3045 4921 boni
3077 4866 3279 4936 operis,
3305 4875 3364 4920 et
3388 4865 3441 4919 in
3467 4867 3580 4934 ipsa
3603 4869 3851 4937 quodanu

2278 4956 2440 5019 modo
2470 4973 2701 5034 apponat
2736 4960 3078 5032 perfectionis
3110 4957 3458 5014 conclusione
3505 4960 3849 5014 tendiculum.

2276 5056 2428 5114 Unde
2457 5071 2778 5129 magnOperc
2804 5054 3067 5109 Orandum
3116 5061 3230 5118 est,
3264 5060 3318 5106 et
3347 5051 3694 5120 omnipotens
3728 5051 3853 5105 Deus

2275 5153 2504 5208 assiduis
2525 5148 3179 5223 precibusimplorandus,
3214 5155 3270 5199 ut
3299 5146 3439 5200 hunc
3464 5161 3491 5198 a
3524 5144 3850 5200 menteillius

2274 5254 2480 5299 avertat
2528 5258 2789 5307 errorem,
2841 5241 2940 5296 hoc
2989 5241 3054 5295 ab
3104 5239 3310 5294 unitate
3359 5244 3519 5309 atque
3561 5238 3848 5291 humibtate

2279 5335 2535 5391 Ecclesiae
2581 5336 2776 5389 malum
2813 5331 3080 5401 superbiae
3117 5340 3173 5386 et
3219 5328 3551 5385 confusionis
3583 5338 3842 5393 amoveat,

2276 5439 2333 5483 et
2348 5428 2559 5483 favente
2579 5428 2708 5491 Deo,
2732 5424 2986 5480 Omnibus
3014 5421 3224 5478 viribus
3244 5419 3679 5477 concurrendum
3699 5427 3849 5487 atque

2280 5518 2690 5597 providendum,
2720 5532 2787 5572 ne
2819 5516 2873 5571 in
2900 5515 3056 5571 unius
3078 5526 3287 5569 veneno
3309 5510 3599 5575 sermonis,
3630 5511 3846 5564 viventia

2278 5614 2331 5671 in
2360 5613 2560 5671 Christi
2598 5626 2823 5682 corpore
2854 5610 3094 5665 membra
3129 5607 3451 5663 moriantur.
3483 5603 3541 5661 Si
3581 5604 3728 5660 anim
3755 5600 3847 5656 dici

2352 5773 2443 5847 (o)
2484 5770 2658 5829 Editio
2684 5769 2926 5824 Romana
2956 5767 3109 5823 addit
3132 5783 3146 5820 :
3169 5765 3268 5820 hoc
3298 5764 3455 5820 absit.
