4076 6348
240 342 348 413 Ἰιι

1438 333 1795 410 ΕΡιετοιᾹ
1830 334 1922 403 Μ
1960 338 2306 407 DECRETA.

3413 354 3518 413 7ιῖ

243 471 352 528 hoc
384 470 609 526 licenter
632 467 982 540 permittitur,
1026 467 1203 525 h‘onor
1246 468 1675 540 patriarcharum
1717 483 1831 523 om-
1860 465 1916 527 Α
1939 466 2096 531 mine,
2129 470 2177 520 et
2208 468 2361 521 uerbo
2389 464 2571 539 gratiis
2595 472 2729 539 eius,
2752 470 2842 539 qui
2862 468 3029 542 potest
3050 472 3294 541 perﬁcere
3318 484 3366 529 at
3392 476 3520 531 ante

244 564 400 622 nituit
428 564 685 635 negatur;
716 570 773 619 et
799 562 1027 620 fortasse
1054 562 1099 617 is
1120 564 1174 619 in
1196 570 1383 619 errore
1409 556 1567 635 perit,
1600 564 1688 633 qui
1716 560 1834 617 oui-

244 652 476 717 vcraalis
510 656 743 723 dicitur,
776 660 831 712 et
857 658 1034 712 nullus
1054 656 1162 725 jam
1195 656 1478 726 episcopus
1510 656 1833 711 remansisse

244 753 306 809 in
339 754 481 808 statu
510 752 751 807 veritatis
775 752 1062 807 invenitur.
1089 749 1314 822 Oportet
1338 762 1465 821 ergo
1497 760 1551 805 ut
1581 761 1833 806 constan-

246 857 337 903 ter
365 861 429 902 ac
464 838 577 903 sine
604 843 913 915 prujudicio
933 845 1189 911 servetis,
1222 844 1362 899 sicut
1390 844 1692 912 accepistis,
1744 860 1831 897 ec-

251 939 477 1004 clesias,
509 946 564 993 et
589 936 720 991 nihil
750 936 851 991 sibi
884 939 937 991 in
971 935 1121 991 vobis
1150 932 1267 989 inec
1300 937 1524 991 tentatio
1552 928 1832 992 diabolica:

254 1030 623 1101 usurpationis
652 1029 899 1083 ascribat.
921 1029 1072 1084 State
1092 1028 1281 1094 fortes,
1314 1038 1452 1085 state
1472 1031 1669 1095 securi,
1700 1032 1834 1085 scri-

257 1131 350 1193 pta
394 1134 514 1193 quae
560 1119 881 1177 universalis
931 1121 1163 1175 nominis
1215 1120 1441 1177 falsitate
1477 1122 1834 1177 condemnata

249 1222 400 1280 sunt,
436 1228 535 1269 nec
568 1212 696 1267 dare
726 1222 990 1282 unquam,
1042 1226 1141 1267 nec
1169 1212 1415 1281 accipere
1470 1214 1831 1282 praesumatis.

252 1308 458 1363 Omnes
500 1306 782 1374 episcopos
810 1317 960 1358 curse
1002 1312 1194 1358 vestra!
1243 1302 1515 1373 subjectos
1560 1302 1627 1357 ab
1678 1300 1835 1371 hujus

252 1396 583 1453 adulationis
620 1394 988 1466 inquinatidne
1019 1394 1335 1463 prohibete,
1370 1403 1429 1449 ut
1456 1394 1702 1451 universa
1740 1408 1835 1448 vos

252 1491 496 1548 Ecclesia
526 1490 863 1560 patriarchas
909 1503 1017 1543 non
1059 1486 1233 1544 solum
1280 1489 1335 1544 in
1367 1488 1523 1543 bonis
1551 1486 1833 1557 operibus,

250 1582 351 1640 sed
389 1584 548 1639 etiam
578 1582 632 1635 in
663 1581 903 1637 veritatis
946 1580 1267 1636 auctoritate
1292 1582 1607 1650 cognoscat.
1642 1576 1699 1633 Si
1733 1593 1834 1647 qua

263 1686 443 1733 autem
503 1674 725 1730 forsitan
777 1673 1004 1729 adversa
1036 1672 1464 1744 subseQuantur,
1515 1671 1840 1727 unanimiter

255 1768 642 1840 persistentes,
676 1766 836 1821 etiam
882 1767 1163 1821 moriendo
1212 1765 1471 1822 debemus
1517 1764 1833 1828 ostendere,

1936 556 2281 613 hereditatem
2310 559 2445 615 uobis
2482 567 2599 615 cunt
2639 563 2870 618 omnibus
2914 565 3121 619 sanctis.
3171 560 3293 635 Ipse
3336 571 3511 622 autem

1936 650 2075 707 Deus
2103 655 2244 725 pacis
2264 664 2310 709 et
2336 655 2697 712 consolationis
2723 658 2805 712 det
2835 658 2975 714 vobis
2997 660 3219 727 idipsum
3262 670 3438 732 sapere
3464 663 3518 715 iii

1937 744 2240 799 alterutrum
2267 790 2281 812 ,
2317 756 2371 801 ut
2405 747 2545 802 uobis
2582 749 2797 803 invicem
2834 754 3175 819 succurrotis,
3206 761 3254 807 et
3283 766 3381 806 non
3408 754 3521 807 sitis

1935 834 2104 899 divisi,
2147 848 2202 892 ut
2232 841 2514 907 unanimes,
2547 857 2649 896 uno
2678 856 2765 897 ore
2810 853 2856 898 et
2896 852 2999 898 uno
3037 846 3189 899 corde
3218 846 3525 915 honoriﬁce-

1936 945 2050 984 mus
2075 948 2187 984 eum
2216 933 2270 985 in
2301 935 2627 989 concordiam
2659 944 2705 988 et
2734 938 3133 991 consolationem
3166 947 3407 1007 fratrum,
3435 939 3524 1009 qui

1937 1028 2116 1093 patens
2142 1032 2213 1077 est
2236 1026 2542 1092 conﬁrmare
2562 1041 2650 1081 vos
2668 1030 2950 1081 secundum
2980 1031 3290 1101 evangelium
3319 1032 3451 1105 ejus,
3477 1040 3523 1086 et

1928 1118 2088 1188 justo
2129 1116 2488 1172 reuelationem
2537 1121 2767 1190 mysterii
2795 1122 2999 1175 internis
3035 1122 3343 1190 temporibus
3388 1124 3525 1177 taciti

1940 1209 2075 1275 (Art.
2123 1218 2231 1272 sx;
2271 1208 2417 1263 Rom.
2471 1222 2559 1276 xv,
2614 1211 2758 1279 xvi),
2791 1212 2983 1281 quibus
3029 1214 3179 1268 vobis
3226 1215 3520 1269 futurorum

1938 1298 2251 1368 gaudiorum
2279 1301 2550 1371 largiendo
2575 1312 2698 1356 sunt
2725 1314 2968 1360 munero.
2989 1302 3342 1373 Summopere
3362 1306 3519 1361 etiam

1939 1396 2283 1452 considerare
2306 1396 2531 1462 debetis,
2565 1398 2706 1465 quod
2732 1390 2787 1452 iii
2834 1400 2924 1469 oui
2954 1399 3206 1454 fratribus
3235 1400 3513 1470 invident,

1940 1496 2140 1556 eosque
2170 1487 2426 1543 damnare
2455 1503 2544 1543 aut
2576 1491 2799 1556 perdere
2826 1489 3083 1561 cupiunt,
3118 1508 3210 1562 per
3239 1508 3298 1548 se
3325 1502 3380 1548 et
3409 1506 3504 1549 sua

1940 1582 2185 1652 dogmata
2207 1581 2553 1638 destruantur
2573 1584 2693 1657 [per
2716 1597 2776 1639 se
2796 1592 2891 1639 sua
2921 1585 3166 1655 dogmata
3190 1585 3515 1656 destruunt].

1945 1671 2081 1725 Dicit
2124 1672 2269 1727 enim
2323 1674 2618 1729 Dominus:
2653 1674 2813 1729 Omne
2852 1690 3065 1748 regnum
3110 1678 3163 1730 in
3205 1692 3258 1732 se
3304 1678 3521 1733 divisum

1943 1780 2047 1816 non
2078 1763 2263 1828 stabit;
2294 1775 2340 1819 et
2366 1768 2530 1820 omnis
2551 1767 2762 1820 scientia
2790 1776 2837 1820 et
2863 1770 2945 1821 lea:
2969 1768 3232 1822 aduersum
3263 1786 3318 1824 ae
3338 1770 3521 1835 divisa,

255 1865 383 1934 quia
414 1863 463 1915 in
502 1860 697 1915 damno
736 1859 1101 1932 generalitatis
1128 1870 1367 1915 nostrum
1411 1859 1716 1929 specialiter
1742 1858 1838 1913 all-
1870 1849 1921 1916 Ι
1946 1872 2049 1910 non
2080 1858 2230 1910 stabit
2258 1857 2474 1928 (blattis.
2505 1858 2625 1925 ait).
2674 1859 2902 1929 ideoque
2946 1876 3166 1915 necesse
3196 1870 3278 1915 est
3306 1872 3363 1916 ut
3392 1879 3522 1917 con-

257 1954 389 2025 quid
422 1966 524 2007 non
558 1960 818 2006 amamus.
872 1952 1122 2007 Dicamus
1146 1966 1266 2005 cum
1287 1948 1451 2006 Paulo
1483 1969 1495 2006 :
1526 1950 1660 2004 Mihi
1682 1951 1842 2005 vitare

256 2044 494 2100 Christus
513 2054 607 2107 est,
620 2052 665 2097 et
680 2046 812 2101 mori
825 2046 1021 2099 lucrum
1037 2039 1293 2117 (Philipp.
1308 2059 1325 2098 ι
1339 2044 1381 2113 ).
1396 2044 1685 2099 Audiamus
1701 2038 1840 2113 quod

258 2139 467 2210 primus
481 2140 715 2195 omnium
730 2134 1090 2208 apostolorum
1106 2134 1232 2193 dicit
1253 2154 1265 2190 :
1283 2135 1343 2193 Si
1356 2130 1481 2206 quid
1494 2135 1723 2206 patimini
1736 2148 1846 2203 pro-

253 2245 371 2306 pter
384 2235 654 2303 iustitiam,
673 2232 957 2289 beatieritis
971 2228 1055 2302 (II
1077 2226 1194 2287 Pet.
1207 2232 1308 2301 ut).
1326 2226 1449 2285 Mihi
1463 2232 1601 2286 enim
1620 2226 1839 2297 credite,

251 2330 387 2396 quia
421 2326 679 2381 honorem
710 2334 864 2397 quem
894 2339 989 2395 pro
1013 2318 1345 2395 praedicanda
1368 2322 1699 2392 snscepimus
1716 2319 1844 2374 veri-

255 2427 395 2487 tate,
421 2420 464 2472 si
494 2418 828 2475 necessitatis
851 2432 1010 2473 causa
1038 2418 1231 2488 exigat,
1267 2416 1509 2472 securius
1532 2428 1629 2486 pro
1652 2411 1837 2467 eadem

256 2510 488 2564 veritate
514 2511 879 2581 relinquimus,
908 2525 1065 2581 quam
1096 2520 1338 2565 tenemus
1362 2506 1506 2580 [Huc
1537 2522 1704 2577 usque
1733 2522 1851 2559 san-

253 2601 338 2656 cti
380 2600 619 2671 Gregorii
652 2604 809 2657 verba
842 2602 1151 2672 interpolata
1193 2610 1282 2656 aut
1324 2598 1625 2672 corrupta].
1657 2599 1839 2666 Orate,

252 2694 475 2757 fratres,
500 2702 557 2749 ut
576 2695 745 2749 honor
771 2695 1163 2751 ecclesiasticus
1182 2696 1374 2749 nostris
1398 2694 1585 2748 diebus
1602 2707 1703 2746 non
1724 2707 1845 2745 eva-

252 2798 483 2855 cuetur;
509 2804 603 2843 nec
628 2804 855 2859 unquam
882 2782 1117 2843 Romana
1146 2788 1330 2855 sedes,
1363 2804 1481 2857 quae
1510 2786 1844 2853 (instituenti:

254 2880 513 2951 Domino)
527 2890 684 2949 caput
698 2893 774 2935 est
788 2884 1023 2937 omnium
1041 2880 1419 2942 Ecclesiarum,
1435 2878 1723 2948 privilegiis
1735 2879 1845 2932 suis

250 2980 487 3039 nsquam
514 2982 691 3025 careat
730 2981 820 3025 aut
847 2972 1165 3041 expoliatur.
1210 2969 1528 3037 Conﬁdimus
1570 2978 1742 3023 autem
1783 2969 1846 3024 de

253 3064 420 3130 vobis,
449 3064 762 3127 charissimi,
792 3067 1005 3119 meliora
1032 3074 1181 3134 atque
1209 3064 1454 3117 viciniora
1484 3063 1643 3116 saluti
1674 3060 1838 3131 ῘΕόίι.

259 3157 447 3224 Rom.,
482 3153 693 3228 solutis]
728 3176 740 3211 :
773 3160 891 3227 quia
922 3173 1080 3225 neque
1119 3162 1273 3220 mors,
1310 3172 1467 3225 neque
1508 3154 1631 3217 vita,
1680 3160 1845 3223 neque

1948 1949 2183 2003 curditer
2211 1949 2452 2004 salubres
2481 1951 2791 2020 suscipiatis
2824 1952 3065 2006 hortatus
3097 1952 3182 2024 f8.
3216 1952 3336 2019 Leo,
3374 1956 3522 2025 epist.

1946 2041 2036 2111 87|
2063 2076 2077 2105 ς
2102 2048 2158 2097 et
2180 2042 2308 2097 nihil
2343 2056 2438 2112 per
2466 2044 2867 2099 contentionem
2896 2055 3133 2115 agentes,
3159 2047 3252 2101 sed
3281 2046 3347 2101 ad
3369 2060 3530 2103 omne

1944 2135 2181 2189 studium
2212 2135 2516 2191 devotionis
2565 2139 2849 2193 unanimes
2898 2138 3100 2195 divinis
3127 2150 3182 2195 et
3223 2140 3529 2210 apostolicis

1946 2228 2421 2283 constitutionibus
2453 2230 2704 2297 parcatis,
2735 2240 2789 2284 et
2820 2230 2872 2285 itt
2921 2230 3065 2286 nullo
3098 2232 3364 2300 patiamini
3398 2246 3524 2302 pro-

1947 2318 2314 2373 videntissima
2365 2335 2629 2375 canonum
2668 2320 2879 2376 decreta
2923 2321 3129 2382 violari.
3168 2334 3431 2391 quatenus
3474 2333 3529 2380 et

1945 2413 2281 2469 Nictenorutn
2330 2429 2592 2470 canonum
2646 2416 2955 2481 constituta,
3001 2424 3057 2472 et
3102 2430 3219 2486 quae
3270 2432 3299 2472 a
3350 2419 3526 2484 nobis,

1947 2509 2034 2563 vel
2067 2524 2094 2561 a
2125 2510 2609 2577 prmdecessoribus
2638 2512 2835 2564 nostris
2855 2519 2977 2565 sunt
2996 2511 3218 2581 provide
3240 2521 3294 2567 et
3313 2513 3533 2568 salubrb

1947 2606 2029 2656 tor
2059 2602 2293 2667 decreta,
2345 2603 2661 2658 intemerata
2684 2613 3030 2671 permaneant
3076 2604 3129 2657 in
3151 2603 3331 2659 futuro
3358 2622 3371 2670 ;
3400 2611 3456 2659 et
3475 2604 3531 2661 in

1949 2696 2264 2765 Apocalypsi
2316 2695 2570 2750 Dominus
2613 2711 2705 2765 per
2730 2695 2991 2751 Joannem
3036 2696 3271 2766 loquitur
3300 2696 3525 2753 dicens:

1951 2788 2128 2843 Nolite
2156 2789 2347 2853 timere,
2377 2806 2465 2857 ego
2495 2804 2617 2844 sunt.
2636 2790 2831 2857 primus
2863 2798 2908 2841 et
2938 2791 3264 2852 nouissimus.
3296 2799 3343 2844 et
3369 2790 3531 2857 olens,

1948 2892 1995 2935 et
2023 2882 2101 2951 [ui
2133 2891 2394 2947 mortuus,
2426 2890 2471 2933 et
2503 2896 2617 2934 ecce
2645 2896 2756 2934 sunt
2798 2884 2965 2936 uiuens
3008 2884 3063 2936 in
3091 2882 3279 2937 alecula
3318 2883 3533 2937 sa'culo-

1947 2984 2061 3025 rum
2094 2973 2278 3041 (Apoc.
2315 2970 2376 3041 t).
2414 2971 2517 3023 Et:
2551 2971 2723 3024 Habeo
2750 2973 2914 3026 claves
2937 2975 3117 3027 mortis
3151 2983 3194 3027 et
3224 2974 3433 3041 inferni.
3465 2974 3535 3029 El.

1949 3064 2109 3133 paulo
2140 3074 2259 3132 post
2286 3081 2299 3116 :
2332 3063 2561 3118 Vincenti
2593 3064 2726 3118 dabo
2767 3066 2915 3119 edere
2941 3067 3006 3120 de
3032 3066 3173 3136 ligno
3212 3068 3331 3121 uiue
3354 3111 3368 3135 ,
3396 3069 3533 3135 quod

1950 3165 2021 3209 est
2050 3156 2103 3208 in
2140 3157 2381 3223 paradiso
2436 3154 2528 3209 Dei
2573 3158 2671 3211 mei
2720 3157 2905 3227 (Apoc.
2946 3156 3028 3225 ιι).
3069 3157 3129 3211 Et
3178 3156 3320 3212 idem
3363 3157 3531 3231 [Edlls

250 3255 453 3325 angeli,
485 3270 644 3324 neque
670 3224 1011 3326 principatus,
1044 3268 1203 3326 neque
1246 3224 1514 3316 instantia,
1551 3263 1710 3321 neque
1738 3249 1843 3318 {or-
1867 3224 1916 3301 t3
1950 3247 2101 3302 Rom.
2137 3245 2284 3317 item]
2312 3266 2324 3299 :
2354 3246 2478 3301 Esto
2526 3245 2693 3317 ﬁdelis
2721 3224 2879 3319 usque
2923 3224 2995 3301 ad?
3038 3256 3270 3315 mortem,
3316 3224 3381 3303 et“
3402 3249 3535 3304 dabo

253 3347 449 3406 titudo.
486 3364 648 3417 neque
690 3345 933 3410 altitudo,
966 3361 1128 3416 neque
1155 3345 1489 3416 profundum,
1523 3359 1682 3411 neque
1712 3358 1844 3394 creo-

258 3449 378 3494 tura
395 3442 501 3493 alia
531 3439 810 3511 (magistro
830 3439 1064 3509 gentium
1088 3436 1338 3509 docente)
1365 3439 1549 3507 poterit
1568 3452 1659 3491 nos
1688 3452 1840 3504 sepo-

254 3536 382 3586 ‘rare
407 3550 436 3585 a
463 3532 708 3587 'chorilote
739 3528 947 3587 Domini
972 3533 1129 3586 nostri
1161 3528 1289 3586 Jesu
1328 3529 1543 3597 Christi,
1576 3540 1621 3585 et
1650 3546 1765 3601 qua:
1788 3531 1840 3584 in

260 3624 377 3695 ipso
402 3634 498 3691 est,
528 3633 666 3678 recta
678 3625 797 3693 ﬁde.
833 3622 1013 3677 Nolite
1038 3624 1206 3693 itaque
1221 3624 1457 3677 amittere
1479 3623 1841 3691 conﬁdentiam

263 3726 501 3779 uestram,
535 3731 648 3786 qua:
692 3730 933 3786 magnam
971 3712 1119 3770 habet
1151 3716 1612 3770 remunerationem
1642 3713 1839 3787 (Hebr.

263 3822 331 3871 ν,
378 3807 529 3862 Rom.
560 3822 676 3870 vttt.
704 3806 861 3863 Hebr.
893 3809 971 3877 ι).

336 3905 593 3961 Patientia
624 3905 768 3960 enim
796 3905 948 3962 nobis
980 3906 1280 3962 necessaria
1303 3911 1387 3961 est
1407 3902 1473 3961 ad
1506 3902 1840 3962 colluctatio-

262 4012 361 4052 nes
392 3997 848 4060 adversariorum.
872 4005 1135 4066 quatenus
1165 3998 1323 4054 fidem
1353 3999 1722 4055 intemeratam
1749 4015 1842 4055 us-

260 4102 368 4158 que
396 4089 445 4142 in
497 4087 656 4143 linem
711 4097 1114 4157 conservantes,
1158 4092 1625 4159 repmmissionem
1674 4091 1847 4161 perci-

262 4181 495 4251 piamus,
528 4194 689 4251 quam
740 4181 1049 4248 repromisit
1101 4182 1183 4237 his
1226 4181 1315 4251 qui
1364 4183 1598 4253 legitime
1640 4193 1848 4237 certare

265 4274 645 4341 deproperant.
676 4271 861 4326 Adhuc
886 4274 1020 4327 enim
1046 4274 1304 4327 modicum
1331 4275 1729 4345 aliquantulum,
1765 4276 1851 4343 qui

260 4374 506 4419 uenturus
531 4376 605 4420 est
645 4366 807 4421 ueniet
828 4404 842 4429 .
874 4375 922 4421 et
965 4380 1068 4420 non
1117 4367 1339 4421 tardabit
1370 4366 1597 4433 (Hoboc.
1628 4384 1689 4435 tt,
1737 4383 1846 4423 see.

262 4456 456 4525 LXX).
486 4458 621 4513 Ecce
641 4460 773 4512 enim
803 4458 970 4523 judetc
993 4468 1109 4512 ante
1128 4460 1342 4524 ianuam
1373 4462 1564 4515 assistit
1588 4460 1726 4529 (Jac.
1760 4460 1814 4532 v)
1835 4504 1850 4529 ,

267 4564 496 4609 coronas
528 4555 773 4610 hilariter
800 4557 1120 4625 promittens
1145 4556 1225 4611 his
1254 4559 1340 4627 qui
1370 4574 1465 4625 pro
1496 4574 1560 4611 eo
1590 4558 1851 4626 passioni-

263 4648 366 4703 bus
396 4648 798 4703 submittuntur.
849 4647 1001 4712 Quod
1049 4650 1093 4701 si
1131 4650 1244 4718 quis
1288 4666 1340 4703 se
1369 4650 1710 4712 subtraxerit,
1742 4666 1847 4703 non

265 4742 489 4811 placebit
527 4742 717 4797 animat
754 4758 908 4809 meat;
947 4744 1037 4797 sed
1066 4743 1211 4797 cadet
1254 4744 1316 4798 de
1343 4747 1682 4816 promissione
1726 4762 1847 4814 pro-

266 4844 381 4903 pter
408 4838 745 4906 negationem.
784 4835 895 4889 N‘os
935 4846 1103 4890 autem
1131 4854 1231 4892 non
1278 4856 1455 4895 sumus
1493 4839 1848 4894 subtractionis

266 4928 367 4997 filii
387 4929 440 4982 in
464 4930 792 4998 perditionem
818 4931 1025 4983 animle.
1052 4930 1272 4997 Propter
1288 4934 1427 5004 quod
1449 4933 1690 4986 assuntits
1704 4946 1852 4987 arma

262 5019 397 5087 Dei,
428 5031 483 5075 at
512 5022 715 5090 possitis
741 5023 975 5076 resistere
1001 5025 1052 5077 in
1094 5026 1177 5077 die
1220 5025 1356 5078 malo
1397 5024 1637 5078 adversus
1678 5038 1850 5078 omnes

264 5115 498 5169 inimicos
525 5124 716 5169 sancta
744 5114 842 5169 Dei
872 5115 1115 5172 Ecclesia
1156 5127 1201 5171 et
1230 5127 1439 5181 uestros,
1471 5127 1518 5170 et
1547 5118 1744 5170 induite
1774 5118 1851 5170 lo-

261 5207 427 5261 ricam
460 5208 698 5278 iustitio,
726 5208 942 5263 saluati
972 5210 1122 5280 pedes
1160 5211 1211 5263 in
1249 5210 1675 5281 prwparationem
1702 5223 1853 5262 evan-

277 5299 403 5369 gelii
440 5302 584 5371 pacis
610 5338 625 5367 ,
660 5302 715 5356 in
762 5303 996 5357 omnibus
1034 5312 1348 5356 «sumentes
1380 5311 1583 5355 scutum
1612 5301 1768 5371 fidei,
1802 5301 1856 5355 in

276 5409 379 5462 quo
403 5394 609 5461 possitis
632 5394 802 5449 omnia
821 5392 1004 5465 facula
1024 5393 1317 5458 nequissimi
1347 5394 1495 5464 ignea
1519 5393 1818 5464 extinguere
1835 5407 1853 5443 :

274 5498 323 5544 et
354 5487 559 5560 galeam
597 5490 775 5543 solutis
804 5489 1037 5559 accipite,
1087 5497 1133 5542 et
1162 5488 1394 5558 gladium
1424 5487 1650 5559 Spiritus
1676 5528 1690 5551 ,
1718 5486 1853 5557 quod

274 5594 343 5638 est
376 5582 598 5638 Verbum
635 5581 732 5639 Dei
757 5623 770 5647 ,
807 5599 897 5653 per
923 5598 1119 5638 omnem
1151 5583 1428 5637 orationem
1458 5592 1505 5637 et
1548 5582 1853 5637 obsecratio-

282 5694 397 5731 nem
430 5678 648 5730 radicati
675 5687 722 5731 et
752 5675 957 5747 fundati
988 5676 1040 5729 in
1067 5675 1251 5730 solatio
1280 5676 1499 5742 fratrum
1541 5690 1632 5743 pro
1659 5670 1857 5729 Christo

280 5768 410 5823 Jesu
440 5766 663 5823 Domino
686 5780 859 5825 nostro
890 5767 1074 5841 (Hebr.
1108 5776 1175 5834 x;
1209 5767 1403 5839 Epltes.
1434 5768 1530 5839 γι).

348 5863 457 5918 Sed
485 5871 535 5918 et
564 5878 723 5932 nunc,
747 5863 954 5935 fratres,
985 5864 1397 5921 commendamus
1428 5880 1513 5920 cos
1542 5878 1714 5918 omnes
1745 5860 1859 5916 Do-

1948 3342 2038 3395 tibi
2067 3357 2307 3394 coronam
2338 3343 2471 3395 uiue.
2507 3342 2569 3395 Et
2601 3342 2789 3396 iterum
2823 3359 2835 3393 :
2864 3342 2961 3407 Qui
2979 3342 3178 3405 uicerit,
3202 3352 3249 3395 et
3277 3342 3535 3396 custodie-

1946 3436 2013 3489 rit
2040 3452 2199 3506 usque
2223 3436 2275 3488 in
2307 3438 2459 3503 linem
2490 3451 2645 3501 opera
2670 3452 2803 3501 meo,
2828 3436 2959 3491 dabo
2986 3438 3033 3490 ei
3058 3440 3359 3507 potestatem
3380 3446 3537 3505 super

1947 3537 2139 3601 gentes,
2171 3539 2216 3582 et
2247 3532 2383 3599 reget
2432 3529 2554 3584 illas
2598 3530 2651 3583 in
2683 3531 2827 3599 uirga
2858 3536 3025 3600 ferrea
3044 3571 3058 3595 ,
3090 3538 3140 3583 et
3178 3538 3419 3601 tanquam
3448 3538 3535 3585 vos

1948 3620 2099 3692 ﬁguli
2127 3624 2539 3693 confringatur.
2574 3621 2702 3677 Item
2735 3622 2875 3677 idem
2903 3638 2915 3675 :
2942 3620 3076 3676 Ecce
3103 3631 3181 3676 sto
3208 3622 3278 3675 ad
3302 3622 3489 3675 ostium
3512 3658 3530 3687 ,

1949 3726 1997 3771 et
2025 3718 2192 3785 pulso.
2242 3715 2302 3771 Si
2333 3717 2450 3786 quis
2492 3715 2718 3769 audierit
2750 3730 2918 3770 vocem
2956 3724 3158 3779 meum,
3198 3721 3247 3768 et
3281 3714 3536 3785 aperuerit

1948 3808 2075 3862 mihi
2096 3810 2337 3879 januom,
2361 3809 2580 3862 introibo
2610 3810 2677 3861 ad
2703 3808 2874 3869 illum,
2906 3818 2954 3862 et
2986 3809 3190 3862 ctenabo
3214 3814 3327 3861 cuin
3349 3806 3462 3873 illo,
3487 3816 3535 3862 et

1948 3901 2058 3971 ipse
2094 3915 2310 3953 merum.
2362 3899 2463 3966 Qui
2509 3900 2681 3954 uicerit
2704 3941 2721 3966 ,
2754 3900 2889 3953 dabo
2931 3900 2977 3953 ei
3014 3899 3192 3954 aedere
3235 3912 3431 3953 mecum
3467 3900 3523 3954 in

1950 3990 2140 4046 throno
2168 4000 2278 4043 tneo
2302 4030 2315 4053 ,
2348 3990 2476 4044 sicut
2518 4000 2564 4044 et
2601 4000 2692 4062 ego
2724 3992 2821 4045 cici
2840 4032 2853 4052 .
2884 4000 2930 4047 et
2959 3992 3166 4046 consedi
3208 4002 3327 4046 eum
3364 3990 3522 4069 Patre

1950 4094 2062 4136 meo
2088 4084 2139 4136 in
2179 4083 2364 4135 throno
2405 4086 2516 4155 ejus
2544 4083 2729 4152 (Apoc.
2775 4082 2875 4153 ut).
2914 4083 3019 4139 Vos
3044 4126 3057 4149 ,
3088 4082 3280 4139 lettres
3303 4124 3316 4147 ,
3346 4084 3392 4137 si
3424 4092 3531 4139 non

1954 4173 2116 4229 vultis
2147 4188 2266 4228 cum
2297 4182 2363 4229 eo
2392 4173 2633 4228 damnari
2665 4174 2809 4245 (quia
2846 4188 2945 4228 non
2977 4174 3163 4239 solum,
3193 4175 3284 4244 qui
3310 4175 3533 4246 faciunt,

1952 4270 2042 4321 sed
2068 4269 2158 4338 qui
2185 4270 2506 4324 consentiunt
2529 4270 2851 4339 facientibus,
2879 4272 2952 4325 rei
2978 4279 3095 4325 sunt
3120 4269 3300 4343 (Rom.
3340 4271 3380 4341 ι)
3408 4272 3536 4326 bor-

1955 4360 2140 4414 tamini
2169 4374 2291 4415 eum
2314 4406 2327 4427 ,
2356 4366 2411 4416 et
2439 4370 2650 4418 monete
2682 4362 2935 4418 recedere
2965 4377 2993 4417 a
3026 4360 3261 4431 prtefatis
3293 4362 3489 4417 illicitis
3515 4405 3531 4433 ,

1956 4460 2011 4505 et
2041 4466 2249 4507 memor
2292 4453 2361 4506 sit
2398 4451 2536 4507 unde
2566 4453 2844 4517 exciderit,
2877 4462 2929 4508 et
2967 4459 3088 4523 agat
3114 4454 3481 4522 paenitentiam
3512 4493 3531 4521 ,

1957 4552 2012 4599 ct
2055 4545 2218 4614 prima
2259 4556 2420 4613 opera
2453 4545 2626 4600 faciat.
2658 4546 2752 4602 Sin
2794 4548 3000 4612 minus,
3033 4554 3139 4599 non
3182 4558 3298 4602 mea
3346 4547 3535 4617 loquar

1878 4616 1930 4692 ί)
1955 4637 2139 4696 verba,
2170 4637 2261 4690 sed
2294 4635 2405 4705 ipsa
2446 4634 2652 4690 Domini
2692 4635 3019 4703 Salvatoris,
3053 4648 3171 4705 quin
3210 4646 3304 4706 per
3331 4636 3526 4707 praedb

1956 4737 2096 4781 ctum
2127 4728 2386 4782 Joannem
2416 4730 2467 4781 in
2512 4729 2620 4795 jam
2652 4729 2794 4782 dicto
2822 4728 2961 4784 libro
2994 4730 3202 4785 locutus
3242 4738 3344 4798 est,
3376 4731 3539 4801 repli-

1956 4834 2105 4885 cans,
2138 4821 2263 4874 aio:
2295 4819 2508 4874 Veniam
2555 4829 2601 4873 et
2635 4820 2841 4874 movebo
2886 4821 3251 4877 candelabrum
3289 4834 3431 4879 tuum
3478 4826 3541 4879 da

1956 4910 2071 4965 loco
2095 4922 2206 4973 suo,
2237 4910 2337 4963 nisi
2363 4909 2709 4979 paenitentiam
2732 4912 2897 4981 egeris
2922 4910 3107 4985 (Apoc.
3136 4918 3217 4983 ιι).
3252 4914 3370 4985 Ipse
3398 4915 3539 4971 enim

1959 5003 2125 5074 magis
2168 5012 2309 5057 tenet
2360 5002 2662 5059 doctrinam
2712 5004 2958 5072 Balaam,
2988 5005 3081 5076 qui
3109 5006 3335 5063 docebat
3382 5008 3541 5063 Balac

1960 5096 2171 5149 mittere
2197 5094 2505 5149 scandalum
2526 5108 2709 5152 eorum
2731 5095 2859 5152 filiis
2882 5097 3064 5168 Israel,
3091 5099 3229 5156 sicut
3255 5101 3358 5156 iste
3385 5100 3545 5157 docet

1959 5202 2052 5241 vos
2081 5183 2444 5242 scandalizare
2470 5197 2712 5243 sanctam
2744 5196 2968 5245 matrem
2994 5190 3315 5258 Ecclesium,
3344 5200 3399 5247 et
3423 5188 3543 5247 unl-

1956 5293 2170 5355 versum
2204 5286 2404 5337 costum
2434 5290 2540 5335 tam
2570 5280 2909 5337 sacerdotum
2934 5322 2949 5347 ,
2982 5297 3142 5353 quam
3173 5282 3543 5351 religiosorum

1956 5373 2385 5429 Christianorum
2407 5381 2566 5443 atque
2598 5372 2857 5429 fidelium.
2883 5373 3035 5431 Unde
3062 5384 3119 5430 et
3146 5374 3199 5429 in
3230 5375 3539 5445 supradicto

1958 5468 2095 5522 libro
2123 5466 2430 5521 continetur
2458 5466 2530 5519 ita
2564 5468 2803 5536 (semper
2828 5465 2972 5521 enim
3020 5466 3199 5535 potius
3242 5480 3340 5521 vos
3367 5467 3548 5523 verbis

1962 5560 2174 5616 Domini
2197 5557 2495 5615 Salvatoris
2524 5556 2687 5613 ferire
2708 5567 2763 5612 et
2782 5557 2977 5612 instrui
3000 5558 3180 5629 cupio,
3201 5572 3360 5629 quam
3388 5558 3548 5628 meis,

1962 5649 2087 5706 licet
2116 5658 2172 5705 et
2200 5649 2314 5718 ipsa
2363 5648 2671 5719 apostolicae
2701 5648 3036 5704 auctoritatis
3079 5649 3187 5705 sint
3217 5650 3545 5719 ponderibus

1963 5742 2143 5815 plena)
2172 5758 2189 5798 :
2220 5740 2356 5796 Novi
2399 5756 2554 5812 opera
2599 5751 2689 5795 tua
2737 5742 3011 5796 nouissitna
3054 5741 3209 5810 plura
3258 5741 3543 5811 prioribus.

1965 5835 2071 5892 Sed
2107 5834 2266 5889 habeo
2311 5834 2558 5889 adversus
2600 5842 2650 5887 te
2689 5850 2855 5917 pauca
2896 5828 2975 5908 [In
3031 5833 3172 5891 Edit.
3207 5834 3366 5892 Rom.
3399 5835 3553 5891 deest
