4076 6348
571 316 675 376 743

1850 297 2129 361 PELAGII
2166 296 2370 355 PAPE
2407 298 2452 356 ll

3762 306 3877 364 ἠδ

574 430 796 507 mea],
828 433 954 504 quia
975 432 1230 504 permittis
1253 430 1516 484 mulierem
1544 424 1778 491 Iezabel,
1803 438 1917 494 quae
1943 437 1997 476 se
2038 415 2162 471 dicit
2188 414 2240 473 Δ
2269 414 2519 473 fratribus
2568 417 2906 488 insidiantur,
2958 418 3127 477 libere
3177 421 3323 492 loqui
3369 423 3735 491 concedatur,
3777 435 3891 482 aut-

569 524 874 598 propheten,
905 524 1108 587 docere,
1137 532 1182 576 et
1212 522 1448 575 seducere
1492 534 1659 573 servos
1703 531 1836 570 meo:
1862 556 1878 581 ,
1913 509 2161 582 fornicari

574 628 623 675 et
653 617 962 672 manducare
990 615 1053 669 de
1076 614 1397 683 idolothytis.
1432 611 1497 665 Et
1530 610 1650 664 dedi
1680 610 1758 662 illi
1808 619 2000 675 tempus
2028 647 2042 669 ,
2111 612 2166 657 ut

579 710 927 783 prunitentiam
947 718 1143 778 ageret,
1172 716 1343 760 etnon
1371 705 1475 757 vult
1493 705 1733 775 pwnitere
1763 717 1793 752 a
1824 699 2162 770 fornicatione

577 821 697 861 sua.
729 800 864 855 Ecce
887 816 979 871 ego
1008 799 1150 852 mitto
1177 815 1285 852 eam
1317 798 1370 850 in
1399 797 1605 862 lectum,
1640 803 1685 847 et
1730 792 1817 863 qui
1848 792 2163 844 mcecltantur

579 915 697 955 cum
726 916 805 967 ea,
831 899 885 951 in
932 896 1310 951 tribulationem
1338 893 1639 952 maximam,
1673 887 1771 940 nisi
1816 884 2166 954 panitentiam

580 992 771 1063 egerint
817 990 880 1045 ab
912 990 1147 1059 operibus
1178 985 1316 1051 suis,
1361 993 1407 1037 et
1440 982 1577 1050 ﬁlios
1619 982 1731 1045 eius
1760 976 2071 1044 interﬁciam
2113 975 2167 1028 in

580 1095 763 1139 morte.
798 1083 863 1136 Et
893 1085 1049 1137 scient
1089 1098 1262 1136 omnes
1301 1077 1567 1140 Ecclesiae,
1598 1075 1719 1145 quia
1742 1089 1835 1143 ego
1871 1086 1985 1125 sum
2022 1086 2166 1123 scru-

583 1187 695 1232 tans
720 1177 879 1231 corda
908 1186 954 1230 et
976 1192 1142 1241 rencs,
1182 1179 1228 1228 et
1253 1172 1385 1225 dabo
1417 1169 1691 1237 unicuique
1733 1175 1953 1220 vestrum
1984 1179 2166 1218 secun-

584 1268 703 1322 dum
735 1284 891 1337 opera
921 1276 1087 1323 vestra
1118 1265 1303 1335 (Apoc.
1333 1262 1415 1334 n).
1450 1262 1598 1328 Haec,
1633 1260 1821 1313 fratres
1845 1295 1860 1321 ,
1889 1255 2044 1309 valde
2073 1268 2165 1307 ca-

582 1361 754 1415 venda
785 1370 928 1427 sunt,
960 1367 1015 1415 et
1048 1366 1309 1428 praecepta
1336 1354 1580 1417 Domini,
1610 1361 1767 1421 atque
1790 1357 1987 1403 sanctae
2016 1346 2161 1401 sedis

583 1456 925 1525 apostolicae,
966 1470 1086 1525 quae
1133 1454 1249 1508 vice
1296 1450 1507 1506 Domini
1557 1446 1853 1505 Salvatoris
1902 1443 2165 1512 legatione

582 1546 841 1617 fungitur,
867 1548 1067 1604 monita
1093 1546 1321 1603 ﬁdeliter
1343 1541 1714 1613 amplectenda
1739 1550 1792 1596 et
1843 1536 2162 1608 peragenda.

585 1642 664 1697 De
693 1653 912 1707 caetero,
944 1642 1164 1704 fratres,
1216 1654 1376 1709 super
1407 1636 1692 1707 provinciae
1724 1647 1881 1688 causa
1913 1630 2051 1685 unde
2079 1644 2167 1684 se-

583 1738 703 1793 dem
736 1736 1084 1807 apostolicam
1113 1734 1312 1790 dudutn
1345 1730 1627 1787 consulere
1649 1726 1890 1783 voluistis
1924 1724 2161 1797 [Hincnt.

2272 523 2368 577 pro
2414 510 2690 565 voluntate
2739 524 2918 566 sermo
2974 513 3200 578 proferri
3249 515 3615 583 permittatur.
3667 514 3873 588 liquet

2268 599 2488 655 omnino
2534 599 2677 670 quod
2719 602 3042 657 conniveant
3091 601 3198 658 illis
3247 606 3339 675 qui
3388 606 3511 661 talia
3563 622 3663 663 eos
3719 608 3871 679 loqui

2271 696 2618 765 permittunt;
2652 697 2902 766 quoniam
2948 709 3262 756 occurreret
3303 703 3533 770 veritas,
3566 704 3613 757 si
3654 703 3871 761 falsitas

2268 796 2323 841 et
2372 788 2637 843 calumnia
2684 790 2993 860 displiceret
3054 792 3137 847 vel
3184 793 3381 848 odium.
3433 795 3657 851 Desinat
3707 798 3868 867 igitur

2268 883 2474 938 falsitas
2503 884 2773 939 incessere
2824 884 3135 952 veritatem;
3167 887 3377 943 desinat
3420 890 3671 959 suspicio
3696 931 3715 955 ,
3748 907 3867 961 qua

2264 972 2412 1043 juste
2463 975 2763 1045 repellitur,
2799 978 3075 1043 insidiari;
3111 979 3319 1035 desinat
3362 982 3543 1036 odium
3590 994 3644 1037 et
3692 984 3872 1038 inimi-

2268 1068 2389 1122 citia
2421 1070 2664 1139 persequi
2696 1078 2873 1138 patres
2917 1073 2999 1126 vel
3050 1072 3279 1138 fratres;
3311 1074 3523 1129 desinat
3576 1080 3867 1148 conSpirao

2273 1161 2367 1227 tio,
2397 1177 2518 1231 qua:
2547 1162 2615 1217 ab
2639 1164 2890 1219 omnibus
2915 1175 2997 1220 est
3026 1167 3377 1237 repudianda,
3408 1168 3675 1226 infestare
3708 1175 3873 1244 magi-

2271 1265 2432 1308 stros.
2458 1255 2658 1311 Horum
2685 1258 2843 1328 igitur
2865 1259 3115 1315 vitiorum
3148 1270 3395 1317 auctores
3422 1266 3506 1318 vel
3537 1274 3872 1335 patraturos,

2270 1360 2375 1399 non
2406 1356 2529 1401 sunt
2575 1348 2626 1401 in
2660 1350 3006 1406 accusatione
3056 1352 3371 1421 pontiﬁcum
3405 1357 3747 1426 recipiendi,
3780 1362 3871 1414 sed

2272 1434 2484 1499 penitus
2514 1438 2806 1504 repellendi
2840 1456 2852 1491 :
2877 1439 3129 1509 quoniam
3149 1441 3341 1511 jubent
3362 1444 3623 1499 canonica
3648 1446 3871 1501 decreta

2270 1523 2522 1591 Patrum,
2577 1536 2632 1580 ut
2680 1531 2956 1585 accusatio
2988 1531 3069 1586 vel
3113 1534 3487 1589 testimonium
3535 1552 3738 1592 eorum
3786 1539 3875 1608 qui

2268 1615 2392 1670 odio
2422 1619 2689 1684 quoslibet
2738 1620 3111 1691 insequuntur,
3143 1626 3225 1680 vel
3271 1627 3360 1697 qui
3392 1626 3597 1682 inimici
3645 1640 3748 1683 aut
3781 1646 3871 1686 su-

2268 1712 2433 1779 specti
2485 1712 2771 1779 habentur,
2826 1718 2971 1771 nullo
3019 1719 3176 1774 modo
3208 1723 3561 1791 recipiantur.
3623 1724 3870 1791 Quorum

584 1846 671 1896 ιν,
704 1806 925 1900 cita},
966 1828 1176 1881 videtur
1222 1826 1379 1881 nobis
1428 1823 1757 1879 sufﬁcienter
1805 1827 2086 1873 tractatum
2138 1830 2167 1869 a
2198 1817 2247 1877 Β
2273 1810 2469 1900 statuta
2497 1813 2676 1900 ct‘nos
2707 1806 2989 1900 ﬁrmantes
3015 1851 3028 1874 ,
3061 1811 3250 1865 eadem
3280 1814 3530 1871 omnibus
3576 1815 3870 1874 inviolabi-

586 1923 784 1978 sanctis
817 1920 1303 1992 predecessoribus
1329 1919 1543 1973 nostris.
1576 1916 1680 1973 Sed
1714 1915 1838 1985 quia
1871 1915 2047 1968 denuo
2073 1926 2171 1966 no-

585 2024 752 2068 stram
778 2014 1196 2068 mediocritatem
1222 2014 1288 2067 de
1304 2013 1489 2067 eadem
1514 2026 1574 2066 re
1596 2012 1926 2078 interrogare
1950 2007 2169 2075 dignum

587 2104 835 2171 duxistis,
865 2106 1055 2159 scitote
1084 2114 1287 2160 certam
1319 2102 1647 2173 provinciam
1681 2116 1821 2165 esse,
1856 2116 1974 2170 quae
2008 2100 2171 2153 habet

584 2195 772 2251 decem
800 2198 882 2252 vel
916 2197 1161 2251 undecim
1190 2197 1451 2261 civitates,
1482 2204 1539 2251 et
1568 2211 1727 2249 unum
1764 2208 1967 2263 regem,
2000 2200 2055 2246 et
2082 2199 2168 2245 to-

587 2288 750 2343 tidem
774 2289 1009 2344 minores
1032 2298 1324 2359 potestates
1348 2288 1447 2342 sub
1469 2303 1548 2355 se,
1569 2296 1622 2342 et
1643 2303 1803 2340 unum
1832 2285 2166 2354 episcopum,

583 2378 824 2448 aliosque
851 2378 1228 2448 suifragatores
1259 2380 1470 2443 decem,
1498 2379 1581 2433 vel
1616 2376 1859 2432 undecim
1888 2375 2171 2444 episcopos

581 2470 808 2540 judices,
839 2471 905 2525 ad
937 2485 1163 2540 quorum
1185 2470 1445 2540 judicium
1476 2483 1663 2523 omnes
1687 2481 1864 2522 causa:
1891 2467 2169 2534 episcopo-

585 2575 728 2625 rum,
761 2570 814 2616 et
842 2562 1165 2631 reliquorum
1195 2560 1560 2626 sacerdotum,
1593 2574 1654 2612 ac
1686 2559 1964 2613 civitatum
1993 2570 2173 2611 causa:

589 2652 920 2715 refer-antur,
954 2662 1012 2706 ut
1052 2653 1118 2707 ab
1169 2652 1251 2706 his
1281 2652 1533 2706 omnibus
1560 2650 1707 2721 juste
1757 2664 1991 2704 consona
2044 2664 2172 2703 voce

588 2743 986 2809 discernantur,
1033 2744 1135 2799 nisi
1181 2744 1246 2797 ad
1284 2744 1540 2813 majorem
1586 2743 1959 2798 auctoritatem
2014 2741 2171 2796 fuerit

590 2837 658 2891 ab
679 2836 761 2891 his
787 2839 873 2907 qui
892 2837 1162 2907 judicandi
1191 2850 1311 2895 sunt
1333 2839 1680 2909 appellatum.
1712 2836 1862 2894 Unde
1886 2853 1988 2891 non
2014 2852 2173 2906 Opor-

592 2936 670 2985 tet
713 2938 766 2984 ut
805 2931 1143 3001 degradetur,
1176 2934 1255 2987 vel
1287 2932 1646 2988 dehonoretur
1679 2945 2009 2999 unaqttavque
2042 2945 2172 2996 pro-

586 3023 787 3091 vincia,
819 3023 915 3079 sed
945 3024 1087 3093 apud
1119 3027 1461 3093 semetipsam
1492 3022 1683 3078 habeat
1708 3021 1919 3093 judices
1944 3063 1958 3086 ,
1992 3034 2170 3075 sacer-

591 3114 767 3185 dotes,
798 3124 853 3170 et
880 3116 1165 3186 episcopos
1211 3116 1449 3185 singulos
1480 3115 1730 3170 videlicet
1770 3114 1920 3183 juxta
1953 3113 2170 3167 ordines

588 3222 738 3266 suos.
777 3209 843 3264 Et
868 3210 1170 3279 quicunque
1197 3225 1413 3265 causam
1448 3209 1729 3275 habuerit,
1762 3223 1789 3261 a
1821 3208 1934 3262 suis
1976 3205 2162 3275 judici-

592 3302 695 3359 bus
718 3302 983 3372 judicetur
1000 3301 1102 3374 (a),
1117 3312 1169 3358 et
1190 3317 1293 3357 non
1308 3302 1373 3355 ab
1393 3302 1603 3369 alienis,
1628 3301 1681 3356 id
1699 3310 1805 3366 est,
1831 3316 1859 3354 a
1888 3316 1996 3354 sua:
2014 3299 2174 3368 justis

587 3393 860 3466 judicibus
891 3394 1197 3463 provinciae,
1229 3404 1281 3449 et
1310 3409 1414 3449 non
1443 3395 1509 3449 ab
1535 3393 1793 3457 externis,
1821 3392 1919 3446 nisi
1953 3390 2036 3460 (ut
2067 3390 2171 3459 iam

592 3488 929 3557 prtelibatum
952 3486 1054 3555 est)
1080 3502 1111 3539 a
1136 3487 1385 3556 judicatis
1414 3485 1573 3541 fuerit
1593 3485 1937 3555 appellatum.
1965 3482 2021 3537 Si
2046 3498 2175 3538 vero

593 3582 650 3641 in
680 3582 911 3651 qualibet
944 3580 1210 3651 provincia
1243 3589 1374 3635 ortae
1405 3579 1602 3635 fuerint
1629 3580 1976 3649 quaestiones,
2005 3586 2059 3633 et
2086 3579 2173 3631 in-

596 3683 682 3731 ter
722 3674 890 3742 ipsius
938 3674 1225 3743 provinciae
1269 3672 1555 3743 episcopos
1601 3672 1907 3740 discrepare
1953 3670 2178 3740 cmperit

600 3767 758 3831 ratio,
790 3776 950 3837 atque
983 3766 1122 3821 inter
1173 3767 1315 3836 ipsos
1361 3765 1681 3821 dissidentes
1710 3779 1815 3820 non
1847 3764 2171 3830 conveniat,

592 3856 661 3913 ad
692 3859 948 3929 majorem
981 3866 1105 3913 tunc
1133 3858 1316 3913 sedem
1348 3858 1667 3914 referantur.
1703 3857 1768 3912 Et
1808 3857 1853 3913 si
1884 3857 1988 3911 illa:
2021 3855 2177 3911 facile

595 3956 654 4004 et
678 3949 820 4017 juste
863 3964 970 4003 non
1016 3950 1415 4016 discernuntur,
1449 3950 1537 4005 ubi
1564 3949 1727 4005 fuerit
1754 3950 1990 4020 synodus
2021 3964 2177 4021 regu-

594 4039 781 4095 lariter
809 4049 1150 4110 congregata,
1183 4042 1441 4096 canonice
1470 4052 1521 4096 et
1544 4042 1689 4111 juste
1720 4042 2040 4111 iudicentur.
2069 4042 2178 4096 Ma-

590 4127 738 4199 jores
765 4144 895 4185 vero
920 4138 972 4185 et
1001 4130 1246 4187 difficiles
1289 4132 1613 4201 quaestiones
1644 4130 1850 4206 [Innoc.
1882 4134 2045 4202 epist.
2076 4133 2135 4206 2]
2154 4178 2169 4201 ,

598 4221 681 4288 (ut
709 4228 893 4274 sancta
923 4220 1155 4293 synodus
1184 4223 1391 4288 statuit,
1420 4233 1473 4278 et
1504 4223 1656 4279 beata
1688 4225 2025 4280 consuetudo
2054 4228 2169 4281 exi-

593 4310 694 4383 git)
723 4311 789 4367 ad
819 4313 1001 4369 sedem
1043 4315 1389 4385 apostolicam
1439 4332 1653 4387 semper
1683 4316 2003 4374 referantur.
2052 4318 2169 4375 Cae-

599 4412 771 4461 terum
804 4414 1113 4461 sanctorurn
1137 4406 1348 4462 Patrum
1377 4416 1572 4464 statuta
1595 4421 1903 4480 sequentes,
1934 4412 2181 4481 synodali

592 4499 917 4577 auctoritate
940 4514 1127 4555 omnes
1158 4500 1247 4570 qui
1269 4501 1526 4556 adversus
1558 4502 1741 4558 Patres
1770 4516 2045 4559 armantur
2072 4504 2175 4577 (b),

597 4599 655 4646 ut
673 4590 887 4646 Patrum
902 4574 1189 4653 _'invasores
1216 4605 1268 4649 et
1287 4603 1627 4663 mactatores,
1655 4594 1881 4653 infames
1907 4613 2026 4655 esse
2050 4614 2175 4655 cen-

595 4698 778 4741 semus
803 4702 818 4740 :
840 4686 1087 4757 quoniam
1126 4704 1186 4743 ea
1230 4689 1443 4745 vulnera
1469 4730 1484 4755 ,
1518 4705 1635 4762 qua
1664 4690 1915 4748 fomentis
1944 4710 2049 4749 non
2084 4709 2176 4749 sa-

578 4786 811 4842 nantur,
827 4780 965 4834 ferro
987 4779 1227 4837 abscindi
1250 4782 1332 4837 vel
1356 4784 1528 4838 curari
1554 4799 1773 4841 necesse
1787 4795 1868 4840 est
1884 4784 1978 4859 (c).
1999 4785 2171 4856 Unde,

596 4869 812 4940 fratres,
843 4884 1054 4929 cessent
1088 4875 1297 4945 injustas
1345 4877 1709 4935 aemulationes
1731 4920 1747 4946 ,
1780 4888 1995 4935 cessent
2039 4880 2177 4936 insi-

597 4963 725 5031 diae,
754 4976 966 5021 cessent
995 4966 1145 5021 falsa:
1172 4968 1592 5039 criminationes,
1626 4986 1693 5027 ne
1740 4971 1981 5027 inﬁrmus
2026 4974 2176 5043 quis-

596 5073 776 5129 quam,
809 5067 1025 5129 propter
1051 5076 1205 5130 quem
1251 5060 1494 5119 Christus
1538 5076 1785 5121 mortuus
1829 5074 1950 5133 est,
1985 5068 2179 5124 talibus

598 5152 862 5208 laceretur
892 5153 1096 5209 insidiis
1126 5172 1138 5207 :
1163 5171 1232 5211 ne
1270 5157 1409 5223 ovis,
1443 5160 1616 5228 pretio
1646 5160 1844 5215 Christi
1876 5161 2175 5230 redempta,

599 5247 795 5316 lupinis
841 5263 871 5303 a
922 5247 1085 5303 fratre
1131 5250 1397 5306 saucietur
1446 5253 1731 5309 morsibus.
1802 5254 1994 5310 Merito
2043 5270 2172 5326 ergo

598 5355 758 5396 causa
811 5357 906 5398 nos
954 5342 1168 5410 reSpicit
1198 5342 1284 5415 [8.
1314 5344 1536 5410 Caelesb,
1587 5348 1735 5415 ερὶιι.
1770 5345 1822 5418 l]
1846 5387 1861 5414 ,
1891 5348 1934 5402 si
1981 5347 2174 5402 talibus

598 5428 779 5487 favere
805 5433 1146 5501 coeperimus.
1192 5433 1561 5504 Corripiantur
1611 5451 1824 5506 semper
1874 5439 1994 5493 talia
2024 5480 2039 5503 ,
2075 5454 2176 5493 nec

599 5522 728 5593 illis,
760 5526 851 5595 qui
899 5526 1013 5583 haec
1056 5543 1311 5585 exercere
1355 5538 1634 5596 conantur,
1665 5541 1754 5585 aut
1798 5531 2038 5600 patribus
2086 5532 2173 5587 vel

628 5700 749 5787 ._(a_)
770 5703 947 5787 Hadr.
967 5708 1132 5787 r,_co|.
1161 5708 1238 5787 fil
1261 5719 1316 5765 et
1342 5710 1429 5776 l7,
1460 5726 1527 5767 ex
1553 5711 1686 5768 Cod.
1723 5713 1951 5781 Theod.,
1979 5715 2070 5773 lib.
2102 5733 2174 5787 nr,

606 5775 685 5822 tit.
722 5775 771 5835 1,
804 5786 973 5827 const.
1005 5778 1070 5829 10
1095 5787 1150 5832 et
1176 5781 1266 5834 lii.

677 5844 754 5912 (ti)
777 5843 1018 5914 Proclus,
1044 5850 1985 5931 episcOpusConstantinopolitanae,
2017 5861 2173 5931 epist.

2276 1893 2397 1948 liter
2424 1895 2610 1949 futuris
2641 1899 2970 1966 temporibus
3016 1910 3199 1956 tencre
3244 1917 3552 1963 censemus.
3596 1908 3869 1980 Quidquid

2274 1996 2451 2041 autem
2499 2003 2593 2057 per
2642 1988 2741 2044 hac
2790 2005 2948 2045 causa
3002 2002 3181 2060 patres
3244 1996 3415 2052 nostri
3465 2001 3871 2055 decernendum

2274 2079 2476 2133 duxere
2506 2079 2748 2151 dignum,
2778 2092 2835 2137 ut
2878 2083 3159 2151 condecet,
3191 2102 3411 2144 necesse
3437 2099 3541 2156 est,
3572 2107 3700 2146 cum
3734 2095 3872 2149 labe-

2274 2171 2463 2228 factari
2491 2175 2573 2229 vel
2604 2176 2863 2231 inﬁrmari
2892 2180 3140 2248 coeperit,
3165 2183 3456 2251 apostoiica
3482 2185 3667 2241 denuo
3690 2199 3871 2243 aucto-

2276 2265 2433 2320 ritate
2467 2268 2667 2322 ﬁrmari
2714 2284 2776 2323 ac
2818 2272 3104 2337 renovari,
3136 2271 3499 2345 fratribusque
3549 2278 3695 2333 dari.
3751 2280 3870 2333 Data

2274 2355 2528 2413 Kalendis
2560 2360 2728 2416 Martii
2751 2378 2892 2417 anno
2915 2364 3235 2434 (d):Domini
3268 2366 3394 2433 587,
3421 2370 3727 2428 indictione
3756 2372 3811 2426 5.

2476 2492 2866 2538 OBSERVATIO
2912 2497 3188 2541 PHILIPPI
3234 2499 3468 2556 LABBB,
3513 2501 3570 2544 5.
3616 2503 3671 2547 J.

2336 2596 2487 2647 Τοιηο
2520 2598 2537 2647 l
2575 2598 2893 2650 Bibliotheca:
2930 2614 3070 2650 novae
3110 2615 3226 2651 mss.
3262 2602 3492 2653 librorum
3543 2606 3867 2657 exhibuimus

2274 2673 2517 2727 nunquam
2559 2663 2767 2727 antehac
2792 2664 3081 2723 publicatam
3107 2667 3442 2727 episcoporum
3470 2668 3873 2719 Autissiodorea-

2274 2723 2671 2791 siumhhistoria‘nt
2711 2726 2848 2791 cujus
2872 2738 2975 2785 cap.
3009 2726 3063 2774 l9
3087 2723 3537 2791 haecide’Auuario,
3570 2732 3680 2781 sive
3709 2735 3870 2781 Anna-

2274 2784 2707 2855 chariohabentur
2731 2784 3063 2855 intcrcétcra
3093 2802 3109 2855 ελ
3138 2790 3386 2855 «Exstant
3410 2784 3613 2855 quoque
3653 2796 3871 2855 epistola

2274 2845 2461 2906 Pelagii
2490 2860 2623 2918 papa:
2646 2848 2703 2897 ad
2730 2849 2956 2918 eumdem
2983 2850 3314 2918 beatissimum
3340 2845 3648 2918 pontiﬁcem,
3666 2845 3871 2916 q'uarum

2275 2921 2421 2956 unam
2460 2911 2604 2957 nimia
2652 2920 2895 2959 vetustate
2936 2911 3166 2962 fuscatatn
3203 2917 3265 2963 ab
3299 2911 3598 2966 authenticis
3626 2911 3871 2967 librorum

2275 2982 2578 3032 nequaquam
2621 2972 2831 3037 pleniter
2872 2976 3143 3025 extrahere
3181 2979 3423 3026 voluimus
3463 2978 3593 3037 (hmo
3634 2978 3766 3029 forte
3805 2990 3873 3030 est

2273 3045 2414 3107 quam
2457 3046 2599 3091 supra
2641 3034 2879 3107 edidimus
2909 3037 3078 3107 ordine
3110 3046 3329 3107 quartam
3368 3034 3533 3107 [Sup.,
3575 3042 3671 3092 col.
3710 3044 3870 3107 705]),

2274 3096 2475 3163 alteram
2501 3108 2619 3163 vero
2654 3098 2766 3163 huic
2785 3102 2919 3163 operi
2946 3096 3257 3150 inserendam
3280 3096 3476 3163 digitum
3500 3096 3757 3155 duximus.

2199 3174 2247 3237 ο
2284 3156 2501 3237 “litura
2523 3159 2789 3237 eodem
2818 3162 3029 3237 firtt'nario
3060 3156 3358 3237 sapctissrme
3391 3166 3616 3237 instituta
3640 3169 3772 3237 circa
3797 3180 3872 3217 ro-

2280 3221 2522 3294 gationes,
2550 3219 2756 3294 litanias,
2780 3224 3073 3294 vigiliasque
3098 3226 3280 3275 deinde
3314 3231 3516 3294 recitat;
3537 3235 3649 3294 tum
3690 3230 3759 3278 de
3796 3244 3871 3294 sy-

2281 3282 2424 3353 nodo,
2445 3294 2586 3341 quam
2608 3291 2774 3342 postea
2800 3282 3034 3353 integram
3057 3282 3521 3353 representahimus
3536 3291 3648 3339 haec
3665 3282 3869 3353 subiicit:

2278 3341 2506 3414 Denique
2530 3341 3207 3414 congregavitvcnerahilem
3231 3351 3532 3414 synojdumgin
3558 3355 3688 3402 urbe
3713 3341 3871 3404 Antia;

2278 3405 2571 3477 siodorensi,
2619 3408 2698 3455 ubi
2749 3407 2951 3477 plurima
2995 3405 3295 3477 pertractans
3318 3413 3380 3461 de
3402 3412 3564 3477 salute
3586 3414 3764 3477 populi
3784 3418 3869 3467 sibi

2279 3469 2543 3539 commissi,
2553 3472 2834 3580 lnec'essaria
2858 3469 3068 3534 quinque
3092 3479 3145 3523 et
3169 3474 3307 3524 valde
3329 3476 3462 3524 utilia
3491 3477 3542 3526 in
3566 3469 3633 3527 4'4
3645 3469 3867 3540 capitulis

2281 3541 2545 3580 perstrinxi
2576 3567 2589 3580 .
2618 3544 2645 3579 e
2671 3544 2711 3580 c.

2281 3541 2589 3592 perstrinxit,
2618 3541 2711 3581 etc.

2828 3660 3161 3719 EPISTOLA
3200 3665 3310 3721 VII.

2281 3796 2563 3838 EXIHPLAR
2595 3800 2936 3842 LITTERAM)!
2976 3804 3183 3845 PELAGll
3226 3807 3374 3846 PLM-2
3415 3807 3566 3849 URBIS
3602 3809 3769 3851 30.5
3807 3811 3865 3851 ΑΒ

2491 3870 2761 3912 ΑυΝΑιιιυιι
2794 3874 3313 3916 ANTISSIUDORENSEI
3352 3878 3666 3921 EPISCOPUI.

2357 3970 2716 4027 Dilectissimo
2756 3970 2906 4029 fratri
2941 3976 3180 4031 Aunario
3209 3977 3475 4047 Pelagius.

2353 4063 2618 4131 Quantum
2668 4064 2778 4120 Deo
2820 4067 3042 4136 placitos
3088 4068 3235 4124 sedis
3279 4071 3595 4139 apostolica:
3646 4089 3867 4131 venera-

2284 4153 2429 4211 tione
2453 4170 2547 4211 vos
2587 4156 2826 4223 redditis,
2859 4166 3006 4213 tanto
3042 4160 3434 4217 commodatior
3459 4163 3561 4230 illi,
3590 4163 3754 4235 cujus
3780 4183 3863 4223 se-

2286 4248 2382 4304 des
2408 4257 2514 4316 cst,
2547 4250 2608 4304 ﬁt
2636 4256 2828 4305 vestra:
2852 4249 3041 4305 fiducia
3072 4250 3375 4319 charitatis;
3404 4269 3503 4310 nec
3530 4254 3691 4312 aliter
3713 4272 3864 4313 unam

2283 4342 2564 4414 solamque
2594 4344 2690 4400 Dei
2737 4344 3056 4401 conﬁtemur
3087 4346 3402 4415 Ecclesiam,
3436 4349 3541 4404 nisi
3589 4366 3784 4408 omnes
3805 4352 3864 4407 ad

2289 4444 2492 4505 petram
2518 4452 2680 4504 super
2701 4454 2863 4509 quam
2906 4439 3125 4495 fundata
3166 4450 3249 4496 est
3299 4443 3432 4498 ﬁdes
3456 4445 3723 4500 catholica
3747 4461 3867 4501 con-

2200 4564 2257 4626 D
2285 4540 2587 4586 struatnur:
2619 4540 2835 4599 propter
2884 4532 3023 4602 quod
3070 4530 3378 4589 Dilectionis
3429 4542 3535 4589 tua:
3588 4536 3864 4594 desideriis

2288 4625 2544 4679 successit
2587 4624 2829 4691 elfectus,
2879 4634 2934 4681 et
2980 4628 3229 4684 celeritas
3277 4628 3483 4697 facilis;
3532 4632 3658 4701 quia
3689 4648 3864 4689 eorum

2289 4716 2589 4771 sanctuaria
2618 4727 2949 4786 quaeruntur,
2983 4736 3012 4772 a
3058 4720 3250 4791 quibus
3290 4720 3621 4791 principibus
3651 4726 3865 4794 sumpsit

2290 4808 2599 4878 praedicatio
2628 4810 2868 4864 veritatis
2895 4810 3206 4867 exordium.
3241 4811 3392 4879 Quod
3420 4827 3553 4867 vero
3584 4816 3639 4870 in
3682 4816 3863 4871 vestris

2288 4900 2594 4969 regionibus
2625 4901 2895 4957 abundare
2936 4900 3186 4957 indicatis
3226 4906 3483 4961 ecclesias
3531 4921 3723 4971 novas,
3755 4923 3865 4977 gra-

2290 4993 2522 5048 tulanter
2577 4994 2938 5063 suscipimus,
2993 5004 3169 5051 tamen
3222 4997 3267 5052 si
3320 4999 3556 5054 scienter
3620 5008 3864 5069 expetere

2287 5084 2520 5139 studium
2555 5085 2883 5155 prophetica:
2933 5086 3077 5142 vocis
3123 5088 3490 5157 amplecteris,
3540 5092 3765 5161 quaerite
3792 5092 3861 5145 fa-

2284 5175 2418 5231 ciem
2458 5176 2574 5247 ejus
2599 5192 2835 5248 semper.
2867 5178 3132 5247 Quantum
3161 5196 3391 5252 namque
3434 5182 3685 5238 humanis
3715 5184 3860 5239 intel-

2289 5268 2517 5324 lectibus
2538 5268 2930 5326 incarnationis
2955 5270 3168 5326 Domini
3194 5273 3363 5327 nostri
3390 5274 3594 5328 veritas
3611 5257 3856 5343 aperiitur,

2288 5370 2436 5416 tanto
2477 5362 2708 5430 amplius
2736 5371 2789 5416 et
2817 5363 3111 5418 honoratur
3152 5374 3200 5420 et
3258 5364 3476 5420 colitur.
3510 5365 3666 5422 Sicut
3695 5374 3856 5419 autem

2286 5467 2381 5508 vos
2412 5455 2608 5523 cupitis
2643 5455 2752 5510 Deo
2774 5456 2974 5534 nostris
3004 5457 3335 5512 orationibus
3356 5456 3745 5523 commendari,
3776 5470 3860 5512 vos

2290 5547 2450 5604 etiam
2492 5549 2687 5604 nostris
2718 5550 3124 5607 necessitatibus
3149 5562 3202 5607 et
3228 5553 3507 5624 angustiis,
3546 5553 3741 5624 quibus
3775 5553 3850 5607 itt-

2291 5729 2357 5785 ad
2391 5730 2651 5785 Domnum
2683 5732 2806 5786 Ant.

2363 5800 2437 5878 (ε)
2474 5803 2675 5878 pericii.
2701 5802 2855 5878 R_om.
2888 5819 2957 5872 vt,
2988 5805 3086 5860 sub
3115 5806 3458 5878 Symmacho.

2365 5875 2445 5944 td)
2479 5873 2535 5927 ln
2558 5874 2699 5928 Edit.
2735 5874 2890 5929 Rom.
2923 5878 3072 5932 deest
3102 5873 3223 5933 anni
3252 5881 3522 5950 ascriptio,
3549 5888 3601 5936 et
3631 5890 3783 5937 recte.
