4076 6348
199 352 309 412 745

1391 346 1749 407 ΕΡΙΞΤΟΜΕ
1791 343 1880 402 ET
1922 343 2264 403 DECRETA.

3379 350 3482 411 746

117 480 137 533 3
199 464 540 527 eessabiiiter
601 481 888 523 oneramur
913 508 930 535 ,
1001 466 1399 524 intercessionis
1476 465 1789 521 continuum
1816 466 1866 526 Α
1895 462 2128 518 scientes
2156 478 2216 518 se
2245 462 2309 517 ad
2340 462 2704 533 episcopatum
2738 476 2837 520 nec
2877 473 3056 532 aetate,
3097 482 3196 523 nec
3234 470 3483 540 scientia,

199 564 343 621 ferte
372 561 623 619 solatium
670 572 910 629 orantes,
953 570 1009 616 et
1058 561 1464 633 quibuscunque
1492 559 1681 616 valetis
1708 559 1791 612 vi-

198 657 356 713 ribus
383 654 438 711 id
467 662 707 725 agentes,
740 663 1003 724 quatenus
1047 654 1187 709 sicut
1238 652 1607 724 praedicationi
1650 649 1793 705 sedis

199 749 512 820 apostolicae
536 748 863 814 consonatis,
894 748 967 802 ita
995 745 1112 817 ejus
1133 749 1249 819 paci
1273 757 1455 804 vestra
1482 746 1792 816 impetratio

202 841 542 913 congaudeat
565 850 621 897 et
654 841 843 912 quieti.
877 841 1017 896 Deus
1046 851 1099 896 te
1129 841 1457 897 incolumem
1502 839 1793 905 custodiat,

203 938 377 995 frater
420 937 761 994 charissime.
818 936 1015 992 Datum
1062 936 1234 1006 pridie
1288 936 1516 992 Kalend.
1568 935 1798 990 Novem-

202 1029 409 1094 brium,
449 1030 749 1100 imperante
778 1028 997 1084 domino
1047 1029 1305 1094 Mauricio
1342 1028 1563 1085 Tiberio
1600 1027 1793 1099 imper.

205 1122 474 1191 Augusto,
512 1135 654 1177 anno
682 1120 737 1185 5,
770 1120 1064 1177 indictione
1092 1120 1145 1176 5.

682 1232 1004 1290 DECRETA
1042 1233 1331 1291 PELAGll.

421 1362 491 1403 EX
519 1361 788 1407 GRATIANO
813 1362 929 1410 (ὶυᾶ
959 1363 1194 1405 SECUNDO
1217 1364 1576 1406 TRIBUUNTUR.

935 1462 1068 1518 Vill.

286 1577 531 1648 Pelagius
559 1592 696 1649 papa
730 1578 1015 1635 Autonina:
1044 1581 1303 1649 patriciae,
1337 1590 1390 1636 et
1419 1581 1613 1638 Deciae.

286 1669 362 1727 De
389 1673 734 1741 praesentium
778 1673 1062 1741 portitore,
1123 1673 1267 1743 quod
1322 1672 1578 1731 defensor
1627 1673 1802 1729 iactus

209 1780 325 1821 non
373 1773 475 1831 est,
509 1766 657 1821 nulla
691 1765 843 1821 vobis
890 1766 1054 1822 animi
1099 1768 1343 1822 molestia
1384 1768 1474 1835 sit,
1505 1768 1627 1837 quia
1678 1780 1805 1820 vere

1898 568 1996 608 nec
2024 555 2146 609 vitae
2174 554 2379 608 meritis
2404 570 2562 624 posse
2600 556 2841 626 perduci,
2887 557 2953 613 ad
2988 557 3089 614 hoc
3118 563 3489 620 tantummodo

1896 647 2194 716 inquietare
2224 648 2517 703 Ecclesiam
2544 649 2753 717 volunt,
2786 660 2842 705 ut
2883 651 2987 708 sibi
3016 652 3084 708 de
3120 653 3223 721 his,
3256 670 3377 725 quae
3420 672 3489 713 ex

1898 738 2011 807 ipsa
2035 748 2355 809 praesumpta
2387 749 2534 807 sunt,
2566 739 2939 810 impunitatem
2976 743 3185 801 futurus
3206 748 3492 815 promittat

1897 831 2202 900 episcopus,
2239 839 2295 886 et
2317 831 2413 886 ﬁat
2445 833 2649 901 rapinae
2679 835 2970 902 securitas,
3004 836 3343 907 episcopatus
3374 854 3493 894 am-

1898 925 2060 990 bitio;
2091 926 2193 980 hoc
2231 926 2391 980 etiam
2422 941 2520 981 vos
2549 926 2800 983 duximus
2836 930 3273 995 commonendos,
3306 939 3365 985 ut
3392 930 3488 987 de-

1901 1027 2107 1073 cretum
2138 1018 2192 1073 in
2238 1018 2503 1089 Elpidium
2551 1019 2836 1075 diaconum
2888 1020 3110 1088 factum,
3161 1030 3215 1076 et
3255 1021 3493 1078 subscri-

1900 1119 2049 1177 ptum
2079 1110 2149 1165 ab
2167 1110 2438 1182 omnibus,
2473 1126 2607 1180 quos
2630 1122 2807 1168 vestra
2838 1112 3033 1168 relatio
3059 1112 3382 1183 designavit,
3425 1117 3493 1172 ad

1901 1216 2002 1257 nos
2027 1217 2148 1256 cum
2178 1202 2417 1272 praedicti
2444 1203 2733 1259 visitatoris
2774 1203 3019 1275 epistola,
3065 1211 3120 1260 et
3148 1219 3272 1261 cum
3302 1206 3495 1263 eodem

1902 1296 2131 1353 diacono
2158 1297 2459 1363 maturetis,
2508 1298 2619 1352 Deo
2667 1297 3012 1367 propitiante,
3063 1297 3383 1368 perducere.
3424 1298 3499 1354 Et

1902 1396 2019 1457 post
2070 1403 2260 1457 pauca.
2291 1388 2423 1443 Cum
2455 1388 2619 1458 igitur
2649 1388 2754 1443 huc
2782 1388 2922 1445 ﬁlius
2954 1399 3138 1447 noster
3178 1392 3496 1462 magniﬁcus

1903 1485 1988 1538 vir
2038 1484 2150 1539 Leo
2182 1490 2381 1554 praetor
2428 1486 2682 1553 venisset,
2745 1487 2929 1544 retulit
2977 1488 3132 1545 nobis
3161 1487 3228 1543 de
3276 1487 3497 1557 singulis

1904 1594 2024 1649 quae
2054 1580 2124 1636 ibi
2151 1590 2294 1635 mota
2337 1589 2479 1647 sunt,
2506 1591 2559 1636 et
2590 1583 2862 1652 quomodo
2890 1592 3012 1639 vota
3044 1598 3211 1654 prope
3236 1583 3398 1639 totius
3421 1583 3498 1639 ci-

1904 1670 2086 1727 vitatis
2133 1672 2185 1726 in
2234 1673 2445 1742 Eipidio
2487 1675 2715 1730 diacono
2743 1675 3156 1731 concordarent.
3188 1674 3343 1731 Unde
3373 1676 3497 1746 quia

1907 1760 1976 1815 de
1998 1765 2279 1817 memorati
2312 1766 2408 1819 viri
2464 1767 2773 1822 testimonio
2823 1767 3069 1823 dubitare
3118 1767 3337 1822 omnino
3388 1782 3495 1823 non

210 1855 346 1911 satis
373 1858 769 1912 amarissimum
798 1858 969 1914 habeo
1011 1859 1077 1914 de
1106 1859 1210 1915 isto
1241 1858 1519 1930 proposito
1562 1858 1631 1913 ad
1669 1858 1801 1913 illud
1831 1845 1877 1906 Β
1906 1869 2212 1925 possumus,
2248 1857 2473 1925 idcirco,
2507 1860 2651 1914 sicut
2690 1860 2889 1915 dictum
2934 1872 3037 1927 est,
3072 1858 3336 1929 Elpidium
3384 1860 3500 1915 dia-

218 1948 352 2020 [Ai.,
385 1950 549 2023 aliud]
580 1950 816 2006 ofﬁcium
863 1952 1108 2007 homines
1154 1953 1368 2017 deduci,
1420 1953 1473 2008 in
1506 1969 1613 2023 quo
1656 1954 1802 2007 nullo

215 2039 381 2094 modo
419 2056 536 2110 quae
577 2056 607 2095 a
660 2042 939 2098 monachis
993 2042 1104 2099 Deo
1136 2044 1397 2114 promissa
1428 2054 1551 2099 sunt
1594 2045 1805 2099 valeant

216 2133 524 2203 adimpleri.
579 2134 899 2191 Omnimoda
961 2138 1103 2192 enim
1160 2147 1241 2193 est
1290 2139 1435 2193 illius
1485 2138 1697 2192 habitus
1752 2146 1807 2193 et

218 2226 374 2282 istius
405 2226 571 2283 ofﬁcii
610 2229 912 2285 diversitas.
954 2231 1070 2287 illic
1110 2232 1256 2287 enim
1296 2233 1467 2301 quies,
1506 2233 1699 2297 oratio,
1731 2230 1808 2285 ia-

214 2317 324 2375 lior
352 2335 605 2377 manuum
632 2339 646 2389 ;
680 2332 734 2377 at
772 2322 859 2378 hic
883 2338 1167 2379 causarum
1206 2325 1461 2395 cognitio,
1488 2324 1806 2379 conventio-

214 2425 339 2480 ιω,
364 2421 531 2478 actus,
564 2415 775 2484 publica
819 2415 1009 2488 litigia,
1060 2428 1113 2473 et
1144 2432 1475 2487 quaecunque
1516 2418 1597 2472 vel
1627 2417 1805 2472 eccle-

215 2507 438 2564 siastica
478 2507 741 2576 instituta,
773 2509 859 2564 vel
890 2510 1304 2579 supplicantium
1356 2508 1653 2565 necessitas
1686 2523 1809 2579 pos-

216 2598 315 2655 sit.
348 2599 533 2657 Faciat
556 2608 735 2657 autem
766 2604 906 2659 Deus
927 2613 984 2659 ut
1014 2604 1149 2660 tales
1175 2608 1283 2660 sint
1312 2605 1367 2659 hi
1409 2606 1498 2674 qui
1532 2605 1619 2659 vel
1652 2619 1679 2657 a
1711 2619 1809 2659 no-

215 2689 311 2749 bis
356 2691 413 2747 in
463 2693 567 2750 isto
621 2695 805 2751 habitu
852 2698 1184 2763 nutriuntur,
1220 2698 1303 2754 vel
1362 2698 1414 2752 in
1470 2696 1812 2751 monasteriis

219 2794 502 2853 crescunt,
542 2795 599 2841 ut
627 2799 878 2855 provecta
923 2796 1082 2844 aetate
1122 2798 1178 2843 et
1205 2789 1313 2843 vita
1360 2788 1580 2858 probata
1611 2804 1717 2845 non
1744 2789 1813 2844 ad

219 2873 521 2944 litigiorum
549 2878 748 2949 ofﬁcia,
794 2883 889 2938 sed
934 2882 1001 2939 ad
1040 2880 1402 2939 sacerdotium
1444 2882 1660 2939 valeant
1688 2898 1813 2952 pro-

220 2981 462 3026 moveri.

977 3045 1069 3102 1x.

305 3154 551 3228 Pelagius
578 3172 718 3232 papa
744 3159 1056 3219 Florentino
1080 3162 1357 3233 episcopo.
1384 3160 1489 3229 Qui
1519 3168 1642 3234 post
1668 3174 1812 3217 mor-

226 3217 504 3313 remain.
578 3217 764 3232 ’⁸⁷
1011 3217 1636 3234 ⁷⁷
1842 3217 1891 3280 C

308 3335 681 3396 Fraternitatis
711 3351 816 3398 tuae
846 3343 1105 3400 relatione
1132 3353 1401 3415 suscepta,
1434 3346 1553 3417 ejus
1591 3345 1815 3401 latorem

226 3432 501 3488 secundas
520 3434 734 3503 quidem
761 3437 994 3505 nuptias,
1027 3448 1308 3508 expertum
1341 3454 1447 3495 non
1474 3438 1644 3494 fuisse
1677 3438 1817 3493 didi-

228 3519 443 3589 cimus;
477 3526 773 3579 casﬁtatem
806 3535 983 3581 tamen
1011 3541 1135 3582 eum
1180 3528 1313 3601 [Al.,
1343 3529 1487 3601 cum]
1518 3530 1681 3600 priori
1710 3545 1818 3586 non
1848 3570 1859 3577 .

230 3625 507 3681 servasse,
530 3616 779 3687 conjugio
809 3618 1122 3689 designasti.
1154 3623 1218 3676 Et
1248 3626 1493 3691 quamvis
1523 3624 1689 3681 multa
1710 3624 1822 3678 sint

233 3719 361 3776 qua
386 3706 440 3762 in
468 3707 773 3777 hujusmodi
798 3711 1012 3768 casibus
1039 3714 1315 3771 observari
1342 3715 1601 3771 canonice
1636 3715 1823 3785 jubeat

234 3796 583 3855 sublimitatis
613 3799 744 3872 [Αι.,
775 3803 1112 3875 subtilitatis]
1140 3807 1455 3874 auctoritas,
1490 3816 1669 3862 tamen
1698 3807 1823 3876 quia

235 3888 483 3948 defectus
512 3903 821 3951 nostrorum
871 3906 1197 3967 temporum,
1245 3899 1441 3969 quibus
1494 3914 1600 3954 non
1648 3898 1823 3954 solum

235 3983 455 4051 merita,
494 3985 589 4041 sed
615 4000 843 4057 corpora
894 3990 1009 4059 ipsa
1052 3990 1327 4046 hominum
1374 3990 1708 4059 defecerunt,
1742 3992 1825 4046 di-

236 4075 539 4133 strictionis
564 4077 704 4134 illius
729 4095 834 4135 non
862 4081 1054 4151 patitur
1088 4083 1141 4139 in
1173 4084 1425 4141 omnibus
1449 4099 1668 4140 manere
1698 4098 1829 4140 cen-

237 4180 450 4234 suram,
477 4177 533 4225 et
554 4178 686 4226 aetas
715 4171 888 4236 istius,
925 4172 994 4229 de
1021 4188 1125 4244 quo
1153 4176 1346 4246 agitur,
1378 4175 1572 4232 futura:
1600 4175 1829 4232 inconti-

240 4259 445 4317 nentia:
466 4262 823 4332 suspicionem
848 4265 1060 4321 auferre
1083 4266 1448 4337 dignoscitur;
1472 4276 1530 4323 ut
1552 4268 1618 4323 ad
1648 4268 1829 4325 diaco-

239 4360 430 4411 natum
475 4355 647 4424 possit
692 4356 934 4426 provehi,
993 4366 1315 4429 temporum,
1366 4367 1421 4416 ut
1468 4359 1669 4416 dictum
1722 4371 1825 4427 est,

241 4443 739 4502 condescendentes
787 4446 1019 4504 defectui
1068 4451 1400 4509 concessisse
1447 4467 1548 4508 nos
1592 4458 1827 4509 noveris.

246 4535 321 4592 Et
362 4537 522 4608 infra.
558 4538 845 4595 Miscenam
898 4540 1031 4613 [Αι.,
1089 4543 1365 4616 Micinam]
1392 4560 1522 4608 vero
1578 4546 1861 4609 ancillam,

242 4626 386 4700 ejus,
418 4628 487 4685 de
513 4644 616 4700 qua
643 4639 764 4701 post
784 4632 1062 4689 transitum
1089 4635 1269 4690 uxoris
1291 4636 1427 4692 ﬁlios
1477 4636 1677 4697 habere
1700 4652 1830 4693 con-

243 4721 419 4777 fessus
438 4731 541 4787 est,
567 4723 838 4793 jubemus,
869 4734 927 4781 ut
953 4736 1040 4781 tua
1070 4728 1420 4797 dispositione
1447 4730 1692 4801 cuiquam
1716 4746 1831 4788 mo-

246 4814 487 4893 nasterio
511 4815 896 4874 continentium
932 4819 1242 4889 professura
1274 4821 1538 4877 tradatur.

1002 4932 1070 4988 X.

321 5038 566 5114 Pelagius
594 5058 730 5116 papa
766 5045 914 5102 clero
941 5045 1235 5106 Catinensi.
1285 5050 1472 5117 Qui'in
1515 5052 1827 5123 episcopum

247 5134 482 5205 eligitur,
514 5145 619 5192 etc.

320 5228 469 5285 Talia
488 5231 702 5301 quidem
719 5233 1032 5302 jamdudum
1051 5234 1118 5290 ad
1136 5237 1353 5292 fratrem
1378 5246 1433 5293 et
1451 5239 1828 5309 coepiscopum

246 5332 491 5378 nostrum
523 5322 826 5395 Eucarpum
854 5326 921 5382 de
947 5327 1252 5383 visitatione
1296 5329 1602 5386 Carmensis
1646 5332 1828 5388 Eccle-

245 5415 345 5471 βίω
364 5414 563 5486 scripta
581 5414 893 5484 direximus,
921 5428 979 5474 ut
1002 5419 1057 5473 in
1086 5418 1165 5475 eis
1185 5419 1444 5488 judicium
1468 5431 1707 5479 nostrum
1737 5438 1832 5493 po-

252 5506 490 5564 tuissetis
529 5522 838 5579 agnoscere.
873 5510 1272 5578 Verumtamen,
1302 5513 1423 5581 quia
1462 5514 1724 5582 quosdam
1759 5516 1831 5571 ibi

208 5626 211 5627 ν
246 5610 361 5653 non
380 5611 510 5656 sana
547 5600 865 5667 intentione,
894 5602 989 5659 sed
1034 5595 1215 5672 pravis
1244 5604 1436 5661 studiis
1466 5605 1835 5665 dissensiones

252 5689 534 5758 suscitare,
582 5700 761 5748 vestra
808 5693 971 5749 etiam
1020 5695 1283 5751 relatione
1323 5698 1694 5768 cognovimus,
1742 5702 1833 5771 qui

326 5859 357 5891 ι
390 5848 719 5909 Emendatus
746 5860 830 5909 est
858 5854 944 5908 hic
972 5854 1119 5912 locus
1149 5871 1216 5915 ex
1234 5856 1491 5918 Anseimo
1531 5869 1587 5918 et
1615 5859 1935 5939 Polycarpo.

538 5951 815 6013 Panos.
858 5949 1120 6014 LXXII.

1907 1960 2100 2002 conum
2132 1948 2198 2002 ad
2228 1964 2327 2005 nos
2356 1949 2513 2006 facile
2543 1966 2852 2021 properare,
2899 1967 2999 2009 nec
3039 1953 3330 2022 expectetis
3360 1953 3499 2008 ulte-

1909 2038 2041 2103 rius,
2088 2053 2143 2093 ut
2170 2040 2465 2097 admonitio
2511 2043 2579 2096 ad
2615 2057 2738 2098 eum
2769 2052 2951 2099 nostra
3004 2044 3199 2100 debeat
3241 2044 3501 2099 destinari

1909 2130 2041 2202 [Al.,
2076 2132 2257 2189 iterari
2284 2130 2373 2204 a1.
2403 2134 2570 2200 Quem
2599 2144 2778 2191 tamen
2824 2136 2926 2192 hoc
2972 2152 3066 2207 per
3122 2147 3359 2192 vestram
3417 2137 3499 2191 di-

1883 2222 2197 2280 .lectionem
2233 2226 2288 2280 in
2342 2230 2589 2294 praesenti
2618 2227 2858 2296 iussione
2898 2227 3205 2299 specialiter
3242 2227 3498 2285 admone-

1910 2328 2051 2381 mus,
2081 2331 2148 2370 ne
2174 2315 2260 2372 cui
2285 2330 2344 2371 se
2385 2318 2584 2387 aliquid
2624 2319 2774 2385 dare,
2807 2319 2893 2375 vel
2940 2320 3188 2375 daturum
3216 2335 3336 2377 esse
3372 2334 3500 2391 pro-

1910 2410 2087 2463 mittat
2116 2426 2127 2461 :
2162 2409 2256 2466 sed
2283 2424 2456 2478 neque
2490 2411 2558 2464 de
2594 2405 2971 2467 ecclesiastiCis
3010 2412 3295 2482 praeteritis
3324 2412 3503 2468 causis

1911 2501 2146 2571 aliquam
2195 2501 2538 2557 securitatem
2588 2503 2837 2572 cuiquam
2886 2504 3085 2559 audeat
3130 2503 3330 2572 facere,
3383 2505 3500 2560 sive

1914 2598 2251 2667 promittere,
2276 2606 2371 2653 aut
2408 2599 2562 2668 quasi
2586 2596 2763 2653 factus
2792 2600 3076 2670 episcopus
3105 2615 3171 2657 ea
3197 2616 3320 2671 qua:
3350 2600 3503 2657 dire-

1914 2698 2002 2761 pta
2032 2702 2156 2746 sunt
2193 2706 2300 2748 non
2328 2700 2558 2762 repetat,
2584 2692 2679 2748 sed
2703 2693 2845 2762 apud
2874 2708 2971 2749 eos
2999 2708 3031 2748 a
3070 2694 3264 2764 quibus
3292 2694 3510 2766 direpta

1915 2793 2040 2838 sunt
2066 2798 2382 2851 permanere
2407 2783 2577 2839 libere
2600 2784 2872 2851 patiatur:
2904 2785 3084 2841 sciens
3124 2786 3270 2856 quod
3317 2785 3362 2840 si
3396 2786 3504 2841 tale

1915 2876 2112 2945 aliquid
2145 2876 2293 2943 fecit,
2341 2875 2427 2931 vel
2459 2875 2667 2944 iecerit,
2720 2891 2819 2933 nec
2867 2892 2898 2931 a
2936 2877 3092 2933 nobis
3122 2878 3344 2932 omnino
3374 2871 3507 2946 per-

1917 2968 2148 3023 mittitur
2175 2968 2356 3023 valere
2384 2967 2501 3037 ipsa
2527 2968 2838 3036 promissio,
2869 2975 2926 3022 et
2952 2981 3075 3024 cum
3098 2967 3291 3037 judicii
3312 2968 3506 3037 nostri,

1918 3061 2059 3131 quod
2090 3060 2157 3117 de
2186 3060 2306 3130 ipso
2355 3059 2664 3127 habuimus,
2713 3060 2937 3128 damno,
2987 3059 3280 3130 pastoralis
3321 3072 3512 3119 conse-

1920 3151 2175 3208 crationis
2200 3150 2448 3210 ordinem
2474 3151 2776 3223 promereri
2802 3166 2911 3209 non
2940 3152 3160 3222 poterit.

2673 3263 2767 3320 XI.

1992 3377 2238 3447 Pelagius
2264 3391 2401 3449 papa
2442 3376 2736 3434 Cresconio
2779 3375 3001 3434 illustri.
3033 3377 3115 3437 De
3138 3377 3515 3438 exactionibus

1921 3474 2319 3544 episcoporum.

1994 3568 2127 3624 illud
2158 3578 2210 3625 te
2242 3569 2490 3625 volumus
2521 3568 2696 3625 modis
2716 3569 2964 3625 omnibus
2989 3567 3284 3633 custodire,
3312 3582 3381 3625 ne
3419 3568 3514 3639 qui

1923 3660 2303 3730 episcoporum
2327 3660 2525 3717 Sicilia:
2549 3661 2617 3716 de
2644 3661 2913 3730 parochiis
2942 3660 3010 3716 ad
3038 3676 3097 3718 se
3122 3660 3518 3731 pertinentibus

1924 3751 2143 3808 nomine
2164 3753 2511 3808 cathedratici
2539 3753 2768 3821 amplius
2788 3766 2949 3822 quam
2974 3752 3110 3807 duos
3139 3751 3340 3809 solidos
3370 3765 3513 3823 pra:-

1925 3855 2142 3900 sumant
2175 3846 2440 3915 accipere,
2474 3860 2647 3915 neque
2675 3846 2999 3916 compellere
3022 3847 3392 3918 presbyteros,
3423 3854 3520 3902 aut

1928 3935 2132 3991 clerum
2182 3936 2558 4007 parochiarum
2591 3937 2834 4009 [suarum
2883 3946 3048 4008 supra
3086 3936 3231 3997 vires
3268 3953 3395 3998 suas
3439 3937 3523 3999 eis

1927 4027 2187 4085 convivia
2229 4043 2558 4100 praepararet

2665 4141 2779 4199 Xll.

2004 4254 2248 4326 Pelagius
2279 4269 2413 4326 papa
2452 4255 2753 4327 Benegesto
2778 4253 3074 4313 defensori.
3102 4256 3243 4314 Ante
3278 4256 3520 4328 judicem

1932 4348 2145 4405 civilem
2174 4348 2357 4405 clerici
2394 4362 2501 4405 non
2530 4357 2871 4405 accusentur.

2003 4440 2359 4514 Experientize
2388 4450 2494 4499 tuae
2542 4444 2796 4514 praesenti
2827 4444 3146 4499 auctoritate
3176 4445 3520 4513 mandamus,

1935 4545 1995 4592 ut
2036 4538 2090 4591 in
2120 4538 2319 4603 causis,
2352 4537 2405 4591 in
2435 4537 2629 4607 quibus
2658 4537 2911 4605 qutelibet
2958 4535 3312 4591 ecclesiastici
3359 4535 3528 4594 ofﬁcii

1937 4642 2168 4697 persona
2194 4628 2311 4682 loco
2335 4627 2578 4697 petitoris
2602 4627 2809 4693 existit,
2836 4640 3156 4695 quemquam
3186 4626 3380 4681 laicum
3412 4628 3525 4697 pui-

1938 4731 2119 4775 satura
2161 4720 2300 4791 apud
2328 4735 2438 4775 sua:
2477 4719 2767 4789 provincia:
2788 4718 3023 4788 judicem
3053 4733 3178 4773 suas
3216 4735 3524 4791 proponere

1938 4813 2174 4867 actiones
2214 4826 2317 4867 non
2347 4812 2578 4866 deserat.
2613 4811 2669 4864 ln
2711 4810 2777 4866 iis
2807 4825 2936 4866 vere
2966 4811 3219 4881 negotiis,
3251 4813 3301 4865 in
3333 4814 3528 4879 quibus

1941 4902 2295 4961 ecclesiastici
2336 4902 2503 4957 ofﬁcii
2575 4916 2805 4972 persona
2862 4903 3124 4972 pulsatur,
3185 4903 3345 4959 totius
3398 4906 3532 4961 sub-

1934 5007 2083 5053 moto
2107 4995 2423 5067 pulsationis
2452 4994 2751 5064 obstaculo,
2781 4996 2849 5051 ad
2880 4997 3143 5067 episcopi,
3176 4998 3259 5053 vel
3300 4998 3527 5069 presby-

1936 5100 2173 5145 terorum
2202 5090 2257 5143 in
2287 5088 2430 5155 loco,
2457 5087 2549 5144 ubi
2573 5088 2799 5157 quaestio
2824 5088 3080 5159 vertitur,
3104 5091 3521 5149 constitutorum

1938 5191 2185 5239 occurrat
2213 5181 2582 5239 indiﬁerenter
2604 5197 2852 5239 examen.

2660 5316 2803 5373 Xlll.

2014 5432 2141 5488 item
2169 5434 2359 5505 Sergio
2382 5434 2730 5490 cancellario.

2012 5524 2069 5578 Si
2093 5525 2371 5594 quisquam
2396 5524 2530 5597 [Αι.,
2576 5524 2741 5599 idem]
2773 5526 3020 5598 clericus,
3068 5530 3182 5587 sive
3232 5531 3525 5600 inferioris,

1942 5615 2057 5670 sive
2086 5617 2310 5685 potioris
2336 5618 2536 5689 gradus
2564 5619 2763 5688 petitor
2791 5620 3008 5691 existat,
3039 5632 3094 5679 et
3122 5634 3311 5680 contra
3336 5624 3530 5682 laicam

1942 5721 2224 5776 personam
2253 5724 2378 5766 suas
2405 5710 2604 5779 dirigat
2627 5711 2893 5782 actiones,
2934 5714 3039 5773 iste
3069 5717 3245 5775 modis
3279 5717 3532 5775 omnibus

3018 5966 3097 6031 2h
