4076 6348
589 280 690 341 747

1466 278 1736 336 PELAGII
1775 275 1981 335 PAPIE
2022 276 2061 331 11
2102 268 2458 331 EPISTOLAB
2500 268 2589 330 ET
2627 272 2969 330 DECRETA.

3771 272 3867 333 7L8

585 412 692 453 non
721 396 874 465 alibi,
908 408 1069 465 quam
1113 392 1254 461 apud
1298 394 1585 462 provincia:
1618 392 1853 461 judicem
1905 388 2175 459 negotium
2204 388 2260 447 Α
2284 393 2391 453 tur,
2425 396 2487 441 ut
2515 387 2832 444 diaconatus
2881 388 3049 458 possit
3098 383 3342 444 ordinem
3382 387 3636 459 provehi,
3663 398 3872 459 talpa-

585 505 741 547 suum
767 487 1008 544 dicturus
1035 496 1301 541 occurrat.
1338 486 1393 541 Si
1420 486 1539 555 quis
1576 494 1755 540 autem
1806 484 1969 538 laicus
2009 482 2169 537 cleri-

583 598 708 640 cum
730 581 1090 650 cujuscunque
1120 579 1314 650 gradus
1341 578 1554 633 duxerit
1583 594 1704 635 esse
1736 577 2077 648 pulsandum,
2104 574 2168 630 ad

585 676 960 746 episcoporum
988 673 1246 743 judicium
1292 675 1345 727 in
1376 672 1564 728 eadem
1596 673 1814 728 civitate
1846 670 1927 726 vel
1957 670 2174 726 territo-

588 768 669 823 rio
695 769 1102 823 constitutorum
1145 773 1406 835 proponat
1438 780 1532 821 eas
1563 780 1695 836 quas
1727 780 1786 821 se
1814 763 2014 819 habere
2053 760 2172 817 exi-

588 864 773 917 stimat
798 862 1054 915 actiones.
1096 860 1271 927 Quem
1305 859 1549 914 ordinem
1602 859 1806 928 legibus
1855 872 1949 927 per
1992 857 2172 911 omnia

588 955 1018 1020 convenientem,
1056 962 1213 1025 atque
1239 963 1656 1007 consentaneum
1696 950 2053 1006 demonstrari
2085 949 2174 1004 illa

587 1046 772 1115 regula
802 1046 1125 1111 manifestat,
1149 1062 1265 1115 qua:
1296 1047 1548 1115 prmccpit
1574 1054 1807 1099 actorem
1837 1044 2009 1097 forum
2034 1058 2177 1098 sem-

586 1153 684 1207 per
712 1139 863 1209 sequi
889 1137 1103 1207 pulsati.
1125 1136 1349 1193 Clericis
1379 1153 1508 1194 vero
1540 1138 1763 1209 pulsatis
1791 1138 1843 1190 in
1882 1136 2175 1206 episcopali

584 1230 786 1301 judicio
818 1232 987 1284 lorum
1019 1241 1350 1298 competere,
1383 1231 1759 1301 principalium
1790 1244 2005 1301 quoque
2045 1244 2173 1284 san-

591 1324 831 1379 ctlonum
864 1322 1107 1392 designat
1149 1324 1464 1377 auctoritas.
1920 1306 1925 1311 ἢ

692 1438 969 1497 PELAGII
1004 1439 1047 1499 ll
1087 1438 1575 1495 EPISTOLARUM
1616 1438 2066 1496 FRAGMENTA.

658 1555 1000 1627 Synodorum
1042 1552 1544 1625 congregandarum
1595 1555 1891 1611 auctoritas
1944 1552 2177 1623 Aposto-

585 1650 707 1707 licm
736 1650 854 1709 sedi
882 1650 1084 1720 privata
1121 1649 1412 1705 commissa
1440 1658 1523 1704 est
1552 1655 1842 1719 potestate,
1875 1661 1974 1702 nec
2017 1647 2178 1701 ullam

586 1744 851 1816 synodum
897 1744 1200 1812 generalem
1232 1753 1404 1799 ratam
1448 1757 1569 1803 esse
1598 1742 1851 1811 legimus,
1892 1757 2013 1812 quin
2060 1741 2179 1811 ejus

586 1850 694 1895 non
718 1835 879 1895 fuerit
903 1834 1221 1889 auctoritate
1242 1844 1565 1903 congregata
1600 1834 1683 1889 vel
1729 1832 1880 1888 fulta.
1929 1833 2054 1889 Haec
2080 1847 2179 1888 au-

586 1913 808 1983 ctoritas
835 1934 1059 1983 testatur
1086 1927 1370 1995 canonica,
1405 1925 1521 1985 hate
1552 1927 1779 1985 historia
1807 1926 2182 1991 ecclesiastica

589 2018 833 2087 roborat,
862 2017 980 2079 haec
1006 2018 1177 2077 sancti
1209 2018 1395 2079 Patres
1420 2017 1740 2081 conﬁrmant
1778 2018 1819 2075 '.

1312 2129 1453 2187 XIV.

665 2245 923 2318 Pelagius
938 2244 1184 2318 Bucar-po
1223 2245 1484 2315 episcopo
1508 2244 1856 2302 Messanensi.

658 2336 990 2394 Cbaritatem
1032 2337 1332 2407 illam,qua
1379 2336 1731 2393 Dilectionem
1782 2350 1924 2394 tuam
1965 2352 2183 2407 semper

586 2430 916 2495 aruavimus,
976 2431 1159 2483 omnia
1204 2443 1465 2496 superare
1516 2428 1811 2483 secundum
1859 2428 2181 2498 Apostoium

585 2521 878 2586 credimus,
905 2529 960 2575 et
989 2520 1193 2576 nullum
1225 2518 1495 2573 sanctitati
1526 2528 1632 2573 tuas
1669 2518 1911 2574 laborem
1950 2533 2049 2588 pro
2089 2533 2181 2573 ec-

588 2613 889 2670 clesiastico
919 2620 1060 2669 statu
1084 2625 1376 2666 onerosum
1400 2610 1653 2666 existere.
1699 2610 1816 2665 Scit
1844 2608 2182 2665 Fraternitas

590 2714 701 2774 tua,
728 2707 852 2777 quia
882 2720 979 2775 pro
1018 2704 1257 2775 peccatis
1302 2704 1503 2759 nostris
1528 2718 1715 2760 omnes
1746 2718 1865 2773 qum
1909 2700 2003 2757 sua
2033 2718 2181 2772 quae-

586 2809 735 2865 runt,
767 2814 873 2854 non
901 2812 1021 2868 qua:
1045 2795 1174 2852 Iesu
1196 2796 1414 2852 Christi.
1447 2797 1574 2851 Haec
1604 2797 1724 2852 ideo
1755 2796 2176 2867 praelibavimus,

591 2892 714 2965 quia
740 2890 835 2946 tibi
864 2903 1050 2945 rursus
1070 2888 1376 2943 Catinensis
1405 2888 1537 2962 [Αι.,
1564 2887 1892 2961 Cathenisis]
1921 2886 2181 2943 Ecclesia

592 2985 955 3040 visitationem
1012 2982 1361 3053 injungimus,
1420 2982 1573 3052 cujus
1619 2983 1903 3059 episcopus
1954 2981 2022 3035 de
2079 2982 2183 3034 liae

591 3078 716 3132 lucc
772 3074 1030 3131 transisse
1080 3082 1327 3145 suscepta
1374 3074 1503 3130 cieri
1562 3074 1823 3130 relatione
1872 3072 2179 3128 didicimus.

2280 496 2397 534 rum
2424 480 2945 547 condescendentes,
2983 489 3045 535 ut
3072 480 3273 536 dictum
3316 489 3418 545 est,
3450 480 3711 548 defeetui,
3746 497 3875 539 eon-

2274 574 2504 631 cessisse
2532 590 2630 631 nos
2680 578 2925 642 noveris;
2957 576 3028 630 ita
3076 585 3275 636 tamen.
3321 582 3380 629 ut
3418 574 3488 630 de
3541 575 3790 630 moribus
3817 582 3866 632 et

2274 666 2382 721 vita
2413 667 2497 722 vel
2541 678 2663 723 actu
2715 668 2882 739 ipsius
2929 678 2983 723 tu
3033 669 3083 722 In
3132 667 3220 723 die
3252 666 3438 738 judicil
3468 676 3595 723 ante
3644 668 3873 723 tribunal

2276 759 2406 813 illud
2454 760 2694 817 terribile
2743 760 2939 817 reddas
2983 762 3258 816 communi
3306 761 3535 816 Domino
3565 760 3873 816 rationem:

2276 852 2399 924 quia
2424 843 2502 908 sic
2528 855 2798 925 praeterita
2828 870 2938 923 pra:
2969 856 3214 924 angustia
3239 855 3499 925 temporis
3529 854 3866 923 mitigamus,

2274 955 2339 1000 ut
2361 955 2516 1002 caute
2545 954 2706 1019 atque
2734 946 2964 1002 sollicite
2992 946 3189 1002 futuris
3218 950 3527 1004 excessibus
3570 948 3877 1006 obviemus-

2283 1038 2510 1110 Propter
2540 1040 2683 1111 quod
2710 1040 2963 1111 jubemus
2992 1041 3239 1096 Micinam
3268 1042 3537 1111 ancillam,
3584 1043 3653 1098 de
3687 1060 3794 1113 qua
3825 1060 3877 1101 se

2283 1145 2407 1204 post
2439 1136 2620 1189 uxoris
2669 1137 2953 1191 transitum
2999 1136 3198 1192 habere
3253 1137 3531 1193 confessus
3585 1147 3673 1193 est
3723 1140 3873 1205 ﬁlios,

2285 1240 2459 1296 neque
2492 1242 2614 1281 cum
2664 1227 2781 1296 ipso
2827 1242 3048 1283 manere
3079 1229 3255 1292 liceat,
3292 1239 3347 1284 et
3389 1229 3705 1299 quicunque
3750 1228 3873 1302 [At.,

2283 1316 2608 1395 cuicunque]
2638 1321 2971 1381 monasterio
3000 1321 3386 1379 continentiam
3418 1321 3760 1393 professum,
3794 1331 3873 1375 tua

2284 1412 2639 1482 dispositione
2668 1414 2928 1481 tradatur,
2962 1426 3020 1470 ut
3051 1416 3260 1473 meliori
3290 1426 3435 1470 sorte
3472 1416 3539 1469 ad
3576 1416 3724 1485 quod
3765 1430 3878 1484 pro-

2288 1514 2534 1559 movetur
2588 1504 2822 1560 oliiciurn
2875 1506 2975 1560 sub
3035 1505 3189 1561 bona:
3246 1505 3414 1575 possit
3466 1505 3625 1561 fama
3694 1510 3877 1562 merito

2290 1595 2632 1665 ministrare,
2687 1612 2785 1652 nec
2839 1598 3017 1667 aliqua
3066 1599 3331 1668 opinionis
3379 1598 3495 1670 ejus
3549 1601 3877 1655 maculanda:

2288 1686 2618 1757 relinquatur
2643 1689 2857 1744 occasio
2910 1687 3216 1759 (Gratianus
3262 1689 3397 1744 Diu.
3443 1692 3537 1759 54,
3576 1707 3701 1760 cap.
3751 1691 3877 1747 Fra-

2206 1789 2256 1853 B
2288 1781 2602 1851 ternitatis).

2720 1871 2993 1928 PELAGII
3030 1871 3075 1927 ll
3112 1871 3458 1943 DECRETA,

2764 1987 2847 2043 Ea;
2876 1987 3124 2045 Gratiano
3160 1990 3397 2065 aliisque.

2659 2122 3016 2169 ADUONITIO
3051 2125 3495 2173 οοιιιζοτοιισ.

2351 2224 2557 2300 1391's“.
2574 2238 2711 2300 μοι
2732 2226 2776 2300 i.‘
2801 2227 3002 2300 dum?“
3027 2230 3245 2300 quaedam
3291 2244 3356 2300 es
3377 2230 3615 2300 ϐφιίξιρο
3654 2229 3880 2300 tam

2284 2288 2443 2355 dedit,
2470 2288 2559 2338 sed
2580 2288 2651 2339 ita
2671 2289 2872 2355 collecta
2912 2298 2965 2355 t_tt
2989 2288 3218 2341 nonnulla
3251 2294 3490 2355 omiserit.
3513 2293 3593 2342 Ne
3616 2294 3739 2354 quid
3764 2307 3873 2355 ergo

2286 2351 2354 2419 ad
2373 2352 2566 2419 plenam
2593 2352 2875 2419 earumdem
2900 2352 3214 2419 decretorum
3239 2353 3585 2419 collectionem
3604 2351 3763 2419 desit,
3782 2351 3877 2419 qua:

2287 2411 2416 2463 illius
2441 2412 2748 2476 diligentiam
2770 2413 3026 2476 fugerunt,
3054 2416 3323 2477 supplenda
3348 2417 3424 2466 hic
3445 2421 3715 2480 assumpsi.

3030 2519 3146 2574 XV.

2358 2610 2601 2682 Pelagius
2622 2627 2756 2682 papa
2785 2614 2932 2669 clero
2962 2613 3241 2670 Narniensi
3260 2625 3307 2667 υ.

2358 2703 2497 2771 Quia
2534 2706 2699 2760 irater
2734 2715 2791 2761 et
2828 2704 3180 2777 coepiscopus
3210 2715 3391 2762 noster
3417 2706 3685 2774 Joannes,
3715 2708 3878 2764 eccle-

2288 2796 2524 2851 siastica:
2577 2797 2827 2851 utilitatis
2868 2798 3046 2851 studio
3086 2798 3367 2865 suadente,
3418 2808 3472 2853 et
3518 2808 3738 2854 natura:
3776 2813 3879 2852 sua

2288 2888 2635 2957 simplicitate
2664 2890 2916 2945 laudabili
2938 2892 3375 2948 consideratione
3403 2900 3655 2957 tractata,
3692 2894 3765 2949 ob
3789 2896 3879 2947 hoc

2285 2982 2429 3050 quod
2460 2996 2519 3036 se
2550 2984 2603 3036 in
2634 2983 2868 3053 gerenda
2900 2986 3205 3051 patrimonii
3244 2986 3579 3051 gubernandi
3614 3002 3770 3050 cura,
3804 2986 3880 3041 vel

2287 3071 2341 3127 in
2374 3075 2651 3144 disciplina
2683 3076 3044 3131 ecclesiastica
3086 3078 3455 3133 conservanda
3493 3079 3727 3133 minime
3757 3078 3879 3133 tate-

588 3169 951 3243 (lmpossibile
978 3175 1063 3224 est
1098 3168 1241 3222 enim
1277 3178 1333 3223 ut
1374 3181 1473 3223 nos
1504 3167 1556 3221 In
1607 3166 1885 3236 provincia
1918 3166 2006 3221 illa
2047 3164 2185 3220 dun-
2212 3162 2260 3235 C
2294 3175 2381 3222 tur
2412 3167 2695 3234 idoneum;
2725 3168 3015 3224 Constituti
3044 3170 3341 3239 presbyteri
3370 3170 3436 3224 ad
3471 3170 3591 3226 hac
3619 3171 3881 3241 explenda

590 3271 735 3317 taxat
774 3263 828 3317 in
873 3261 1225 3334 Syracusanis
1272 3260 1513 3331 partibus
1563 3259 1651 3313 alii
1698 3258 1920 3313 cuilibet
1966 3272 2181 3322 causas,

585 3368 710 3427 qua
729 3354 796 3416 ad
828 3354 999 3418 Deum
1022 3354 1322 3426 pertinent,
1350 3354 1779 3421 committamus,
1805 3351 1911 3409 nisi
1938 3351 2077 3409 forte
2106 3360 2187 3405 ta-

592 3446 698 3502 lem
730 3461 826 3516 per
856 3456 908 3501 te
939 3446 1080 3501 Deus
1126 3459 1269 3500 nunc
1310 3446 1367 3499 in
1394 3444 1669 3499 Catinensi
1712 3443 1910 3519 eligere
1935 3442 2184 3506 voluerit,

587 3537 658 3601 de
683 3538 837 3612 cujus
868 3534 1196 3599 conscientia
1225 3536 1493 3609 possimus
1540 3550 1662 3597 esse
1719 3534 1918 3597 securi,
1973 3542 2033 3589 ut
2072 3546 2103 3587 a
2133 3541 2186 3587 te

585 3629 801 3691 labores
822 3630 954 3691 istos
979 3628 1257 3700 paululum
1273 3642 1553 3690 removere
1577 3625 1895 3701 possimus.)
1919 3624 2036 3687 Mox
2054 3639 2187 3696 ergo

587 3722 819 3787 Dilectio
858 3731 947 3783 tua
993 3721 1061 3783 ad
1089 3719 1455 3795 supradictam
1495 3717 1842 3781 Catin'ensem
1894 3717 2187 3777 ecclesiam

589 3828 798 3893 pergat,
839 3824 897 3879 et
936 3816 1208 3877 hominem
1237 3814 1306 3877 de
1349 3816 1521 3880 clero,
1555 3814 1647 3885 qui
1702 3826 1803 3873 nec
1832 3826 2056 3873 uxorem
2092 3810 2189 3864 ba-

586 3908 737 3979 heat,
765 3922 865 3969 nec
892 3905 1058 3977 filios,
1102 3919 1203 3967 nec
1245 3905 1451 3967 crimen
1490 3904 1703 3977 aliquod
1743 3905 2039 3967 canonibus
2085 3903 2188 3963 ini-

592 4003 815 4069 micum,
839 3998 961 4069 eligi
997 4014 1117 4054 cum
1168 3998 1369 4054 auxilio
1409 4000 1505 4054 Dei
1536 3999 1828 4072 compellat
1872 4009 2035 4071 atque
2064 4014 2191 4061 sua-

592 4092 738 4160 deat,
767 4100 822 4146 et
866 4090 1046 4145 statim
1072 4105 1195 4146 eum
1236 4089 1304 4145 ad
1336 4092 1519 4157 urbem
1561 4088 1784 4145 Romam
1814 4106 1935 4146 cum
1967 4092 2188 4148 decreto

593 4188 651 4238 et
677 4180 1052 4237 testiﬁcatione
1081 4180 1357 4237 relationis
1388 4188 1491 4236 tuae
1530 4182 1833 4238 transmitte
1864 4182 1914 4239 ι’.

1317 4308 1465 4348 IDEI.

677 4390 696 4412 ¹
717 4384 1094 4442 Fraternitatis
1116 4393 1219 4440 tum
1240 4385 1498 4441 relatione
1527 4395 1796 4461 suscepta,
1823 4388 1938 4461 ejus
1968 4388 2187 4443 latorem

592 4480 862 4542 secundas
889 4479 1106 4553 quidem
1137 4478 1349 4550 nuptias
1388 4489 1667 4553 expertum
1699 4497 1804 4536 non
1834 4478 2004 4536 fuisse
2042 4480 2187 4535 didi-

2294 3265 2395 3319 sibi
2447 3263 2689 3334 exposcit
2731 3264 2975 3320 adhiberi
3025 3276 3431 3334 personam:ut
3481 3281 3543 3320 ea
3594 3264 3721 3334 qua:
3769 3274 3883 3321 sunt

2290 3358 2612 3422 necessaria,
2642 3357 2969 3426 competenti
2998 3356 3321 3426 disponente
3340 3357 3713 3413 sollicitudine
3734 3362 3880 3427 ﬁant,

2289 3447 2423 3503 nihil
2448 3447 2707 3502 indecens
2730 3445 2869 3512 ﬁeri,
2902 3446 2989 3502 vel
3028 3446 3219 3501 inutile
3252 3446 3619 3517 permittatur.
3651 3446 3883 3517 Ideoque

2291 3537 2542 3605 presenti
2610 3538 2762 3593 vobis
2804 3537 3049 3607 jussione
3115 3539 3493 3607 praecipimus,
3557 3546 3617 3594 ut
3671 3549 3882 3596 servata

2290 3630 2466 3699 primo
2495 3629 2550 3685 in
2579 3630 2702 3686 loco
2730 3631 2983 3701 episcopo
3023 3640 3319 3687 memorato
3358 3632 3687 3698 merentis,
3728 3648 3881 3703 quam

2290 3737 2387 3777 vos
2442 3722 2598 3795 lCod.
2658 3722 2801 3792 Vat.,
2833 3721 2955 3796 nos]
2993 3724 3244 3780 convenit
3289 3724 3693 3795 inculpabiliter
3739 3725 3882 3781 exhi-

2292 3815 2441 3881 bere,
2475 3815 2528 3870 in
2557 3814 2825 3883 omnibus,
2859 3830 2980 3887 quae
3027 3816 3092 3871 ad
3135 3814 3301 3871 divini
3342 3816 3518 3872 cultus
3557 3817 3875 3887 obsequium

2294 3907 2588 3978 pertinent,
2629 3909 2715 3964 vel
2754 3922 2875 3979 qua:
2920 3908 3301 3965 ecclesiastica:
3350 3908 3595 3965 utilitatis
3620 3923 3877 3979 peragere

2290 4014 2416 4055 cura
2477 4001 2750 4068 suaserit,
2804 4000 3085 4071 praebeatis
3143 4001 3507 4059 obedientiam
3581 4001 3879 4057 Constituto

2292 4091 2621 4163 [Constituto
2645 4092 2787 4147 abest
2812 4110 2846 4146 α
2874 4092 3005 4148 Cod.
3056 4092 3173 4151 Vat.
3219 4093 3427 4166 ubique]
3460 4104 3876 4165 competentera.

2293 4186 2347 4239 in
2380 4184 2526 4239 nullo
2548 4185 2990 4255 dispositionibus
3010 4187 3126 4256 ejus
3153 4189 3344 4258 spiritu
3366 4190 3677 4243 contumaci
3716 4186 3877 4243 resnt

2293 4285 2466 4331 tantes
2512 4275 2739 4346 (Forsan
2782 4279 3156 4345 reluctantes),
3203 4280 3332 4346 irno,
3383 4281 3715 4349 competenti
3757 4278 3879 4349 vigi-

2292 4370 2471 4425 lantiae
2503 4382 2699 4427 vestrae
2744 4374 2942 4439 studio,
2970 4388 3089 4441 qum
3132 4388 3228 4443 pro
3256 4373 3623 4429 ecclesiastica
3654 4375 3879 4429 utilitate

2294 4463 2527 4532 gerenda
2557 4463 2895 4519 Constitutus
2942 4464 3230 4531 monuerit,
3267 4466 3657 4535 adimplentes;
3714 4479 3773 4521 ut
3804 4466 3879 4520 bis

593 4538 766 4629 cimus
794 4614 808 4639 ν
852 4538 1152 4627 ca'slimem
1197 4538 1372 4626 {amen
1411 4538 1535 4627 θέω
1586 4572 1749 4642 priori
1804 4586 1908 4629 ηοη
1941 4585 2190 4633 servasse
2214 4538 2268 4608 Ι)
2292 4552 2364 4608 ita
2396 4554 2689 4625 diSpositis,
2730 4565 2785 4611 et
2815 4567 3069 4612 consueta
3097 4557 3254 4612 vobis
3282 4558 3543 4626 stipendia
3568 4558 3876 4613 ministren-

592 4665 848 4741 conjugio
882 4665 1198 4737 designasti.
1249 4665 1317 4720 Et
1346 4666 1591 4737 quamvis
1620 4667 1789 4721 multa
1832 4667 1941 4721 sint
1984 4682 2104 4741 quae
2134 4664 2188 4721 in

598 4759 904 4831 hujusmodi
952 4759 1166 4815 casibus
1220 4760 1498 4815 observari
1523 4759 1708 4828 jubeat
1739 4759 2051 4815 subtilitatis
2094 4776 2190 4814 au-

597 4855 843 4922 ctoritas,
867 4862 1050 4919 tamen
1080 4854 1204 4926 quia
1247 4853 1488 4909 deiectus
1515 4864 1816 4929 temporum
1854 4863 2184 4925 nostrorum,

602 4945 801 5029 quibus
833 4963 939 5013 non
967 4947 1140 5011 solum
1170 4946 1382 5016 merita,
1401 4946 1495 5003 sed
1523 4962 1747 5018 corpora
1780 4947 1892 5016 ipsa
1914 4946 2190 5002 hominum

602 5038 931 5112 deiecerunt,
964 5036 1317 5103 districtionis
1340 5035 1485 5101 illius
1515 5051 1623 5093 non
1644 5038 1847 5107 patitur
1867 5037 1919 5092 in
1944 5037 2192 5092 omnibus

602 5145 822 5185 manere
868 5143 1172 5194 censuram,
1223 5138 1277 5199 et
1322 5140 1453 5185 astas
1503 5130 1677 5202 istius,
1724 5129 1791 5191 de
1839 5145 1944 5207 quo
1995 5128 2189 5201 agitur,

598 5224 789 5279 futurae
829 5221 1231 5279 incontinentiae
1267 5223 1632 5293 suspicionem
1673 5223 1883 5281 auferre
1920 5223 2191 5293 dignosci-

671 5366 701 5397 ⁸
739 5358 865 5430 llaec
916 5374 1038 5430 cum
1089 5358 1438 5429 sequentibus
1488 5369 1675 5417 extant
1720 5362 1861 5430 apud
1914 5360 2188 5417 Baluzium

598 5429 825 5500 Miscell.
852 5438 893 5482 t.
925 5429 990 5494 V,
1036 5445 1155 5500 pag.
1190 5430 1315 5485 467.

668 5498 697 5539 ι’
716 5499 883 5573 Hujus
897 5498 1141 5573 epistolae
1158 5501 1512 5573 fragmentum
1532 5501 1868 5563 refertetiam
1885 5501 2185 5567 Gratianus,

603 5586 669 5644 ex
697 5569 954 5644 quoldedi
988 5569 1260 5639 periodum
1295 5573 1437 5644 illam
1474 5572 1833 5644 intcrjectam,
1864 5588 2018 5643 quam
2038 5576 2191 5629 uncis

603 5586 669 5624 ex
697 5586 802 5694 quo
832 5586 954 5624 neat
988 5586 1260 5639 periodum
1295 5586 1437 5627 illam
1474 5586 1833 5644 intcrjeCtam,
1864 5588 2018 5643 quam
2038 5590 2184 5629 uncrs

599 5640 700 5695 dist
731 5641 845 5711 nxi.
870 5656 1094 5711 quasque
1140 5644 1276 5711 apud
1321 5643 1588 5698 Balnzium
1622 5643 1974 5697 desideratur.
1994 5644 2184 5700 MANSI.

673 5709 1098 5783 {Fragmentum
1152 5709 1292 5767 istud
1345 5715 1445 5767 sub
1516 5715 1712 5782 Pelagii
1766 5730 1918 5783 papae
1974 5717 2191 5771 nomine

608 5780 776 5837 edidit
804 5779 1124 5838 Gratianus-
1177 5798 1277 5840 nec
1307 5783 1508 5841 indicat
1544 5799 1614 5841 an
1634 5779 1812 5857 primi,
1839 5779 1930 5841 vel
1965 5786 2189 5847 secundi

2295 4656 2403 4713 tur,
2433 4655 2488 4701 et
2528 4663 2861 4718 quaecunque
2893 4650 2944 4703 in
2978 4648 3212 4720 praefatae
3258 4650 3501 4705 ecclesiae
3533 4652 3878 4720 patrimonio,

2294 4740 2378 4795 vel
2426 4740 2494 4795 de
2537 4740 2698 4795 rebus
2729 4741 2793 4795 ad
2842 4756 2960 4796 eam
2994 4742 3382 4809 pertinentibus
3409 4743 3724 4813 repetendis
3766 4751 3880 4799 sunt

2296 4836 2617 4900 necessaria,
2649 4834 3037 4904 cumlileantur.

3024 4946 3158 5002 XVI.

2364 5040 2613 5112 Pelagius
2654 5056 2787 5112 papa
2826 5042 2872 5100 ll
2910 5039 2939 5084 τι
2983 5042 3195 5114 Oplioui
3235 5042 3382 5114 (AL,
3431 5041 3755 5119 Apollonio]
3792 5044 3877 5102 de-

2295 5132 2514 5188 fensori.

2366 5228 2579 5289 Nullam
2624 5236 2945 5299 potestatem
2974 5229 3042 5287 de
3083 5238 3307 5297 cetera,
3359 5233 3560 5293 nullam
3610 5234 3878 5290 licentiam

2298 5367 2550 5439 Pelagii,
2578 5366 2828 5439 Secundo
2874 5368 3225 5439 tamengideo
3271 5368 3617 5429 tribuendum
3662 5384 3876 5437 censeo,

2296 5436 2448 5507 quod
2474 5437 2575 5492 sub
2606 5438 2766 5507 priori
2796 5436 3013 5509 Pelagio
3049 5437 3431 5494 Narniensibus
3462 5450 3694 5509 praeerat
3722 5442 3781 5495 .lu
3799 5457 3867 5495 re:

2304 5509 2438 5579 nalis
2460 5509 2524 5573 ll,
2553 5518 2611 5562 ut
2633 5525 2700 5579 ex
2726 5508 2919 5563 tabulis
2956 5508 3182 5579 Ughcllii
3207 5508 3485 5565 discimus.
3537 5510 3693 5565 lnau.

2370 5577 2397 5616 ἀ
2422 5580 2582 5637 Deest
2636 5578 2701 5633 II
2753 5580 2807 5637 in
2836 5577 3022 5649 editis,
3058 5581 3153 5637 sed
3181 5580 3397 5651 supplet
3426 5579 3563 5639 Cod.
3595 5595 3750 5641 meus
3788 5594 3877 5643 m5-

2359 5733 2506 5800 "lloc
2551 5734 2871 5800 tragmenturn
2890 5736 2980 5800 31x
3014 5733 3180 5785 ditlert
3213 5746 3241 5785 a
3262 5734 3467 5786 dcerem
3488 5735 3619 5800 quod
3653 5737 3876 5799 superius

2297 5794 2481 5860 legitur
2498 5796 2591 5848 sub
2618 5810 2751 5847 num.
2778 5795 2857 5848 ιχ.
2885 5794 3033 5864 Eun,
