4076 6348
314 311 426 370 Ή9

1028 320 1121 381 AD
1159 325 1377 385 EPIST.
1418 328 1509 386 ET
1544 327 1872 391 DECRETA
1906 335 2186 396 PELAGII
2227 339 2429 401 ΡΔΡᾸΞ
2463 341 2509 400 Η
2544 341 2889 404 APPENDIX

3502 358 3606 420 750

314 426 598 485 monachis
626 429 976 504 relinquimus
1009 454 1104 508 pro
1133 441 1361 499 arbitrio
1399 459 1498 500 suo
1537 458 1627 500 aut
1654 448 1904 507 abbatem
1932 455 1985 518 Α
2012 462 2370 515 reverentiam
2413 462 2497 518 vel
2547 462 2615 516 ad
2669 465 2955 523 utilitatem
3008 469 3261 539 ejusdem
3299 475 3498 547 [Deest
3544 478 3607 535 iis
3668 485 3677 547 ξ

314 521 589 547 “Mn”-
628 535 713 547 η,
1039 532 1070 547 ..
1250 536 1280 547 ..
1555 540 1565 547 .
1718 543 1748 547 .-

312 521 591 589 expellere
626 535 717 582 aut
748 527 962 585 sibimet
1000 532 1135 589 alios
1164 536 1442 605 ordinare,
1479 540 1607 610 quia
1638 543 1783 597 nulla
1815 559 1911 599 aua

309 614 541 670 ctoritas
570 620 869 677 remanebit
900 624 1102 692 abbati,
1135 628 1178 683 si
1224 630 1620 688 monachorum
1657 637 1907 703 potestati

306 707 537 777 eruperit
562 711 865 799 subiacere,
893 727 952 775 ut
977 719 1046 774 de
1062 730 1265 779 caetero
1302 724 1535 781 iideiiter
1562 726 1711 798 [Vat.
1746 727 1901 799 Cod.,

306 797 571 873 discreta]
598 812 657 860 et
690 810 938 869 studiose
967 814 1227 879 universa
1258 832 1380 889 qua
1407 819 1476 878 ad
1519 797 1689 879 divini
1730 797 1907 880 cultus

2032 547 2220 623 Vatia]
2250 553 2559 610 monasterii
2600 557 2887 624 pertinent,
2932 560 3143 618 abbatis
3190 546 3501 627 sollicitudo
3529 570 3601 631 ad

2015 657 2174 713 quem
2208 653 2444 713 potestas
2482 654 2593 701 tota
2641 651 2912 717 pertinere
2948 657 3222 723 convenit,
3256 658 3448 720 debeat
3494 666 3599 722 ad-

2013 733 2258 805 implere.
2291 735 2548 807 (Gratim.
2576 756 2731 811 xvttt,
2757 760 2811 813 q.
2833 744 2891 813 2,
2911 761 3032 818 sap.
3059 747 3321 823 Nullam.)

310 968 3604 1047 M‘

1575 1140 2400 1252 APPENDIX

566 1340 723 1425 AD
800 1343 1425 1433 EPISTOLAS
1480 1346 1631 1433 ET
1686 1350 2245 1437 DECRETA
2298 1355 2778 1449 PELAGII
2853 1362 3181 1453 PAP/E
3231 1368 3352 1453 II.

769 1586 1101 1646 EPISTOLA
1142 1590 1323 1666 [υιὶηι.
1370 1592 1432 1666 η.

604 1712 672 1751 Δί)
711 1713 976 1755 BENIGNUI
1018 1718 1463 1762 ARCBIBPISCOPUI
1499 1717 1545 1763 a.

292 1804 558 1884 Reprobat
583 1810 941 1884 episcoporum
968 1814 1034 1868 de
1055 1833 1156 1869 una
1180 1818 1253 1872 ad
1278 1819 1434 1873 aliam
1454 1822 1720 1884 ecclesiam
1748 1830 1895 1879 trait:-

372 1880 533 1945 situs,
565 1881 788 1937 ecclesiae
826 1884 1044 1941 utilitate
1072 1887 1126 1943 id
1163 1904 1266 1943 non
1295 1880 1666 1961 expostulante.

2006 1610 2197 1669 sponte
2227 1617 2321 1658 sua
2354 1605 2666 1676 prosiliunt,
2698 1619 2751 1665 et
2778 1614 2956 1681 potius
2985 1617 3260 1676 ambitioni
3291 1638 3447 1694 quam
3492 1631 3597 1686 uti-

2002 1691 2136 1749 litati
2168 1695 2425 1753 Ecclesiae
2452 1703 2679 1768 servire,
2703 1714 2756 1760 et
2779 1714 2839 1761 ut
2861 1708 3280 1771 dominationem
3308 1691 3487 1787 agant,
3518 1724 3596 1778 in-

2001 1785 2194 1843 sistere
2222 1792 2443 1859 cupiunt
2490 1791 2540 1848 δ.
2585 1794 2738 1853 Unde
2791 1809 2847 1856 et
2891 1802 2943 1857 in
3000 1806 3256 1876 subjectis
3295 1785 3592 1874 canonibus

1999 1881 2304 1937 continetur
2342 1902 2355 1938 :
2389 1886 2446 1941 Si
2495 1888 2687 1960 aliquis
2729 1896 2994 1952 exstiterit
3042 1905 3355 1960 temerarius
3400 1908 3592 1978 (Cone.

373 1996 733 2056 nimium
759 1999 918 2058 nam
943 2002 1184 2075 Benigno
1208 2007 1615 2079 archiepiwopo
1644 2008 1893 2081 Pelagius
1922 2024 1971 2084 Β
2217 1975 2391 2084 L2),
2420 1980 2509 2048 qui
2534 1980 2761 2084 forsitan
2791 1990 3187 2084 excusatimtem
3220 1969 3426 2068 ali'erat,
3450 2004 3595 2073 quod

290 2090 610 2160 episcopus.

367 2182 544 2239 Lectis
573 2182 945 2243 Fraternitatis
973 2196 1079 2243 mae
1107 2189 1301 2247 litteris
1328 2190 1417 2258 (S.
1449 2192 1583 2258 Leo,
1628 2196 1777 2263 epist.
1808 2196 1889 2267 3),

285 2273 533 2347 vigorem
562 2277 685 2334 fidei
712 2286 841 2345 tum,
870 2296 1030 2348 quem
1063 2280 1263 2337 dudum
1293 2299 1639 2353 noveramus,
1668 2289 1891 2358 agnovi-

286 2382 440 2437 mus,
468 2373 906 2441 congratulantes
937 2373 1221 2433 Dilectioni
1244 2386 1376 2442 tum,
1410 2379 1553 2448 quod
1596 2381 1663 2435 ad
1703 2389 1886 2439 custo-

280 2459 549 2517 diendum
570 2478 786 2534 gregem
814 2465 1014 2523 Christi
1042 2470 1363 2535 pastoralem
1393 2487 1579 2529 curam
1602 2474 1887 2543 vigilanter

280 2549 590 2625 impendis,
637 2567 695 2613 et
718 2572 819 2626 pro
847 2559 945 2615 tibi
988 2561 1215 2617 subditis
1256 2564 1521 2621 sollicitus
1549 2569 1757 2625 existis.
1802 2570 1884 2627 Ad

282 2656 529 2704 nostram
567 2652 712 2707 enim
744 2652 986 2709 latitiam
1029 2666 1085 2712 et
1122 2656 1401 2714 benefacta
1430 2664 1753 2730 perveniunt
1788 2664 1882 2734 (S.

279 2736 515 2808 Coelan,
559 2745 712 2813 epist.
743 2744 837 2815 2);
867 2754 925 2802 et
967 2749 1015 2802 si
1054 2747 1228 2820 aliqua
1261 2766 1421 2811 secus
1462 2768 1623 2822 quam
1668 2766 1883 2825 oportet

278 2834 669 2902 provenerint,
712 2852 827 2892 non
862 2840 1077 2895 modico
1102 2856 1203 2897 nos
1250 2858 1487 2901 interere
1529 2848 1874 2906 conturbant.

281 2922 532 2993 Magnam
558 2928 704 2983 enim
742 2931 1161 3000 gratulationem
1204 2934 1385 2992 divina
1412 2939 1663 2997 concedit
1703 2942 1877 3010 gratia

280 3012 472 3086 (Lbea.
499 3019 669 3075 Totet.
696 3022 790 3094 ι),
817 3025 1034 3094 quando
1056 3026 1242 3082 tribuit
1268 3029 1407 3085 inter
1426 3044 1526 3085 nos
1542 3041 1599 3085 et
1628 3032 1878 3089 salutaris

278 3107 589 3180 disciplina
636 3128 880 3173 normam
911 3118 1107 3175 litteris
1148 3120 1395 3179 conferre
1421 3120 1558 3195 (AL,
1591 3124 1871 3197 proferre],

276 3211 338 3258 et
364 3209 647 3273 provenire
685 3210 751 3264 ad
785 3210 1133 3279 paciﬁcatum
1181 3212 1358 3267 studia
1397 3210 1530 3273 facit
1558 3226 1871 3287 pranptata.
1976 3209 1998 3310 ξ

279 3294 456 3368 Exigit
495 3316 626 3373 ergo
665 3302 890 3360 Dilectio
940 3314 1028 3360 tua
1071 3304 1392 3390 [Hosimus]
1428 3312 1675 3365 consulta
1724 3313 1872 3369 sedis

276 3390 607 3459 apostolica,
634 3396 682 3449 si
716 3396 919 3452 licitum
958 3396 1098 3454 foret
1123 3400 1438 3471 episeOpum
1472 3403 1737 3470 transire,
1775 3413 1867 3462 aut

1998 2065 2176 2132 populi
2216 2066 2420 2124 litteras
2447 2077 2736 2143 acceperit,
2766 2086 2821 2133 et
2846 2079 2967 2135 ideo
2999 2085 3267 2154 migravit,
3305 2065 3430 2147 dum
3466 2065 3595 2151 .ma-

1997 2154 2250 2213 nifestum
2281 2161 2350 2215 sit
2394 2167 2613 2231 praemio
2643 2176 2699 2224 et
2730 2174 2978 2229 mercede
3008 2192 3237 2247 paucos,
3270 2184 3360 2254 qui
3406 2201 3590 2243 smce-

1995 2261 2111 2302 ram
2141 2248 2299 2305 (idem
2332 2269 2437 2308 non
2470 2254 2686 2323 habent,
2721 2263 2959 2330 potuisse
2988 2248 3369 2340 corrumpi,‘ut
3396 2275 3591 2334 clama-

1994 2348 2114 2397 rent
2142 2342 2193 2396 in
2219 2345 2467 2413 ecclesia,
2495 2359 2548 2405 et
2578 2353 2752 2422 ipsum
2784 2366 2970 2425 petere
3003 2360 3336 2436 viderentur,
3364 2372 3587 2429 omnino

1994 2428 2090 2483 has
2111 2430 2324 2488 fraudes
2350 2442 2702 2497 removendus
2726 2462 2847 2501 esse
2873 2464 3175 2509 censemus.
3206 2455 3300 2514 His
3331 2463 3508 2519 verbis
3528 2472 3589 2522 et

1990 2519 2108 2573 aliis
2155 2524 2339 2579 multis
2387 2532 2648 2602 exemplis
2696 2535 2862 2607 liquet
2891 2555 2995 2599 non
3034 2542 3102 2599 de
3152 2546 3233 2602 his
3261 2548 3445 2611 dicere

1988 2613 2146 2687 paulo
2172 2619 2421 2686 superius
2455 2623 2785 2691 praelibatum
2820 2630 2925 2701 est)
2954 2634 3041 2703 qui
3078 2636 3244 2707 pulsi,
3280 2650 3334 2696 ut
3361 2659 3467 2703 non
3491 2613 3582 2704 re-

1987 2705 2127 2773 cepti
2173 2721 2202 2761 a
2234 2709 2460 2781 civibus,
2499 2716 2576 2769 vel
2605 2732 2633 2770 a
2675 2719 3101 2794 quibuscunque,
3144 2705 3236 2784 aut
3262 2736 3582 2793 necessitate

1986 2806 2234 2868 cogente,
2266 2803 2349 2857 vel
2380 2808 2698 2864 auctoritate
2730 2811 2991 2882 majorum
3037 2827 3316 2879 transeunt
3344 2826 3409 2882 de
3439 2828 3579 2885 civi-

1985 2896 2092 2946 tate
2118 2894 2186 2947 ad
2216 2895 2515 2968 civitatem;
2562 2902 2657 2960 sed
2700 2905 2769 2961 de
2799 2907 2880 2964 his
2911 2910 3001 2981 qui
3029 2927 3222 2984 sponte
3260 2922 3571 2993 prosiliunt,

1980 2992 2073 3036 aut
2119 2988 2463 3055 temeritatis,
2516 3004 2607 3047 aut
2654 2998 2960 3058 ambitionis
3003 3020 3162 3061 causa
3201 2988 3304 3066 hoc
3346 3014 3570 3076 faciunt.

1976 3071 2113 3131 Nam
2153 3078 2297 3135 aliud
2325 3090 2407 3136 est
2444 3096 2635 3156 sponte
2667 3092 2934 3166 transire,
2985 3106 3040 3153 et
3080 3101 3227 3156 aliud
3258 3116 3342 3161 est
3380 3121 3570 3169 coacta

1974 3177 2068 3221 aut
2097 3169 2415 3228 necessitate
2444 3178 2645 3234 venire.
2682 3178 2834 3249 Unde
2877 3200 2983 3242 non
3028 3189 3114 3244 isti
3144 3204 3350 3252 mutant
3379 3200 3569 3259 civita-

1972 3363 2154 3420 agunt.
2197 3354 2329 3423 Quis
2355 3360 2498 3416 enim
2522 3377 2752 3437 unquam
2780 3372 2942 3429 audet
2966 3374 3165 3445 dicere,
3191 3395 3437 3445 sanctum
3462 3391 3565 3447 Pc-

314 3447 328 3455 .
593 3447 606 3459 .
648 3447 679 3449 μ
959 3447 1097 3454 --ην
1128 3447 1307 3468 ww"
1352 3447 1438 3455 ----
1472 3447 1737 3470 --------ν,
1775 3447 1867 3462 --η

277 3488 488 3537 mutare
515 3483 582 3537 de
623 3485 838 3541 civitate
873 3487 942 3542 ad
964 3488 1262 3556 civitatem,
1294 3447 1421 3546 dium
1454 3492 1673 3563 quidam
1698 3509 1864 3552 cano-

1976 3454 2112 3501 trum
2136 3453 2498 3520 apostolorum
2525 3459 2821 3537 principem
2846 3480 2953 3523 non
2976 3468 3111 3526 bene
3133 3475 3326 3546 egisse,
3348 3485 3567 3555 quando

276 3585 376 3627 nes
401 3572 485 3643 (ut
510 3573 608 3630 tibi
633 3576 863 3649 videtur)
892 3579 994 3636 hoc
1023 3580 1141 3637 ﬁeri
1181 3582 1516 3651 prohibeant.
1544 3586 1868 3655 Significasti

272 3662 440 3718 etiam
481 3665 671 3722 litteris
700 3671 828 3737 tuis,
852 3672 1137 3739 quemdam
1166 3672 1406 3741 fratrem,
1434 3678 1652 3733 nomine
1672 3687 1725 3739 et
1742 3692 1867 3736 actu

274 3750 375 3811 Dei
405 3753 658 3824 Servum,
686 3775 847 3816 causa
868 3762 1113 3819 utilitatis
1137 3775 1346 3821 mutare
1374 3775 1424 3821 te
1446 3768 1585 3823 velle
1612 3770 1664 3823 in
1688 3770 1863 3825 locum

272 3852 334 3899 et
361 3846 634 3906 civitatem
662 3851 940 3922 defuncti,
980 3856 1109 3912 licet
1135 3857 1350 3929 quidam
1398 3861 1579 3917 dicant
1614 3862 1717 3919 hoc
1744 3863 1864 3922 ﬁeri

273 3951 382 3993 non
409 3940 593 4009 licere,
622 3945 725 4000 nisi
747 3944 1003 4020 [etiamsi]
1029 3964 1355 4009 consensum
1382 3955 1692 4024 apostolicae
1716 3958 1860 4016 sedis

269 4026 573 4090 habuisses.
598 4036 933 4109 Quapropter
952 4041 1111 4108 scias,
1136 4041 1303 4101 frater
1320 4044 1691 4115 dilectissime,
1716 4048 1862 4106 aliud

266 4135 393 4178 esse
419 4139 635 4181 causam
675 4130 1011 4188 necessitatis
1057 4142 1115 4190 et
1156 4135 1430 4207 utilitatis,
1474 4148 1529 4194 et
1553 4138 1696 4196 aliud
1738 4156 1864 4197 cau—

267 4227 385 4270 sa
417 4220 846 4291 prasamptionis
872 4236 926 4279 et
958 4226 1187 4294 promite
1218 4227 1531 4285 voluntatis.
1579 4230 1695 4287 Non
1728 4246 1862 4303 ergo

267 4315 441 4363 mutat
467 4311 673 4381 sedem,
700 4313 792 4384 qui
808 4331 919 4369 non
943 4326 1114 4372 mutat
1142 4327 1396 4386 mentem,
1426 4320 1477 4376 id
1502 4331 1609 4388 est,
1634 4323 1729 4392 qui
1749 4340 1857 4381 non

263 4410 430 4455 causa
454 4403 718 4473 avaritiae,
746 4414 839 4461 aut
860 4406 1266 4476 dominationis,
1291 4419 1384 4465 aut
1412 4413 1645 4480 pmpriae
1672 4415 1857 4472 volun-

263 4490 415 4557 tatis,
444 4493 527 4548 vel
555 4508 671 4551 sua:
698 4496 983 4554 electionis
1022 4501 1217 4570 migrat
1239 4502 1307 4558 de
1331 4504 1547 4559 civitate
1573 4505 1639 4560 ad
1669 4507 1857 4563 civita-

262 4586 413 4649 tem,
456 4585 558 4642 sed
599 4601 758 4643 causa
808 4591 1145 4647 necessitatis
1174 4602 1267 4648 aut
1313 4594 1558 4651 utilitatis
1597 4606 1852 4656 mutatur.

260 4671 395 4731 Nam
420 4685 477 4732 et
502 4678 854 4747 plurimorum
885 4683 1086 4739 utilitas
1109 4688 1269 4742 unius
1301 4686 1518 4743 utilitati
1547 4698 1639 4745 aut
1668 4691 1856 4755 volun-

256 4765 357 4821 tati
388 4771 717 4837 praterenda
746 4784 848 4830 est.
883 4776 1041 4831 Aliud
1067 4785 1154 4833 est
1180 4779 1326 4835 enim
1354 4789 1582 4846 mutare,
1615 4792 1670 4839 et
1706 4784 1853 4841 aliud

1976 3544 2199 3599 mutavit
2242 3548 2429 3605 sedem
2460 3551 2527 3607 de
2575 3553 2858 3621 Antiochia
2906 3562 2961 3623 in
3008 3544 3271 3625 Romam?
3300 3544 3404 3631 Aut
3444 3578 3564 3649 quis

1973 3644 2095 3688 eum
2126 3647 2282 3705 negat
2306 3639 2375 3695 ob
2401 3641 2451 3696 id
2482 3654 2722 3703 sanctum
2748 3665 2854 3706 non
2895 3668 3034 3721 esse,
3064 3669 3156 3717 aut
3182 3664 3429 3723 meritum
3454 3639 3563 3725 un-

1971 3738 2130 3792 quam
2158 3732 2489 3797 apostolatus
2532 3745 2636 3790 tam
2669 3741 2723 3796 in
2768 3743 2932 3813 caelis,
2962 3763 3121 3818 quam
3162 3752 3215 3813 in
3248 3759 3408 3821 terris
3437 3776 3562 3828 per-

1970 3814 2205 3873 didisse?
2230 3820 2333 3876 Aut
2360 3826 2480 3894 quis
2500 3840 2658 3899 negat
2688 3844 2901 3894 sanctos
2932 3814 3040 3897 non
3062 3858 3183 3906 esse
3202 3814 3401 3909 multos

1970 3907 2285 3981 episcenos,
2337 3917 2427 3984 qui
2456 3918 2522 3973 de
2568 3921 2872 3983 civitatibus
2921 3932 2987 3991 ad
3028 3934 3267 3997 civitates
3295 3907 3557 4005 translati

1966 4010 2119 4066 sunt,
2150 4012 2241 4059 aut
2270 4010 2523 4065 meritum
2577 4016 2913 4083 pontiﬁcatus
2954 4025 3297 4097 perdidisse;
3328 4051 3557 4108 quorum

1964 4098 2183 4151 nomina
2204 4098 2249 4152 si
2273 4104 2527 4170 coeperim
2551 4121 2969 4183 enumerarc,an
2979 4127 3027 4173 te
3050 4120 3164 4179 dies
3178 4098 3553 4203 pertransiret,

1963 4198 2122 4255 quam
2155 4190 2267 4247 haec
2289 4197 2468 4253 omnia
2492 4202 2823 4269 perscribere
2850 4223 3061 4279 possem
3092 4190 3220 4287 [Al:,
3246 4221 3408 4279 scribi
3429 4190 3554 4294 p08:

1964 4280 2128 4352 sentj,
2153 4295 2206 4339 et
2235 4287 2491 4353 prolixior
2511 4293 2612 4351 erit
2634 4297 2861 4366 cpistola
2882 4318 3041 4373 quam
3070 4280 3291 4373 necesse
3312 4280 3555 4373 sit?.Atit

1963 4374 2083 4443 quis
2131 4391 2359 4446 unquam
2408 4392 2583 4451 potest
2622 4392 2955 4465 approbare,
2996 4411 3240 4461 sanctum
3280 4420 3389 4461 non
3428 4424 3552 4466 esse

1962 4467 2326 4530 Alexandrum
2378 4478 2467 4546 qui
2524 4479 2953 4558 Hierosolymam
3003 4492 3072 4549 de
3120 4498 3285 4557 altera
3335 4500 3552 4561 civitate

1961 4564 2249 4621 translatus
2279 4580 2359 4624 est
2386 4572 2538 4641 (Sac.
2584 4592 2678 4643 vit,
2713 4595 2759 4631 c.
2788 4578 2919 4650 5U)?
2945 4594 3038 4638 aut
3068 4599 3314 4649 sanctum
3345 4592 3551 4666 Grego-

1959 4654 2095 4709 rium
2126 4656 2543 4732 Nazianzenum,
2575 4670 2665 4741 qui
2697 4672 2752 4724 in
2786 4671 3051 4732 Nazianzo
3080 4683 3401 4742 constitutus
3428 4654 3547 4744 est?

1959 4755 2049 4799 aut
2078 4749 2322 4806 sanctum
2371 4752 2616 4811 Procium
2636 4798 2650 4824 ,
2697 4762 2785 4830 qui
2817 4764 2883 4819 de
2915 4767 3105 4837 Cyzico
3136 4776 3442 4847 translatus,
3489 4790 3548 4838 et

258 4834 490 4929 mutari;
521 4863 659 4919 sicut
704 4866 847 4923 aliud
874 4870 1216 4937 ministrare,
1244 4882 1301 4927 et
1344 4834 1853 4935 aliud
1881 4834 1933 4896 Β
1954 4834 2471 4942 φὶῗφηῠῃοροῃω
2493 4845 2894 4942 -ἰῃιΙ-ηοῃίωωε
2923 4860 3044 4921 es”
3088 4862 3207 4919 Non
3248 4884 3379 4942 ergo
3406 4871 3547 4931 bene

255 4951 412 5011 Unde
451 4955 709 5015 Dominus
740 4961 794 5015 in
839 4962 1135 5032 Evangelia
1172 4964 1431 5034 loquitur,
1466 4966 1689 5025 dicens:
1722 4968 1843 5026 Non

254 5047 369 5103 vani
394 5048 693 5119 ministrari,
715 5052 805 5107 sed
831 5055 1122 5110 ministrare
1147 5055 1363 5128 (Matth.
1384 5057 1502 5129 xx).
1524 5059 1676 5125 Quod
1696 5060 1843 5116 enim

252 5133 313 5190 in
338 5140 636 5196 canonibus
664 5142 888 5213 legitur,
937 5161 1043 5202 non
1072 5148 1274 5204 debere
1313 5153 1623 5221 episcopum
1666 5153 1736 5209 de
1763 5154 1841 5215 ci-

251 5227 416 5283 vitate
434 5231 500 5283 ad
520 5232 788 5291 civitatem
811 5238 1041 5293 transire
1055 5239 1281 5309 (Concil.
1300 5241 1561 5308 Antioch,
1584 5259 1700 5297 can.
1722 5242 1841 5315 2i),

250 5317 340 5372 vel
369 5321 671 5393 transferri,
704 5340 812 5382 non
840 5328 908 5384 de
934 5327 1019 5384 his
1046 5330 1261 5399 dicitur,
1293 5335 1380 5402 qui
1411 5344 1503 5389 aut
1527 5336 1576 5388 vi
1608 5334 1837 5405 expulsi,

247 5421 342 5466 aut
372 5416 692 5474 necessitate
725 5420 933 5489 coacti,
958 5430 1055 5477 aut
1087 5424 1406 5481 auctoritate
1434 5427 1699 5497 majorum
1740 5427 1841 5483 hoc

245 5506 572 5572 δεηθεῖεοὰ
596 5508 668 5565 de
713 5509 831 5580 bis,
868 5512 963 5584 qui
1000 5510 1242 5571 avaritia
1263 5515 1459 5572 ardore
1503 5517 1838 5585 inflammati,

322 5698 347 5727 ⁸
381 5689 525 5757 Quin
582 5692 823 5768 haesit
883 5712 951 5768 es
998 5698 1288 5768 suppositis
1335 5697 1524 5754 lsidori
1568 5700 1838 5758 mercibus

246 5771 410 5840 nemo
438 5778 673 5840 unquam
699 5765 966 5824 dubitabit
995 5765 1328 5840 in'legendis
1355 5777 1600 5826 veterum
1641 5786 1837 5829 monu-

246 5831 444 5888 mentis
485 5831 832 5893 eaet-citatus.

1954 4924 2262 5000 intelligunt
2310 4937 2701 4996 ecclesiasticas
2752 4948 3004 5020 regulas,
3050 4955 3142 5026 qui
3200 4924 3546 5035 boavi-tegant

1952 5030 2112 5074 causa
2156 5022 2400 5081 utilitatis
2438 5041 2527 5085 aut
2557 5038 2889 5097 necessitatis
2918 5043 3033 5100 fieri
3064 5022 3173 5104 non
3202 5064 3380 5123 posse,
3410 5022 3547 5126 quo-

1954 5112 2052 5169 ties
2111 5120 2412 5177 communis
2463 5124 2687 5187 utilitaS'
2719 5140 2810 5187 aut
2851 5139 3144 5195 necessitas
3190 5112 3547 5212 pertinuerit

1950 5205 2137 5265 Nullus
2180 5213 2321 5267 enim
2349 5232 2410 5270 ex
2440 5216 2547 5288 bis,
2579 5232 2670 5277 aut
2699 5242 2765 5280 ex
2792 5227 2932 5296 aliis,
2960 5233 3051 5301 qui
3078 5205 3289 5295 meliori
3314 5243 3546 5298 consilio

1950 5312 2291 5360 mutaverunt
2316 5308 2561 5369 civitates
2585 5320 2907 5379 necessitate
2930 5324 3183 5394 quadam,
3206 5329 3289 5384 vel
3312 5331 3546 5393 utilitate

1949 5396 2347 5470 ecclesiastica,
2380 5412 2473 5463 aut
2516 5406 2653 5467 laica
2686 5415 3062 5475 communione
3099 5432 3291 5485 carere
3334 5429 3544 5496 reperi-

1950 5502 2104 5557 mus,
2147 5506 2246 5551 nec
2295 5494 2561 5554 ullatenus
2601 5516 2832 5574 unquam
2878 5508 2996 5567 ﬁeri
3040 5509 3227 5569 debet.
3256 5494 3543 5581 Sententia

2020 5706 2215 5794 1.8”:
2245 5724 2394 5794 .²¹¹¹³⁰
2424 5713 2552 5794 ma
2605 5733 2664 5794 ’θ’
2699 5719 2760 5785 ⁷,
2786 5730 3037 5794 ’ἕρκει
3084 5746 3150 5793 ω
3192 5734 3378 5792 Bittius
3422 5736 3541 5794 haec

1943 5775 2491 5881 attingit-unquam
2521 5775 2787 5845 decimam
2812 5775 3540 5881 Ptianiepi'aio‘ii'éiij'dﬁ

1930 5843 2313 5919 fragmentum.
