4076 6348
527 248 629 311 ’151

1343 248 1434 306 AD
1477 241 1849 308 EPISTOLAS
1892 244 1978 304 ΕΤ
2023 243 2343 305 DECRETA
2383 250 2652 315 PELAGH
2693 260 2897 320 PAPE
2933 259 2978 319 ιι

3697 254 3795 315 ἳὸὶ

523 382 657 425 vero
682 378 801 437 quae
829 365 881 421 in
920 360 1255 422 Antiocheno
1281 367 1511 422 concilio
1553 368 1776 423 habetur
1802 366 1953 438 (Can.
1986 365 2104 435 2t),
2132 364 2190 424 Δ
2212 364 2278 420 de
2307 367 2425 425 loco
2451 374 2517 427 ad
2560 375 2768 441 locum,
2800 389 2854 433 et
2883 379 2949 433 de
2978 373 3195 433 civitate
3225 374 3289 429 ad
3320 372 3625 437 civitatem,
3668 374 3797 430 tales

527 469 591 516 ut
614 459 895 529 episcopus
937 459 1003 513 ab
1040 459 1143 513 alia
1173 459 1420 529 parochia
1452 474 1783 530 nequaquam
1814 461 2005 529 migret
2040 460 2106 513 ad

527 553 718 621 aliam,
761 562 870 608 tota
892 593 907 619 ,
957 562 1115 623 atque
1152 567 1339 608 omnes
1375 554 1656 610 sententia:
1682 554 1750 609 de
1784 570 1844 609 ea
1876 552 2107 626 [eadem]

529 659 593 701 re
610 644 718 700 vim
737 645 980 714 superius
998 646 1441 713 comprehensam
1466 647 1718 712 retinent,
1747 653 1804 700 et
1827 644 1957 699 nihil
1980 660 2111 715 pra:-

531 747 711 794 taxato
752 739 911 794 modo
952 738 1394 794 translationibus
1434 739 1804 808 episcoporum
1848 738 1982 793 actis
2019 747 2111 792 ant

526 830 748 902 agendis
779 839 993 896 nocent,
1027 832 1122 886 sed
1162 832 1331 901 magis
1362 831 1525 887 robur
1551 832 1630 887 eis
1659 845 1721 886 ac
1752 830 1961 885 Domini
1991 829 2109 885 Sal-

529 925 734 979 vatoris
781 938 1125 994 quaeomnes
1168 923 1459 979 canonicos
1510 923 1871 993 superexaltat
1906 921 2106 987 libros,

528 1019 900 1073 auctoritatem
916 1025 1192 1088 praestant.
1216 1017 1376 1072 Tales
1396 1024 1572 1073 autem
1595 1017 1919 1087 quaestiones
1941 1015 2109 1084 magis

528 1123 597 1164 ex
642 1109 838 1164 invidia
866 1123 1024 1180 quam
1055 1124 1120 1164 ex
1166 1108 1429 1163 charitate
1460 1117 1552 1163 aut
1580 1107 1812 1162 utilitate
1841 1106 1986 1161 nasci
2034 1108 2111 1160 vi-

528 1199 745 1267 dentur,
778 1215 896 1255 cum
925 1200 1035 1269 ipsa
1064 1213 1158 1269 per
1186 1213 1245 1253 se
1273 1198 1484 1255 Veritas
1529 1198 1705 1254 dicat:
1742 1199 1802 1252 Si
1826 1214 1911 1251 vos
1936 1214 2109 1270 perse-

528 1293 633 1346 cuti
653 1293 837 1363 fuerint
853 1295 1071 1347 inuitam
1084 1292 1359 1359 civitatem,
1383 1293 1542 1363 fugite
1556 1294 1611 1345 in
1631 1293 1785 1345 aliam
1802 1290 2009 1361 (Matth.
2030 1292 2105 1360 χ),

526 1390 584 1439 et
626 1383 851 1453 reliqua.
883 1382 1016 1438 Huic
1045 1398 1173 1454 ergo
1197 1383 1478 1439 sententiae
1508 1383 1683 1436 nullus
1726 1382 2108 1436 catholicorum

524 1487 751 1543 usquam
782 1474 1383 1553 contradicere‘potest,
1427 1489 1547 1544 quae
1590 1488 1695 1528 non
1721 1473 1973 1537 alterius,
2012 1471 2109 1528 sed

524 1563 693 1633 ipsius
734 1566 947 1634 proprio
978 1553 1186 1620 Domini
1230 1579 1323 1620 ore
1369 1565 1572 1634 prolata
1596 1610 1611 1633 ,
1642 1576 1696 1620 et
1741 1567 1946 1619 ﬁrmata
1990 1579 2109 1619 esse

524 1640 879 1725 dignoscitur.
910 1655 1006 1711 Cui
1052 1655 1096 1710 si
1127 1655 1317 1725 aliquis
1348 1656 1764 1723 contradixerit,
1798 1671 1907 1710 non
1936 1656 2107 1711 solum

2212 478 2547 533 nequaquam
2570 468 2855 539 reciperet,
2887 484 2985 524 nec
3009 483 3192 524 secum
3219 474 3448 530 teneret,
3475 479 3577 519 nec
3604 462 3658 517 in
3685 465 3799 521 aliis

2210 555 2518 612 civitatibus
2564 572 2659 614 eos
2708 560 3019 615 collocaret.
3074 558 3174 627 Qui
3222 558 3364 612 enim
3410 562 3802 626 persequimur

2211 646 2422 701 Domini
2452 647 2764 719 episcopos,
2807 664 3011 719 eosque
3038 649 3106 705 de
3136 647 3439 703 civitatibus
3466 645 3533 701 ad
3558 644 3802 703 civitates

2212 739 2441 794 transire
2468 741 2830 809 compellunt,
2863 755 2968 795 non
3012 753 3105 795 eos
3132 748 3339 795 tantum
3378 744 3799 807 persequuntur,

2211 838 2469 899 quantum
2514 829 2799 884 Dominum
2841 838 3085 884 nostrum
3112 829 3294 885 Jesum
3320 827 3622 894 Christum,
3650 826 3803 896 cujus

2211 921 2475 991 legatione
2528 922 2833 994 funguntur.
2874 923 2984 981 Nec
3034 924 3134 994 ipsi
3183 923 3237 979 in
3288 921 3388 977 hoc
3432 930 3668 992 peccant
3695 920 3803 990 cpi.

2212 1014 2379 1082 scopi,
2410 1013 2660 1085 quoniam
2701 1030 2806 1069 non
2838 1023 3030 1084 sponte
3050 1054 3063 1078 ,
3112 1012 3208 1069 sed
3254 1022 3440 1069 coacte
3466 1012 3573 1069 hoc
3601 1020 3801 1083 agunt;

2211 1106 2305 1160 sed
2337 1105 2411 1160 illi
2449 1120 2479 1159 a
2509 1106 2703 1174 quibus
2742 1115 3169 1177 persequuntur;
3218 1120 3317 1160 nec
3359 1104 3493 1175 ipsis
3535 1102 3803 1175 episcopis

2213 1197 2315 1251 hoc
2344 1196 2590 1265 imputari
2625 1205 2833 1265 potest,
2862 1197 2957 1252 sed
2996 1197 3098 1251 illis
3126 1197 3217 1266 qui
3247 1210 3341 1251 eos
3381 1194 3487 1251 hoc
3516 1210 3686 1266 agere
3712 1208 3803 1251 co-

2210 1299 2360 1360 gunt.
2402 1290 2636 1344 Sanctus
2668 1291 2811 1343 enim
2853 1298 3213 1359 protomartyr
3252 1286 3558 1357 Stephanus
3600 1284 3802 1355 lapida-

2213 1380 2389 1447 batur,
2422 1379 2516 1434 sed
2544 1378 2702 1434 Jesus
2731 1379 3056 1449 suscipiebat
3084 1380 3285 1449 plagas.
3316 1377 3555 1445 Ideoque
3594 1376 3803 1433 unicui-

2210 1486 2313 1541 que
2342 1470 2743 1541 prtevidendum
2772 1480 2854 1526 est
2883 1469 3104 1540 (Hadr.,
3135 1470 3236 1523 col.
3264 1510 3278 1535 ,
3308 1485 3424 1539 cap.
3457 1467 3558 1537 66)
3589 1483 3660 1525 ne
3702 1469 3802 1523 ali-

2211 1578 2371 1633 quem
2412 1563 2611 1633 injuste
2656 1572 3037 1632 persequatur,
3066 1561 3301 1632 judicet,
3343 1560 3428 1615 vel
3468 1561 3689 1629 puniat,
3739 1574 3804 1616 ne

2209 1654 2391 1711 Jesum
2439 1667 2826 1726 persequatur,
2867 1655 3112 1724 judicet,
3157 1663 3212 1709 et
3243 1654 3444 1723 puniat.
3488 1653 3595 1721 Qui
3623 1662 3801 1710 autem

446 1790 450 1797 .
522 1747 775 1813 extorris,
800 1746 896 1802 sed
925 1747 1083 1801 etiam
1114 1745 1594 1803 anathematizatus
1628 1748 1696 1802 ab
1739 1747 1965 1802 ecclesia
1999 1746 2108 1815 pel-
2137 1756 2185 1816 Β
2216 1757 2414 1819 negant
2443 1748 2867 1803 misericordiam
2898 1747 3197 1802 faciendam
3226 1744 3582 1815 fugientibus,
3609 1759 3677 1800 ac
3715 1761 3803 1801 ne

523 1836 670 1893 latur
697 1846 746 1891 ⁸.
796 1837 866 1891 Ει
912 1838 1166 1892 Dominus
1209 1839 1281 1891 in
1303 1836 1592 1908 Evangeiio
1622 1839 1754 1903 alias
1781 1839 1943 1893 dicit:
1969 1837 2110 1893 Beati

523 1928 613 1997 qui
632 1928 1025 1996 persecutionem
1038 1929 1516 1998 patiunturprOpter
1531 1930 1788 2000 justitiam
1805 1928 2107 2000 (Matth.v).
2152 1980 2155 1981 ν

524 2017 584 2075 Si
614 2034 708 2075 eos
748 2020 1004 2076 Dominus
1041 2020 1227 2076 beatos
1254 2019 1404 2084 dicit,
1430 2021 1519 2091 qui
1562 2022 1987 2091 persecutionem
2017 2036 2111 2089 pa-

522 2110 730 2166 tiuntur
759 2119 978 2180 propter
998 2109 1289 2181 justitiam,
1323 2112 1443 2181 quis
1472 2125 1567 2166 eos
1596 2111 1853 2166 damnare
1902 2112 2111 2181 potest?

522 2201 590 2257 Et
618 2202 663 2256 si
695 2203 808 2272 ipse
837 2201 903 2256 de
946 2201 1164 2257 civitate
1191 2200 1259 2256 ad
1290 2202 1559 2256 civitatem
1604 2211 1824 2271 propter
1865 2217 2113 2271 persecu-

523 2289 729 2346 tionem
756 2292 942 2361 fugere
966 2292 1230 2361 praecipit,
1262 2293 1382 2361 quis
1410 2308 1503 2348 eos
1526 2293 1831 2358 detrahere,
1854 2303 1944 2347 aut
1963 2294 2111 2348 dam-

500 2392 657 2439 ‘nare
704 2392 984 2454 propterea
1017 2383 1176 2439 audet
1205 2383 1285 2438 vel
1315 2393 1510 2453 potest,
1541 2383 1681 2454 quod
1713 2384 1889 2439 verbis
1928 2385 2112 2439 domi-

523 2473 662 2527 nicis
692 2473 1103 2543 obtemperant?
1142 2471 1391 2528 Profecto
1437 2476 1482 2529 is
1522 2476 1608 2543 qui
1655 2474 1974 2530 contradicit
2024 2484 2115 2531 aut

522 2564 754 2628 resistit,
785 2565 1019 2631 seipsum
1051 2563 1291 2628 damnat,
1317 2564 1437 2633 quia
1477 2565 1556 2619 ori
1586 2565 1794 2620 Domini
1821 2574 2113 2621 contumax

521 2664 578 2711 et
603 2654 923 2710 inobediens
950 2652 1152 2709 existit.
1187 2655 1336 2710 Unde
1367 2664 1421 2710 et
1440 2656 1552 2724 ipsa
1586 2672 1682 2727 per
1708 2672 1766 2712 se
1796 2658 2005 2713 Veritas
2033 2659 2114 2715 di-

521 2747 596 2802 cit
621 2764 633 2801 :
667 2745 796 2813 Quis
825 2762 886 2801 ex
914 2745 1052 2800 vobis
1080 2755 1257 2818 arguet
1293 2763 1371 2801 me
1400 2749 1464 2801 de
1492 2752 1735 2818 peccato?
1764 2750 1826 2805 Si
1852 2752 2113 2808 ueritatem

524 2844 662 2908 dico,
687 2858 843 2912 quare
867 2859 954 2897 vos
970 2859 1070 2897 non
1092 2844 1297 2899 creditis
1321 2846 1486 2902 mihi?
1506 2847 1605 2915 Qui
1632 2867 1695 2904 ea:
1722 2852 1827 2905 Deo
1848 2861 1941 2916 est,
1966 2854 2113 2908 verba

524 2935 623 2990 Dei
648 2935 812 2989 audit.
845 2934 1129 3005 Pr0pterea
1158 2954 1243 2991 vos
1272 2955 1373 2993 non
1400 2940 1608 3009 auditis,
1637 2944 1759 3010 quia
1786 2960 1850 2998 ea:
1875 2944 1985 3001 Deo
2008 2964 2112 3003 non

522 3026 643 3079 estis
670 3022 847 3095 (Joan.
891 3026 1026 3097 vni).
1067 3025 1297 3083 Omnino
1327 3040 1541 3098 oportet
1583 3032 1693 3088 Deo
1731 3034 1953 3091 obedire
1995 3039 2112 3107 plus

2214 1841 2522 1897 ecssitatem
2554 1840 2898 1909 patientibus,
2930 1841 3105 1908 ipsum
3136 1837 3408 1893 Christum
3438 1848 3670 1908 negant,
3715 1837 3800 1907 qui

2214 1944 2296 1991 est
2325 1932 2718 1998 misericordia,
2744 1941 2799 1987 et
2828 1932 3047 1999 veritas,
3070 1941 3123 1985 et
3147 1930 3395 1985 omnibus
3423 1930 3803 1987 necessitatem

2216 2023 2538 2094 patientibus
2567 2022 2850 2076 subvenire
2876 2020 3048 2089 jubet.
3080 2019 3253 2076 Pauca
3292 2029 3439 2087 sunt,
3472 2020 3663 2088 frater,
3691 2034 3805 2090 qua

2215 2116 2459 2181 asserui;
2488 2114 2580 2169 sed
2604 2121 2798 2183 quanta
2830 2128 2892 2167 ex
2923 2112 3006 2167 his
3037 2112 3326 2182 pendeant,
3353 2121 3444 2165 tua
3465 2111 3804 2181 providentia

2213 2208 2415 2277 poteris
2458 2207 2743 2260 aestimare.
2786 2203 2962 2271 Quare
3008 2203 3146 2257 hanc
3194 2202 3510 2257 annituntur
3554 2202 3805 2258 malevoli

2212 2300 2512 2367 irrumpere
2553 2297 2976 2353 misericordiam
3018 2294 3320 2367 (Ennodius
3355 2297 3411 2349 in
3438 2297 3689 2366 apologia
3717 2313 3807 2365 prs

2216 2390 2528 2460 Symmacho
2575 2388 2769 2460 papa)?
2816 2389 2921 2443 Cur
2958 2386 3184 2443 illudere
3227 2387 3378 2441 vanis
3419 2386 3807 2444 intetttionibu

2214 2480 2559 2537 felicitatem?
2602 2480 3011 2536 Excusationem
3050 2480 3160 2549 jam
3191 2493 3298 2534 non
3341 2478 3503 2534 habet
3528 2477 3681 2534 furor
3713 2480 3807 2535 ista

2215 2576 2267 2630 in
2284 2574 2626 2631 credentibus
2644 2592 2659 2641 ;
2680 2588 2778 2630 nec
2797 2574 3025 2629 interest
3038 2572 3231 2643 quibus
3248 2572 3534 2627 itinerlius
3545 2572 3613 2626 ad
3624 2572 3806 2627 mundi

2213 2670 2509 2740 principem
2540 2678 2740 2735 currat,
2783 2667 2873 2738 qui
2902 2682 2931 2721 a
2960 2665 3332 2722 benevolentia
3363 2666 3590 2719 fratrum
3634 2664 3806 2719 desci-

2213 2763 2333 2827 scit,
2363 2772 2454 2815 aut
2482 2761 2854 2816 necessitatem
2893 2758 3222 2829 patientibus
3254 2756 3687 2813 misericordiam
3716 2770 3804 2812 ne-

2214 2861 2321 2923 gat.
2353 2852 2521 2924 Negat
2568 2852 2993 2908 misericordiam
3036 2850 3408 2906 necessitatem
3442 2846 3803 2919 patientibus,

2214 2945 2305 3014 qui
2329 2944 2543 3014 populis
2570 2944 2930 3014 indigentibus
2954 2943 3149 2999 divinis
3175 2941 3470 3014 mysteriis,
3497 2950 3690 2998 etnon
3718 2942 3806 2997 ha-

2213 3034 2464 3090 bentibus
2486 3035 2761 3105 proprium
2792 3035 3107 3105 episcopum
3133 3032 3224 3103 qui
3244 3047 3337 3088 eos
3366 3032 3619 3099 instruat,
3645 3046 3805 3089 causa

522 3129 680 3207 quam
710 3114 1019 3207 horninibus
1044 3117 1179 3187 (Act.
1210 3120 1286 3187 ν).
1315 3116 1381 3173 Ει
1422 3121 1622 3178 idcirco
1663 3125 1804 3193 quod
1835 3124 1945 3182 Deo
1974 3129 2105 3186 obe-
2135 3143 2182 3207 ο
2213 3126 2457 3182 utilitatis
2482 3134 2642 3197 atque
2666 3125 3021 3193 necessitatis,
3052 3140 3118 3181 ex
3146 3124 3248 3181 alia
3277 3125 3495 3181 civitate
3527 3125 3691 3193 (licet
3709 3125 3803 3180 mia

522 3204 719 3270 dimus,
747 3214 801 3260 et
829 3205 897 3260 de
921 3206 1137 3262 civitate
1156 3208 1225 3263 ad
1269 3210 1537 3266 civitatem
1571 3213 1711 3282 (ipso
1739 3218 2104 3291 praecipiente)

520 3296 909 3365 persecutionis
947 3311 1128 3365 causa,
1158 3298 1211 3354 id
1236 3310 1338 3369 est,
1374 3304 1715 3360 necessitatis
1744 3316 1835 3362 aut
1862 3310 2105 3368 utilitatis

517 3389 837 3457 transimus,
885 3391 1175 3449 damnandi
1202 3396 1422 3450 sumus?
1450 3397 1564 3452 Non
1592 3400 1841 3468 omnino,
1875 3404 1970 3457 sed
2012 3419 2107 3472 po-

518 3483 627 3539 tius
648 3484 941 3541 venerandi
966 3495 1127 3558 atque
1154 3489 1421 3557 portandi,
1450 3492 1700 3560 quoniam
1734 3509 1802 3549 ne
1841 3496 1971 3571 ipsis
1994 3499 2107 3567 epi-

520 3575 698 3646 scopis
727 3576 828 3631 hoc
857 3578 1105 3648 imputari
1134 3590 1329 3649 potest.
1371 3582 1472 3650 Qui
1502 3583 1585 3640 his
1613 3587 1836 3654 resistit,
1868 3588 2107 3658 profecto

519 3666 616 3722 Dei
646 3668 970 3726 ordiuationi
998 3672 1221 3739 resistit,
1252 3684 1306 3729 et
1335 3684 1419 3730 est
1448 3676 1647 3733 infideli
1679 3680 1918 3737 deterior
1943 3699 1959 3737 :
1986 3685 2106 3754 quia

521 3758 717 3815 melius
745 3770 830 3817 est
853 3775 958 3818 non
987 3778 1317 3835 cognoscere
1339 3766 1478 3822 viam
1509 3772 1766 3839 veritatis,
1800 3789 1960 3844 quam
1987 3786 2110 3845 post

522 3856 849 3927 agnitionem
897 3869 1190 3916 retrorsum
1238 3862 1408 3919 abire.
1439 3864 1569 3921 Nam
1615 3877 1670 3922 et
1694 3868 1807 3937 ipse
1850 3869 2106 3926 Dominus

526 3950 595 4004 de
625 3950 744 4005 loco
772 3951 839 4007 ad
868 3951 1044 4008 locum
1073 3955 1331 4023 secessit,
1358 3956 1412 4011 id
1459 3966 1569 4024 est,
1603 3961 1876 4028 transivit,
1907 3962 2107 4020 ludatis

522 4040 678 4098 illum
708 4045 1091 4113 querentibus.
1125 4047 1357 4120 Fugiens
1396 4051 1485 4107 ille
1513 4062 1813 4121 quaerentes
1844 4064 1899 4110 et
1929 4072 2110 4125 perse-

525 4143 749 4204 quentes
793 4150 853 4193 se
874 4178 889 4203 ,
934 4137 1083 4194 dedit
1112 4141 1266 4196 nobis
1297 4143 1603 4212 exemplum
1640 4145 1823 4215 fugere
1853 4163 1956 4203 non
1983 4165 2107 4219 per-

526 4237 845 4296 sequentes,
878 4240 932 4285 et
976 4231 1043 4287 de
1070 4234 1284 4290 civitate
1313 4236 1380 4290 ad
1420 4238 1687 4295 civitatem
1727 4243 1973 4311 transire,
2021 4244 2107 4300 di-

526 4330 653 4374 cens
676 4337 689 4371 :
716 4318 777 4374 Si
805 4336 891 4374 vos
933 4325 1183 4391 persecuti
1208 4327 1394 4395 fuerint
1418 4328 1472 4381 in
1497 4322 1838 4398 eivitateista,
1864 4335 2026 4405 fugite
2055 4337 2109 4391 in

525 4409 683 4462 aliam
717 4409 934 4480 (Matth.
977 4413 1068 4483 ι),
1099 4424 1155 4470 ει
1183 4426 1375 4473 caetera
1409 4418 1492 4475 bis
1528 4422 1742 4477 similia.
1790 4424 1923 4480 Nam
1946 4427 1991 4480 si
2030 4426 2110 4482 fu-

2213 3235 2312 3275 nor
2340 3218 2433 3291 sit)
2454 3219 2508 3274 in
2530 3232 2649 3274 eam
2669 3232 2790 3287 quae
2815 3233 2922 3273 non
2950 3218 3111 3274 habet
3139 3217 3475 3288 episcopum,
3498 3216 3799 3273 doctiorem

2210 3313 2293 3369 vel
2324 3313 2620 3379 utiliorem,
2654 3310 2863 3367 meliori
2891 3309 3135 3379 consilio,
3166 3325 3272 3365 non
3294 3318 3486 3380 sponte
3510 3318 3796 3366 transeun-

2164 3394 2169 3401 ’
2210 3414 2339 3470 ιεω,
2371 3406 2464 3460 sed
2498 3401 2762 3473 majorum
2793 3402 3163 3458 exhortatione
3192 3411 3427 3469 mutare,
3453 3411 3551 3457 aut
3579 3403 3801 3471 episco-

2212 3514 2335 3569 pum
2363 3496 2598 3566 ejectum
2620 3506 2672 3553 et
2703 3497 3129 3566 persecutionem
3158 3494 3475 3566 patientem,
3504 3510 3675 3551 causa
3704 3496 3801 3550 uti-

2217 3591 2380 3646 litatis
2426 3598 2516 3643 aut
2569 3590 2903 3644 necessitatis
2953 3588 3305 3644 inthronizari
3351 3602 3460 3643 non
3520 3588 3798 3656 permittit.

2216 3681 2371 3751 Apud
2400 3688 2612 3736 veteres
2662 3681 2805 3736 enim
2838 3679 2998 3751 (Hist.
3033 3679 3205 3750 Trip.,
3235 3696 3352 3750 cap.
3384 3678 3454 3749 8,
3488 3680 3583 3734 lib.
3616 3696 3716 3749 xu,
3742 3698 3802 3736 ετ

2217 3774 2431 3830 Socrate
2456 3775 2601 3844 lib.),
2634 3774 2750 3829 sine
2775 3774 2885 3829 ulla
2910 3773 3212 3830 differentia
3238 3774 3306 3829 de
3334 3787 3442 3827 una
3487 3774 3711 3829 civitate
3738 3774 3802 3829 ad

2213 3872 2439 3927 alteram
2464 3870 2730 3941 migrabat
2767 3870 3072 3942 cpiscopus,
3103 3869 3228 3923 dum
3255 3869 3456 3924 utilitas
3480 3878 3577 3924 aut
3613 3883 3799 3925 neces-

2215 3963 2348 4018 sitas
2371 3969 2642 4017 evocaret.
2670 3961 3005 4031 Quapropter
3031 3962 3199 4031 ipsam
3225 3963 3384 4016 etiam
3416 3962 3661 4031 regulam
3686 3960 3805 4016 huic

2215 4052 2456 4123 epistolae
2487 4052 2687 4120 placuit
2715 4051 2919 4121 inseri,
2973 4060 3035 4107 ut
3063 4060 3387 4107 monstretur
3424 4066 3518 4107 eos
3552 4052 3805 4107 mentitos

2213 4161 2356 4211 esse,
2380 4146 2473 4215 qui
2493 4145 2810 4216 episcopum
2841 4160 2946 4201 non
2972 4161 3127 4216 posse
3156 4145 3505 4201 inthronizari
3524 4146 3799 4202 dixerunt.

2219 4236 2368 4292 Unde
2388 4244 2445 4293 et
2468 4236 2522 4289 in
2547 4236 2843 4291 canonibus
2872 4236 3069 4304 legitur
3096 4236 3166 4290 ita
3189 4227 3308 4308 (vn,
3338 4250 3387 4290 c.
3409 4232 3464 4300 6,
3494 4234 3799 4289 Antiochea.

2215 4342 2358 4380 conc.
2392 4342 2509 4381 can.
2543 4326 2633 4399 i8)
2665 4345 2677 4379 :
2708 4326 2771 4383 Si
2799 4328 2911 4395 quis
2947 4329 3213 4398 episcOpus
3242 4327 3530 4393 ordinatus,
3551 4328 3622 4381 ad
3653 4346 3803 4394 paro-

2216 4418 2383 4471 chiam
2412 4418 2467 4472 in
2494 4433 2594 4488 qua
2622 4419 2890 4473 ordinatus
2921 4428 3025 4485 est,
3060 4418 3267 4471 minime
3300 4419 3667 4487 proﬁciscitur,
3701 4437 3803 4474 non

526 4515 673 4590 gere,
709 4502 906 4558 malum
933 4515 1015 4559 est
1040 4504 1206 4575 (Hist.
1241 4508 1407 4579 Trip.,
1454 4530 1500 4567 c.
1528 4514 1619 4582 22,
1650 4516 1736 4570 lib.
1780 4533 1852 4583 vr,
1886 4534 1947 4572 ea:
1987 4536 2112 4590 apo-

2216 4523 2311 4562 sua
2337 4508 2512 4577 culpa,
2539 4508 2629 4561 sed
2657 4519 2744 4562 aut
2770 4508 2960 4578 papula
2986 4517 3267 4577 respuente,
3292 4518 3384 4562 aut
3409 4521 3618 4580 propter
3640 4511 3801 4564 aliam

524 4588 662 4661 lagia
686 4592 744 4649 S.
776 4594 900 4649 Ath.
924 4613 1016 4665 pro
1044 4598 1169 4672 fuga
1190 4602 1326 4671 sua),
1354 4607 1623 4675 persequi,
1659 4609 1827 4665 multo
1850 4588 2105 4668 deterius.

530 4684 624 4741 Hic
652 4689 862 4757 quidem
894 4706 962 4746 ne
991 4696 1246 4748 moriatur
1274 4697 1645 4765 absconditur;
1674 4701 1759 4754 hic
1785 4706 1959 4758 autem
1988 4720 2111 4775 per-

526 4778 764 4845 sequitur
800 4791 858 4833 ut
881 4782 1127 4848 occidat;
1155 4793 1210 4839 et
1234 4793 1289 4839 ut
1328 4787 1579 4857 fugiatur,
1610 4792 1919 4861 praecipitur
1947 4813 1959 4848 :
1986 4799 2109 4865 quia
2152 4788 2155 4793 ”

526 4868 617 4937 qui
647 4868 839 4937 quaerit
859 4872 1105 4927 occidere
1129 4878 1507 4943 praevaricator
1532 4879 1724 4949 legem,
1755 4890 1809 4936 et
1837 4885 2005 4955 magis
2027 4886 2111 4942 fu-

522 4957 701 5028 giendi
752 4961 956 5029 praebet
1009 4965 1363 5021 occasionem.
1414 4969 1468 5024 Si
1518 4972 1690 5040 fugam
1745 4973 2110 5046 improperant

523 5060 929 5119 persequentes,
956 5054 1276 5111 erubescant
1305 5060 1480 5126 potius
1502 5064 1843 5132 semetipsos,
1873 5075 1927 5122 et
1954 5071 2107 5137 quie-

522 5150 674 5196 scant
699 5141 960 5210 insidiari,
985 5154 1039 5201 et
1060 5147 1337 5215 quiescent
1355 5153 1609 5208 continuo
1630 5154 1918 5227 fugientes.
1941 5160 2110 5219 Nemo

522 5231 666 5285 enim
687 5235 871 5289 mitem
896 5234 1028 5307 fugit
1049 5237 1354 5309 aliquando,
1382 5242 1475 5296 sed
1497 5246 1665 5314 magis
1696 5248 1925 5304 ferocem
1951 5252 2109 5308 simul

522 5329 578 5376 ct
612 5323 880 5382 callidum.
926 5327 1112 5384 Omnis
1158 5331 1299 5385 enim
1358 5335 1442 5401 qui
1483 5337 1731 5404 gemebat
1788 5348 1841 5393 et
1879 5343 2111 5399 vexaba-

523 5420 615 5505 tur
636 5429 664 5468 a
681 5414 832 5483 Saul,
860 5415 1096 5490 fugiebat
1116 5429 1170 5476 et
1191 5423 1436 5479 veniebat
1455 5426 1519 5478 ad
1544 5426 1706 5481 David
1723 5428 1773 5501 (J
1794 5431 1923 5503 Reg.
1948 5434 2107 5505 xxii).

526 5502 585 5560 Si
613 5520 742 5577 ergo
770 5508 1042 5577 piissimus
1069 5522 1228 5582 atque
1256 5515 1583 5582 justissimus
1605 5517 1771 5575 David
1800 5502 1960 5578 sciret
1989 5502 2112 5593 pec-

524 5606 702 5656 catum
728 5614 869 5669 esse,
904 5606 1329 5671 persecutionem
1356 5607 1638 5678 fugientes,
1668 5621 1724 5667 et
1775 5623 2109 5675 transeuntes

2218 4598 2490 4671 quamlibet
2517 4615 2725 4653 causam
2752 4600 3042 4652 necessitate
3068 4600 3283 4668 factam,
3313 4599 3451 4654 hunc
3479 4600 3680 4656 honore
3708 4603 3802 4655 mi-

2217 4694 2525 4763 nisterioque
2555 4693 2882 4762 participare,
2913 4708 3003 4745 nec
3036 4700 3203 4747 tamen
3234 4694 3435 4748 misceri
3468 4694 3620 4748 rebus
3646 4697 3804 4750 eccle-

2218 4787 2339 4849 siae,
2390 4786 2442 4837 in
2473 4800 2573 4853 qua
2611 4784 2847 4838 collectas
2889 4783 3138 4851 celebrat,
3184 4786 3271 4840 sed
3313 4786 3566 4840 sustinere
3605 4802 3803 4857 quoque

2218 4879 2353 4948 quod
2382 4878 2655 4948 provincia:
2702 4878 2927 4947 synodus
2956 4893 3047 4932 suo
3060 4877 3259 4949 judicio
3290 4878 3666 4944 terminaverit,
3716 4883 3803 4935 ds-

2220 4969 2491 5024 cernimus.
2535 4967 2671 5024 Huic
2716 4970 2914 5040 regula:
2952 4969 3320 5026 contradicere
3364 4971 3542 5027 nullus
3588 4983 3799 5041 potest,

2217 5075 2335 5128 quae
2361 5060 2521 5114 etiam
2564 5074 2721 5114 causa
2769 5060 3009 5115 utilitatis
3043 5069 3135 5116 aut
3161 5062 3496 5120 necessitatis
3522 5062 3797 5120 inthroni-

2220 5151 2330 5202 zari
2355 5150 2663 5217 episcopum
2686 5148 2859 5218 jubet,
2892 5161 2946 5205 et
2976 5150 3169 5205 mutari
3198 5165 3263 5206 ac
3290 5153 3519 5207 transire
3564 5168 3689 5209 eum
3734 5154 3801 5210 de

2218 5240 2434 5295 civitate
2464 5240 2528 5295 ad
2565 5239 2721 5295 aliam
2765 5241 3034 5298 civitatem
3063 5259 3170 5298 non
3208 5246 3477 5314 proprium
3511 5245 3798 5302 habentem

2218 5331 2526 5399 episcopum
2562 5331 2708 5386 sinit.
2742 5330 2972 5404 Pingues
3016 5335 3212 5389 hostias
3242 5335 3362 5389 litat
3404 5335 3623 5392 diabolo
3651 5336 3798 5404 (En-

2219 5421 2400 5473 nudius
2418 5424 2535 5493 jam
2563 5422 2789 5493 citatus),
2817 5425 2906 5493 qui
2935 5424 3018 5479 his
3048 5425 3303 5481 resistere
3326 5427 3531 5495 nititur,
3568 5438 3661 5484 aut
3695 5429 3800 5484 mi-

2216 5510 2559 5565 sericordiam
2588 5520 2643 5566 et
2672 5513 2955 5568 utilitatem
3005 5514 3254 5595 Ecclesiae
3288 5516 3399 5584 jam
3428 5518 3590 5573 dictis
3618 5526 3794 5589 negat,

2217 5597 2268 5654 id
2296 5609 2397 5669 est,
2427 5610 2482 5657 et
2507 5602 2773 5673 episcopis
2805 5613 2860 5660 et
2883 5592 3111 5675 p0pulis.
3136 5592 3415 5664 ln'vanum
3456 5623 3589 5679 ergo
3611 5617 3798 5668 contra

600 5761 630 5792 ι
670 5753 785 5809 Huc
826 5771 994 5826 usque
1019 5758 1143 5814 Bar.
1180 5770 1236 5816 et
1274 5763 1490 5832 Binius,
1539 5783 1655 5836 quae
1701 5770 1807 5839 jam
1853 5773 2058 5831 sublata
2096 5776 2309 5835 fuerunt
2335 5781 2390 5836 in
2422 5782 2552 5839 edit.
2592 5784 2756 5855 regia.
