4076 6348
283 306 393 365 ’155

1718 287 2093 349 APPENDIX.

3467 285 3574 344 754

282 417 580 489 simplices,
608 416 698 488 qui
727 415 843 470 haec
868 413 994 470 olim
1016 412 1261 468 dicentes
1280 423 1439 482 agere
1459 407 1871 479 prohibuerunt,
1899 402 1954 464 Δ
1979 404 2113 461 riter
2155 405 2371 461 titulare
2418 412 2473 463 et
2500 406 2753 464 ordinare
2773 447 2789 474 ,
2839 407 2913 464 ita
2964 404 3056 477 (ut
3098 403 3411 476 praedictum
3455 399 3577 477 est)

286 512 558 569 tendicula
586 509 840 578 deinceps
870 508 1154 577 parabunt,
1184 518 1304 560 cum
1339 504 1421 557 his
1444 511 1497 557 et
1523 502 1645 556 aliis
1682 498 1874 554 armati

282 603 662 668 adminiculis,
713 602 961 656 noverint
997 599 1123 669 quid
1151 612 1313 668 super
1354 596 1440 650 his
1467 596 1536 650 sit
1586 593 1876 666 agendum,

281 705 343 749 ct
364 694 489 764 quid
512 692 809 748 vitandum.
832 690 1004 745 Nimis
1033 688 1173 744 enim
1203 696 1441 742 armatus
1470 695 1549 740 est
1576 684 1749 754 (Idem
1771 681 1880 736 En-

284 789 495 853 nodius,
518 786 696 855 ibid.),
721 784 810 855 qui
834 784 943 851 illa,
968 799 1084 852 quae
1111 780 1453 837 adversarius
1470 776 1876 845 misericordiae,

289 878 535 933 utilitatis
566 886 727 948 atque
756 876 1058 932 concordia:
1088 874 1377 938 ministrat,
1412 873 1513 927 tela
1559 870 1877 928 contemnit.

287 968 505 1027 Sufﬁcit
552 984 682 1042 ergo
730 978 913 1024 contra
964 968 1145 1023 omnia
1183 965 1363 1036 jacula
1415 963 1711 1035 jurgiorum
1759 959 1883 1016 lidei

288 1062 433 1118 nuda
462 1062 749 1133 oppositio.
775 1061 899 1117 Scio
931 1073 980 1116 te
1014 1076 1119 1115 non
1148 1061 1420 1132 ignorare,
1452 1057 1636 1121 frater,
1679 1068 1883 1110 memo-

288 1164 441 1212 ratas
469 1170 736 1210 canonum
768 1155 1066 1210 sententias
1094 1164 1257 1221 atque
1280 1151 1618 1222 evangelicas
1652 1148 1885 1204 sanctio-

290 1262 414 1313 nes,
444 1262 611 1302 novas
641 1262 746 1302 non
777 1261 919 1313 esse,
949 1246 1043 1302 sed
1088 1254 1272 1301 nostro
1300 1260 1391 1302 eas
1418 1244 1659 1299 assensui
1685 1242 1887 1297 manci-

291 1341 434 1408 pari.
464 1338 573 1395 Cur
601 1340 684 1394 his
709 1339 1157 1406 contradicentes,
1191 1348 1245 1394 et
1274 1338 1656 1408 emigrationes
1680 1336 1888 1405 episco-

291 1443 487 1498 porum
511 1431 757 1485 utilitatis
780 1441 836 1486 et
851 1430 1190 1485 necessitatis
1209 1443 1369 1484 causa
1388 1427 1499 1483 ﬁeri
1519 1427 1883 1497 prohibentes,

292 1529 358 1575 ut
385 1535 527 1591 sepe
574 1520 772 1576 dictum
815 1530 926 1588 est,
963 1531 1017 1577 et
1044 1521 1284 1576 avaritia:
1311 1529 1405 1575 aut
1442 1520 1791 1587 temeritatis,
1833 1517 1890 1571 in

297 1615 594 1684 perniciem
624 1615 966 1671 sacerdotum
998 1629 1060 1670 ac
1091 1615 1427 1684 populorum,
1476 1613 1678 1667 laedunt
1705 1625 1890 1666 sacer-

294 1706 476 1762 dotale
506 1707 831 1762 consilium?
874 1707 983 1762 Cur
1011 1707 1248 1764 lacerant
1276 1706 1596 1761 sententiam
1616 1746 1630 1770 ,
1661 1704 1717 1758 in
1763 1719 1888 1775 qua,

1982 516 2197 557 causam
2228 501 2562 557 necessitatis
2605 512 2694 558 aut
2724 501 2968 558 utilitatis
2991 499 3157 555 habes
3178 508 3232 555 et
3259 507 3489 564 mutare,
3511 513 3577 555 ac

1982 598 2049 654 de
2080 597 2234 652 titulo
2260 597 2326 652 ad
2359 596 2573 651 titulum
2612 596 2930 652 translatare
2970 593 3308 670 [transferre,
3337 594 3411 646 ita
3443 602 3488 646 et
3511 591 3574 648 (ἶ.

1982 689 2175 763 Just.],
2202 690 2329 744 licet
2356 689 2422 746 de
2446 690 2641 744 minori
2670 689 2735 743 ad
2764 687 3025 759 majorem
3068 685 3257 741 urbem
3289 682 3579 740 mutandus

1983 785 2075 839 sit.
2100 783 2211 838 Hoc
2227 792 2407 839 tamen
2423 796 2765 853 summopere
2787 780 3186 851 prxcvidendum
3206 786 3310 845 est,
3336 792 3404 833 ne
3419 791 3582 833 causa

1985 877 2309 947 arrogantiae
2334 884 2425 930 aut
2454 875 2691 930 avaritia:
2718 890 2951 945 unquam
2985 874 3077 928 fiat
3101 890 3116 929 :
3145 873 3268 942 quia
3299 870 3353 925 hi
3386 886 3416 925 a
3444 884 3585 940 prae-

1985 970 2141 1027 dictis
2165 970 2461 1026 canonibus
2483 969 2827 1031 damnantur,
2858 983 2964 1022 non
3001 967 3080 1022 illi
3127 965 3220 1037 qui
3256 962 3584 1020 necessitate

1986 1073 2079 1120 aut
2120 1063 2385 1131 utilitate,
2427 1062 2691 1131 majorum
2732 1060 2982 1124 consilio,
3011 1066 3068 1113 et
3094 1071 3223 1112 sana
3247 1071 3310 1110 ac
3334 1070 3485 1125 pura,
3529 1060 3587 1138 et

1990 1156 2101 1212 Deo
2132 1141 2327 1225 placita
2359 1154 2657 1209 intentione
2695 1152 2797 1207 hoc
2837 1152 3063 1206 faciunt.
3102 1149 3204 1214 Tu,
3233 1148 3418 1213 frater,
3443 1162 3589 1202 sem-

1989 1263 2085 1319 per
2128 1258 2321 1302 sectare
2359 1247 2654 1320 justitiam,
2708 1246 2983 1316 pietatem,
3026 1243 3215 1311 ﬁdem.
3264 1242 3585 1307 rharitatem,

1988 1342 2286 1415 patientiam
2316 1318 2371 1394 et
2390 1339 2829 1393 mansuetudinem
2862 1338 2909 1408 (Ι
2944 1335 3081 1390 Tim.
3121 1338 3219 1407 vt).
3255 1334 3406 1388 Certa
3435 1318 3611 1388 etiam.

1990 1435 2181 1490 bonum
2209 1443 2459 1488 certamen
2490 1433 2611 1500 ﬁdei
2630 1473 2647 1499 ,
2699 1440 2743 1486 et
2782 1431 3109 1501 apprehende
3138 1430 3294 1483 citam
3321 1437 3589 1497 aeternam,

1991 1528 2046 1581 in
2076 1543 2176 1595 qua
2199 1536 2405 1580 vocatus
2435 1542 2487 1580 es
2527 1540 2547 1579 :
2572 1524 2822 1595 quoniam
2874 1532 2900 1560 ⁸
2943 1524 3151 1593 spiritus
3173 1522 3459 1575 timentium
3477 1517 3590 1572 Do-

1994 1619 2210 1685 minum,
2240 1619 2486 1690 qurerilur
2513 1620 2576 1670 ab
2606 1616 2697 1671 illo
2717 1658 2731 1681 ,
2765 1626 2810 1671 et
2845 1616 2901 1669 in
2937 1623 3169 1684 respectu
3198 1615 3341 1669 illius
3379 1611 3589 1675 benedi-

2000 1713 2150 1767 citur.
2184 1714 2314 1781 Spes
2361 1711 2492 1765 enim
2522 1711 2731 1765 illorunt
2770 1713 2825 1764 in
2854 1709 3131 1764 salvantem
3178 1708 3327 1771 illos,
3378 1715 3424 1761 et
3453 1704 3592 1759 oculi

296 1798 599 1871 inspirante
626 1799 863 1868 Christo,
893 1800 1111 1856 oracula
1141 1815 1372 1869 superna
1399 1807 1707 1869 patuerunt,
1731 1807 1785 1853 et
1812 1799 1891 1852 in-
1919 1777 1972 1839 Β
1997 1805 2094 1860 Dei
2125 1807 2178 1860 in
2204 1777 2470 1878 diligentes
2498 1822 2573 1861 se.
2620 1804 2721 1872 Qui
2763 1805 2903 1859 timet
2934 1803 3245 1867 Dominum,
3278 1801 3407 1856 nihil
3436 1800 3595 1868 trepi-

296 1897 383 1946 ter
412 1891 581 1947 Deum
609 1902 663 1947 et
700 1892 946 1948 homines
987 1894 1253 1961 interpres
1295 1892 1503 1948 exstitit
1549 1890 1727 1961 lingua
1760 1904 1891 1959 pon-

295 1980 542 2037 tificum?
568 1982 659 2038 Illa
686 1984 831 2039 enim
863 1983 986 2041 coeli
1011 1985 1159 2039 curia
1185 1984 1452 2039 variarum
1495 1983 1709 2037 dotibus
1734 1991 1891 2037 aucta

295 2075 584 2143 curulium,
616 2085 671 2130 et
700 2076 1298 2151 multo‘Redemptoris
1331 2077 1502 2131 nostri
1546 2089 1679 2129 auro
1717 2082 1890 2129 ostro-

295 2180 405 2237 que
434 2168 704 2235 decorata,
730 2169 863 2224 nihil
908 2170 963 2223 in
994 2168 1081 2224 illa
1113 2170 1390 2225 decisione
1419 2176 1636 2222 auctore
1666 2180 1727 2220 se
1768 2179 1891 2235 pro-

297 2260 455 2326 tulit,
507 2260 602 2316 sed
641 2275 736 2330 per
782 2261 1030 2315 humanae
1061 2261 1256 2331 linguae
1308 2258 1663 2313 ministerium
1707 2255 1890 2310 divino

303 2352 549 2407 militavit
578 2352 822 2421 imperio.
849 2352 1118 2408 lntellexit
1146 2367 1251 2407 non
1281 2366 1402 2407 esse
1425 2365 1604 2417 suum,
1631 2348 1890 2419 quidquid

300 2445 529 2514 impulsa
577 2446 892 2510 constituit;
926 2444 1059 2499 nihil
1099 2458 1312 2515 quoque
1361 2442 1521 2496 habet
1553 2442 1607 2495 in
1637 2440 1723 2494 illa
1768 2454 1893 2495 sen-

300 2539 493 2604 tentia,
525 2537 629 2592 nisi
661 2537 803 2592 unde
845 2536 913 2592 de
942 2538 1057 2592 sola
1087 2536 1374 2591 devotione
1403 2534 1718 2605 gratuletur.
1759 2532 1891 2588 Nam

300 2627 429 2683 dum
462 2630 698 2696 profanis
741 2638 1158 2683 memoratorum
1188 2627 1377 2683 verbis
1398 2625 1667 2694 creditur,
1696 2633 1752 2679 et
1779 2638 1893 2679 suae

300 2721 539 2774 vesaniae
568 2720 830 2775 inscitiam
863 2720 1112 2789 produnt,
1158 2728 1212 2774 et
1242 2719 1490 2772 livorem.
1520 2716 1652 2783 Quis
1677 2715 1763 2770 hic
1812 2714 1894 2769 lo-

306 2825 407 2868 cus
434 2810 639 2867 erroris
663 2851 679 2879 ,
726 2812 818 2866 ubi
866 2810 1212 2881 congruentia
1242 2810 1353 2880 pari
1378 2809 1539 2864 ductu
1569 2808 1803 2878 exempli
1840 2814 1895 2861 et

302 2906 547 2964 historice
572 2908 731 2962 verba
762 2905 1128 2961 concurrunt?
1157 2903 1267 2959 Nec
1292 2904 1566 2958 diversum
1595 2910 1677 2956 est
1707 2900 1775 2955 ab
1814 2900 1895 2954 in-

304 2999 523 3055 tellectu
542 3000 808 3056 catholico
830 3011 882 3055 et
908 3000 1252 3063 lectionibus,
1275 2996 1419 3067 quod
1445 2996 1731 3065 profertur.
1759 2994 1893 3048 Nam

304 3107 415 3148 non
458 3093 595 3149 bene
638 3093 811 3148 nodus
852 3094 905 3148 in
954 3093 1131 3162 scirpo
1174 3090 1462 3160 quaeritur,
1501 3088 1630 3144 dum
1676 3086 1898 3142 involvit

1994 1896 2170 1960 dabit,
2210 1905 2255 1949 et
2287 1911 2389 1948 non
2416 1895 2643 1966 pavebit,
2685 1895 2931 1964 quoniam
2959 1895 3066 1964 ipse
3093 1902 3167 1947 est
3197 1909 3311 1962 spes
3340 1893 3468 1961 ejus.
3498 1889 3593 1946 Ti—

1992 1987 2175 2041 mentis
2208 1986 2483 2040 Dominum
2532 1988 2682 2040 beata
2722 1996 2796 2040 est
2827 1987 3001 2040 anima
3023 2026 3038 2053 ,
3071 1987 3138 2039 ad
3182 2002 3333 2056 quem
3361 1984 3591 2054 respicit,

1993 2089 2041 2136 et
2069 2083 2180 2149 quis
2208 2090 2281 2135 est
2308 2080 2555 2151 fortitudo
2582 2081 2732 2151 ejus?
2764 2079 2918 2133 Oculi
2946 2078 3155 2133 Domini
3180 2079 3595 2147 supertimentes

1993 2189 2109 2228 eum
2132 2189 2152 2227 :
2177 2180 2431 2233 protector
2456 2172 2713 2240 potentiw,
2740 2172 3120 2241 ﬁrmamentum
3144 2170 3368 2235 virtutis,
3394 2178 3594 2240 tegmen

1993 2265 2227 2332 ardoris,
2262 2276 2307 2318 et
2340 2265 2699 2318 umbraculum
2739 2265 3042 2328 meridiani,
3094 2272 3140 2318 et
3179 2245 3481 2333 praedicatio
3510 2264 3594 2333 of-

1996 2360 2274 2431 fensionis,
2306 2372 2353 2413 et
2384 2359 2705 2429 adjutorium
2749 2375 2932 2424 casus,
2981 2358 3213 2413 exaltans
3249 2359 3502 2421 animam,
3544 2361 3595 2411 et

1993 2453 2294 2507 illuminans
2321 2452 2497 2505 oculos
2517 2491 2532 2515 ,
2583 2452 2712 2504 dans
2743 2453 3037 2519 sanitatem,
3071 2458 3119 2503 et
3148 2451 3332 2517 vitam,
3363 2458 3414 2503 et
3443 2448 3594 2503 bene-

1996 2547 2290 2601 dictionem.
2319 2543 2643 2600 lmmolantis
2674 2561 2736 2598 ea;
2774 2545 2947 2614 iniquo
2975 2542 3161 2597 ablatio
3210 2554 3285 2597 est
3309 2542 3591 2611 maculata,

1996 2650 2045 2694 et
2088 2654 2191 2693 non
2237 2648 2353 2692 sunt
2394 2638 2720 2706 beneplacita:
2767 2636 3195 2691 subsannationes
3239 2636 3589 2706 injustorunt,

2002 2730 2252 2785 Dominus
2283 2731 2421 2784 solus
2461 2727 2829 2783 sustinentibus
2857 2744 2910 2780 se
2940 2730 2991 2781 in
3028 2727 3131 2781 vita
3169 2726 3393 2780 ueritatis
3423 2735 3471 2779 et
3500 2727 3598 2797 ju-

1999 2826 2171 2880 stitite.
2223 2823 2375 2877 Dona
2415 2823 2712 2894 iniquorum
2743 2838 2844 2876 non
2895 2821 3077 2890 probat
3128 2819 3460 2886 Altissimus,
3504 2834 3597 2874 nec

1999 2916 2205 2986 respicit
2233 2916 2285 2968 in
2313 2914 2652 2968 oblationibus
2679 2914 3011 2983 injustorum,
3054 2928 3145 2966 nec
3173 2912 3228 2966 in
3268 2910 3599 2965 multitudine

2000 3007 2373 3073 sacriﬁciorum
2404 3022 2580 3058 eorum
2623 3005 2986 3075 pwpitiabitur
3028 3005 3269 3075 peccatis.
3300 3002 3403 3070 Qui
3446 3001 3600 3068 o/fert

2003 3099 2316 3165 sacriﬁcium
2341 3112 2404 3150 ex
2426 3097 2707 3150 substantia
2737 3111 3054 3165 pauperum,
3091 3094 3238 3163 quasi
3263 3093 3350 3163 qui
3371 3092 3601 3145 ttictimat

305 3184 501 3240 nebula
532 3184 833 3253 praedicam
865 3184 1000 3239 lucis
1027 3192 1294 3239 auctores.
1327 3181 1493 3237 Foeda
1521 3195 1733 3251 quoque
1757 3194 1786 3233 a
1816 3180 1897 3234 ni-
1922 3172 1972 3237 C
2003 3188 2169 3257 ﬁlium
2191 3188 2245 3242 in
2267 3196 2540 3255 conspectu
2561 3188 2722 3257 patris
2744 3188 2845 3241 sui.
2876 3185 3037 3240 Panis
3060 3186 3314 3256 egentium
3336 3186 3437 3238 vita
3462 3199 3601 3255 past-

303 3282 425 3331 tore
454 3276 663 3331 Domini
704 3276 787 3331 sui
818 3276 1147 3346 obligatione
1186 3274 1529 3337 dissolvitur,
1565 3272 1657 3342 qui
1686 3271 1899 3327 statutis

306 3368 620 3424 cmlestibus
649 3370 823 3424 minus
850 3384 995 3424 mera
1024 3370 1129 3423 fide
1169 3368 1425 3438 dependit
1453 3365 1653 3422 officia.
1687 3365 1900 3420 Talium

307 3472 439 3531 ergo
469 3459 733 3516 dictiones
759 3461 843 3517 vel
887 3461 1280 3530 prohibitiones
1308 3460 1541 3529 indigna:
1571 3459 1735 3514 etiam
1766 3458 1903 3514 fiunt

306 3562 626 3608 memoratu.
680 3553 943 3608 Profunda
986 3562 1069 3608 est
1104 3567 1233 3623 ergo
1279 3552 1438 3607 nimis
1479 3552 1745 3622 imperitia
1788 3565 1886 3607 eo-

310 3659 451 3709 rum,
482 3653 527 3699 et
555 3643 847 3714 sepulcrum
890 3654 1068 3716 patens
1109 3654 1287 3718 guttur
1324 3660 1521 3711 eorum,
1552 3644 1673 3715 quia
1714 3645 1904 3715 linguis

312 3737 424 3821 estis
452 3739 626 3793 dolose
654 3748 811 3809 agunt
838 3737 1008 3810 (Psal.
1043 3755 1096 3807 v,
1143 3741 1422 3810 interprete
1458 3740 1520 3794 S.
1554 3738 1754 3809 Hier.).
1785 3740 1904 3795 Non

318 3840 405 3887 est
424 3832 565 3887 enim
598 3833 649 3886 in
681 3847 777 3888 ore
823 3846 1010 3887 eorum
1044 3841 1274 3900 rectum,
1315 3833 1569 3887 interiora
1597 3846 1784 3887 eorum
1826 3832 1907 3886 in-

314 3925 491 3991 sidiae,
524 3925 709 3981 densis
753 3940 846 3981 cor
874 3940 1059 3981 eorum
1088 3925 1340 3996 vepribus
1384 3924 1675 3980 suffocatur
1712 3923 1909 3997 (Verba

310 4027 434 4073 sunt
462 4018 690 4089 ejusdem
717 4015 970 4089 Ennodii)
990 4058 1005 4081 ,
1051 4027 1105 4072 et
1147 4019 1359 4073 interna
1399 4017 1527 4072 vitia
1556 4017 1673 4071 aliis
1702 4024 1911 4071 certant

314 4109 613 4164 ascribere.
662 4108 1007 4163 Nobilitatem
1040 4122 1166 4178 ergo
1204 4108 1296 4163 dat
1336 4108 1695 4174 facinoribus,
1725 4107 1817 4177 qui
1855 4107 1907 4162 in

316 4200 517 4255 talibus
564 4200 964 4256 ventilationem
1009 4200 1245 4269 ipsorum
1288 4201 1342 4255 in
1369 4202 1672 4270 exemplum
1713 4200 1909 4269 sumit,

320 4300 415 4346 aut
458 4291 525 4345 ad
573 4306 730 4347 aures
780 4301 1021 4361 posteras
1059 4292 1217 4362 digna
1272 4293 1534 4349 relatione
1576 4294 1908 4348 transmittit.

319 4384 443 4440 Tibi
486 4394 663 4440 autem
694 4400 799 4441 non
822 4386 890 4441 sit
920 4400 1045 4441 cura
1078 4389 1262 4442 talium
1288 4387 1671 4457 quaestionum,
1703 4387 1796 4441 sed
1830 4402 1914 4441 se-

324 4493 492 4549 quere
521 4480 845 4533 Sententiam
875 4478 1017 4533 beati
1046 4478 1195 4533 Pauli
1224 4478 1471 4548 apostoli,
1499 4480 1587 4547 qui
1622 4488 1801 4532 monet
1822 4491 1917 4546 per

326 4548 645 4639 discipulum
675 4579 918 4635 cunctos,
961 4578 1016 4623 et
1064 4569 1283 4637 clamat,
1316 4569 1504 4623 dicens
1530 4585 1541 4619 :
1572 4566 1759 4620 lnanes
1780 4582 1920 4637 quw—
1943 4548 1998 4609 Ῐ)

326 4663 515 4718 stiones
554 4662 719 4716 devita
768 4659 821 4733 (Ι
866 4660 1003 4716 Tim.
1054 4660 1151 4731 tv).
1198 4660 1417 4725 lnanes,
1467 4674 1697 4728 namque
1738 4659 1917 4728 (juxta

326 4754 667 4827 Apostolum)
695 4756 1015 4826 qumstiones
1060 4769 1275 4822 semper
1312 4754 1525 4818 devita,
1554 4762 1610 4807 et
1648 4768 1745 4823 age
1775 4751 1919 4822 quod

328 4847 541 4904 meliori
584 4848 840 4912 consilio,
875 4862 981 4901 non
1018 4845 1255 4901 avaritias
1301 4847 1385 4900 vel
1431 4845 1780 4910 temeritatis,
1823 4842 1917 4898 sed

328 4939 577 4995 utilitatis
622 4947 677 4993 et
701 4937 1034 4994 necessitatis
1068 4938 1154 5010 (ut
1182 4952 1325 5007 saepe
1361 4936 1558 4992 dictum
1611 4935 1715 5005 est)
1757 4949 1921 4991 causa

329 5029 633 5087 faciendum
674 5030 875 5085 utiliter
917 5030 1277 5101 perspexeris.
1314 5029 1668 5097 Quapropter,
1713 5029 1919 5084 charis-

330 5123 488 5189 sime,
522 5123 606 5177 his
635 5122 945 5191 apostolicis
974 5121 1136 5175 fultus
1162 5121 1593 5186 auctoritatibus,
1636 5129 1780 5177 muta
1808 5123 1921 5192 epi-

329 5227 555 5280 sc0pum
586 5227 746 5268 causa
792 5214 1129 5268 necessitatis
1164 5220 1256 5267 aut
1286 5212 1564 5277 utilitatis,
1607 5227 1769 5282 super
1813 5229 1920 5283 quo

333 5305 617 5362 consulere
642 5318 743 5360 nos
780 5304 1027 5370 voluisti;
1061 5315 1117 5360 et
1141 5305 1274 5360 alios
1304 5301 1499 5361 fratres
1541 5314 1775 5369 nostros,
1805 5306 1923 5374 qui-

333 5400 434 5455 bus
483 5400 586 5455 hoc
623 5399 926 5456 faciendum
973 5400 1267 5454 necessitas
1309 5408 1400 5453 aut
1454 5399 1655 5454 utilitas
1695 5414 1922 5470 compu-

339 5493 484 5559 lerit,
509 5506 670 5563 agere
695 5492 828 5548 doce
855 5510 867 5545 :
892 5492 1016 5562 quia
1044 5492 1145 5547 hoc
1173 5492 1314 5562 quod
1347 5492 1443 5547 tibi
1485 5493 1585 5547 soli
1614 5494 1920 5561 scribimus,

341 5586 663 5657 generaliter
711 5587 959 5643 omnibus
1005 5596 1187 5644 tenere
1229 5586 1567 5641 mandamus.
1608 5587 1745 5652 Quia
1785 5589 1925 5643 sicut

342 5687 662 5749 potestatem
691 5679 949 5737 habemus
978 5682 1258 5750 episcopos
1286 5688 1342 5734 et
1366 5678 1676 5735 sacerdotes
1711 5681 1923 5750 regula-

2006 3297 2185 3351 perum
2225 3289 2297 3334 est
2323 3281 2450 3349 :qui
2476 3278 2922 3350 defraudatillum
2946 3316 2963 3345 ,
3004 3276 3156 3331 homo
3185 3276 3453 3347 sanguinis
3495 3286 3603 3343 est;

2005 3376 2092 3445 qui
2122 3378 2291 3445 aufert
2338 3375 2393 3428 in
2425 3373 2611 3428 sudore
2648 3388 2869 3443 panem,
2915 3380 2961 3426 et
2996 3370 3208 3425 sudanti
3240 3370 3377 3423 cibos
3400 3409 3414 3433 ,
3455 3367 3606 3439 quasi

2006 3467 2094 3535 qui
2130 3466 2318 3520 occidit
2352 3464 2645 3536 proximum
2676 3478 2848 3517 suum.
2882 3461 2987 3527 Qui
3022 3455 3247 3527 effundit
3263 3459 3601 3529 sanguinem,

2007 3567 2055 3614 et
2076 3559 2163 3639 qui
2208 3558 2333 3629 facit
2362 3556 2602 3628 fraudem
2641 3554 2985 3619 mercenaria,
3035 3554 3219 3625 fratres
3267 3560 3404 3605 sunt.
3455 3550 3605 3606 Unus

2007 3650 2295 3718 tediﬁcans,
2333 3658 2379 3702 et
2402 3664 2533 3703 unus
2570 3649 2866 3713 destruens;
2890 3644 3014 3717 quid
3038 3645 3244 3716 prodest
3272 3644 3376 3698 illis
3399 3644 3498 3697 nisi
3520 3643 3598 3697 lae

2009 3744 2139 3798 bar?
2167 3742 2310 3798 Unus
2352 3757 2534 3806 orans,
2579 3756 2710 3793 unus
2733 3740 3080 3804 maledicens;
3107 3742 3255 3810 cujus
3296 3753 3464 3791 vocem
3502 3752 3602 3789 au-

2011 3837 2115 3890 diet
2146 3836 2326 3889 Deus?
2363 3835 2464 3903 Qui
2494 3835 2778 3901 baptizatur
2799 3851 2830 3886 a
2866 3844 3103 3897 mortuo,
3143 3839 3191 3887 et
3232 3832 3418 3885 iterum
3444 3829 3610 3899 tangit

2011 3944 2150 3992 eum,
2174 3927 2298 3995 quid
2321 3927 2524 3995 proﬁcit
2549 3926 2738 3979 lavatio
2766 3926 2964 3999 ipsius?
2990 3925 3083 3981 Sic
3107 3926 3256 3979 homo
3279 3925 3364 3995 qui
3395 3924 3610 3995 jejunat

2012 4021 2067 4074 in
2090 4021 2307 4089 peccatis
2332 4019 2461 4087 suis,
2505 4026 2551 4071 et
2576 4019 2761 4071 iterum
2784 4018 2959 4073 eadem
2989 4016 3204 4086 faciens,
3235 4016 3362 4087 quid
3403 4015 3612 4085 proﬁcit

2013 4110 2332 4164 humi/itinde
2361 4108 2451 4162 se?
2484 4107 2783 4163 Orationem
2809 4108 2954 4162 illius
2976 4109 3091 4178 quis
3122 4107 3336 4161 audiet?
3367 4104 3465 4171 Qui
3487 4122 3610 4161 con-

2014 4211 2179 4258 servat
2224 4204 2405 4274 legem,
2429 4200 2738 4271 multiplicat
2764 4201 3069 4255 orationem.
3099 4199 3426 4268 Sacriﬁcium
3467 4197 3612 4253 salu-

2016 4304 2125 4351 tare
2147 4304 2218 4351 est
2258 4282 2525 4350 attendere.
2544 4295 2797 4349 mandatis
2816 4335 2830 4357 ,
2862 4303 2911 4350 et
2948 4296 3211 4349 discedere
3249 4295 3312 4346 ab
3340 4293 3476 4347 omni
3506 4291 3613 4345 iui-

2018 4392 2211 4461 quitate
2234 4406 2253 4443 :
2278 4399 2323 4443 et
2366 4389 2695 4459 propitiatio,
2746 4389 2894 4442 litare
2938 4388 3252 4456 sacriﬁcium
3278 4401 3430 4455 super
3469 4386 3613 4455 inju-

2021 4482 2215 4546 stitias;
2241 4491 2289 4534 et
2311 4480 2596 4551 deprecatio
2627 4495 2721 4547 pro
2752 4478 3004 4548 peccatis,
3046 4477 3280 4530 recedere
3314 4474 3374 4526 ab
3405 4472 3616 4541 iniusti-

2026 4574 2119 4631 tia.
2153 4573 2405 4627 Retribuit
2449 4573 2686 4643 gratiant,
2729 4571 2817 4637 qui
2847 4569 2993 4637 offert
3030 4568 3405 4639 similagincm;
3437 4574 3485 4619 et
3526 4566 3618 4636 qui

2028 4665 2153 4735 facit
2192 4664 2623 4726 misericordiam,
2669 4660 2817 4727 offert
2861 4660 3188 4727 sacriﬁcium.
3230 4657 3617 4726 Beneplacitum

2024 4765 2098 4811 est
2127 4755 2343 4811 Domino
2368 4755 2598 4808 recedere
2622 4752 2682 4805 ab
2708 4748 3011 4821 iniquitate;
3039 4758 3083 4803 et
3112 4748 3399 4818 deprecatio
3421 4788 3435 4815 ,
3479 4763 3622 4802 rece-

2026 4850 2146 4905 dere
2173 4849 2237 4902 ab
2263 4848 2535 4918 injustitia.
2570 4842 2691 4898 Non
2716 4828 2983 4913 apparebis
3022 4850 3141 4894 ante
3166 4850 3492 4910 conspectum
3518 4837 3616 4893 Dei

2028 4955 2235 4995 vacuus.
2279 4937 2405 4991 Hart:
2444 4937 2578 4990 enim
2619 4934 2787 4989 omnia
2831 4940 3038 5001 prapter
3065 4931 3365 4985 mandatum
3408 4928 3618 4983 Domini

2032 5033 2180 5102 ﬁunt.
2217 5028 2419 5084 Oblatio
2435 5028 2571 5097 justi
2599 5026 2884 5098 impinguat
2914 5026 3102 5092 altare,
3132 5032 3178 5078 et
3202 5023 3330 5077 odor
3350 5020 3621 5076 suavitatis

2029 5136 2103 5181 est
2146 5126 2200 5180 in
2242 5131 2510 5191 conspectu
2542 5119 2815 5175 Altissimi.
2840 5118 3171 5189 Sacriﬁcium
3192 5117 3321 5185 justi
3351 5124 3616 5181 acceptum

2028 5227 2125 5285 est,
2151 5227 2198 5271 et
2220 5215 2514 5271 memoriam
2545 5215 2656 5285 ejus
2682 5227 2785 5266 non
2814 5209 3133 5264 obliviscetur
3170 5206 3442 5261 Dominus.
3470 5203 3616 5257 Dono

2029 5311 2203 5364 animo
2232 5307 2450 5378 gloriam
2498 5304 2654 5358 redde
2697 5303 2835 5367 Deo,
2878 5310 2923 5356 et
2973 5317 3075 5355 non
3121 5300 3324 5352 minuas
3362 5296 3619 5367 primitias

2030 5405 2241 5472 frugum
2263 5405 2485 5452 tuarum.
2511 5393 2576 5448 In
2601 5394 2740 5449 ontni
2764 5395 2885 5446 dato
2901 5391 2983 5462 fac
3008 5390 3222 5445 hilarem
3245 5388 3436 5442 vultum
3453 5398 3618 5455 tuum,

2031 5502 2081 5548 et
2106 5495 2159 5547 in
2182 5491 2489 5546 exultatione
2515 5488 2780 5556 sanctiﬁca
2808 5485 3028 5539 decimas
3062 5493 3199 5537 tuas.
3228 5482 3313 5536 Da
3353 5480 3617 5536 Altissima

2032 5585 2309 5641 secundum
2337 5582 2513 5636 datum
2540 5583 2675 5652 ejus,
2700 5577 2823 5629 etin
2859 5574 3006 5629 oculo
3035 5573 3167 5627 bona
3210 5571 3622 5627 adinventionem

2035 5680 2119 5749 fac
2145 5684 2388 5730 manuum
2416 5681 2641 5736 tuarum,
2665 5665 2909 5736 quoniam
2940 5662 3191 5720 Dominus
3217 5660 3502 5718 retribuetts
3524 5665 3625 5737 est,

417 5825 441 5855 ι
486 5815 630 5874 lianc
657 5830 721 5874 ex
750 5818 1012 5891 capitibus
1040 5818 1249 5875 Eccles.
1283 5832 1448 5873 xxxiv
1478 5825 1532 5874 et
1559 5833 1701 5874 xxxv
1744 5818 1992 5876 laciniam
2032 5830 2139 5876 non
2166 5813 2267 5886 legi
2297 5812 2350 5866 in
2373 5807 2505 5866 Cod.
2535 5810 2673 5861 Just.
