4076 6348
499 348 604 403 ἨΞ
1358 344 1451 402 AD
1488 343 1872 401 EPISTOLAS
1911 341 2001 397 ET
2041 339 2101 395 Di

2202 336 2368 395 tE'l'A
2403 338 2687 402 PELAGI
2724 336 2933 395 ‘PAPE
2970 337 3017 394 11
3680 335 3791 390 τες

503 478 548 521 et
572 465 748 535 septies
768 471 962 518 tantum
981 461 1157 516 reddet
1181 461 1288 517 tibi.
1315 460 1440 514 Noli
1458 460 1643 527 offerre
1660 475 1874 512 munera
1896 474 2078 528 prava;
2113 461 2157 521 Α
2185 453 2351 515 bitur,
2389 454 2515 507 dum
2566 463 2617 507 et
2662 451 2984 507 abundantia
3030 466 3215 507 eorum
3264 453 3316 507 in
3362 458 3693 523 egestatem,
3737 463 3791 507 et

504 579 606 616 non
649 562 782 613 enim
810 558 1054 625 suscipiet
1084 556 1195 609 illa.
1230 552 1295 608 Et
1334 555 1440 608 noli
1482 554 1730 623 inspicere
1776 551 2086 617 sacriﬁcium
2189 546 2437 614 superbia
2460 560 2652 601 eorum
2679 547 2951 599 transierit
2973 545 3025 600 iu
3047 546 3438 601 confusionem.
3465 542 3620 600 Iusto
3641 546 3796 603 enim

504 654 778 723 injustam,
806 651 1049 717 quoniam
1074 647 1320 701 Dominus
1349 647 1510 715 iudex
1531 655 1625 707 est,
1655 652 1698 697 et
1726 660 1825 696 non
1857 651 1929 695 est
1950 641 2088 711 apud
2186 637 2389 708 judicio
2415 634 2571 692 datur
2599 638 2911 706 plerumque
2941 645 3176 706 potestas
3205 635 3576 706 peccatoribus
3605 634 3795 705 (Eius-

502 747 651 800 illum
679 744 845 815 gloria
872 757 1119 815 personat.
1154 739 1273 794 Non
1300 740 1513 811 accipiet
1542 734 1790 789 Dominus
1822 751 2089 804 personam

504 836 560 892 in
591 850 887 907 pauperem,
918 844 963 887 et
993 833 1325 903 precationem
1359 831 1467 883 laesi
1490 829 1744 882 exaudiet.
1776 824 1896 882 Non
1921 827 2091 897 despi-

506 928 605 984 ciet
631 943 801 996 preces
848 925 1069 996 pupilli,
1100 941 1192 979 nec
1219 924 1452 988 viduam,
1486 924 1531 975 si
1571 921 1802 989 effundat
1838 919 2093 990 loquelam

509 1019 747 1091 gemitus.
795 1015 983 1070 Nonne
1012 1016 1253 1086 lacrymae
1293 1013 1458 1067 viduae
1487 1013 1557 1066 ad
1586 1013 1855 1067 maxillam
1887 1010 2094 1066 descen-

509 1110 671 1177 dunt,
717 1117 764 1163 et
806 1107 1106 1164 exclamatio
1152 1106 1263 1177 ejus
1310 1122 1464 1176 super
1507 1104 1840 1158 deducentem
1890 1104 2014 1157 eas?
2051 1103 2094 1156 Α

511 1202 727 1259 maxilla
763 1202 895 1258 enim
926 1200 1204 1256 ascendunt
1242 1215 1398 1269 usque
1435 1199 1502 1251 ad
1530 1199 1733 1263 caelum,
1760 1207 1807 1251 et
1847 1195 2097 1251 Dominus

477 1297 782 1351 ~ezauditor
810 1310 913 1349 non
951 1292 1285 1347 delectabitur
1312 1291 1364 1345 in
1389 1289 1514 1343 illis.
1549 1288 1652 1354 Qui
1697 1290 1878 1342 adorat
1910 1286 2094 1349 Deum,

511 1386 567 1443 in
595 1387 929 1442 oblectatione
952 1387 1287 1453 suscipietur,
1326 1393 1373 1436 et
1405 1382 1632 1449 precatio
1659 1380 1804 1435 illius
1833 1397 1992 1450 usque
2031 1382 2100 1434 ad

511 1482 669 1536 nubes
698 1480 1073 1552 prapinquabit.
1109 1476 1289 1531 Oratio
1318 1475 1634 1529 humiliantis
1676 1492 1729 1528 se
1770 1474 1925 1527 nubes
1950 1490 2099 1543 pene-

515 1571 702 1638 trabit;
728 1578 776 1625 et
814 1574 975 1625 donec
1000 1570 1324 1640 propinquet,
1354 1584 1453 1620 non
1494 1566 1859 1620 consolabitur.
1894 1563 1958 1617 Et
2000 1582 2102 1619 non

511 1663 771 1728 discedet,
816 1663 975 1716 donec
1020 1662 1237 1729 aspiciat
1264 1642 1553 1713 Altissimus
1583 1672 1602 1711 :
1629 1668 1679 1711 et
1712 1655 1959 1711 Dominus
1997 1673 2101 1711 non

510 1754 790 1833 elongabit,
829 1754 918 1809 sed
943 1752 1196 1817 iudicabit
1223 1751 1461 1821 injustos,
1491 1760 1537 1803 et
1568 1750 1720 1818 faciet
1738 1750 2021 1821 judicium,
2054 1757 2103 1803 et

2191 729 2311 781 dem
2351 738 2481 783 sent.
2510 727 2602 793 23,
2636 744 2700 781 ex
2731 726 2791 782 S.
2818 727 2951 797 Aug.
2976 729 3031 780 in
3060 744 3137 794 ps.
3162 730 3389 793 cxvut),
3422 742 3528 793 qua
3576 736 3797 780 sanctos

2192 818 2310 887 ejus
2360 829 2773 889 persequantur,
2817 828 2879 874 ut
2922 820 3010 887 qui
3056 818 3244 887 spiritu
3295 817 3387 872 Dei
3435 817 3697 887 juvantur
3744 828 3799 871 et

2193 920 2448 983 aguntur,
2482 912 2612 965 fiant
2660 927 2755 983 per
2801 912 3044 967 laborum
3089 912 3344 967 exercitia
3393 911 3687 966 clariores.
3731 910 3801 963 Et

2196 1020 2530 1075 quanquam,
2560 1002 2772 1072 fratres,
2808 1005 2921 1060 haec
2953 1006 3023 1059 ita
3065 1019 3125 1060 se
3166 1005 3428 1067 habeant,
3462 1020 3569 1057 non
3612 1014 3795 1057 tamen

2195 1104 2325 1152 sunt
2348 1096 2740 1162 consentiendi,
2764 1098 2857 1152 sed
2886 1096 3232 1166 reprobandi,
3260 1096 3349 1165 qui
3380 1097 3637 1165 praelatos
3669 1110 3798 1151 suos

2198 1188 2625 1258 reprehendunt,
2656 1189 2740 1243 vel
2781 1200 3059 1246 accusant.
3096 1186 3246 1245 Unde
3275 1190 3534 1244 canonica
3578 1200 3798 1245 sancto-

2198 1294 2318 1335 rum
2345 1279 2558 1335 Patrum
2612 1290 2829 1347 statuta,
2861 1294 2881 1319 ο
2938 1297 3005 1337 ne
3031 1280 3289 1335 columnae
3314 1292 3514 1336 sancta:
3548 1281 3793 1337 ecclesia:

2198 1373 2482 1440 vacillent,
2514 1384 2799 1443 sequentes
2828 1388 2891 1430 ac
2936 1376 3274 1440 roborantes,
3306 1389 3497 1430 omnes
3542 1374 3794 1445 infames,

2199 1478 2529 1539 cunctosque
2572 1479 2851 1539 suspectos
2881 1470 2963 1527 vel
3012 1470 3277 1536 inimicos,
3307 1479 3362 1525 et
3403 1485 3501 1526 eos
3544 1471 3636 1541 qui
3692 1488 3797 1527 non

2201 1571 2328 1618 sunt
2356 1578 2542 1623 eorum
2576 1565 2772 1635 gentis,
2804 1565 2887 1620 vel
2917 1579 3141 1635 quorum
3172 1550 3325 1627 fides.
3356 1565 3466 1619 vita
3493 1573 3549 1620 et
3581 1565 3797 1622 libertas

2203 1657 2461 1723 nescitur,
2494 1667 2548 1712 et
2577 1659 2669 1728 qui
2710 1672 2817 1712 non
2861 1669 2983 1712 sunt
3036 1658 3193 1713 bonae
3232 1658 3684 1725 conversationis,
3711 1658 3798 1716 vel

2203 1760 2431 1820 quarum
2477 1749 2586 1831 vita
2633 1760 2716 1805 est
2762 1748 3100 1818 accusabilis,
3142 1750 3210 1803 ab
3257 1750 3403 1805 omni
3451 1752 3799 1811 accusatione

513 1849 825 1921 fortissimus
847 1864 949 1901 non
974 1846 1174 1901 habebit
1200 1847 1253 1898 in
1292 1844 1397 1899 illis
1420 1843 1740 1916 patientiam,
1766 1846 1819 1897 ut
1845 1846 2102 1901 conlribu-
2129 1845 2179 1908 Β
2204 1842 2579 1912 episcoporum
2618 1840 2853 1896 funditus
2884 1841 3283 1896 submovemus.
3311 1840 3575 1897 Similiter
3603 1852 3661 1897 et
3686 1857 3799 1897 om-

512 1936 583 1993 let
605 1941 1084 2011 dorsum-ipsorum,
1114 1947 1161 1991 et
1190 1938 1419 2009 gentibus
1460 1937 1641 1990 reddat
1680 1936 1977 2005 uindictam,
2007 1940 2096 1993 do-

513 2046 607 2084 nec
632 2028 775 2083 tollat
805 2028 1173 2099 plenitudinem
1209 2028 1564 2095 superborum,
1595 2036 1642 2081 et
1664 2038 1861 2099 sceptra
1900 2030 2099 2100 iniquo-

513 2139 626 2177 rum
655 2121 977 2185 contribulet,
1009 2120 1167 2175 donec
1186 2120 1366 2175 reddat
1393 2120 1625 2174 omnibus
1654 2121 1934 2175 secundum
1955 2131 2101 2177 actus

511 2232 651 2279 suos,
686 2225 734 2269 et
757 2214 1051 2269 secundum
1073 2230 1229 2280 opera
1257 2214 1415 2281 Adw,
1465 2222 1513 2267 et
1542 2216 1821 2269 secundum
1852 2232 2101 2286 praesum-

510 2310 734 2377 ptionem
777 2306 945 2370 illius,
986 2307 1146 2361 donec
1168 2306 1379 2378 judicet
1408 2306 1667 2376 judicium
1698 2306 1857 2375 plebis
1887 2324 2021 2373 sum,
2054 2318 2101 2363 et

510 2398 779 2453 oblectabit
801 2401 968 2471 justas
1006 2398 1362 2451 misericordia
1394 2412 1508 2450 sua.
1538 2395 1678 2451 Deus
1706 2404 1884 2451 autem
1911 2397 2103 2470 (frater

511 2486 857 2560 citarissime)
885 2491 1108 2559 impleat
1141 2486 1495 2555 desidaium,
1526 2496 1579 2542 et
1606 2488 1967 2543 ministerium
2009 2486 2102 2545 tibi

514 2580 768 2636 divinitus
798 2575 1080 2647 collatum,
1127 2581 1417 2635 secundum
1447 2579 1658 2635 divitias
1698 2593 1823 2635 suas
1850 2580 1900 2634 in
1931 2581 2101 2651 gloria

514 2674 570 2729 in
600 2672 816 2728 Christo
844 2670 969 2727 Jesu
1000 2671 1229 2727 Domino
1257 2680 1461 2727 nostro.
1508 2670 1616 2726 Deo
1656 2680 1833 2726 autem
1863 2682 1918 2728 et
1960 2674 2104 2730 Patri

510 2772 716 2819 uostro-
732 2762 900 2834 gloria
932 2764 984 2817 in
1026 2762 1218 2818 saecula
1266 2763 1605 2817 saeculorum.
1636 2765 1823 2818 Amen.
1860 2763 1989 2819 Data
2038 2763 2104 2819 15

514 2853 603 2931 die
632 2856 767 2925 Aug.
800 2854 1023 2920 mensis,
1054 2850 1345 2908 indictione
1378 2852 1464 2907 M.

979 2976 1315 3033 EPISTULA
1331 2986 1358 3016 ιι
1380 2976 1548 3049 [Olim
1574 2974 1639 3049 ll]

963 3110 1033 3149 an
1061 3106 1341 3149 episcopos
1368 3108 1562 3148 I'l'ALhB
1590 3090 1637 3147 δ.

2204 1947 2322 1999 nes,
2354 1946 2489 2001 quos
2527 1933 2721 1987 divinae
2769 1933 2915 2003 leges
2960 1942 3200 1988 mortuos
3242 1933 3546 2003 appellant,
3579 1936 3795 1989 submo-

2201 2022 2405 2077 vendos
2434 2032 2555 2078 esse
2584 2024 2651 2077 ab
2680 2023 2866 2079 eadem
2898 2024 3257 2091 accusatione,
3285 2031 3342 2079 et
3371 2024 3601 2093 publica
3630 2024 3798 2094 pceni-

2201 2114 2386 2169 tentiae
2415 2113 2807 2169 submittendos
2830 2115 3155 2186 iudicamus.
3182 2113 3363 2185 Neque
3385 2115 3512 2169 dum
3547 2114 3799 2171 Ecclesia:

2208 2208 2435 2278 alicujus
2456 2209 2730 2280 episcopi,
2753 2220 2844 2264 aut
2868 2210 3263 2278 possessiones,
3284 2209 3366 2263 vel
3395 2224 3481 2264 res
3504 2210 3572 2266 ab
3595 2210 3802 2264 aemulis

2203 2303 2342 2371 ejus,
2371 2302 2455 2357 vel
2488 2318 2518 2358 a
2546 2304 2950 2373 quibuscunque
2989 2303 3113 2358 aliis
3156 2318 3260 2358 non
3300 2318 3393 2357 sua
3437 2313 3631 2372 spome
3660 2302 3798 2359 deti-

2204 2401 2421 2459 nentur,
2442 2394 2641 2464 aliquid
2670 2395 2744 2450 illi
2776 2394 2965 2461 debet,
2997 2404 3088 2449 aut
3116 2404 3292 2465 putest
3316 2410 3345 2448 a
3374 2410 3651 2465 quoquam
3677 2406 3800 2453 ante

2204 2486 2715 2555 redintegrationem
2746 2489 2979 2541 omnium
3013 2502 3189 2543 rerum
3220 2501 3438 2545 suarum
3467 2487 3630 2557 obiici
3662 2504 3678 2541 :
3709 2486 3799 2543 sed

2207 2576 2354 2648 prius
2384 2578 2461 2632 illi
2490 2578 2693 2646 legibus
2722 2578 3131 2650 redintegranda
3154 2588 3277 2635 sunt
3304 2580 3511 2646 omnia,
3535 2588 3595 2635 et
3620 2588 3798 2649 postea

2209 2678 2451 2740 tempore
2473 2686 2502 2724 a
2526 2669 2771 2726 Patribus
2797 2672 3059 2740 praefinito
3084 2682 3210 2728 sunt
3236 2676 3445 2742 negOtia
3469 2673 3797 2733 ventilanda.

2207 2764 2491 2820 Refutandi
2521 2774 2646 2819 sunt
2673 2765 2833 2821 etiam
2860 2777 3125 2835 raptores,
3156 2767 3320 2833 fures,
3344 2767 3631 2838 sacrilegi,
3652 2768 3797 2823 adul-

2180 2858 2340 2925 teri,
2371 2867 2424 2913 et
2470 2857 2662 2913 horum
2708 2858 2933 2915 similes.
2969 2858 3312 2915 Manifestum
3342 2867 3426 2915 est
3470 2858 3621 2915 enim
3662 2861 3799 2931 quod

2205 2964 2422 3019 semper
2451 2951 2583 3005 tales
2630 2952 2797 3021 magis
2826 2951 3148 3005 discordiam
3182 2966 3339 3020 quam
3376 2965 3561 3019 pacem
3592 2962 3798 3007 sectan-

2207 3050 2313 3096 tur.
2340 3040 2528 3098 Nul'lus
2559 3057 2776 3112 quoque
2802 3042 3097 3098 monachus
3128 3044 3252 3099 talia
3283 3059 3516 3113 unquam
3543 3043 3797 3113 arripiat,

2208 3148 2306 3189 nec
2350 3133 2627 3189 saecularia
2675 3144 2771 3189 aut
2813 3133 3175 3190 ecclesiastica
3225 3134 3443 3207 negotia
3487 3136 3800 3204 perturbare

516 3203 800 3277 Episcopus
821 3204 1445 3300 “millies-01.2.6881»!
1470 3203 1749 3289 habendos,
1778 3219 1869 3260 nec
1892 3222 2043 3278 posse
2069 3222 2101 3261 a

2210 3235 2531 3297 praesumat,
2563 3226 2685 3296 quia
2737 3235 2949 3281 mortua
2990 3227 3040 3282 in
3076 3227 3270 3289 talibus
3299 3203 3418 3284 vvox
3468 3203 3552 3286 est
3591 3243 3797 3285 eorum.

1059 3276 1281 3345 quolibet
1306 3276 1575 3332 accusari;

588 3385 957 3443 Dilectissimis
991 3394 1150 3457 atque
1188 3386 1503 3442 clarissimis
1546 3387 1797 3443 fratribus
1842 3388 2106 3445 universis

513 3479 798 3551 episcopis,
846 3486 901 3533 et
941 3478 1149 3532 cunctis
1198 3476 1502 3545 specialiter
1555 3491 1649 3546 per
1695 3476 1998 3546 Campania:
2048 3485 2106 3532 et

513 3571 684 3628 italiae
722 3569 1023 3640 provincias
1064 3566 1420 3622 militantibus
1468 3566 1715 3632 Domino.
1750 3566 1994 3636 Pelagius
2022 3583 2108 3622 sa-

514 3664 703 3719 lutem.

586 3754 1010 3812 Sollicitudinem
1058 3751 1303 3807 omnium
1346 3748 1717 3805 Ecclesiarutn-
1759 3750 1931 3820 (juxta
1959 3751 2101 3818 Apo-

517 3848 739 3920 stolum)
766 3848 1223 3913 circumferentes,
1255 3845 1452 3901 divinae
1478 3843 1619 3899 circa
1649 3858 1747 3899 nos
1774 3845 1958 3913 gratiae
1990 3859 2105 3900 me-

518 3957 699 3998 mores
739 3956 858 3996 esse
903 3941 1160 3996 debemus
1205 3938 1452 4009 (Aeacius
1494 3937 1653 4007 episc.
1686 3934 1822 4001 CP.,
1860 3937 2008 4008 epist.
2038 3937 2106 3990 ad

519 4034 844 4102 Simplicium
893 4032 1123 4101 papam),
1160 4030 1304 4100 quod
1348 4045 1446 4084 nos
1489 4043 1590 4099 per
1633 4027 1955 4097 dignationis
1990 4043 2107 4084 sua:

518 4125 777 4181 Dominus
808 4124 1226 4180 misericordiam
1258 4123 1325 4178 ad
1354 4123 1457 4178 hoc
1482 4120 1750 4193 fastigium
1774 4122 2105 4177 sacerdotale

519 4215 800 4284 provexit,
836 4224 893 4269 ut
922 4213 1187 4268 mandatis
1216 4212 1384 4283 ipsius
1412 4212 1755 4275 inhaerentes,
1793 4214 1843 4266 in
1876 4213 2104 4281 quadam

519 4305 863 4363 sacerdotum
900 4306 1019 4374 ejus
1046 4304 1260 4374 specula
1287 4303 1561 4358 constituti
1594 4303 1972 4373 prohibeamus
2002 4303 2106 4357 illi-

519 4402 649 4469 cita,
679 4410 737 4456 et
777 4398 1044 4469 sequenda
1075 4397 1365 4451 doceamus
1408 4394 1625 4465 (Hilarii
1665 4410 1817 4465 papte
1863 4395 2013 4465 epist.
2039 4395 2106 4447 ad

519 4492 797 4547 Ascanium
822 4490 977 4560 epise.
1007 4487 1487 4557 Tarraconensem).
1523 4486 1735 4553 Omnes,
1774 4485 2105 4551 cbarissimi,

520 4589 609 4659 qui
636 4586 808 4641 volunt
835 4586 889 4639 in
917 4581 1120 4639 Christo
1146 4584 1229 4653 pie
1254 4582 1416 4635 viuere
1462 4577 1550 4649 (11
1581 4579 1715 4633 Tim.
1740 4580 1817 4649 ut)
1837 4621 1853 4647 ,
1882 4592 2105 4634 necesse

522 4686 636 4744 est,
663 4688 722 4733 ut
749 4677 816 4732 ab
855 4676 1033 4747 impiis
1058 4683 1115 4729 et
1141 4672 1489 4728 dissimilibus
1521 4670 1793 4742 patiantur
1819 4670 2105 4742 opprobria

522 4769 788 4841 (Prosperi
831 4777 956 4821 sent.
986 4766 1083 4833 5‘2,
1115 4782 1181 4820 ea:
1209 4766 1272 4821 S.
1305 4767 1439 4836 Aug.
1472 4766 1526 4819 in
1557 4782 1635 4837 ps.
1661 4764 1828 4834 cxxn)
1848 4809 1861 4833 ,
1910 4773 1962 4819 et
2008 4764 2104 4819 de-

522 4862 814 4932 spiciantur
836 4870 1084 4929 tanquam
1108 4857 1254 4912 stulti
1278 4866 1332 4913 et
1353 4858 1546 4923 insani,
1565 4856 1653 4926 qui
1676 4857 1798 4911 ideo
1821 4854 2104 4925 prasentia

523 4953 663 5009 bona
706 4952 961 5021 perdunt,
992 4960 1049 5006 ut
1078 4950 1361 5005 invisibilia
1393 4964 1455 5005 ac
1480 4950 1581 5005 sibi
1613 4949 1888 5019 profutura
1919 4950 2107 5020 acqui-

524 5050 666 5099 rant.
692 5042 799 5098 Sed
832 5042 943 5098 haec
968 5042 1242 5112 despectio
1270 5049 1325 5096 et
1353 5041 1532 5096 irrisio
1560 5041 1615 5095 in
1646 5041 1792 5112 ipsos
1829 5052 2106 5111 retorque-

598 5232 625 5261 ⁸
649 5223 784 5278 Cum
814 5220 957 5277 bello
992 5218 1486 5288 Langobardorum,
1513 5235 1621 5291 quo
1665 5223 1912 5277 universa
1955 5222 2106 5279 Italia

526 5294 783 5361 ﬂagrabat
808 5334 822 5356 ,
871 5291 1045 5363 adhuc
1087 5292 1332 5359 vigente,
1372 5291 1547 5345 cultus
1585 5293 1852 5363 episcopis
1906 5293 2103 5350 deferri

528 5365 717 5418 solitus
742 5362 979 5418 nonnihil
1012 5361 1308 5434 diminutus
1354 5361 1799 5434 essevideretur,
1835 5367 2103 5434 persuasi-

528 5450 632 5502 que
682 5436 939 5489 bellorum
986 5442 1225 5501 tempore
1256 5430 1388 5501 “jura
1434 5431 1613 5495 silere.
1667 5430 2101 5490 bonis—Ecclesia:

532 5521 635 5559 non
666 5515 966 5574 parcerent,
999 5503 1134 5574 hanc
1162 5502 1483 5574 decretalem
1531 5507 1811 5574 epistolam
1849 5506 1916 5560 de
1945 5521 2103 5561 accu-

530 5572 827 5630 sationibus
850 5590 913 5628 ac
948 5572 1165 5641 judieiis
1186 5572 1578 5643 episcoporum
1603 5576 1837 5643 pontifex
1868 5580 2103 5631 conscri-

528 5645 655 5700 bere
683 5644 885 5701 debuit.
910 5644 982 5698 Ea
1009 5645 1062 5699 in
1094 5645 1279 5715 primis
1300 5642 1373 5715 de
1418 5642 1768 5715 causa,quod
1798 5646 2101 5715 frequenter

529 5715 789 5781 eveniret,
815 5722 874 5769 ut
915 5730 1033 5794 cum
1078 5714 1311 5794 episcopi
1338 5716 1474 5794 bona
1502 5714 1846 5794 eccle§iarum
1872 5714 1905 5770 a
1950 5718 2098 5794 laicis

529 5796 777 5856 usurpata
806 5786 1135 5856 repetebant,
1168 5793 1323 5856 atque
1366 5784 1417 5836 iu
1469 5801 1617 5856 usum
1644 5784 1942 5856 'pristinum
1982 5790 2097 5844 vin-

533 5854 713 5909 dicare
741 5855 1043 5920 studebant,
1071 5856 1122 5910 in
1150 5870 1209 5911 se
1249 5854 1459 5909 illorum
1487 5854 1691 5930 linguas
1720 5867 2090 5928 provocarent,

2210 3315 2513 3371 lmmobiles
2546 3318 2686 3371 enim
2718 3312 2977 3371 Dominus
3005 3331 3133 3373 suos
3176 3332 3416 3372 summos
3447 3331 3663 3388 semper
3694 3320 3798 3374 vult

2209 3426 2429 3467 manere
2462 3411 2865 3479 praedicatores,
2891 3420 2943 3465 et
2974 3425 3079 3466 non
3108 3427 3134 3465 a
3165 3412 3485 3482 quibusdam
3513 3413 3795 3479 temerari,

2207 3505 2301 3560 sed
2340 3503 2443 3559 sibi
2488 3505 2655 3559 libere
2695 3514 2749 3559 et
2777 3505 2959 3574 quiete
3002 3503 3243 3558 famulari
3276 3502 3325 3557 ά.
3385 3504 3536 3560 Unde
3592 3514 3649 3560 et
3688 3504 3797 3574 ipse

2207 3597 2317 3651 ait:
2354 3596 2455 3662 Qui
2483 3612 2570 3649 vos
2599 3596 2794 3667 tangit,
2828 3596 2992 3668 tangit
3021 3597 3270 3668 pupillam
3304 3598 3437 3652 oculi
3466 3598 3588 3651 mei.
3619 3595 3687 3651 Et
3714 3596 3794 3668 qui

2206 3704 2292 3742 vos
2314 3688 2599 3757 contristat,
2630 3704 2709 3741 me
2737 3690 3000 3743 contristat
3032 3687 3217 3761 (Zach.
3242 3706 3310 3755 tt;
3341 3689 3541 3746 Coloss.
3570 3692 3674 3763 tu).
3702 3693 3792 3759 Et,

2207 3780 2293 3848 qui
2316 3779 2491 3849 fecerit
2513 3779 2793 3852 injuriam,
2821 3782 3028 3851 recipiet
3050 3782 3185 3851 quod
3205 3781 3380 3851 inique
3398 3786 3550 3854 gessit
3584 3783 3790 3855 (Matth.

2208 3870 2285 3943 π).
2317 3870 2383 3926 Et
2413 3872 2534 3926 alibi
2562 3889 2575 3927 :
2611 3872 2713 3939 Qui
2745 3890 2828 3929 vos
2858 3875 3064 3943 recipit,
3104 3892 3181 3929 me
3217 3878 3436 3943 recipit;
3476 3887 3565 3943 et,
3592 3880 3677 3947 qui
3714 3895 3792 3931 cos

2206 3965 2403 4033 spernit
2423 4010 2435 4033 ,
2469 3982 2549 4019 me
2571 3968 2764 4034 spernit
2795 3966 2945 4035 (Luc.
2976 3966 3051 4037 κ).
3081 3966 3154 4021 Ita
3184 3984 3395 4040 quoque
3421 3979 3477 4027 et
3501 3984 3531 4024 a
3558 3971 3792 4039 plebibus

2207 4057 2294 4111 vel
2338 4057 2551 4112 caeteris
2581 4057 2904 4129 generaliter
2948 4060 3195 4114 omnibus
3225 4068 3350 4114 sunt
3380 4059 3608 4115 timendi
3636 4071 3690 4117 et
3726 4060 3795 4116 fe-

2208 4149 2358 4203 rendi
2400 4157 2561 4218 atque
2596 4149 2883 4204 venerandi
2932 4160 3172 4219 pastores
3202 4158 3256 4206 et
3284 4151 3666 4221 przedicatores
3701 4151 3793 4207 Ec-

2208 4244 2405 4309 clesiae,
2440 4252 2499 4298 ut
2539 4243 2640 4299 sub
2667 4244 3057 4299 exercitatione
3106 4244 3260 4299 bonae
3304 4244 3595 4300 voluntatis
3639 4246 3794 4299 susti-

2210 4347 2433 4391 neantur
2478 4335 2791 4406 temporalia
2844 4333 3071 4406 (Prosp.
3100 4345 3227 4390 sent.
3258 4335 3354 4400 '54,
3386 4354 3446 4391 ex
3474 4338 3610 4409 Aug.
3640 4340 3692 4393 in
3721 4355 3792 4406 ps.

2208 4428 2411 4497 cxxrv),
2435 4437 2717 4497 sperentur
2740 4435 2961 4483 aeterna.
2988 4430 3161 4497 Auget
3185 4429 3329 4483 enim
3356 4429 3546 4493 merita
3571 4429 3795 4494 virtutis,

2209 4520 2297 4590 qui
2341 4520 2667 4589 propositum
2713 4534 2818 4573 non
2863 4519 3056 4585 violat,
3106 4518 3200 4575 sed
3255 4529 3443 4590 auget,
3500 4520 3792 4592 religionis.

2128 4610 2455 4676 DCharitas
2504 4627 2633 4667 vero
2679 4626 2893 4682 semper
2940 4612 3209 4668 hominem
3251 4611 3475 4667 innovat
3522 4610 3798 4683 (Ejusdem

2210 4718 2339 4764 sent.
2367 4708 2519 4781 275).
2553 4709 2621 4765 Ει
2663 4710 2803 4765 sicut
2848 4709 3151 4779 malignitas
3191 4718 3423 4776 vetet-ee,
3469 4709 3541 4763 ita
3590 4709 3800 4765 dilectio

2209 4816 2377 4857 novos
2422 4801 2565 4857 facit.
2620 4798 2780 4856 Fides
2825 4815 3051 4868 eorum,
3100 4799 3190 4871 qui
3240 4800 3404 4855 Deum
3460 4800 3629 4855 visuri
3680 4810 3799 4855 sunt

2210 4893 2485 4966 (Ejusdem
2514 4902 2644 4948 sent.
2669 4890 2794 4962 561)
2815 4934 2829 4959 ,
2862 4891 3003 4963 quod
3034 4906 3140 4946 non
3171 4892 3343 4955 videt,
3372 4890 3563 4945 credit.
3596 4889 3727 4944 Nam
3756 4890 3795 4943 si

2208 4986 2389 5053 videt,
2421 5000 2525 5040 non
2577 4994 2660 5041 est
2708 4984 2857 5039 ﬁdes.
2907 4983 3159 5039 Credenti
3203 4983 3472 5054 colligitur
3516 4981 3795 5049 meritum,

2215 5076 2415 5132 videnti
2445 5076 2683 5132 redditur
2710 5079 3011 5147 praemium.
3041 5075 3192 5132 Tunc
3242 5075 3532 5145 pretiosum
3572 5075 3796 5144 pastoris

2209 5231 2301 5300 qui
2332 5245 2400 5286 ne
2453 5232 2593 5301 quod
2637 5230 2966 5286 abstulerant
3009 5231 3320 5301 redderent,
3364 5229 3670 5291 criminosis
3699 5228 3788 5300 pri-

2208 5296 2357 5372 mum
2385 5296 2622 5357 omnium
2666 5302 2950 5372 episcopos
2986 5296 3411 5359 accusationibus
3441 5296 3784 5371 impetebant.

2216 5371 2431 5443 (B_aron.
2462 5390 2599 5427 anno
2638 5371 2763 5439 582,
2796 5371 2939 5429 num.
2974 5375 3051 5443 8.)

2276 5441 2304 5481 ι’
2346 5443 2467 5499 ΗτΕο
2500 5460 2710 5514 quoque
2738 5441 3163 5501 adulterina'est.

2288 5524 2311 5553 ε
2352 5515 2481 5581 Qum
2518 5512 2814 5583 sequuntur
2867 5532 3039 5586 usque
3088 5518 3154 5570 ad
3212 5512 3462 5585 Prosperi
3507 5517 3787 5586 sententias

2210 5600 2276 5639 ex
2316 5587 2629 5641 adulterinis
2676 5588 3009 5655 superiorum
3058 5587 3373 5657 pontiﬁcum
3418 5588 3655 5656 epistolis
3698 5588 3785 5641 de-

2208 5665 2424 5728 sumpta
2449 5668 2570 5712 sunt
2592 5658 2663 5728 ab
2718 5660 2899 5728 inepto
2948 5658 3406 5715 consarcinatum.
3452 5658 3624 5725 Quam
3660 5670 3781 5715 vero

2206 5726 2480 5801 dissimilis
2512 5727 2637 5801 linis
2672 5726 2830 5797 huius
2869 5730 3111 5801 epistola:
3138 5745 3169 5783 a
3198 5730 3496 5801 principio!

2277 5794 2302 5835 ά
2345 5799 2564 5870 lteliqua
2594 5794 2789 5856 absunt
2813 5816 2842 5856 a
2868 5800 2930 5857 C.
2955 5800 3092 5861 Just.
