4076 6348
224 344 361 406 757

1715 336 2083 400 APPENDIX.

3435 348 3538 407 758

221 464 499 523 diadema
527 468 610 518 est
636 458 930 531 (Ennodius
957 460 1011 515 in
1041 457 1162 515 dict.
1190 458 1352 529 incip.
1381 456 1590 529 eplsc.),
1622 456 1839 526 quando
1868 461 1923 519 Α
1947 457 2108 522 ditur,
2142 459 2231 514 ubi
2274 470 2539 531 supernus
2570 460 2721 519 favor
2768 469 2988 533 prtestat
3034 464 3338 522 exordium.
3391 464 3533 522 Deus

224 557 487 613 suasioni
517 555 636 626 ejus
665 562 795 625 grex
816 553 1233 618 ecclesiasticus,
1265 551 1390 606 dum
1422 551 1486 605 ad
1518 550 1839 621 probitatem

224 651 513 723 graditur,
548 664 652 704 non
682 650 961 720 repugnat.
996 640 1089 702 Ille
1116 644 1233 702 sine
1274 640 1395 700 fuco
1437 645 1760 699 monitorem
1788 653 1845 701 et

228 744 488 801 veridico
517 756 610 798 ore
647 741 850 811 diligit,
883 738 974 809 qui
1001 739 1117 810 ejus
1146 739 1388 793 instituta
1414 744 1669 793 sectatur.
1700 738 1845 792 Prse-

228 838 380 894 bent
409 830 744 899 hominibus,
774 840 978 887 natura:
1007 830 1387 889 institutiones.
1428 838 1484 883 et
1529 830 1726 883 monita
1757 840 1844 883 re-

233 943 527 1001 sponsum.
564 924 721 980 Redit
747 922 811 978 ad
841 923 1094 978 mortales
1122 919 1431 977 vicissitudo
1459 921 1709 975 clamosa!
1735 919 1841 975 sol-

202 1025 206 1027 ‘
236 1020 567 1085 licitudinis,
599 1017 725 1088 quia
754 1015 1124 1085 unusquisque
1151 1021 1308 1084 prout
1344 1011 1571 1083 ge'saerit
1596 1011 1838 1081 recipiet.

235 1117 384 1173 Nam
417 1114 581 1185 perit,
610 1108 754 1182 quod
780 1106 974 1180 lingua:
1016 1108 1369 1177 acceperunt,
1403 1106 1597 1160 frustra
1640 1104 1842 1159 beneﬂ-

237 1209 393 1267 cium
426 1205 631 1280 (Idem,
656 1203 809 1273 epist.
833 1200 932 1267 22,
960 1200 1050 1255 lib.
1075 1200 1194 1270 vtt),
1218 1199 1323 1253 nisi
1346 1197 1581 1268 legitime
1606 1206 1843 1265 coeptum

240 1303 417 1358 fuerit
460 1299 767 1370 negotium,
802 1304 857 1350 et
902 1295 1158 1349 canonice
1189 1299 1484 1363 peractum.
1531 1291 1607 1345 De
1654 1290 1847 1344 fiducia

239 1396 398 1453 enim
448 1392 678 1463 partium
728 1396 1036 1444 nostrarum
1086 1387 1334 1451 mittitur,
1365 1383 1508 1455 quod
1554 1381 1849 1453 apostolica

244 1486 477 1545 mandat
498 1481 811 1539 auctoritas.
834 1481 942 1535 Vos
959 1476 1327 1534 tantummodo
1347 1474 1603 1546 praesules
1622 1473 1849 1542 Christi,

242 1578 636 1650 benignitatem
684 1581 947 1638 vestram,
994 1571 1138 1627 salva
1182 1571 1391 1625 aurium
1437 1568 1847 1636 animorumque

243 1674 504 1743 aequitate
544 1668 746 1739 (Idem,
776 1668 899 1720 dict.
926 1656 1042 1737 21),
1074 1674 1128 1720 et
1154 1664 1291 1719 bona
1320 1664 1595 1718 voluntate
1634 1668 1851 1729 semper

245 1762 687 1839 praestate.Nam
714 1760 972 1817 adversus
1002 1758 1232 1825 impetus
1258 1754 1466 1825 iuvare,
1498 1752 1846 1825 peregrinan-

1948 550 2287 620 omnipotens
2318 552 2518 608 indulta
2545 568 2759 624 semper
2776 554 3071 619 custodiat,
3094 565 3392 628 augeatque
3415 569 3538 614 suc-

1949 646 2189 701 cessibus
2241 646 2515 716 profutura
2567 647 2749 717 (Idem
2771 691 2787 717 ,
2820 650 2965 720 epist.
2998 648 3084 717 l9,
3115 651 3203 705 tib.
3232 650 3309 722 ν).
3347 652 3539 708 Omnia

1950 737 2094 792 enim
2125 745 2298 794 vestra
2322 750 2553 810 semper,
2580 737 2795 805 intres,
2819 740 2873 797 in
2898 742 3157 800 charltate
3184 744 3316 799 ﬂant
3337 744 3390 815 (1
3413 743 3539 802 Cor.

1950 830 2048 901 vi).
2078 826 2143 886 Et
2172 828 2573 890 dctrahentibus
2614 835 2781 891 nolite
2817 834 3106 892 detrahere
3143 836 3397 907 quoniam
3445 839 3540 895 de‘

1953 924 2286 981 trahentibus
2312 926 2595 982 detrahere
2624 942 2731 983 non
2760 937 2842 984 est
2869 928 3067 984 bonum
3086 970 3102 997 ,
3135 940 3203 984 ne
3230 930 3298 985 ad
3328 944 3389 986 ea
3419 944 3541 1002 qua:

1952 1018 2150 1085 scripta
2195 1022 2349 1085 sunt,
2390 1020 2646 1076 eommotl
2689 1023 2915 1077 minime
2962 1030 3235 1079 certamen
3282 1024 3543 1081 faciamus

1952 1106 2279 1178 (Deusdedit
2310 1109 2638 1166 Caralitanus
2690 1115 2908 1168 consult.
2960 1111 2994 1165 4
3034 1128 3180 1168 conc.
3214 1114 3408 1183 Later.,
3452 1132 3539 1173 an.

1954 1203 2103 1274 649).
2130 1204 2253 1259 Non
2282 1205 2543 1263 debemus
2570 1210 2791 1263 omnino
2836 1209 3029 1264 timere
3058 1210 3403 1280 Opprobrium
3445 1210 3544 1266 lto-

1954 1295 2158 1350 minutn
2180 1339 2196 1363 ,
2238 1313 2411 1367 neque
2444 1314 2629 1354 eorum
2659 1299 3162 1368 exprobrationlbus
3190 1302 3329 1355 vinci
3374 1300 3546 1372 (Mar-

1953 1389 2093 1443 tinus
2114 1387 2145 1442 Ι
2168 1406 2305 1459 papa
2330 1392 2555 1447 consult.
2577 1394 2612 1447 δ
2638 1394 2868 1465 ejusdem
2892 1392 3144 1464 concilii),
3167 1394 3418 1463 quoniam
3445 1393 3548 1449 hoc

1955 1480 2113 1536 nobis
2143 1482 2401 1537 Dominus
2421 1484 2573 1553 jubet
2601 1499 2698 1555 per
2723 1485 2913 1540 Isaiam
2944 1486 3289 1554 prophetam,
3318 1486 3542 1541 dicens:

1954 1573 2142 1630 Audite
2168 1591 2269 1642 me,
2298 1577 2384 1646 qui
2414 1578 2556 1633 scitis
2577 1579 2861 1647 judicium,
2903 1577 3122 1649 populus
3150 1594 3309 1644 meus,
3336 1579 3391 1632 in
3419 1594 3549 1650 quac

1953 1685 2069 1723 rum
2109 1671 2345 1727 cordibus
2384 1671 2468 1725 lea:
2504 1689 2617 1726 mea
2645 1681 2739 1728 est.
2784 1668 2963 1727 Nolite
2999 1672 3174 1726 limere
3214 1674 3550 1743 opprobrium

1956 1758 2258 1829 hominum,
2303 1770 2352 1819 et
2395 1764 2732 1835 blasphemias
2778 1779 2959 1821 eorum
3003 1781 3067 1819 ne
3115 1766 3332 1820 linteatis
3380 1765 3548 1839 (Isai.

246 1867 364 1913 tem
392 1857 651 1911 reducere
680 1861 801 1923 post
831 1846 1129 1914 intervalla,
1157 1857 1240 1903 est
1264 1846 1488 1918 iustitia.
1521 1846 1678 1901 Libat
1706 1846 1851 1899 enim
1881 1850 1934 1913 Β
1960 1861 2067 1931 ιι)⁹
2109 1863 2515 1918 considerantes
2554 1864 2696 1932 quod
2748 1864 2801 1917 in
2852 1862 3059 1932 psalmo
3109 1863 3366 1932 scripgum
3417 1869 3502 1917 es;
3533 1878 3550 1917 ε

245 1949 827 2017 Domino.prospera,
880 1943 971 2013 qui
1029 1941 1097 1995 ab
1150 1938 1366 1995 afﬂictis
1420 1939 1567 2008 pellit
1623 1939 1849 1993 adversa

249 2043 440 2115 (Cone.
470 2040 635 2095 Tolet.
660 2053 781 2107 vtn,
810 2051 858 2091 c.
886 2020 963 2107 1).
1007 2028 1273 2101 Statutus,
1307 2028 1597 2087 venerandi
1641 2042 1849 2101 praesu-

244 2136 358 2202 les,
400 2132 687 2188 sudoribus
736 2129 940 2183 fructus
985 2136 1100 2192 est,
1146 2140 1267 2181 cum
1310 2124 1519 2196 judicio
1564 2124 1851 2194 purissime

247 2227 583 2291 reddendus,
616 2235 674 2279 ut
704 2224 757 2278 in
787 2231 1017 2291 utroque
1044 2235 1315 2290 congruas
1342 2220 1506 2286 nitor,
1538 2233 1638 2275 nec
1679 2219 1853 2274 susci-

248 2322 489 2391 pientem
521 2302 869 2381 devenustet,
912 2314 955 2367 si
1010 2306 1229 2382 indigno
1278 2316 1497 2367 auctore
1545 2313 1853 2381 provenerit

249 2413 365 2487 (Ex
388 2414 563 2468 eodem
590 2410 848 2474 Ennodio,
881 2408 1006 2463 dict.
1032 2405 1125 2473 9.1)
1148 2423 1162 2473 ;
1194 2421 1316 2474 nec,
1341 2406 1386 2459 si
1415 2397 1726 2461 conferatur
1752 2407 1852 2461 im-

248 2508 474 2571 merito,
497 2503 731 2559 maculet
751 2501 1087 2572 largientem.
1109 2499 1193 2555 Sit
1209 2512 1425 2569 semper
1449 2498 1707 2555 adversus
1731 2514 1854 2569 pra-

251 2613 358 2655 vos
381 2607 435 2655 et
464 2597 678 2666 impios,
705 2603 865 2664 atque
895 2608 1177 2649 servorum
1220 2592 1312 2646 Dei
1354 2601 1754 2661 persecutores,
1786 2591 1854 2645 li-

253 2692 388 2749 bera
418 2704 547 2755 vos,
583 2697 637 2743 et
676 2688 787 2743 oris
823 2687 999 2756 gladio
1042 2684 1303 2741 feriantur
1349 2694 1403 2739 et
1443 2684 1850 2756 redarguantur.

252 2785 651 2854 Persequantur
678 2788 734 2836 et
763 2779 1111 2849 repellantur,
1142 2775 1541 2833 confundantur
1581 2785 1633 2830 et
1662 2776 1854 2833 adver-

253 2886 460 2946 tantur,
495 2890 595 2932 nec
624 2874 854 2930 laedendi
902 2874 989 2944 pie
1018 2856 1258 2927 viventes
1290 2870 1452 2925 ullam
1493 2869 1728 2925 habeant
1772 2870 1852 2924 fa-

254 2974 530 3029 cultatem.
564 2954 886 3038 Plerumque
919 2967 1169 3035 periculis
1200 2965 1357 3032 plena
1386 2971 1512 3018 sunt
1541 2960 1651 3034 (Ea:
1677 2964 1855 3018 eodem

253 3068 308 3120 in
353 3065 472 3119 Vita
512 3064 723 3118 Antonii
769 3059 1062 3130 monachi);
1095 3073 1214 3128 quas
1244 3056 1493 3111 videntur
1532 3069 1654 3112 esse
1693 3056 1850 3110 tutis-

257 3156 415 3211 sima.
446 3154 597 3219 Vide,
628 3151 844 3223 quantis
874 3149 1122 3205 laborent
1153 3148 1285 3201 tales
1325 3146 1573 3200 insidiis:
1606 3146 1727 3201 ideo
1754 3144 1851 3199 ab-

255 3246 557 3303 sconditum
587 3258 708 3300 esse
739 3258 844 3297 non
895 3243 1051 3309 licet,
1084 3238 1226 3309 quod
1266 3237 1533 3294 audimus.
1564 3237 1680 3294 Jam
1714 3238 1849 3293 lale-
1877 3231 1925 3295 C

256 3342 349 3398 bat
390 3351 570 3395 nostra
610 3337 912 3409 mrsccutio
959 3334 1238 3389 manifesta
1274 3350 1288 3387 :
1322 3330 1689 3387 misericordia
1732 3339 1851 3397 est,

261 3436 401 3489 circa
451 3440 825 3502 persecutores
864 3438 919 3485 et
950 3427 1281 3484 facinorosos
1313 3432 1523 3479 servata
1564 3423 1850 3479 districtio.

260 3527 420 3596 Ergo.
450 3524 629 3595 sopori
677 3524 910 3594 quietem
943 3520 1156 3576 tribuite
1184 3535 1200 3575 :
1232 3517 1533 3574 cmlestium
1576 3515 1855 3572 mandato-

261 3636 378 3677 rum
411 3622 617 3674 hostem
663 3630 878 3687 quoque
906 3613 1181 3683 depellite,
1217 3627 1284 3667 ne
1313 3610 1539 3666 candida
1563 3625 1857 3667 conversa-

263 3713 337 3768 tio
367 3713 638 3767 vobiscum
670 3708 1020 3764 habitantium
1065 3708 1212 3761 fusca
1261 3706 1692 3774 supervenientis
1722 3720 1853 3760 con-

266 3806 478 3875 tagione
508 3803 757 3858 violetur.
789 3800 927 3855 Ante
953 3799 1097 3854 enim
1144 3796 1467 3866 providenda
1512 3804 1641 3851 sunt
1677 3811 1855 3852 reme-

264 3900 386 3965 dia,
443 3913 602 3966 quam
657 3896 875 3951 tuorbus
930 3892 1214 3949 increscat.
1270 3890 1591 3947 Sanctorum
1643 3904 1857 3962 quoque

267 3993 633 4064 apostolorum
691 4000 746 4046 et
809 3990 1142 4059 reliquorum
1207 3985 1548 4042 sacerdotum
1612 3995 1857 4057 petamus

266 4089 556 4145 exercitum
576 4124 593 4154 ,
624 4094 682 4141 ct
708 4085 1085 4156 prmdictorum
1116 4089 1525 4154 persecutorum
1567 4095 1663 4136 ora
1705 4081 1857 4137 clau-

268 4182 476 4235 damus.
531 4178 727 4236 Sscculi
783 4175 1125 4233 conversatio
1169 4176 1347 4247 legum
1397 4184 1542 4231 metu
1599 4175 1859 4231 retinetur

268 4274 467 4344 (litem,
499 4274 647 4343 epist.
676 4273 765 4339 15,
792 4272 829 4325 l.
858 4270 916 4343 v)
944 4287 957 4324 :
989 4269 1350 4326 ecclesiastica
1376 4283 1589 4339 quoque
1616 4267 1859 4323 custodia

269 4371 568 4441 tegularum
606 4370 773 4425 frenis
816 4377 1061 4424 servatur
1101 4372 1155 4423 et
1199 4368 1424 4438 regitur.
1462 4367 1622 4432 Deus,
1652 4364 1857 4420 charis-

268 4465 421 4529 sime,
454 4477 671 4532 semper
714 4462 897 4532 praeui
930 4467 1135 4516 avertat
1176 4461 1429 4515 invidiam
1470 4457 1676 4532 (Idem,
1708 4459 1856 4530 epist.

276 4555 345 4611 ili
371 4550 601 4629 ejusdem
629 4555 790 4626 libri).
822 4554 929 4608 Vos
958 4566 1087 4624 ergo
1113 4554 1395 4607 armamini
1427 4553 1597 4625 (juxta
1628 4554 1860 4621 Aposto-

268 4615 602 4720 lumlgladio
630 4615 869 4718 spiritus,
902 4615 1047 4714 quod
1081 4655 1164 4701 est
1209 4615 1588 4712 verbumWDei,
1623 4615 1693 4699 et
1716 4658 1854 4713 apo-
1885 4615 1942 4678 Ῑ)

275 4742 471 4797 stolicaa
514 4741 846 4796 auctoritatis
881 4739 1074 4810 clypeo
1121 4736 1340 4812 (Ephes.
1365 4737 1477 4809 Vl),
1505 4748 1568 4793 ut.
1609 4737 1862 4794 ecclesia-

274 4836 419 4890 sticae
449 4833 785 4890 fecunditatis
816 4832 930 4903 iura
965 4833 1106 4886 nulla
1146 4832 1420 4889 saevientis
1450 4831 1701 4902 procellae
1732 4844 1862 4900 pos-

275 4930 377 4985 sint
403 4928 726 5000 impulsione
750 4926 984 4983 subverti
1013 4925 1213 4999 (Idem,
1237 4926 1417 4997 ibid.).
1447 4927 1607 4983 Nullo
1630 4939 1859 4997 unquam

277 5022 583 5092 pracjudieio
607 5028 827 5091 gravate
852 5024 1172 5089 quemquam
1189 5058 1206 5086 ,
1243 5018 1339 5074 sed
1371 5018 1619 5088 inspicite
1646 5032 1864 5088 semper

279 5132 394 5187 quia
445 5117 748 5188 regularum
804 5113 1108 5170 testimonio
1156 5112 1519 5168 declarantur.
1570 5112 1859 5181 Superest,

278 5211 447 5266 salute
474 5210 716 5280 praelata,
743 5210 801 5263 ut
830 5207 896 5261 ad
925 5206 1114 5277 gaudia
1141 5218 1355 5276 semper
1397 5206 1622 5261 fratrum
1667 5205 1864 5262 devote

278 5307 590 5378 pmperetis,
631 5305 757 5375 quia
806 5301 985 5358 divina
1037 5299 1296 5357 beneficia
1343 5299 1599 5371 gradibus
1645 5313 1864 5369 semper

280 5399 562 5461 accedunt,
593 5404 647 5451 et
690 5395 885 5467 quibus
929 5394 1065 5448 bona
1093 5390 1408 5457 conferunt,
1445 5392 1670 5447 meliora
1710 5390 1864 5460 polii-

279 5508 479 5555 eentur.
517 5495 744 5562 Semper
771 5493 913 5549 enim
959 5488 1303 5545 incrementis
1331 5488 1399 5541 ad
1429 5488 1642 5542 culmen
1672 5499 1863 5541 ascen-

348 5666 375 5695 ι
402 5655 586 5723 Neque
612 5651 727 5723 haec
754 5648 833 5723 ab
852 5645 1037 5703 lsidori
1063 5643 1203 5723 stylo
1224 5644 1513 5723 discrepat.

348 5726 378 5767 δ
411 5713 922 5795 Μ’ριίεΐιιιὶιιιιὶῠιιε
967 5713 1262 5795 meminere
1285 5713 1585 5795 concilium
1634 5713 1854 5795 Milevit.

282 5817 395 5871 cap.
428 5786 599 5871 12_,'_et
630 5788 1234 5871 Africanum_cap.n7p.
1260 5786 1479 5871 _Eartim
1530 5800 1747 5871 novem,
1790 5786 1860 5871 de

286 5856 471 5943 quibus
495 5856 603 5934 bic,
628 5872 814 5919 auctor
837 5856 1077 5931 proditur
1099 5856 1343 5915 Gelasius
1370 5856 1506 5912 libro
1530 5856 1855 5913 Pontilicali.

1961 1954 2150 2011 Nonne
2202 1956 2339 2011 Deus
2383 1958 2601 2029 requiret
2645 1958 2786 2011 ista?
2825 1958 2937 2027 ipse
2984 1956 3118 2012 enim
3159 1956 3299 2011 novit
3346 1955 3547 2009 occulta

1957 2045 2149 2113 cordis,
2183 2051 2228 2099 et
2256 2044 2585 2117 cogitationes
2616 2046 2797 2102 talium
2826 2046 3117 2114 hominum,
3143 2047 3381 2116 quoniam
3407 2062 3550 2101 uana

1952 2148 2096 2193 sunt.
2133 2136 2282 2193 Vana
2324 2148 2495 2193 autem
2526 2141 2720 2195 locutus
2759 2151 2834 2196 est
2880 2141 3224 2212 unusquisque
3258 2141 3325 2197 ad
3370 2141 3547 2211 proxi-

1956 2251 2100 2288 mum
2126 2252 2276 2290 suum
2299 2250 2317 2289 :
2345 2237 2482 2291 labia
2505 2238 2715 2304 dolosa,
2747 2238 2801 2290 in
2824 2237 2976 2290 corde
2998 2246 3047 2289 et
3068 2236 3221 2290 corde
3245 2234 3403 2289 locuti
3432 2240 3551 2288 sunt

1957 2327 2119 2383 ntala.
2148 2322 2255 2384 Sed
2280 2329 2542 2400 disperdat
2568 2320 2822 2383 Dominus
2843 2328 3079 2382 universa
3106 2327 3242 2381 labia
3262 2324 3476 2392 dolosa,
3501 2333 3555 2380 et

1958 2422 2193 2492 linguam
2236 2423 2641 2493 magniloquam.
2678 2422 2778 2489 Qui
2820 2423 3107 2476 dixerunt:
3146 2419 3404 2490 Linguam
3450 2433 3553 2472 no-

1956 2524 2120 2570 stram
2148 2516 2617 2585 magniﬁcabimus,
2651 2516 2789 2569 labia
2818 2523 2995 2570 nostra
3023 2532 3056 2568 a
3082 2514 3228 2568 nobis
3256 2520 3375 2567 sunt
3395 2554 3411 2580 ,
3439 2511 3553 2583 quis

1957 2617 2132 2662 noster
2189 2607 2439 2661 Dominus
2484 2615 2557 2662 est
2610 2606 2847 2678 (Psslm.
2902 2620 3073 2671 sun;
3129 2605 3317 2674 psalm.
3382 2617 3552 2670 acut;

1959 2703 2147 2773 psalm.
2177 2702 2299 2775 x1)?
2327 2701 2461 2757 Nam
2490 2702 2536 2755 si
2568 2701 2681 2756 haec
2713 2702 2766 2755 in
2796 2699 3053 2756 memoria
3091 2698 3421 2765 retinerent,
3451 2695 3554 2751 mi-

1958 2797 2106 2853 nime
2133 2797 2198 2852 ad
2245 2804 2445 2853 tantam
2494 2796 2800 2867 prosilireut
2843 2795 3203 2863 iniquitatem.
3234 2791 3353 2847 Non
3401 2791 3545 2845 enim

1959 2904 2057 2960 per
2085 2890 2417 2960 probabilem
2445 2899 2500 2945 et
2530 2888 3135 2960 paternamodoctrinam
3177 2884 3278 2940 hoc
3324 2884 3555 2949 faciunt,

1960 2985 2056 3040 sed
2112 2995 2171 3038 ut.
2224 2998 2376 3038 suam
2431 2992 2719 3039 exerceant
2770 2983 2821 3037 in
2878 2995 3066 3036 servos
3114 2978 3210 3034 Dei
3264 2977 3555 3032 vindictam

1960 3073 2173 3147 (Idem,
2226 3073 2388 3128 Mart.
2431 3072 2607 3144 ibid.).
2658 3072 2930 3141 Scriptum
2986 3078 3067 3126 est
3124 3082 3399 3136 namque:
3454 3066 3557 3121 Via

1959 3171 2103 3227 stulti
2130 3180 2270 3225 recta
2292 3171 2345 3223 in
2368 3168 2531 3223 oculis
2551 3170 2663 3239 ejus
2686 3165 2868 3237 (Prov.
2892 3165 3013 3235 xu).
3036 3163 3103 3218 Et
3126 3179 3141 3216 :
3166 3160 3305 3217 Sunt
3324 3160 3417 3214 uite
3438 3174 3554 3230 quin

1960 3263 2199 3316 uidentur
2228 3260 2425 3314 homini
2444 3263 2625 3333 justte,
2666 3257 2943 3312 nouissima
2980 3264 3151 3310 autem
3188 3268 3363 3307 earum
3392 3251 3557 3305 dedu-

1960 3364 2083 3410 cunt
2109 3352 2177 3410 ad
2204 3365 2417 3410 mortem
2445 3352 2631 3426 (Prov.
2664 3351 2797 3421 xlv).
2830 3350 2938 3405 Nos
2968 3348 3111 3404 enim
3141 3348 3229 3417 qui
3263 3346 3375 3400 haec
3417 3344 3555 3413 pati-

1960 3462 2098 3511 mur,
2131 3446 2328 3517 judicio
2358 3445 2450 3501 Dei
2486 3446 2601 3500 hac
2629 3456 2906 3499 reservare
2934 3439 3216 3503 debemus,
3255 3437 3342 3505 qui
3373 3434 3554 3489 reddet

1960 3540 2234 3608 unicuique
2255 3542 2412 3612 juxta
2440 3552 2596 3608 apem
2619 3550 2715 3589 sua
2744 3531 2963 3606 (Matth.
2984 3528 3117 3598 xvi).
3145 3528 3242 3596 Qui
3269 3527 3428 3581 etiam
3460 3539 3554 3594 per

1963 3633 2235 3688 ministros
2277 3645 2403 3686 suos
2434 3628 2693 3695 intonuit,
2720 3628 2904 3682 dicens
2932 3643 2944 3678 :
2981 3622 3114 3677 Mihi
3144 3621 3422 3676 vindictam
3462 3633 3555 3688 ego

1960 3728 2237 3783 retribuam
2268 3726 2444 3799 (Rom.
2469 3724 2595 3795 xu).
2622 3724 2729 3777 Vos
2755 3722 2897 3777 enim
2921 3722 2973 3775 in
3001 3726 3150 3773 recta
3178 3715 3282 3770 fide
3304 3729 3369 3769 ac
3395 3727 3551 3783 pura,

1963 3823 2017 3877 in
2050 3822 2188 3877 bona
2222 3820 2501 3873 voluntate
2545 3816 2841 3871 succurrite
2868 3811 3134 3875 vicissim,
3164 3823 3265 3863 nec
3305 3805 3495 3875 aliquis
3522 3818 3555 3856 a

1964 3912 2340 3983 supplemento
2352 3909 2532 3964 fratris
2553 3906 2834 3962 subtrahat
2850 3918 3064 3959 manum
3085 3920 3098 3954 :
3117 3899 3368 3971 quoniam
3386 3898 3441 3950 in
3457 3896 3553 3949 hoc

1966 4003 2066 4074 (ait
2084 4000 2358 4069 Dominus)
2374 4006 2675 4072 cognoscent
2695 4013 2888 4061 omnes,
2906 3995 3027 4065 quia
3040 3993 3135 4047 mei
3152 3992 3243 4045 esti
3259 3988 3549 4059 sdiscipuli,

1962 4098 2007 4151 si
2024 4094 2346 4150 dilectionem
2359 4092 2637 4147 habueritis
2649 4089 2938 4145 adinvicem
2952 4085 3133 4159 (Joan.
3151 4083 3288 4153 xm).
3304 4082 3432 4135 Data
3449 4079 3555 4133 lia-

1962 4188 2134 4244 lendis
2164 4185 2473 4243 Decembris
2505 4184 2793 4239 indictione
2831 4179 2901 4237 15
2945 4181 3118 4255 (Anno
3156 4177 3363 4232 Domini
3392 4172 3543 4243 582).

2434 4294 2768 4355 EPISTOLA
2790 4296 2955 4372 [Olim
2980 4294 3075 4369 ΙΧ]

2210 4432 2279 4472 ΔΙ)
2307 4430 2584 4473 ενιεαονοε
2608 4429 2894 4471 GERMANIE
2920 4421 2947 4450 ⁸
2970 4427 3038 4467 ET
3065 4422 3296 4467 GALLIE.

1965 4534 2020 4591 Ν
2024 4550 2166 4591 ovem
2193 4535 2542 4607 prcefationes,
2572 4535 2701 4588 inter
2721 4533 2996 4607 missarum
3021 4526 3255 4607 solennia
3277 4525 3558 4578 decantan-

2266 4594 2375 4677 die,
2409 4622 2440 4659 a
2470 4594 2705 4659 Romana
2737 4602 2969 4656 Ecclesia
3001 4595 3160 4668 recipi
3187 4594 3239 4649 δ.

2037 4736 2284 4811 Pelagius
2346 4739 2602 4792 Romanis
2656 4734 2899 4790 ecclesia
2944 4741 3002 4789 et
3047 4731 3355 4802 apostolicae
3408 4730 3556 4786 sedis

1965 4834 2250 4903 episcOpus
2278 4830 2540 4884 universis
2585 4826 2995 4883 Germaniarum
3025 4838 3090 4880 ao
3132 4821 3423 4878 Galliarum
3465 4836 3551 4876 res

1967 4926 2183 4995 gionum
2204 4921 2472 4993 episcopis
2501 4921 2588 4994 (S.
2614 4919 2717 4974 Leo
2743 4919 2894 4990 epist.
2920 4916 3037 4988 88).

2040 5015 2175 5071 Cum
2202 5015 2257 5069 in
2298 5015 2391 5071 Dei
2421 5015 2639 5069 nomine
2665 5014 2719 5067 in
2749 5011 2988 5067 Romana
3018 5008 3255 5066 Ecclesia
3285 5009 3551 5082 synodum

1970 5110 2346 5181 episcoporum
2368 5108 2480 5162 sive
2501 5116 2817 5161 ceterorum
2844 5104 3288 5160 consacerdotum
3314 5102 3406 5156 Dei
3432 5098 3558 5153 tide-

1974 5205 2101 5258 lium
2132 5209 2509 5272 congregatum
2539 5200 2911 5256 habuissemus
2931 5243 2945 5267 ,
2973 5209 3030 5253 et
3070 5199 3137 5254 de
3181 5194 3559 5252 ecclesiasticis

1972 5295 2208 5364 statutis,
2240 5302 2297 5349 ut
2324 5302 2450 5349 sunt
2476 5294 2545 5349 ab
2572 5293 2837 5363 apostolis
2859 5300 2914 5348 et
2940 5291 3141 5347 sanctis
3171 5288 3415 5344 Patribus
3447 5294 3559 5341 tra-

1972 5390 2080 5444 dita
2110 5432 2124 5456 ,
2168 5388 2475 5459 diligentius
2524 5397 2906 5452 tractaremus;
2956 5397 3316 5455 supervenere
3365 5381 3558 5436 littera:

1973 5493 2203 5551 vestras,
2231 5490 2286 5539 et
2310 5490 2372 5539 ut
2396 5497 2600 5554 magna)
2625 5491 2808 5537 essent
2830 5476 3195 5541 auctoritatis,
3226 5476 3387 5531 etiam
3417 5474 3556 5527 vivas

1970 5643 2244 5712 Decimam
2268 5642 2336 5699 de
2358 5644 2510 5700 beata
2537 5640 2757 5712 Virgine
2776 5637 2946 5712 edidit
2966 5635 3214 5712 Urbanus
3236 5631 3320 5712 l_l,_
3337 5630 3549 5712 in_con-_

1967 5714 2094 5839 cillio
2112 5711 2412 5840 glaceéttia:
2454 5699 2662 5785 habito:
2692 5722 2751 5767 ut
2772 5710 2847 5765 ait
2878 5706 3164 5764 Gratianus
3195 5702 3261 5761 ad
3288 5702 3344 5760 d.
3377 5699 3469 5770 70,
3497 5709 3556 5759 et

1968 5802 1994 5840 a
2025 5803 2078 5842 n;
2110 5802 2237 5842 κεν.
2316 5800 2387 5840 ttv.
