4076 6348
596 316 703 376 759

1289 315 1601 374 SANCTUS
1641 312 1993 372 AUNARIUS
2016 358 2029 379 ,
2074 310 2732 370 ANTISSIODORENSIS
2770 309 3173 379 EPISCOPUS;

3789 311 3903 370 7GB

591 446 754 490 voces
786 440 1210 504 praecesserunt,
1241 442 1512 503 rogantes,
1547 440 1603 486 ut
1632 431 1877 487 ordinem
1908 429 2181 500 pratatio-
2214 432 2270 496 Α
2294 429 2532 484 Romana
2566 429 2803 485 Ecclesia
2836 428 3095 485 hactenus
3120 429 3359 486 servavit
3392 448 3406 486 :
3438 443 3601 487 unam
3631 431 3693 488 in
3738 430 3898 488 Albi:

594 540 744 592 num,
778 542 936 597 quem
968 536 1151 583 sancta
1182 526 1419 580 Romana
1451 525 1691 580 Ecclesia
1716 524 1985 593 Lhactenus
2020 521 2187 577 liabe-

591 627 711 683 ret,
760 618 960 672 nostris
1009 617 1200 673 litteris
1248 617 1399 671 vobis
1445 615 1903 670 remandaremus.
1935 613 2087 669 Tunc
2117 613 2185 668 de

590 719 775 765 vestra
804 712 1077 765 voluntate
1106 718 1158 764 et
1181 708 1359 763 studio
1407 716 1514 762 tam
1552 706 1697 761 bono
1740 706 1964 760 multum
2011 703 2185 774 gavisi

590 816 803 869 sumus,
834 810 889 857 et
916 816 1127 857 sacrum
1149 800 1393 857 ordinem
1422 800 1747 865 Romanum,
1770 811 2027 867 sacraque
2055 811 2183 852 con-

594 895 780 949 stituta
809 902 1114 950 nostrorum
1144 902 1567 959 antecessorum
1595 892 1824 947 solerter
1850 891 2179 961 relegentes,

598 988 901 1044 invenimus
930 989 1027 1043 has
1058 1003 1249 1043 novem
1294 986 1634 1057 praefationes
1666 987 1718 1041 in
1748 999 1902 1040 sacro
1940 985 2181 1055 catalogo

596 1079 965 1134 tantummodo
995 1077 1349 1148 recipiendas,
1383 1062 1517 1147 quas
1546 1076 1703 1146 longa
1734 1085 1878 1131 retro
1901 1078 2098 1131 veritas
2127 1077 2182 1130 in

2297 522 2671 594 paschalibus,
2699 522 2856 578 aliam
2881 523 2949 577 de
2997 524 3330 580 Ascensione
3380 525 3619 589 Domini,
3679 523 3905 580 tertiam

2295 614 2363 669 de
2393 613 2739 679 Pentecoste,
2774 623 3018 684 quartam
3048 613 3114 669 de
3140 615 3315 669 Natali
3366 615 3602 679 Domini,
3646 616 3903 686 quintam

2292 706 2362 762 de
2391 706 2726 776 apparitione
2757 704 3005 775 Domini,
3037 716 3241 762 sextam
3288 706 3355 763 de
3398 706 3691 777 apostolis,
3725 707 3905 774 septi-

2291 813 2433 854 mam
2463 799 2531 854 de
2561 806 2745 853 sancta
2774 797 3068 864 Trinitate,
3101 808 3348 854 octavam
3379 799 3448 854 de
3474 813 3663 864 cruce,
3698 813 3902 853 nonam

2292 892 2345 948 in
2368 891 2575 961 jejunio
2602 900 2657 947 et
2686 892 3102 962 Quadragesima
3152 892 3528 947 tantummodo
3575 892 3894 948 dicendam.

2292 984 2398 1040 llas
2423 982 2764 1054 praefationes
2794 993 2940 1040 tenet
2968 994 3023 1039 et
3045 986 3279 1040 custodit
3311 998 3496 1041 sancta
3519 986 3776 1041 Romana
3806 984 3896 1039 Ec-

2294 1076 2477 1133 clesia.
2507 1075 2614 1132 Has
2640 1075 2899 1131 tenendas
2930 1077 3079 1131 vobis
3111 1076 3445 1133 mandamus.

649 1214 964 1266 Onssavmo.
992 1215 1254 1265 Lcctorem
1274 1216 1352 1265 hic
1376 1227 1581 1265 monere
1601 1216 1756 1277 juvat,
1781 1220 1923 1265 notas
1945 1227 2055 1278 quze
2094 1214 2284 1278 Pelagii
2328 1214 2376 1265 II
2418 1214 2651 1278 opuscula
2702 1213 2951 1265 illustrant
2976 1213 3188 1265 Labbeo
3236 1226 3350 1265 esse
3375 1215 3670 1265 tribuendas
3693 1217 3893 1278 quoties

584 1278 721 1327 nullo
752 1282 951 1328 nomine
974 1282 1248 1342 signantur.
1279 1278 1413 1329 Eutr.

597 1378 931 1388 —————.——

936 1379 1235 1388 ————.———.——

597 1377 2503 1389 ———————————_——.————_——_————

620 1377 3886 1431 ἕψῃ-*ιῄ-

1923 1484 2143 1527 EODEM
2190 1486 2319 1528 ΤΒΜ
2332 1484 2517 1526 1⁵0118.

868 1604 2021 1822 SANCTUS
2184 1600 3473 1819 AUNARIUS
3517 1759 3583 1868 ,

1112 1971 1881 2090 EPISCOPUS
1959 1970 3361 2089 AUTISSIODORENSIS.

1306 2254 1752 2383 NOTl’l‘lA
1835 2252 1957 2379 EX
2048 2251 2416 2379 GALLIA
2484 2248 3133 2380 CHRISTIANA.

654 2513 1043 2577 Aunacbarius,
1073 2511 1162 2579 qui
1185 2516 1239 2564 et
1267 2523 1361 2579 per
1384 2520 1671 2577 syncopem
1702 2504 1990 2570 Aunarius,
2024 2503 2163 2559 filius
2199 2505 2247 2564 B
2273 2504 2697 2559 celebrarentur.
2734 2504 2811 2559 Ex
2841 2504 3033 2573 quibus
3065 2505 3195 2559 satis
3225 2516 3448 2576 apparet
3476 2516 3608 2567 tunc
3655 2511 3866 2580 majoris

580 2617 700 2663 erat
722 2606 961 2661 Pastoris
989 2613 1041 2659 et
1070 2604 1386 2672 Ragnoarm,
1412 2614 1699 2668 germanus
1727 2606 1905 2651 autem
1929 2596 2171 2650 Austrini

580 2698 820 2768 episcopi
852 2692 1259 2750 Aurelianensis
1289 2699 1344 2745 et
1390 2688 1769 2757 Austregildis,
1793 2689 1980 2741 matris
2006 2686 2177 2741 sancti

583 2790 723 2857 Lupi
754 2788 1087 2843 Scnonensis
1114 2782 1392 2848 antistitis,
1425 2791 1483 2837 ut
1513 2798 1576 2837 ex
1609 2781 1849 2851 ejusdem
1883 2780 2011 2850 Lupi
2060 2779 2177 2834 Vita

583 2882 865 2937 discimus.
892 2880 1045 2933 Hunc
1075 2874 1359 2947 aliquando
1388 2874 1706 2929 monachum
1740 2872 1906 2927 fuisse
1932 2883 1985 2927 et
2012 2872 2178 2926 abba-

583 2984 695 3029 tem
748 2972 926 3027 Sancti
967 2969 1218 3024 Germani
1267 2968 1465 3037 vulgati
1508 2966 1711 3021 indices
1758 2972 2025 3030 asserunt,
2055 2964 2179 3033 quia

581 3065 726 3119 forte
752 3062 1057 3118 coenobium
1091 3061 1271 3117 Sancti
1296 3058 1545 3113 Germani
1577 3066 1801 3112 vocatur
1837 3057 1954 3124 ejus
1994 3070 2179 3109 mona-

579 3161 807 3217 sterium
825 3158 877 3212 in
904 3156 1051 3211 Actis
1078 3153 1538 3215 sanctiWalarici,
1565 3168 1659 3206 seu
1689 3152 1842 3222 quia,
1876 3166 1939 3206 ex
1959 3150 2175 3216 Herico,

584 3253 757 3309 sancti
812 3248 1066 3304 Germani
1118 3245 1389 3301 basilicam
1439 3243 1739 3315 magnificis
1771 3242 1983 3310 praediis
2034 3243 2179 3296 locn—

582 3340 825 3415 pletavit.
874 3339 1006 3395 Nam
1048 3338 1237 3394 eodem
1294 3344 1513 3391 auctore
1550 3335 1749 3403 primos
1798 3333 2179 3388 adolescentia:

582 3449 754 3491 annos
805 3435 858 3488 in
886 3432 1006 3487 aula
1048 3429 1367 3487 Guntramni
1409 3429 1551 3497 regis
1599 3424 1799 3496 exegit,
1850 3439 1957 3494 quo
1987 3424 2179 3478 relicto

578 3526 1009 3598 postpositisque
1051 3522 1362 3593 parentibus
1413 3520 1657 3575 Turones
1705 3516 1931 3585 aufugit,
1982 3516 2070 3569 ubi
2111 3514 2177 3569 ad

582 3617 891 3687 sepulcrum
946 3613 1120 3670 sancti
1181 3612 1417 3677 Martini,
1470 3624 1621 3665 coma
1678 3608 1869 3675 capitis
1918 3606 2175 3671 detonsa,

543 3706 823 3763 .clericali
870 3706 1182 3761 saecularem
1226 3711 1429 3757 vestem
1482 3702 1724 3755 mutavit.
1778 3699 1912 3753 Tum
1960 3699 2025 3752 ad
2062 3697 2179 3754 Sia-

577 3802 757 3871 grium
775 3798 1314 3869 Augustodunensem
1338 3795 1649 3863 episcopum
1669 3791 1950 3857 adductus,
1974 3798 2177 3843 tantum

2284 2597 2532 2651 ecclesia:
2577 2596 2779 2651 clerum
2823 2612 2929 2651 non
2980 2597 3268 2653 admodum
3320 2602 3662 2671 frequentem
3699 2606 3866 2663 fuisse.

2282 2686 2475 2741 Tribus
2496 2687 2811 2756 subscripsit
2833 2687 3082 2743 conciliis
3106 2690 3506 2757 Aunacbarius,
3523 2693 3809 2751 Parisiensi
3825 2712 3870 2753 tv

2284 2793 2426 2833 anno
2457 2780 2565 2837 573
2610 2788 2667 2834 et
2716 2779 3197 2836 Matisconensibus
3247 2783 3459 2839 duobus
3506 2788 3671 2844 annis
3701 2789 3871 2847 585st

2283 2870 2406 2937 5855,
2428 2880 2482 2926 et
2509 2872 2980 2942 Augustodunensi
3011 2890 3101 2929 an.
3125 2874 3252 2942 589,
3279 2876 3433 2944 cujus
3463 2893 3588 2933 cum
3616 2881 3873 2951 episcopis

2282 2962 2502 3031 scripsit
2546 2964 2611 3016 ad
2643 2963 3048 3033 Gundegisilum
3088 2965 3540 3034 Burdegalensem
3590 2970 3867 3039 epistolam

2282 3069 2402 3123 qua:
2431 3052 2669 3109 refertur
2699 3070 2726 3108 a
2758 3055 3020 3123 Gregorio
3066 3057 3366 3119 Turonensi
3396 3059 3494 3113 lib.
3531 3077 3609 3126 rx,
3658 3077 3780 3130 cap.
3810 3062 3868 3118 4i

2281 3146 2453 3215 (Tant.
2483 3148 2684 3203 Patrol.
2719 3148 2940 3213 LXXI,
2973 3153 3073 3206 col.
3120 3151 3227 3206 520
3265 3162 3313 3205 et
3363 3153 3557 3224 δέρᾳ),
3599 3153 3867 3224 Synodum

2279 3238 2392 3307 ipse
2413 3240 2597 3295 habuit
2623 3242 2674 3295 in
2699 3242 2830 3297 urbe
2859 3257 2955 3297 sua
2984 3258 3104 3297 cum
3133 3244 3380 3300 dimcesis
3400 3246 3713 3313 abbatibus,
3733 3263 3871 3317 pres.

2280 3335 2479 3406 byteris
2508 3346 2562 3391 et
2598 3337 2841 3394 diaconis
2867 3342 2920 3393 in
2953 3355 3056 3409 qua
3106 3341 3319 3410 plurimi
3343 3341 3473 3396 editi
3500 3350 3629 3397 sunt
3647 3358 3868 3399 canones

2279 3428 2333 3482 in
2352 3428 2546 3496 quibus
2566 3429 2732 3483 multa
2761 3431 3281 3487 suntobservatione
3297 3432 3477 3502 digna.
3511 3433 3640 3488 Duae
3671 3444 3868 3490 exstant

2282 3519 2475 3588 Pelagii
2509 3535 2661 3590 papae
2690 3522 2757 3576 ad
2787 3522 3185 3579 Aunacharium
3233 3524 3497 3594 epistola,
3530 3528 3624 3596 qui
3653 3528 3723 3581 ab
3762 3529 3864 3598 ipso

2281 3616 2608 3680 sanctuaria,
2660 3616 2713 3668 id
2762 3624 2848 3671 est
2895 3615 3133 3673 brandea
3184 3630 3279 3672 seu
3309 3632 3518 3687 pannos
3549 3634 3617 3674 ex
3657 3620 3861 3675 tumulis

2282 3706 2644 3775 apostolorum
2693 3706 2923 3775 petierat
2976 3723 3072 3778 pro
3112 3709 3268 3764 novis
3316 3708 3564 3765 ecclesiis
3593 3726 3715 3781 qua:
3760 3721 3859 3765 tum

2282 3798 2587 3868 complures
2636 3800 2688 3853 in
2743 3800 2825 3853 his
2867 3800 3109 3869 partibus
3138 3800 3616 3857 construebantur.
3668 3802 3860 3858 Petenti

582 3894 724 3964 apud
753 3907 876 3947 eum
918 3890 1225 3947 eruditione
1252 3897 1305 3943 et
1331 3888 1611 3957 disciplina
1642 3885 1889 3955 profecit,
1920 3893 1977 3939 ut
2008 3898 2175 3953 usque

2286 3895 2473 3950 annuit
2502 3893 2747 3963 pontifex
2776 3911 2790 3949 :
2819 3903 2873 3948 at
2922 3895 3165 3963 queritur
3210 3894 3352 3965 quod
3394 3895 3668 3951 Aunarius
3713 3896 3859 3949 Italia:

579 3986 651 4041 ad
677 3986 890 4041 culmen
920 3984 1207 4054 pontificiae
1235 3981 1509 4050 dignitatis
1538 3979 1802 4049 gradatim
1850 3977 2176 4046 provehere-

582 4088 691 4133 tur.
724 4076 949 4133 Atherio
997 4075 1175 4144 itaque
1221 4072 1681 4128 Autissiodorensi
1714 4070 1944 4139 praesule
1984 4085 2015 4123 e
2044 4068 2175 4123 vivis

584 4177 859 4238 exempto,
889 4184 917 4221 a
960 4167 1107 4223 clero
1147 4166 1308 4221 simul
1351 4176 1406 4221 et
1430 4165 1627 4235 popqu
1656 4165 1895 4219 unanimi
1952 4173 2175 4217 vocatur

583 4260 979 4325 Aunacharius,
1013 4261 1102 4330 qui
1128 4259 1304 4329 pridie
1331 4256 1595 4312 Kalendas
1626 4258 1763 4325 Aug.
1795 4255 2027 4311 officium
2059 4256 2177 4324 epi-

582 4362 837 4420 scopatus
878 4350 1136 4419 suscepit.
1184 4349 1405 4404 Sextum
1458 4363 1578 4402 eum
1629 4364 1659 4402 a
1708 4349 1865 4402 beato
1904 4348 2175 4404 Germano

579 4438 942 4501 Autissiodori
973 4444 1285 4513 episcopum
1334 4442 1573 4495 nominat
1619 4440 1845 4497 Hericus
1875 4442 2016 4496 idem
2061 4441 2174 4510 epi—

580 4536 719 4590 stola
769 4536 834 4591 ad
866 4534 1117 4591 Carolum
1148 4532 1372 4587 Calvum
1415 4532 1820 4602 imperatorem,
1851 4531 1905 4585 in
1946 4547 2051 4600 qua
2082 4546 2171 4585 re-

577 4627 685 4687 fert
712 4628 934 4683 Aunarii
966 4628 1174 4691 litteras
1205 4625 1448 4695 rogantis
1475 4623 1809 4692 Stephanum
1858 4622 2171 4677 Africanum

582 4723 955 4793 presbyterum
1004 4730 1065 4775 ut
1110 4718 1289 4774 Vitam
1320 4717 1559 4787 ejusdem
1611 4718 1780 4771 sancti
1824 4716 2043 4771 metrice
2082 4715 2175 4771 de-

578 4816 847 4873 scriberet
870 4824 926 4870 et
952 4821 1073 4869 acta
1101 4812 1272 4867 sancti
1312 4811 1584 4865 Amatoris
1609 4811 1857 4880 prosaice
1882 4828 1895 4862 :
1926 4819 1981 4863 at
2008 4808 2171 4863 libra-

578 4909 647 4965 rii
706 4904 1058 4978 proculdubio
1112 4903 1367 4958 mendum
1420 4912 1540 4970 est,
1604 4918 1730 4957 nam
1781 4902 1897 4971 ipse
1950 4901 2173 4957 llericus

577 4999 864 5069 episcopos
899 5001 1039 5051 inter
1066 4995 1272 5050 medios
1309 5003 1715 5049 commemorat.
1753 4994 1949 5048 Factus
1993 5002 2173 5048 autem

580 5090 871 5159 episcopus
902 5086 1275 5144 Aunacbarius
1307 5086 1539 5156 plurima
1565 5086 1619 5139 in
1646 5084 1874 5139 ecclesia
1909 5085 2173 5139 Autissio-

522 5188 539 5225 ἑ
578 5182 796 5236 dorensi
834 5178 1112 5234 constituit
1141 5192 1285 5247 quas,
1336 5184 1395 5229 ut
1441 5176 1712 5245 praecipuo
1754 5174 2173 5229 observarentur

2281 3987 2679 4041 calamitatibus
2723 4001 2828 4040 non
2879 3986 3239 4053 compatiatur
3282 3996 3340 4043 et
3365 3988 3507 4056 quod
3541 3988 3857 4044 Francorum

2282 4090 2436 4147 reges
2464 4076 2549 4157 ‘ad
2595 4090 2751 4145 opem
2802 4076 2850 4130 ei
2889 4075 3160 4130 ferendam
3207 4091 3312 4131 non
3362 4078 3585 4133 excitet.
3618 4078 3857 4149 Superius

2280 4168 2516 4223 diximus
2543 4168 2667 4237 quid
2697 4167 3040 4222 decessorum
3074 4183 3299 4223 suorum
3340 4168 3596 4225 Germani
3630 4181 3686 4226 et
3715 4174 3856 4227 Ama-

2280 4257 2411 4313 toris
2442 4259 2495 4312 in
2525 4260 2749 4328 gratiam
2789 4260 2980 4329 egerit.
3023 4261 3229 4330 Lupum
3259 4273 3511 4329 nepotem
3562 4278 3721 4318 suum
3748 4280 3854 4319 cum

2279 4347 2538 4405 Austrino
2578 4365 2835 4421 germano
2885 4352 2949 4404 ad
2996 4351 3199 4407 insulas
3259 4353 3541 4408 educando
3606 4359 3854 4424 provexit.

2278 4442 2534 4498 Sanctum
2552 4445 2986 4513 Austregisilum,
3008 4446 3241 4501 futurum
3261 4447 3649 4505 Bituricensem
3663 4454 3859 4524 episco-

2280 4552 2402 4606 pum
2420 4537 2674 4592 clericum
2708 4536 2831 4592 fccit
2854 4547 2908 4591 et
2924 4537 3310 4593 subdiaconum
3334 4539 3626 4597 ordinavit.
3644 4541 3856 4598 Walari-

2277 4645 2398 4685 cum
2432 4631 2483 4683 in
2512 4631 2897 4685 monasterium
2921 4646 3079 4687 suum
3100 4631 3336 4699 admisit,
3358 4634 3503 4704 quod
3531 4634 3586 4689 in
3614 4636 3853 4693 suburbio

2277 4724 2505 4779 civitatis
2548 4735 2915 4781 constructum
2959 4726 3028 4780 de
3068 4728 3396 4783 monasterio
3417 4730 3588 4784 sancti
3615 4729 3854 4787 Germani

2279 4819 2715 4889 interpretamur.
2784 4822 2921 4878 Huic
2960 4825 3291 4881 monasterio
3318 4866 3333 4891 ,
3364 4825 3453 4881 ubi
3489 4840 3686 4897 corpus
3712 4844 3852 4884 suum

2277 4912 2567 4979 scpultura:
2590 4914 2834 4969 mandari
2856 4915 3193 4983 decreverat,
3224 4926 3280 4971 et
3304 4917 3547 4974 ecclesia:
3572 4932 3685 4975 sua:
3709 4933 3852 4990 agros

2275 5014 2329 5058 et
2357 5005 2506 5058 villas
2532 5005 2771 5075 donavit,
2805 5008 3103 5080 plenusque
3143 5009 3379 5080 dierum,
3408 5012 3699 5069 sanctitate
3734 5030 3850 5084 quo-

2275 5110 2379 5165 que
2410 5106 2464 5152 et
2508 5098 2891 5154 miraculorum
2939 5100 3112 5169 gloria
3161 5102 3496 5158 clarissimus
3530 5102 3847 5160 decessitvu

2278 5190 2392 5244 Kal.
2437 5190 2681 5257 0ctobr.,
2745 5192 2860 5246 initi
2912 5195 3235 5262 prrcsulatus
3281 5194 3371 5261 44,
3421 5209 3608 5251 mense
3652 5197 3705 5262 Ι,
3748 5196 3846 5251 die-

576 5273 784 5343 vigore,
807 5270 1284 5339 Guntramniregis
1309 5269 1627 5322 auctoritate
1650 5266 1959 5321 roboravit:
1986 5266 2037 5320 in
2066 5266 2168 5332 bis,
2195 5302 2248 5363 Β
2276 5281 2376 5337 bus
2426 5282 2515 5338 25.
2576 5281 2786 5354 corpus
2835 5284 2903 5338 ad
2966 5295 3213 5341 saucium
3269 5284 3598 5342 Germanum
3654 5287 3843 5344 funebri

578 5368 635 5425 i'
652 5376 710 5424 ut
739 5368 1088 5431 monasteria,
1120 5365 1355 5420 basilica:
1381 5373 1435 5419 et
1460 5364 1703 5419 ecclesiae
1718 5362 2034 5432 parmciales
2054 5376 2171 5417 cer-

576 5464 646 5516 tis
675 5461 862 5515 diebus
894 5475 987 5529 per
1016 5474 1257 5515 mensem
1286 5474 1407 5513 cum
1439 5458 1583 5513 clero
1613 5466 1669 5512 et.
1707 5457 1904 5527 populo
1934 5457 2168 5525 rogatio-

578 5567 677 5607 nes
705 5552 975 5615 facerent;
1015 5550 1074 5605 2°
1104 5550 1298 5621 quibus
1331 5550 1477 5603 horis
1517 5549 1711 5618 vigilia:
1755 5548 1941 5603 diebus
1990 5548 2168 5601 Domi-

578 5644 716 5698 nicis
767 5658 831 5698 ac
878 5643 1361 5712 arcliipresbyteris
1406 5650 1460 5696 et
1508 5640 1790 5695 abbatibus
1844 5640 2071 5710 propriis
2116 5642 2167 5695 in

582 5736 714 5789 locis
744 5735 968 5801 fierent;
1000 5735 1058 5789 5°
1090 5750 1118 5787 a
1164 5732 1354 5802 quibus
1404 5732 1603 5803 vigilite
1650 5732 1703 5786 in
1751 5730 1968 5786 basilica
1998 5732 2166 5785 sancti

584 5825 841 5894 Stephani
872 5841 991 5880 cum
1024 5825 1305 5880 abbatibus
1330 5825 1555 5897 singulis
1590 5824 1938 5882 liebdomadze
1970 5824 2161 5880 diebus

2274 5388 2469 5443 pompa
2520 5375 2860 5440 tumulatum,
2892 5376 3016 5431 inde
3062 5392 3220 5446 capsa
3269 5389 3524 5447 argentea
3569 5378 3839 5446 inclusum,

2271 5465 2668 5520 calvinistarum
2699 5476 2880 5535 postea
2904 5468 3083 5538 praeda
3112 5468 3229 5525 fuit.
3251 5468 3497 5539 Projecta
3526 5484 3657 5528 vero
3677 5487 3789 5527 ossa
3813 5487 3841 5527 a

2272 5554 2566 5610 Catholicis
2596 5556 2822 5612 collecta
2856 5573 2978 5613 cum
3023 5560 3142 5615 aliis
3184 5561 3237 5616 in
3266 5562 3470 5633 cryptis
3501 5562 3567 5617 ad
3610 5563 3839 5619 meridio-

2274 5647 2451 5701 nalem
2507 5645 2801 5705 fenestram
2845 5650 3122 5708 recondita
3181 5652 3351 5717 fuere.
3387 5652 3595 5709 Colitur
3623 5666 3695 5710 vn
3738 5655 3835 5712 Kal.

2272 5736 2492 5793 Octobr.
