4076 6348
226 301 342 360 785

230 531 324 577 aut
350 520 405 575 in
435 520 659 574 coclesia
688 517 819 572 dum
846 517 1026 572 missa
1049 515 1302 570 dicuntur
1325 522 1492 570 stare.

963 605 1079 662 XX.

301 703 455 772 Quod
486 701 533 757 si
565 701 868 772 presbyter,
901 699 1046 767 quod
1071 697 1226 755 nefas
1244 705 1328 754 est
1352 695 1554 764 dicere,
1581 705 1675 751 aut
1699 694 1815 753 dia-

224 809 420 858 conus,
467 802 560 848 aut
587 791 970 856 subdiaconus,
1004 800 1125 860 post
1164 797 1436 857 acceptam
1486 786 1814 844 benedictio-

225 901 378 952 nem,
408 883 638 939 infantes
663 877 1044 951 procrearerit,
1069 885 1158 934 aut
1183 877 1505 934 adulterium
1533 880 1818 934 commise-

222 977 317 1040 rit,
368 984 422 1030 et
463 971 902 1042 archipresbyter
951 971 1056 1026 hoc
1097 971 1354 1041 episcopo
1400 978 1492 1024 aut
1544 969 1816 1025 archidia-

221 1085 366 1127 cono
391 1085 498 1125 non
525 1067 819 1123 innotuerit
837 1065 890 1121 si
905 1066 1028 1132 scit,
1055 1065 1263 1136 integro
1283 1079 1425 1120 anno
1447 1079 1552 1119 non
1574 1077 1818 1119 commu-

223 1167 392 1234 nicet,
417 1164 492 1220 illi
516 1178 642 1219 vero
667 1162 757 1233 qui
786 1162 894 1216 hoc
917 1157 1285 1216 commiserint
1313 1159 1670 1228 deponantur.

951 1247 1092 1307 XXI.

301 1343 560 1406 πωπω
581 1347 916 1418 presbytero,
939 1352 1061 1414 post
1075 1349 1346 1413 acceptam
1364 1339 1817 1408 benedictionem,

223 1442 282 1498 in
311 1455 419 1496 uno
464 1440 604 1494 lecto
631 1452 755 1494 cum
802 1436 1120 1506 presbytera
1171 1450 1268 1489 sua
1307 1432 1565 1501 dormire,
1618 1443 1718 1488 nec
1763 1431 1823 1488 in

223 1541 449 1606 peccato
467 1530 676 1588 carnali
699 1529 940 1594 misceri,
956 1542 1056 1582 nec
1076 1525 1331 1593 diacono,
1353 1534 1448 1580 aut
1465 1524 1815 1580 subdiacono.

931 1618 1096 1675 XXII.

297 1717 413 1774 Non
455 1716 583 1772 licet
610 1714 820 1771 relicta
839 1711 1161 1786 presbyteri,
1210 1723 1308 1766 nec
1349 1709 1554 1764 relicta:
1579 1707 1814 1774 diaconi,

222 1828 328 1883 nec
355 1810 691 1878 subdiacoui,
718 1816 842 1880 post
865 1806 982 1876 eius
1014 1813 1242 1860 mortem
1275 1803 1526 1858 maritum
1549 1802 1814 1871 accipere.
1848 1817 1905 1884 Β

920 1896 1107 1954 XXIII.

298 1998 357 2054 Si
389 1994 682 2052 monachus
713 1994 764 2047 in
795 1989 1127 2047 monasterio
1154 1989 1480 2043 adulterium
1528 1987 1817 2045 commise-

221 2094 321 2158 rit,
348 2100 440 2145 aut
485 2086 756 2158 peculiare
801 2084 1008 2139 habere
1029 2082 1464 2151 praesumpserit,
1497 2089 1590 2134 aut
1618 2080 1818 2135 furtum

223 2187 435 2252 fecerit,
467 2193 523 2240 et
570 2183 672 2237 hoc
701 2179 876 2235 abbas
906 2189 1005 2247 per
1033 2189 1101 2232 se
1122 2189 1230 2229 non
1272 2174 1680 2237 emendaverit,
1730 2184 1822 2229 aut

223 2280 501 2348 episcopo,
533 2282 627 2330 aut
653 2272 1040 2328 archidiaceno
1065 2282 1172 2322 non
1205 2267 1523 2332 innotuerit,
1553 2267 1622 2321 ad
1650 2269 1820 2337 paeni.

209 2375 448 2432 tentiam
477 2367 736 2440 agendam
767 2365 821 2421 in
851 2363 960 2420 alio
985 2360 1317 2418 monasterio
1346 2359 1673 2417 retrudatur.

922 2444 1114 2512 XXIV.

301 2556 414 2612 Non
446 2555 573 2609 licet
601 2551 800 2618 abbati,
830 2563 930 2606 nec
957 2544 1256 2613 monacho,
1287 2544 1364 2601 ad
1395 2544 1612 2614 nuptias
1631 2543 1823 2601 ambu-

223 2650 343 2710 lare
372 2645 474 2721 (De
500 2660 726 2712 cenam,
760 2643 881 2698 dist.
911 2642 991 2712 4).

241 2760 252 2773 ι
938 2727 1108 2785 XXV.

243 2857 252 2868 -
301 2829 426 2887 Non.
449 2827 578 2883 licet
618 2823 800 2880 abbati
829 2821 971 2878 ﬁlios
1013 2821 1082 2876 de
1129 2818 1409 2890 baptismo
1448 2814 1671 2882 habere,
1718 2825 1829 2871 nec

226 2920 506 2982 monachis
529 2925 856 2974 commatres
883 2915 1103 2970 habere.

915 3026 1106 3084 XXVI.

301 3148 452 3218 Quod
498 3147 542 3202 si
571 3144 692 3216 quis
717 3142 883 3198 abbas
912 3139 1191 3195 mulierem
1226 3137 1290 3192 ‘in
1342 3134 1674 3192 monasterio
1720 3147 1820 3190 suo

1710 299 2042 362 CANONES.

229 436 356 499 post
381 432 662 497 acceptum
693 423 876 482 cibum
899 423 988 480 vet
1016 421 1281 496 opoeulum
1325 419 1524 479 missas
1562 428 1818 489 tractare,
1843 423 1895 486 Α

3405 293 3510 366 766

1989 509 2105 567 Non
2136 513 2266 568 licet
2288 415 2910 585 presbyteroxiiilid'icio
2939 509 3034 570 illo
3055 519 3222 585 stare,
3247 511 3391 574 unde
3418 513 3510 575 bo-

1920 617 2010 660 mo
2035 603 2102 660 ad
2129 614 2356 661 mortem
2385 606 2651 662 tradatur.

2661 697 2828 754 XXV.

2661 697 2756 751 XX
2811 737 2828 754 .

1991 786 2110 843 Non
2153 785 2278 844 licet
2322 697 2656 861 presbyter:
2699 695 2806 846 an:V
2833 790 3081 861 diacono,
3133 791 3217 848 vel
3255 789 3506 866 cuiquam

1919 879 2260 946 clericorum,
2288 879 2356 936 de
2384 882 2622 951 qualibet
2649 896 2808 938 causa
2851 882 3209 942 conclericum
3240 898 3394 941 suum
3437 887 3506 942 ad

1914 970 2151 1042 iudicem
2181 972 2493 1028 saecularem
2526 975 2757 1029 trahere.

2597 1065 2832 1122 XXXVI.

1990 1156 2110 1214 Non
2137 1158 2262 1220 licet
2296 1157 2508 1214 mulieri
2551 1160 2692 1215 nuda
2734 1175 2894 1214 manu
2932 1154 3321 1218 Eucharistiam
3362 1155 3505 1218 acci-

1919 1265 2070 1321 pere.

2573 1320 2832 1378 XXXVII.

1993 1412 2107 1469 Non
2143 1413 2270 1469 licet
2296 1414 2508 1470 mulieri
2539 1427 2751 1468 manum
2779 1426 2928 1469 suam
2955 1414 3022 1470 ad
3052 1416 3249 1486 pallam
3277 1415 3508 1473 domint-
3619 1456 3624 1461 ι

1921 1519 2037 1560 cam
2061 1506 2294 1562 mittere.

2568 1577 2853 1636 XXXVIII.

1993 1669 2108 1724 Non
2139 1671 2266 1726 licet
2304 1687 2425 1726 cum
2468 1674 2932 1730 excommuniqu
2957 1675 3378 1743 communicare,
3409 1687 3509 1733 nec

1921 1777 2044 1819 cum
2075 1778 2141 1818 eo
2169 1764 2346 1819 cibum
2378 1780 2614 1821 sumere.

2602 1853 2844 1913 XXXIX.

1996 1952 2055 2007 Si
2083 1952 2202 2022 quis
2234 1952 2552 2022 presbyter,
2577 1963 2671 2008 aut
2697 1952 2925 2023 quilibet
2964 1953 3032 2010 de
3077 1954 3250 2023 clero,
3301 1962 3394 2010 aut
3443 1954 3512 2011 de

1924 2044 2142 2114 populo,
2184 2045 2703 2099 cxcommunicatum
2748 2045 2954 2116 absque
3000 2047 3278 2103 voluntate
3322 2048 3510 2117 ipsius,

1924 2137 2012 2206 qui
2041 2151 2163 2190 eum
2195 2138 2708 2206 exeommunicavit,
2739 2139 2918 2194 sciens
2953 2141 3237 2208 receperit,
3271 2148 3362 2196 aut
3389 2155 3512 2197 cum

1922 2229 2019 2284 illo
2047 2243 2239 2299 panem
2267 2229 2689 2306 manducave‘rit,
2722 2232 2809 2286 vel
2839 2233 3164 2303 colloquium
3191 2233 3395 2290 habere
3417 2234 3512 2291 tle-

1922 2321 2191 2390 creverit,
2222 2321 2384 2377 simili
2415 2324 2700 2379 sententiaa
2727 2325 3044 2393 subiacebit.

2665 2439 2778 2497 XL.

1995 2551 2116 2608 Non
2165 2553 2294 2611 licet
2346 2555 2661 2628 presbytero
2716 2558 2854 2616 inter
2909 2560 3096 2632 epulas
3153 2572 3372 2624 cantare
3424 2565 3512 2622 vel

1922 2645 2144 2702 saltare.

2638 2718 2774 2779 XLI.

1994 2826 2115 2884 Non
2143 2827 2270 2884 licet
2297 2830 2644 2901 presbytero,
2682 2847 2781 2889 nec
2806 2831 3060 2902 diacono,
3089 2853 3410 2911 quemquam
3438 2839 3521 2896 in-

1923 2919 2199 2986 scribere;
2231 2921 2324 2976 sed
2347 2922 2400 2976 in
2422 2923 2541 2978 vice
2569 2939 2666 2978 sua
2692 2925 2739 2980 si
2763 2941 2980 2983 causam
3008 2930 3274 3002 habuerit,
3297 2944 3386 2990 aut
3408 2934 3518 2990 Ira-

1923 3020 2090 3080 trem,
2116 3020 2210 3068 aut
2230 3027 2607 3085 φῶκαι-αμα
2633 3021 2948 3076 occulerent
2969 3029 3140 3092 reget.

2639 3128 2798 3186 XLII.

231 3199 451 3311 haedi
472 3199 798 3306 permiserit,
847 3240 940 3285 aut
968 3229 1287 3285 festivitates
1317 3226 1530 3297 aliquas
1573 3223 1648 3280 ibi
1695 3210 1857 3295 speJ

2003 3242 2073 3297 Ut
2095 3257 2431 3312 unaquaeque
2462 3244 2670 3312 mulier,
2696 3248 2910 3317 quando
2938 3254 3317 3321 communicat,
3349 3254 3523 3312 domi-

229 3345 377 3389 ctare
399 3325 757 3404 [exspectare]
783 3323 1112 3395 praeceperit,
1139 3321 1312 3376 tribus
1335 3321 1610 3376 mensibus
1635 3319 1690 3374 in
1716 3319 1824 3373 alio

229 3421 563 3482 mortasterio
589 3419 925 3483 retrudatur,
951 3429 1088 3485 pane
1111 3421 1167 3470 et
1195 3427 1333 3485 aqua
1354 3421 1660 3468 contentus.

919 3505 1132 3562 XXVII.

301 3607 420 3665 Non
437 3604 625 3662 licetut
642 3601 834 3673 aliquis
851 3615 1004 3655 suam
1034 3612 1318 3654 novercam
1339 3594 1566 3668 accipiat
1577 3609 1822 3654 uxorem.

909 3691 1148 3748 XXVIII.

305 3793 426 3849 Non
458 3789 584 3846 licet
610 3794 670 3844 ut
699 3787 860 3842 filiam
895 3785 1079 3842 uxoris
1106 3799 1220 3842 sua:
1243 3783 1368 3852 guis
1393 3782 1643 3852 accipiat.

929 3899 1124 3957 XXIX.

304 4022 422 4079 Non
451 4021 576 4076 licet
612 4026 671 4074 ut
697 4017 944 4074 relictam
983 4013 1168 4072 fratris
1206 4013 1289 4070 sui
1319 4014 1440 4086 quis
1467 4013 1522 4071 in
1551 4014 1828 4072 matrimo-

226 4117 384 4177 nium
411 4114 596 4171 ducat.

943 4180 1112 4253 xxx.

308 4277 426 4334 Non
452 4277 579 4332 licet
603 4274 738 4338 duas
765 4287 1008 4340 sorores,
1038 4273 1212 4328 siuna
1238 4281 1446 4330 mortua
1476 4275 1670 4342 fuerit,
1694 4273 1829 4331 alte.-

227 4383 356 4428 l'am
385 4369 439 4423 in
462 4367 770 4438 conjugium
795 4365 1064 4435 accipere.

940 4454 1136 4512 XXXI.

311 4552 574 4609 Nonlicet
597 4549 998 4616 consobrinam,
1020 4549 1122 4604 hoc
1149 4556 1232 4604 est
1251 4563 1371 4620 quas
1399 4548 1466 4605 de
1486 4549 1694 4606 duobus
1725 4549 1834 4605 fra-

235 4647 432 4713 tribus,
473 4651 567 4698 aut
592 4643 662 4699 de
682 4642 888 4699 duabus
912 4641 1185 4698 sororibus
1215 4650 1546 4712 procreatur,
1572 4643 1628 4698 in
1652 4645 1838 4713 conju-

235 4739 387 4812 gium
413 4737 658 4806 accipere
682 4752 699 4791 :
727 4751 828 4792 nec
854 4736 951 4807 qui.
987 4735 1054 4790 de
1082 4735 1214 4806 ipsis
1237 4735 1346 4791 nati
1371 4733 1592 4804 iuerint,
1621 4736 1681 4794 in
1707 4752 1838 4794 con-

233 4831 388 4908 iugio
413 4830 702 4888 sociemur.

933 4920 1150 4978 XXXII.

315 5020 440 5079 Non
462 5021 590 5081 licet
615 5027 680 5074 ut
704 5031 874 5085 nepos
897 5015 1146 5071 avunculi
1173 5029 1396 5071 uxorem
1421 5013 1676 5085 accipiat.

923 5107 1162 5166 XXXIII.

318 5205 436 5262 Non
461 5205 592 5262 licet
613 5201 954 5274 presbytero,
994 5214 1096 5255 nec
1118 5198 1370 5267 diacono,
1415 5198 1490 5254 ad
1533 5197 1842 5269 trepalium,

245 5303 339 5362 ubi
369 5301 448 5359 rei
474 5307 792 5371 torquentur
811 5338 830 5365 ,
855 5306 1024 5353 stare.

1928 3333 2155 3390 nicalem
2188 3333 2346 3405 (Can.
2383 3334 2468 3405 ιε)
2499 3352 2653 3392 suum
2696 3338 2899 3400 habeat
2920 3353 2973 3397 ⁸.
3000 3344 3156 3409 Quod
3195 3347 3242 3402 si
3283 3363 3390 3417 qua
3415 3365 3522 3405 non

1929 3425 2196 3492 habuerit,
2230 3439 2408 3496 usque
2427 3426 2484 3482 in
2504 3428 2670 3484 alium
2701 3430 2842 3488 diem
2873 3430 3214 3492 Dominictun
3235 3451 3341 3494 non
3368 3451 3520 3496 eom-

1927 3519 2187 3575 municet.

2635 3593 2818 3653 XLIII.

1999 3704 2313 3776 Quicunque
2336 3706 2524 3776 judex,
2571 3716 2662 3762 aut
2688 3707 3006 3777 secularis,’
3026 3711 3378 3784 presbytero,
3427 3723 3520 3772 aut

1932 3796 2186 3863 (haecne,
2215 3805 2310 3850 aut
2330 3798 2543 3852 enilieet
2569 3797 2640 3853 de
2672 3799 2836 3864 clero,
2867 3809 2958 3854 aut
2976 3801 3044 3857 de
3065 3801 3367 3871 junioribus
3395 3806 3519 3863 abs-

1930 3905 2037 3960 que
2067 3890 2341 3945 voluntate
2369 3889 2640 3962 episcopi,
2673 3904 2762 3946 aut
2809 3894 3201 3963 archidiaconi,
3234 3898 3317 3954 vel
3343 3900 3521 3955 archi-

1929 3982 2264 4052 presbyteri,
2297 3981 2547 4053 injuriam
2571 3971 2778 4039 inferre
2827 3991 3259 4059 praesumpserit,
3285 4005 3426 4048 anno
3450 3994 3518 4051 ab

1932 4075 2177 4132 omnium
2192 4076 2628 4134 Christianorum.
2643 4082 2925 4135 consortio
2934 4081 3191 4138 habeatur
3201 4093 3514 4143 utrm.

2634 4190 2816 4247 XLIV.

2005 4301 2060 4360 Si
2089 4302 2208 4374 quis
2233 4316 2300 4359 ex
2329 4304 2676 4360 sarcularibus
2725 4304 3112 4362 institutionem
3141 4319 3232 4364 aut
3278 4311 3525 4368 admoni-

1938 4397 2138 4452 tionem
2166 4397 2624 4468 archipresbyteri
2649 4400 2754 4464 sui,
2786 4402 3117 4454 contumacia
3149 4400 3396 4470 faciente,
3429 4419 3526 4457 au-

1935 4487 2054 4543 dire
2081 4487 2374 4553 distulerit,
2420 4489 2604 4543 tandiu
2635 4503 2666 4543 a
2710 4489 2983 4545 liminibus
3033 4503 3232 4545 saneta:
3283 4493 3527 4566 ecclesia

1863 4597 1917 4658 ι)
1943 4578 2204 4637 habeatur
2249 4591 2572 4648 extraneus,
2607 4580 2843 4650 quandiu
2876 4591 2980 4636 tam
3011 4581 3278 4637 salubrem
3311 4584 3528 4640 institu-

1942 4677 2146 4731 tionem
2167 4675 2462 4744 adimplere
2481 4690 2586 4729 non
2611 4674 2896 4729 smduerit.
2924 4675 3146 4744 Insuper
3167 4685 3224 4732 et
3248 4678 3523 4746 mulctam,

1943 4781 2106 4837 quam
2153 4765 2574 4837 gloriosissimus
2595 4763 2846 4819 dominus
2875 4779 2973 4820 rex
3005 4776 3276 4838 praecepto
3320 4782 3419 4824 suo
3457 4768 3538 4824 in-

1940 4859 2134 4928 stituit,
2160 4859 2438 4912 sustineat.

2656 4925 2817 4981 XLV.

2011 5021 2068 5077 Si
2112 5021 2242 5092 quis
2274 5019 2423 5075 hanc
2443 5017 2836 5084 debitionem,
2885 5034 3042 5088 quam
3091 5035 3156 5075 ex
3205 5023 3532 5078 auctoritate-

1943 5113 2200 5170 canonica
2230 5113 2502 5167 cornutum
2529 5126 2796 5168 consensu
2823 5120 2879 5166 et
2897 5113 3272 5168 conveniam
3293 5113 3529 5169 conscri-

1944 5205 2148 5274 psimus
2171 5219 2243 5259 ac
2265 5203 2611 5271 instituimus,
2643 5212 2756 5257 tam
2776 5201 2843 5257 ad
2873 5204 3097 5268 clerum,
3138 5217 3296 5271 quam
3327 5203 3396 5258 ad
3435 5219 3532 5274 po-

1946 5295 2126 5366 pulum
2175 5295 2675 5360 commonendum,
2696 5294 2781 5350 vol
2822 5294 2900 5349 Idi
2923 5294 2984 5349 ist
3011 5293 3164 5363 quoet
3182 5294 3530 5350 constitutum

740 5481 744 5488 .
1506 5431 1712 5488 NOTAE
1754 5431 2076 5488 SEVERINI
2119 5433 2298 5488 BINII.

325 5543 354 5574 ι
373 5532 510 5603 Quid
540 5547 635 5604 per
661 5527 1026 5604 dominicnlem
1045 5522 1265 5604 intelligi
1306 5521 1520 5585 debeat,
1551 5521 1743 5604 accipe
1771 5539 1839 5576 ex
1944 5538 2139 5591 corpus
2163 5521 2361 5578 Christi
2397 5521 2679 5590 accipiant,
2710 5537 2728 5571 ι
2756 5527 2841 5574 etc
2862 5518 2960 5588 (a).

251 5593 443 5665 sancio
470 5593 788 5675 Augustino,
811 5597 1116 5675 qui_de_hoc
1137 5595 1246 5661 agit
1274 5607 1525 5675 sermone
1544 5593 1838 5675 centesimo

251 5664 692 5751 quinquagesimo
721 5664 956 5750 secundo
977 5667 1044 5721 de
1068 5664 1542 5751 temporetubiait
1565 5680 1586 5751 ςΔ
1604 5682 1622 5715 ‹
1641 5664 1840 5751 omnes

255 5735 382 5814 Viri,
398 5735 611 5818 quando
630 5740 1025 5818 communicare
1054 5735 1836 5818 desiderant,“la_vent'manus,

254 5829 314 5877 ct
342 5804 532 5876 omnes
570 5814 825 5871 mulieres
861 5808 1029 5868 nitida
1068 5807 1355 5864 exhibeant
1382 5804 1715 5875 linteamina,
1747 5806 1839 5866 ubi

2006 5662 2080 5723 (a)
2116 5662 2296 5712 Errare
2335 5661 2414 5723 hic
2454 5660 2647 5710 videtur
2670 5658 2859 5717 Biuius,
2886 5662 2941 5706 ut
2980 5656 3030 5704 in
3069 5655 3246 5705 nostris
3268 5653 3528 5708 Annotattl

1944 5722 2330 5782 observabimus.
2364 5722 2507 5773 Laus.
