4042 6348
629 315 733 372 νσγ
1287 304 1534 366 SANCTI
1565 303 1875 369 AUNARll,
1921 289 2576 357 ANTISSlODORENSlS
2617 288 2948 355 EPlSCOPl,
2990 288 3203 346 EPIST.
3771 285 3848 347 τω

632 438 715 486 est
741 421 1193 495 conservandum,
1225 423 1499 495 negligens
1541 423 1784 475 inventus
1816 417 1993 481 fuerit,
2042 423 2097 470 et
2144 414 2214 468 ob
2244 415 2292 471 A
2392 407 2668 464 Audovius
2693 403 3026 479 [Audoveus]
3058 403 3336 476 presbyter
3363 399 3678 473 subscripsi.

631 522 735 580 hoc
773 524 1060 576 observare
1111 518 1395 580 distulerit,
1431 526 1518 570 aut
1546 529 1641 570 eos
1681 513 1770 582 qui
1819 514 1992 582 ipsum
2029 509 2216 564 audire

1737 513 1770 567 ri
1819 514 1992 582 ipsum
2029 509 2216 564 audire
2392 499 2674 554 Medardus
2706 497 2987 568 presbyter
3019 497 3332 566 subscripsi.

631 614 969 685 neglexerint
991 611 1246 668 celaverit
1275 620 1367 664 aut
1391 607 1772 679 suppresserit,
1805 616 1857 660 et
1887 606 1939 659 in
1970 604 2215 658 notitiam

1738 616 1772 670 ι,
1805 616 1857 660 ει
1887 606 1939 659 in
1970 604 2215 658 notitiam
2389 590 2682 645 Badericus
2712 589 2992 659 presbyter
3023 588 3334 656 subscripsi.

633 707 873 776 episcopi
901 721 1006 761 non
1032 706 1370 775 deposuerit,
1402 718 1543 757 anno
1583 718 1611 756 a
1651 701 1924 756 consortio
1956 699 2212 765 fratrum,

1740 701 1924 755 isortio
1956 699 2212 765 fratrum,
2390 684 2643 754 Syagrius
2677 682 2956 752 presbyter
2987 680 3301 749 subscripsi.

634 797 720 853 vel
751 795 820 850 ab
844 798 1079 852 omnium
1101 795 1524 852 Christianorum
1548 795 1926 848 communione
1956 791 2215 848 habeatur

1768 795 1926 848 nione
1956 791 2215 848 habemur
2389 773 2705 828 Friobaudis
2737 773 3018 842 presbyter
3046 771 3357 840 subscripsi.

634 899 942 946 extraneus.
2392 866 2648 921 Eominus
2681 864 2959 935 presbyter
2983 864 3299 932 subscripsi.

1119 957 1715 1014 SUBSCRIPTIONES.
2391 960 2630 1015 Elladius
2663 959 2942 1029 presbyter
2971 957 3287 1026 subscripsi.

707 1050 1074 1106 Aunacbarius
1122 1051 1172 1104 in
1207 1051 1296 1104 Dei
1331 1053 1544 1106 nomine
1572 1052 1854 1120 episcopus
1881 1050 2218 1106 constitutio-
2391 1054 2802 1110 Theodemodus
2836 1053 3114 1123 presbyter
3136 1049 3458 1118 subscripsi.

635 1157 756 1200 nem
787 1145 920 1198 hanc
950 1143 1284 1216 [confirmavi
1314 1141 1388 1214 et]
1420 1143 1732 1210 subscripsi.
2395 1147 2704 1201 Launovius
2733 1147 3010 1216 presbyter
3040 1143 3358 1212 subscripsi.

706 1237 1034 1292 Vinobaudis
1063 1237 1474 1308 [Winebaudusj
1506 1238 1672 1291 abbas
1697 1237 2011 1306 subscripsi.
2399 1237 2682 1291 Leonastis
2715 1237 2994 1306 presbyter
3024 1234 3338 1302 subscripsi.

706 1328 1398 1401 Baudonius[Baudoveus]
1431 1330 1595 1383 abbas
1623 1329 1936 1398 subscripsi.
2397 1331 2682 1385 Medardus
2751 1329 3034 1399 presbyter
3104 1325 3398 1397 subscripsi
3470 1340 3571 1398 per
3635 1324 3852 1388 disceum

706 1424 998 1480 Francolus
1029 1422 1395 1497 [Frannulfus]
1425 1423 1588 1478 abbas
1626 1421 1938 1493 subscripsi.
2324 1424 2740 1492 Leudegisilum.

703 1516 967 1571 Caesarius
989 1517 1154 1570 abbas
1181 1516 1496 1585 subscripsi.
2401 1518 2604 1572 Ennius
2635 1516 2914 1586 presbyter
2945 1513 3257 1584 subscripsi.

706 1608 1048 1663 Desideratus
1078 1609 1242 1664 abbas
1269 1608 1582 1677 subscripsi.
2398 1610 2676 1665 Filmatius
2707 1608 2985 1678 presbyter
3015 1607 3328 1677 subscripsi.

703 1701 976 1756 Amandus
1003 1700 1168 1755 abbas
1192 1699 1506 1769 subscripsi.
2396 1703 2706 1760 Nonnovius
2740 1702 3020 1772 presbyter
3049 1700 3367 1770 subscripsi.

704 1794 980 1862 Tegredus
1010 1794 1174 1848 abbas
1203 1794 1516 1862 subscripsi.
2250 1798 2299 1861 Β
2397 1798 2712 1853 Ballomeris
2753 1796 3032 1866 presbyter
3063 1793 3381 1872 subscripsi.

707 1885 929 1954 Vigitius
959 1885 1236 1955 presbyter
1265 1885 1574 1954 subscripsi.
2399 1890 2786 1945 Romacbarius
2811 1888 3094 1958 presbyter
3118 1886 3445 1956 subscripsi.

705 1975 996 2045 Gregorius
1029 1978 1303 2046 presbyter
1330 1974 1534 2048 [abbas]
1564 1975 1876 2047 subscripsi.
2402 1984 2685 2040 Medardus
2711 1983 2996 2054 presbyter
3023 1980 3338 2050 subscripsi.

705 2066 958 2122 (Ἇευάίυε
986 2068 1264 2136 Ρτθδδ)“ιε¹’
1295 2069 1604 2138 ευδεονίβείσ
2397 2078 2589 2133 Audila
2615 2076 2895 2146 presbyter
2923 2073 3239 2142 subscripsi.

704 2161 944 2214 Anianus
975 2159 1254 2232 [Ananias]
1286 2161 1564 2229 presbyter
1587 2159 1896 2230 subscripsi.
2398 2168 2658 2224 Genulfus
2699 2167 2976 2238 presbyter
3006 2167 3314 2236 subscripsi.

701 2251 1017 2321 Saupandus
1041 2252 1321 2322 presbyter
1345 2254 1658 2322 subscripsi.
2399 2261 2657 2331 Syagrius
2692 2262 2973 2331 presbyter
3002 2259 3318 2328 subscripsi.

705 2342 1034 2398 Tbeodulfus
1064 2345 1344 2413 presbyter
1373 2345 1684 2415 subscripsi.
2399 2352 2674 2408 Sindulfus
2707 2352 2985 2422 presbyter
3009 2352 3327 2421 subscripsi.

707 2435 954 2491 Ruricius
997 2439 1274 2508 presbyter
1305 2439 1616 2507 subscripsi.
2400 2444 2730 2498 Vinobaudis
2766 2445 3047 2515 presbyter
3074 2443 3394 2514 subscripsi.

704 2527 998 2583 Niobaudis
1030 2531 1308 2600 presbyter
1336 2530 1647 2598 subscripsi.
1992 2583 1996 2586 ,
2405 2534 2664 2588 Barbario
2694 2536 2951 2589 diaconus
2981 2535 3292 2605 subscripsi.

705 2623 971 2678 Antonius
1000 2624 1274 2693 presbyter
1302 2621 1616 2693 subscripsi.
2401 2627 2771 2696 Leudegisilus
2803 2627 3062 2682 diaconus
3095 2644 3192 2698 pro
3224 2627 3482 2683 Medardo
3509 2625 3778 2694 subscripsi.

704 2712 972 2767 Sevardus
1001 2714 1281 2783 presbyter
1300 2713 1613 2784 subscripsi.
2405 2716 2474 2772 In
2513 2720 2618 2771 hac'
2650 2719 2844 2789 synodo
2895 2721 3101 2789 fuerunt
3153 2723 3451 2791 congregati
3482 2722 3724 2791 episcopus
3746 2732 3849 2781 unus,

708 2803 860 2858 Addo
891 2805 1166 2875 presbyter
1193 2806 1506 2876 subscripsi.
2334 2810 2536 2864 abbate;
2573 2822 2785 2880 septem,
2835 2813 3112 2882 presbyteri
3162 2815 3368 2881 triginta
3415 2822 3648 2882 quatuor,
3690 2809 3850 2868 diaconi,

707 2891 985 2951 Sindulﬁts
1012 2898 1292 2968 presbyter
1323 2899 1640 2970 subscripsi.
2335 2904 2422 2972 qui
2452 2905 2503 2956 in
2536 2905 2642 2957 vice
2672 2905 3080 2973 presbyterorum
3109 2905 3546 2972 subscripserunt,
3587 2915 3675 2957 tm
3695 2912 3852 2953 tantum.

685 3079 906 3095 ,ιι-...α-

1304 3209 1588 3274 SANCTI
1635 3213 1964 3276 AUNARI!
1997 3260 2012 3287 ,
2065 3216 2818 3281 AUTISSIODOBENSIS
2865 3218 3220 3282 EPISCOPI
3262 3269 3276 3293 ,

644 3392 1558 3527 EPISTULA
1611 3399 1867 3527 AD
1927 3399 3002 3530 STEPHANUM
3044 3401 3819 3536 ABBA'I‘EM

1705 3633 1844 3712 (Ex
1891 3637 2225 3713 Bolland,
2271 3639 2476 3718 prima
2521 3636 2619 3698 die
2673 3637 2892 3721 Maii.)

1284 3818 1452 3865 HUNC
1499 3822 1844 3867 HORTLTUR
1891 3826 1973 3868 UT
2019 3823 2216 3868 νιΤΑΜ
2260 3826 2480 3869 SANCTI
2536 3827 2849 3870 AMATORIS
2895 3825 3307 3874 GONSCBlBAT.

717 4113 1078 4171 Dilectissimo
1121 4121 1286 4187 atque
1329 4117 1697 4173 amantissimo
1739 4124 1792 4170 et
1839 4117 2050 4172 interno
2097 4117 2227 4175 mibi
2257 4120 2304 4187 C
2332 4120 2546 4192 quidam
2600 4128 2780 4177 autem
2828 4123 3069 4178 numeris
3111 4133 3171 4179 se
3201 4123 3541 4196 rliythmisve
3583 4136 3639 4177 ac
3672 4115 3844 4175 cantibut

646 4208 863 4270 vinculo
914 4208 1192 4268 cltaritatis
1239 4226 1482 4269 connevo
1534 4211 1808 4284 Stephano
1870 4211 2225 4284 presbytero,
2340 4231 2591 4270 versuum
2620 4213 2878 4269 delectari
2912 4215 3160 4271 fatentur.
3210 4215 3374 4286 Ergo,
3420 4226 3482 4272 ut
3525 4213 3728 4269 omnium
3753 4206 3842 4258 Mi!

643 4307 913 4363 Aunarius
953 4307 1122 4377 gratia
1155 4307 1249 4363 Dei
1279 4309 1582 4377 episcOpus,
1614 4307 1668 4361 in
1715 4307 1940 4361 Domino
1969 4315 2226 4362 :cternam
2338 4325 2675 4366 occurrerem
2702 4350 2716 4375 ,
2747 4320 2805 4364 et
2853 4309 3033 4364 nullus
3078 4325 3175 4364 suo
3224 4310 3496 4367 desiderio
3553 4307 3842 4364 fraudaretur,

642 4400 890 4456 salulem-
2339 4403 2537 4474 placuit
2590 4403 2720 4457 mibi
2777 4411 2835 4455 ut
2884 4401 3016 4455 vitas
3075 4401 3505 4458 beatissimorum
3553 4398 3835 4456 confessorum

717 4492 845 4546 Tua:
877 4492 1028 4547 nobis
1053 4492 1308 4548 doctrina:
1337 4492 1643 4563 multisjam
1677 4494 2059 4563 experimentis
2080 4508 2230 4551 com-
2338 4495 2593 4564 quasdam
2651 4493 2787 4564 pede
2839 4493 3008 4547 libero
3057 4492 3392 4548 describeres
3419 4535 3434 4557 ,
3492 4489 3716 4563 quasdam
3761 4491 3841 4533 vero

646 4583 869 4653 probata
938 4585 1218 4653 prudentia
1277 4585 1533 4654 compulit
1587 4600 1715 4650 nos,
1780 4586 2064 4655 quamdam
2125 4587 2231 4643 tuis
2337 4587 2456 4657 lege
2513 4589 2736 4641 metrica
2796 4584 3081 4652 impeditas
3134 4583 3552 4654 digerereszob
3600 4593 3728 4651 quam
3769 4584 3840 4625 τμη

645 4678 882 4734 humeris
935 4678 1274 4748 imperiosam
1320 4693 1682 4749 superponere
1726 4679 2084 4745 sarcinulam;
2135 4678 2231 4734 sed
2335 4680 2560 4733 obsecro
2611 4678 2810 4730 unitam
2857 4675 2986 4729 mihi
3035 4684 3136 4729 tute
3175 4674 3482 4730 dilectionis
3522 4671 3782 4728 amicitiam.
3805 4668 3840 4711 ιιι

643 4786 763 4826 eam
792 4786 910 4841 quae
935 4770 1027 4824 tibi
1055 4786 1160 4825 non
1185 4771 1254 4824 sit
1283 4769 1484 4835 oneris,
1530 4769 1626 4824 sed
1670 4769 1918 4836 honoris;
1969 4785 2066 4825 nec
2113 4784 2233 4838 qua:
2336 4769 2629 4825 beatissimi
2660 4769 2915 4823 Germani
2947 4767 3183 4836 episcopi
3218 4768 3376 4821 vitam
3415 4768 3467 4822 in
3500 4775 3717 4821 versuum
3751 4769 3837 4825 qua-

647 4863 899 4919 deorsum
957 4862 1138 4932 iniquo
1195 4862 1433 4931 pondere
1487 4871 1711 4930 premat,
1759 4861 1852 4915 sed
1896 4876 2016 4928 qua!
2058 4861 2232 4930 potius
2338 4861 2560 4929 lit-item,
2593 4872 2929 4916 cmumutare
2963 4875 3068 4914 non
3093 4860 3355 4927 desistas;
3387 4863 3552 4916 sancti
3582 4871 3691 4912 vero
3733 4856 3842 4905 Amil-

646 4955 842 5009 coelum
870 4967 1038 5022 usque
1063 4953 1326 5008 sustollat.
1357 4950 1637 5022 Cognitum
1667 4953 1757 5008 tibi
1790 4961 1891 5019 est,
1921 4952 2234 5007 cliarissime
2339 4954 2471 5007 toris
2501 4953 2738 5023 prosaica
2773 4952 3137 5008 modulatione
3177 4953 3485 5020 describas;
3535 4961 3588 5006 ut
3626 4951 3836 5002 sectalorts

648 5047 835 5112 frater,
864 5054 918 5100 et
959 5060 1076 5115 qua:
1117 5047 1185 5100 sit
1235 5046 1584 5100 humanarum
1627 5045 1885 5099 mentium
1928 5044 2231 5110 diversitas,
2339 5045 2644 5115 apostolica:
2696 5043 3093 5116 prmdica'lonis
3151 5045 3369 5113 effecti,
3435 5045 3662 5102 omnibus
3713 5030 3833 5090 om"ia

651 5147 708 5194 et
756 5135 1203 5207 quemadmodum
1258 5137 1312 5191 in
1364 5137 1539 5192 studia
1593 5138 1865 5192 contraria
1904 5153 2008 5192 non
2062 5138 2234 5192 solum
2340 5138 2656 5205 efﬁciamur,
2714 5147 2767 5191 et
2816 5138 2944 5191 nulli
3003 5137 3292 5207 quidquam
3345 5138 3635 5200 debeamus,
3684 5126 3760 5185 nisi
3799 5127 3832 5172 ul

649 5230 811 5285 inane
841 5228 1053 5296 vulgus,
1085 5243 1269 5283 verum
1297 5228 1457 5284 etiam
1501 5229 1752 5286 universa
1779 5230 2053 5286 scindatur
2080 5231 2236 5284 nobi-
2342 5229 2572 5284 invicem
2603 5229 2904 5300 diligamus.
2941 5228 3270 5284 lndividuam
3314 5229 3443 5284 mibi
3482 5226 3747 5284 charitatem
3777 5224 3834 5263 τε·

653 5323 793 5378 litas.
827 5319 892 5376 Et
917 5319 1130 5393 quidam
1161 5320 1373 5392 quidem
1415 5322 1660 5394 prosaico
1687 5323 2028 5380 obiectantur
2073 5322 2236 5394 stylo,
2342 5332 2506 5377 stram
2531 5321 2711 5376 divina
2740 5321 3006 5378 custodiat
3037 5321 3231 5392 pietas.
3261 5319 3571 5378 venerabilis
3596 5317 3743 5372 frater-
