4042 6348
262 485 3523 514 W

1509 596 1903 664 STEPHANI
1948 597 2284 660 ABBATIS

269 784 1159 929 EPISTULA
1250 787 1492 916 AD
1575 787 2394 924 SANCTUM
2489 785 3523 937 AUNARIUM.

1382 1031 2011 1082 Αῠτιεειουοιιιιιιεειί
2057 1035 2427 1082 EPISCOPUM.

339 1283 564 1341 Domino
601 1285 908 1343 beatissimo
945 1293 1000 1342 et
1028 1289 1335 1358 apostolicis
1377 1288 1558 1345 infulis
1585 1290 1844 1349 decorate
1870 1297 1926 1354 Α
1949 1292 2194 1347 assumit.
2218 1290 2403 1345 Nonne
2424 1289 2658 1347 ferarum
2680 1299 2993 1356 sectatores,
3023 1291 3070 1346 si
3092 1291 3266 1346 minus
3291 1293 3527 1362 captiosa

181 1449 183 1451 _
260 1371 409 1431 Patri
437 1376 718 1446 spirituali,
765 1379 1006 1434 Aunario
1051 1382 1326 1452 episcopo,
1376 1381 1699 1451 Stephanus,
1729 1399 1845 1440 om-

261 1467 414 1523 nium
437 1483 715 1526 servorum
745 1469 945 1529 Christi
975 1472 1226 1530 famulus.

339 1558 584 1616 Decursis
631 1559 822 1616 litteris
867 1563 1197 1631 apostolatus
1243 1566 1432 1634 vestri,
1484 1566 1625 1636 quod
1673 1569 1844 1622 sancti

255 1646 514 1704 desiderii
562 1652 723 1708 ardor
783 1668 990 1709 summa
1046 1656 1326 1712 alacritate
1378 1660 1680 1728 praetendit,
1727 1661 1846 1716 luce

253 1739 453 1797 clarius
479 1744 784 1813 approbavi.
822 1746 918 1801 Est
955 1744 1082 1818 ergo
1129 1748 1428 1804 devotionis
1471 1761 1665 1806 vestrae
1713 1765 1838 1819 pro-

254 1833 511 1904 positum,
538 1837 771 1893 virorum
794 1839 1286 1907 Opinatissimorum
1331 1841 1583 1897 Germani
1607 1852 1662 1898 et
1684 1843 1845 1897 Ama—

255 1923 392 1980 toris
431 1924 637 1980 florida:
678 1928 799 1984 vita:
826 1929 1034 1986 nobiles
1053 1939 1204 1986 actus
1234 1931 1502 1998 describi;
1535 1933 1628 1988 sed
1655 1933 1720 1988 ad
1750 1947 1844 1989 eos

255 2012 579 2083 lepidissimi
611 2019 760 2076 callis
788 2021 953 2076 vestri
985 2021 1244 2092 dirigatur
1289 2024 1536 2090 intentio,
1588 2023 1677 2094 qui
1727 2038 1850 2093 pos-

253 2115 384 2159 sunt
406 2107 662 2164 virtutum
690 2111 892 2167 lumina
920 2113 1208 2184 arquiparis
1249 2114 1515 2169 amatibus
1561 2116 1844 2185 inspicere.

257 2194 461 2251 V'crum
516 2214 615 2269 ego
674 2202 849 2273 (cujus
896 2207 1039 2260 iners
1089 2205 1360 2276 ingenium
1412 2209 1624 2276 gemino
1673 2209 1848 2277 rigore

254 2290 534 2360 torpescit,
587 2304 642 2349 et
681 2295 857 2364 lingua
902 2299 1223 2367 balbutiens,
1277 2300 1507 2355 faucium
1549 2299 1688 2354 inter
1728 2314 1850 2354 rau-

256 2381 465 2438 cidulos
493 2398 682 2442 cursus
728 2390 992 2458 squallido
1034 2392 1151 2446 sitis
1196 2393 1450 2461 impedita
1495 2393 1691 2461 rigore,
1743 2406 1849 2446 non

257 2471 525 2544 loquitur,
569 2478 663 2532 sed
713 2482 887 2548 potius
933 2482 1142 2553 stridet)
1189 2485 1457 2551 quomodo
1502 2493 1686 2552 potero
1714 2482 1850 2539 divi-

255 2564 406 2620 nitus
481 2567 736 2638 inspirata
799 2571 1036 2628 virorum
1104 2575 1566 2630 sanctissimorum
1629 2591 1850 2631 munera

1951 1382 2209 1438 industria
2254 1382 2583 1449 formaverit,
2625 1381 2798 1438 audax
2830 1383 3101 1440 temeritas
3125 1385 3531 1453 pessumdabit'!

1947 1474 2228 1542 Nunquam
2267 1475 2368 1528 tiro
2403 1473 2644 1529 victoria:
2689 1486 3034 1529 monumenta
3068 1491 3271 1545 parma,
3303 1491 3423 1546 qua:
3451 1486 3534 1532 est

1949 1566 2112 1635 picta,
2145 1563 2395 1636 gestavit,
2427 1565 2472 1620 si
2501 1580 2622 1621 eum
2649 1568 2804 1620 docta
2829 1567 3064 1622 veterani
3087 1567 3313 1634 exempli
3343 1582 3532 1623 manus

1949 1672 2058 1713 non
2085 1657 2363 1712 instruxit.
2403 1657 2684 1726 Nunquam
2729 1659 2888 1712 etiam
2918 1656 3060 1712 aeris
3088 1657 3190 1717 sibi
3219 1671 3532 1712 concessum

1952 1750 2187 1820 patulum
2235 1751 2336 1804 iter
2373 1750 2484 1804 ales
2524 1751 2686 1805 tutius
2740 1749 3040 1814 resecavit,
3075 1749 3160 1804 cui
3207 1747 3402 1816 praevia
3427 1747 3533 1802 dux

1952 1842 2208 1912 peaniger
2237 1851 2406 1897 mater
2432 1858 2537 1898 non
2563 1842 2742 1896 fuerit.
2773 1839 2979 1896 Jacebit
3011 1840 3248 1909 profecto
3277 1840 3532 1896 fluctuum

1952 1933 2177 1989 elisione
2226 1942 2523 1996 truncatus,
2573 1933 2812 2002 quisquis
2857 1945 2966 1986 sua:
3011 1931 3349 2000 procacitatis
3398 1931 3528 1986 fisus

1953 2032 2356 2077 auctoramento
2389 2061 2404 2087 ,
2489 2022 2771 2076 indocilem
2825 2021 2954 2075 ratis
3008 2021 3282 2076 dexteram
3343 2019 3538 2090 ingerit

1954 2115 2132 2170 clavo:
2166 2114 2244 2169 sic
2281 2114 2642 2182 unusquisque
2679 2114 2734 2166 in
2764 2111 3030 2167 diversum
3061 2113 3341 2181 imperitiae
3372 2113 3532 2168 hamo

1955 2205 2297 2273 inscinditur,
2325 2206 2373 2260 si
2393 2206 2672 2260 doctorum
2693 2205 2964 2260 favoribus
2985 2204 3204 2259 minime
3231 2203 3534 2273 adjuvetur.

1955 2299 2067 2368 Ego
2097 2342 2114 2367 ,
2172 2297 2477 2353 beatissime
2528 2297 2630 2365 vir,
2680 2311 2860 2366 quaeso
2914 2305 2970 2350 ut
3013 2295 3101 2352 illa
3149 2294 3280 2349 mihi
3323 2295 3536 2350 culmen

1955 2392 2122 2464 apicis
2162 2392 2238 2447 tui
2281 2392 2538 2460 imponat,
2579 2405 2696 2457 quae
2738 2389 2892 2444 facile
2939 2403 3021 2442 me
3071 2402 3227 2456 posse
3274 2388 3532 2456 perﬁcere

1957 2499 2066 2540 non
2113 2484 2352 2548 dubitat;
2399 2486 2445 2536 si
2491 2493 2666 2536 tamen
2711 2493 2761 2535 et
2814 2481 2864 2534 in
2905 2479 3005 2533 hoc
3047 2493 3230 2547 opere,
3276 2476 3534 2547 quidquid

1957 2575 2172 2645 illepide
2214 2583 2304 2628 aut
2359 2574 2582 2628 infacete
2635 2573 2834 2626 rustica
2879 2569 3164 2640 garrulitas
3218 2566 3534 2637 digesserit,

255 2657 428 2761 polito
466 2663 721 2731 expedire
772 2679 1044 2731 sermone,
1097 2668 1188 2736 qui
1233 2683 1330 2722 nec
1370 2667 1576 2736 privata
1633 2682 1848 2735 possum
1879 2702 1928 2761 Β
1956 2669 2326 2739 aequanimiter
2349 2667 2509 2734 feras,
2542 2665 2854 2736 aggrediar;
2887 2673 2940 2718 et
2961 2662 3150 2716 faciam
3175 2675 3293 2731 qua:
3316 2670 3534 2729 paterna

257 2744 496 2804 humano
534 2765 662 2806 casu
691 2764 944 2824 congesta
988 2757 1198 2826 negotia
1230 2756 1534 2826 explicare?
1579 2755 1844 2821 Ridiculo,

254 2836 314 2894 lli
353 2837 530 2907 fallor,
564 2856 628 2896 ac
675 2843 1038 2913 inexplicabili
1084 2847 1314 2902 ludibrio
1362 2856 1534 2902 semet
1589 2846 1849 2915 impendit

257 2932 501 3003 quisquis
547 2935 687 2992 ultra
738 2938 930 2993 virium
985 2955 1201 2995 suarum
1255 2939 1665 3011 possibilitatem
1710 2954 1848 2994 onus

1333 3090 1482 3097 _—__~

1955 2759 2118 2816 infert
2145 2775 2208 2816 ac
2231 2759 2386 2829 jubet
2420 2758 2732 2815 auctoritas.
2771 2755 2894 2811 Vale
2938 2754 2988 2810 in
3033 2753 3250 2824 longum
3305 2761 3534 2822 tempus,

1955 2852 2174 2909 domine
2209 2866 2363 2923 papa.

275 3077 3542 3142 Ἥ

1614 3254 1832 3298 EODEM
1876 3253 2198 3298 TBMPORE.

1267 3441 2502 3699 SEDATUS,

728 3791 1964 3908 BITEBBENSIS
2041 3790 3078 3907 EPISCOPUS.

270 4014 3545 4046 WWM

1599 4114 2378 4279 NOTITIA.

1121 4375 1310 4485 Ex
1365 4376 1874 4486 Fabricii
1922 4375 2656 4490 Bibliotheca.

343 4685 593 4754 Sedatus,
624 4689 906 4759 episcopus
929 4690 1272 4760 Biterrensis,
1300 4697 1390 4766 qui
1417 4712 1505 4750 an.
1539 4693 1642 4751 589
1671 4696 1855 4751 conci-
1880 4698 1927 4760 C
1963 4698 2164 4753 mentio
2195 4697 2433 4752 facienda
2463 4706 2545 4752 est
2574 4697 2916 4766 epistolarum
2945 4694 3106 4750 trium
3137 4691 3320 4750 Sedati
3349 4691 3414 4747 ad
3438 4691 3548 4748 Ru-

268 4774 348 4836 lio
375 4779 632 4838 Toletano
661 4792 716 4838 et
756 4783 1090 4841 Narbonensi
1129 4787 1389 4856 interfuit,
1422 4798 1609 4844 auctor
1637 4797 1719 4843 est
1761 4791 1860 4844 lio.

270 4872 434 4930 milia:
467 4873 535 4929 de
564 4874 859 4945 Epiphania
887 4879 1115 4947 primum
1154 4881 1398 4952 Lugduni
1441 4898 1560 4938 cum
1590 4883 1859 4951 opusculis

270 4966 624 5035 quorumdam
675 4969 891 5024 Patrum
940 4971 1076 5025 1615
1106 4987 1137 5027 a
1183 4971 1388 5028 Thoma
1436 4973 1646 5030 Galleto
1678 4974 1856 5039 editae,

269 5067 393 5128 post
441 5059 495 5114 in
546 5059 874 5116 Bibliotheca
916 5061 1131 5118 Patrum
1177 5063 1416 5120 Parisina
1455 5074 1511 5120 et
1549 5065 1856 5122 Coloniensi

271 5150 415 5206 inter
435 5152 608 5206 aetatis
639 5153 860 5209 incertae
883 5155 1180 5225 scriptores
1209 5158 1420 5226 posita,
1451 5159 1539 5212 cui
1567 5159 1778 5212 tandem
1799 5158 1854 5212 in

268 5237 634 5310 Lugdunensi,
665 5251 705 5297 t.
738 5242 829 5310 Xl,
880 5260 933 5315 p.
982 5245 1141 5311 1095,
1175 5262 1367 5302 nomen
1415 5249 1649 5317 episcopi
1684 5248 1853 5303 Biter-

270 5334 443 5388 rensis
463 5345 850 5404 apposuerunt.
884 5336 1026 5394 Inter
1057 5338 1231 5406 Opera
1255 5339 1560 5409 Augustini,
1596 5347 1634 5392 t.
1667 5337 1702 5391 γ
1725 5338 1853 5393 edit.

269 5422 496 5492 Bened.,
540 5431 799 5498 append.,
851 5443 905 5498 p.
939 5427 1065 5495 255,
1094 5438 1269 5485 exstat
1310 5447 1490 5486 sermo
1516 5431 1584 5487 de
1607 5432 1857 5488 Kalendis

270 5512 558 5584 Ianuariis,
582 5519 673 5588 qui
693 5519 747 5574 in
765 5519 866 5575 Ms.
894 5518 1254 5576 Floriacensis
1274 5522 1498 5576 abbatize
1526 5521 1725 5578 Sedato
1742 5522 1855 5591 epi-

269 5621 436 5681 loopo
487 5611 756 5680 tribuitur,
804 5612 1024 5670 dubium
1072 5629 1140 5670 an
1187 5614 1313 5670 huic
1364 5625 1569 5671 nostro.
1617 5615 1856 5686 Denique

331 5789 672 5857 f_}l_as_Sedati
693 5795 928 5857 epistolas
951 5795 1128 5848 videsis
1160 5796 1343 5848 Patrol.
1375 5803 1496 5848 tom.
1536 5796 1689 5846 LVlll
1710 5837 1723 5857 ,
1746 5796 1857 5845 coll.

268 5852 382 5918 865,
407 5853 519 5916 866,
545 5853 666 5919 887,
693 5852 778 5907 ubi
799 5870 829 5909 ει
852 5857 1125 5922 Margarino
1147 5860 1210 5910 de
1234 5859 1280 5911 la
1303 5861 1464 5925 Bigne
1480 5897 1495 5924 ,
1522 5871 1586 5912 ex
1609 5852 1744 5923 cujus
1775 5859 1860 5912 Bi-

1967 4789 2156 4844 ricium
2203 4788 2664 4853 Lemovicensem,
2693 4802 2827 4856 quas
2855 4785 3105 4842 Canisius
3151 4784 3318 4842 edidit
3360 4786 3546 4855 Antiq.

1965 4881 2279 4936 Lectionum
2313 4888 2351 4934 t.
2383 4880 2448 4942 V,
2474 4887 2610 4948 part.
2646 4893 2703 4942 ιι,
2729 4892 2784 4947 p.
2817 4877 2944 4943 438,
2977 4877 3109 4933 edit.
3139 4890 3292 4932 novae
3323 4885 3454 4930 tom.
3483 4874 3547 4942 ll,

1965 4983 2102 5043 part.
2125 4989 2180 5040 ιι,
2197 4989 2249 5043 p.
2270 4972 2396 5042 560,
2417 4971 2544 5038 562,
2564 4969 2664 5026 567
2684 4971 2864 5041 ;cujus
2879 4985 3091 5041 quoque
3104 4971 3170 5024 ad
3191 4977 3431 5024 nostrum
3451 4967 3551 5022 ali-

1963 5072 2092 5132 quot
2145 5063 2386 5132 epistola:
2434 5070 2666 5117 exstant.
2720 5061 2998 5116 Habentur
3046 5074 3258 5132 quoque
3303 5068 3450 5114 tomo
3505 5054 3553 5112 ιι

1962 5154 2324 5212 Conciliorum
2359 5154 2637 5221 Harduini,
2658 5164 2719 5210 ut
2742 5154 2875 5209 alias
2903 5153 3166 5209 editiones
3192 5161 3419 5207 taceam.
3442 5147 3552 5203 Has

1963 5247 2218 5318 epistolas
2266 5246 2481 5317 quidam
2553 5245 2749 5302 S‘edato
2798 5244 3244 5300 Nemausensium
3299 5242 3552 5310 episcopo

1967 5339 2227 5404 tribuunt,
2256 5339 2346 5408 qui
2372 5353 2462 5392 an.
2495 5338 2598 5392 506
2628 5336 2855 5392 concilio
2885 5335 3195 5404 Agatbensi.
3226 5341 3281 5390 et
3309 5347 3400 5386 an.
3440 5331 3546 5385 507

1964 5431 2235 5487 Tolosano
2265 5430 2505 5486 interfuit
2523 5435 2562 5484 '.
2587 5429 2735 5485 Adde
2749 5428 2800 5483 ιι
2807 5429 2890 5484 ist.
2917 5425 3237 5492 littérairede
3251 5425 3304 5480 la
3319 5421 3549 5490 France,

1966 5536 2098 5584 tom.
2133 5526 2217 5592 lll,
2251 5542 2304 5596 ι).
2338 5522 2462 5578 :62.

1971 5792 2218 5844 bliotheca
2236 5792 2505 5852 desumpta
2520 5795 2654 5849 sunt,
2675 5784 3134 5852 Faustoitbegiensi
3149 5782 3451 5852 tribuuntur,

1973 5856 2146 5908 Sedati
2170 5845 2479 5918 suppositiiio
2511 5845 2729 5918 nonime,
2764 5850 2825 5902 ad
2847 5845 3095 5901 Ruricium
3123 5845 3388 5899 scribenti.
3412 5845 3551 5894 Eutr.
