4042 6348
571 391 3856 447 2m

1371 548 1656 612 SANCTI
1701 546 1991 613 SEDATI
2020 592 2041 631 ,
2084 548 2605 619 BITEBRENSIS
2646 549 2999 614 EPISCOPI
3028 595 3048 628 ,

1071 713 1871 833 HOMILIA
1948 717 2159 833 DE

2263 715 3367 835 ΕΡῙΡΠΔΝῙΔ-

645 1014 914 1081 Proxime,
949 1014 1141 1071 fraires
1170 1016 1495 1080 charissimi,
1544 1014 1929 1085 redemptionis
1957 1023 2157 1070 nostra
2183 1018 2236 1079 Α
2257 1016 2332 1071 ait
2354 1016 2533 1070 rinam
2552 1014 2698 1086 quod
2728 1014 2994 1072 defecisse
3023 1014 3242 1082 dicitur,
3268 1023 3325 1071 et
3347 1014 3495 1086 quod
3517 1015 3591 1071 sit
3613 1015 3764 1071 aliud
3784 1019 3859 1073 vi-

574 1106 959 1162 celebravimus
987 1117 1403 1175 sacramentum,
1440 1122 1547 1177 quo
1575 1107 1719 1161 Deus
1745 1106 2013 1161 hominem
2035 1122 2155 1161 cum

572 1200 966 1255 inﬁrmitatibus
988 1198 1178 1255 induit.
1214 1200 1384 1255 Hodie
1414 1214 1542 1253 vero
1574 1198 1700 1252 illud
1732 1198 2031 1253 excolimus
2053 1213 2157 1269 quo

566 1305 629 1347 ae
676 1291 730 1347 in
765 1291 981 1347 homine
1027 1292 1193 1347 Deum
1222 1292 1507 1346 virtutibus
1555 1289 1895 1346 declamavit.
1946 1289 2050 1343 Pro
2091 1304 2160 1345 eo

567 1384 710 1454 quod
739 1385 793 1439 in
825 1385 923 1440 hac
951 1384 1039 1439 die
1068 1385 1183 1439 sive
1211 1383 1353 1439 coelo
1382 1382 1596 1438 stellam
1623 1394 1773 1437 ortus
1807 1381 1889 1436 sui
1912 1381 2156 1436 nuntiam

568 1476 818 1545 prasbuit,
844 1477 959 1533 sive
985 1475 1127 1545 quod
1159 1476 1213 1530 in
1259 1474 1533 1530 Chanaam
1562 1474 1798 1529 Galilate
1828 1475 1879 1528 in
1910 1472 2158 1528 convivio

566 1570 789 1641 nuptiali
824 1585 990 1641 aquas
1016 1572 1069 1625 in
1102 1571 1224 1625 vina
1250 1570 1539 1636 convertit,
1575 1567 1694 1641 sive
1715 1566 1855 1638 quod
1887 1568 1939 1621 in
1968 1566 2159 1620 Jorda-

564 1663 651 1717 nis
667 1663 826 1717 undis
854 1677 1017 1733 aquas
1040 1663 1107 1717 ad
1136 1661 1534 1731 reparationem
1570 1652 1789 1713 humani
1822 1658 2038 1727 generis
2059 1671 2158 1711 suo

564 1750 835 1822 baptismo
879 1751 1239 1807 consecravit.
1293 1751 1349 1805 ln
1380 1749 1619 1819 quolibet
1659 1754 1849 1802 horum
1883 1747 2045 1802 trium
2072 1759 2159 1801 sa-

566 1840 692 1896 lutis
738 1850 939 1897 nostras
966 1841 1221 1913 mysteria
1261 1839 1605 1896 continentur
1632 1846 1686 1894 et
1736 1836 1949 1907 gaudia.
1993 1836 2158 1892 Nobis

564 1936 711 1991 enim
738 1950 811 1990 ex
844 1934 1063 2005 Virgine
1093 1942 1249 1989 natus
1283 1941 1386 1999 est,
1417 1933 1559 2003 quod
1591 1933 1745 1988 stella
1791 1929 2111 1985 monstravit
2139 1946 2153 1982 :

566 2041 667 2083 nos
711 2027 765 2081 in
797 2027 991 2083 melius
1040 2040 1163 2082 esse
1208 2024 1495 2081 mutandos
1545 2025 1725 2093 operis
1766 2022 2051 2088 miraculo,
2102 2028 2159 2076 et

568 2133 828 2190 aquarum
860 2118 1214 2174 conversione
1243 2117 1494 2189 signavit.
1519 2116 1685 2172 Nobis
1713 2115 1947 2170 remedia
1979 2114 2157 2183 provi-

564 2211 699 2266 vidit
721 2226 790 2267 ex
836 2210 1102 2280 baptismo
1129 2210 1273 2280 quod
1303 2210 1357 2263 in
1387 2208 1641 2263 .lordanis
1670 2206 1823 2262 alveo
1852 2220 2020 2277 aquas
2062 2204 2158 2261 de-

560 2301 794 2366 dicavit;
822 2312 877 2357 et
921 2302 1063 2367 ideo,
1113 2301 1308 2357 iratres
1356 2300 1683 2367 charissimi,
1740 2300 1792 2353 in
1845 2298 1991 2354 omni
2034 2306 2157 2353 actu

2262 1123 2388 1162 num
2446 1108 2587 1178 quod
2639 1106 2959 1163 mirabiliter
3020 1119 3396 1177 praeparatur,
3458 1108 3605 1178 quod
3680 1107 3859 1163 archio

2266 1196 2507 1252 triclinus
2564 1196 2754 1253 melius
2799 1212 2928 1253 esse
2982 1197 3295 1267 pronuntiat
3350 1198 3551 1254 ibidem
3607 1199 3857 1255 dicens:

2264 1288 2442 1342 Omnis
2471 1289 2621 1343 homo
2665 1290 2890 1359 primum
2914 1289 3087 1343 vinum
3118 1290 3307 1344 bonum
3329 1297 3499 1361 ponit,
3542 1300 3590 1345 et
3640 1305 3759 1345 cum
3787 1295 3862 1345 in-

2260 1380 2438 1435 ebriari
2470 1382 2679 1452 fuerint,
2710 1391 2831 1435 tunc
2854 1383 2909 1435 id
2936 1384 3075 1453 quod
3115 1383 3334 1439 deterius
3361 1397 3455 1440 est.
3500 1382 3582 1440 Tu
3604 1403 3727 1441 vero
3765 1405 3861 1441 ser-

2262 1472 2393 1525 vasti
2424 1472 2595 1525 uinum
2638 1472 2826 1526 bonum
2868 1489 3026 1541 usque
3070 1491 3227 1530 nunc.
3273 1474 3467 1532 Vinum
3503 1478 3691 1532 multis
3730 1480 3860 1534 locis

2262 1564 2568 1632 accepimus
2586 1562 2767 1618 divina
2793 1576 3058 1634 praecepta
3079 1575 3134 1621 et
3154 1564 3462 1637 Scriptores
3485 1579 3725 1634 sanctas,
3756 1586 3858 1625 rne-

2262 1654 2599 1710 racissimum
2628 1658 2866 1725 vigorem
2897 1657 3134 1729 caelestis
3179 1658 3456 1731 sapientiae
3492 1660 3859 1729 continentes,

2262 1746 2455 1816 quibus
2479 1747 2545 1801 ad
2574 1747 2818 1805 timerem
2844 1748 2937 1803 Dei
2970 1749 3261 1807 incalescat
3289 1766 3510 1823 sensus,
3542 1762 3596 1809 et
3632 1753 3862 1809 inebrie~

2260 1847 2346 1894 tur
2367 1838 2610 1895 allectus.

2334 1935 2641 1990 Secundum
2686 1933 2840 2001 illud,
2887 1935 3033 2006 quod
3072 1934 3141 1991 de
3192 1933 3467 2007 Sapientia
3505 1937 3716 1992 dictum
3738 1949 3858 1993 est:

2266 2026 2480 2082 Paravit
2510 2045 2733 2083 mensam
2763 2044 2932 2097 suam,
2956 2028 3159 2083 miscuit
3180 2030 3356 2083 vinum
3378 2044 3528 2084 suum
3552 2031 3609 2083 in
3646 2040 3856 2085 cratere.

2258 2121 2661 2193 Scripturarum
2685 2136 2813 2192 ergo
2840 2122 3143 2177 divinarum
3177 2122 3368 2188 virtus,
3400 2121 3448 2179 si
3494 2122 3720 2192 quando
3763 2124 3860 2179 ali-

2262 2216 2417 2285 cujus
2462 2215 2714 2271 interiora
2747 2215 3061 2284 repleverit,
3095 2214 3277 2270 dicere
3310 2214 3514 2284 poterit
3560 2232 3689 2270 cum
3738 2217 3861 2271 Pre-

2261 2310 2423 2379 pheta
2451 2306 2678 2379 (Psatm.
2723 2308 2831 2376 ιιι)
2876 2323 2889 2363 :
2922 2306 3125 2361 Potasti
3156 2322 3249 2362 nos
3285 2307 3401 2361 vino
3432 2309 3857 2380 εοηιριιηςιὶοηὶι,

563 2404 751 2451 nostro
776 2395 986 2451 stellam
1018 2394 1142 2450 iidei
1173 2396 1541 2464 praeferamus,
1569 2399 1627 2448 et
1653 2393 1705 2446 in
1734 2392 1982 2447 custodia
2014 2392 2158 2460 puri-
2188 2409 2236 2470 Β
2262 2410 2309 2453 er
2334 2401 2583 2473 populum
2610 2411 2754 2453 tuum
2780 2399 3037 2453 inebrians
3059 2416 3214 2470 quam
3243 2400 3558 2472 praclarum
3582 2410 3664 2455 est
3685 2401 3709 2457 .'
3728 2402 3859 2475 Ope-

562 2487 690 2541 tatis
742 2484 941 2542 Christi
1010 2486 1336 2556 baptismum
1410 2484 1767 2539 celebremus.
1835 2484 1968 2549 Quia
2038 2483 2156 2539 haec

561 2578 762 2634 Christi
809 2576 1086 2647 generatio
1114 2585 1217 2631 tum
1270 2575 1394 2630 ﬁdei
1438 2573 1776 2629 conﬁrmatio
1802 2582 1903 2630 est.
1942 2574 2007 2630 Et
2034 2576 2157 2644 quia

565 2686 665 2741 per
714 2671 1025 2724 universum
1070 2668 1327 2722 mundum
1374 2673 1715 2721 sacramento
1765 2666 2020 2735 baptismi
2058 2666 2160 2721 hu-

560 2766 727 2819 mano
755 2764 937 2833 generi
968 2776 1103 2831 opus
1135 2768 1275 2828 erat,
1308 2761 1460 2830 aquis
1508 2758 1939 2815 benedictionem
1988 2759 2154 2827 dedit,

563 2856 777 2927 quando
807 2856 859 2910 in
892 2855 1139 2911 .Iordanis
1168 2856 1406 2921 alveum,
1440 2854 1619 2921 unica,
1650 2867 1712 2907 ac
1757 2851 2015 2922 singulari
2047 2852 2159 2923 pie-

566 2959 675 3007 tate
703 2951 1001 3007 descendit.
1028 2950 1147 3005 Tibi
1172 2966 1301 3021 ergo
1330 2950 1622 3017 nascendo,
1646 2950 1889 3005 Christus
1920 2951 2155 3017 advenit,

560 3040 665 3104 tibi
682 3041 910 3103 vivendo
935 3041 1204 3109 militavit,
1238 3040 1330 3100 tibi
1357 3040 1637 3099 moriendo
1662 3040 1927 3101 conﬁixit.

635 3137 803 3203 Quem
839 3133 988 3191 vides
1020 3149 1115 3204 pro
1159 3142 1208 3189 te
1256 3142 1548 3199 mortuum,
1582 3143 1801 3204 propter
1830 3143 1881 3187 te
1921 3132 2159 3201 intellige

564 3228 918 3297 baptizatum.
952 3225 1112 3290 illud,
1139 3224 1333 3281 fratres
1356 3224 1679 3292 charissimi,
1711 3224 1851 3295 quod
1877 3224 1968 3280 die
1998 3224 2158 3281 tertia

566 3320 766 3390 nuptias
810 3321 960 3375 facta:
989 3329 1135 3386 sunt,
1172 3319 1291 3383 hoc,
1320 3318 1461 3387 quod
1513 3332 1704 3387 aquam
1735 3318 1787 3371 in
1814 3317 1997 3371 vinum
2029 3332 2157 3372 con-

564 3428 777 3470 versam
808 3412 990 3476 fuisse,
1024 3410 1185 3466 modo
1213 3426 1333 3465 cum
1364 3409 1713 3479 Evangelium
1747 3409 2038 3480 legeretur,
2063 3424 2161 3465 au-

565 3506 741 3561 distis.
770 3506 875 3561 Sex
904 3511 1081 3560 autem
1128 3502 1332 3574 hydriae
1361 3510 1487 3557 sunt
1512 3516 1607 3557 sex
1636 3501 1817 3557 mundi
1844 3502 2004 3572 hujus
2023 3512 2158 3558 atta-

565 3608 672 3665 tes,
692 3613 799 3669 per
826 3613 955 3668 quas
982 3598 1113 3667 justi
1146 3598 1367 3667 ﬁguram
1415 3607 1467 3651 et
1500 3608 1681 3667 typum
1708 3596 1921 3651 Domini
1956 3606 2156 3666 praetu-

566 3691 757 3747 lerant.
793 3691 1018 3759 Capiunt
1065 3700 1317 3744 metretas
1346 3690 1522 3755 binas,
1558 3688 1644 3744 vel
1675 3697 1880 3752 ternas,
1927 3689 2053 3759 quia
2085 3688 2160 3743 ﬁ-

563 3783 687 3839 dem
718 3782 855 3837 intra
884 3797 944 3837 se
974 3782 1252 3838 continent
1271 3781 1571 3838 Trinitatis.
1595 3778 1703 3872 Sed
1730 3780 2008 3839 videamus
2028 3779 2158 3851 quid
2182 3805 2232 3872 ο

567 3873 700 3927 dicit
739 3887 919 3929 sermo
963 3872 1201 3939 divinus,
1255 3881 1310 3927 et
1338 3872 1450 3942 ipsa
1483 3872 1617 3927 sacri
1651 3870 1927 3942 Evangelii
1963 3882 2157 3929 tracte-

567 3978 688 4022 mus
716 3963 956 4024 oracuia.
986 3963 1047 4021 in
1092 3963 1240 4023 Cana
1287 3962 1522 4024 Galilaeae
1569 3980 1734 4034 aquas
1774 3965 1831 4024 in
1860 3966 1982 4023 vina
2028 3980 2158 4022 con-

569 4056 754 4119 vertit,
782 4063 837 4110 et
862 4056 1113 4111 latentem
1143 4056 1242 4109 sub
1270 4054 1490 4111 homine
1515 4055 1681 4110 Deum
1708 4071 1931 4125 operum
1965 4056 2158 4112 virtute

567 4148 795 4205 detexit.
842 4148 909 4202 Et
940 4150 1039 4211 die,
1094 4149 1284 4219 inquit,
1328 4152 1479 4204 tertia
1527 4150 1719 4219 nuptia:
1764 4149 1971 4219 fiebant.
2026 4150 2157 4217 ρυω

568 4248 694 4295 sunt
723 4240 840 4294 ista:
864 4240 1083 4308 nuptiae,
1107 4240 1209 4295 nisi
1231 4240 1421 4310 gaudia
1446 4241 1636 4296 salutis
1682 4240 1968 4297 humanae?
1991 4256 2159 4312 quare

569 4331 659 4388 die
691 4332 871 4401 tertia,
908 4332 1009 4387 nisi
1038 4333 1155 4403 quia
1188 4333 1274 4387 die
1300 4333 1451 4387 tertia
1479 4336 1809 4395 resurrexit?
1838 4337 2018 4405 itaque
2045 4344 2161 4393 tan-

568 4438 728 4494 quam
761 4438 989 4494 sponsus
1033 4424 1329 4494 procedens
1357 4426 1425 4481 de
1472 4426 1709 4483 thalamo
1737 4443 1835 4482 suo
1879 4428 2163 4484 descendit

569 4515 637 4571 ad
670 4526 858 4585 terras,
893 4517 1146 4573 Ecclesia:
1173 4534 1238 4573 ex
1263 4518 1512 4587 gentibus
1535 4518 1945 4590 congreganda),
1982 4523 2160 4576 incar-

573 4609 790 4664 natione
831 4610 1152 4680 jungendas.
1197 4610 1292 4666 Cui
1326 4612 1540 4680 quidem
1572 4621 1626 4667 et
1671 4611 1832 4682 hujus
1866 4614 2118 4669 Ecclesiae
2142 4655 2159 4682 ,

570 4717 690 4772 quae
732 4702 913 4773 utique
942 4718 1129 4759 sumus
1158 4718 1274 4773 nos,
1308 4713 1361 4759 et
1403 4705 1614 4771 arrhas,
1663 4714 1717 4760 et
1765 4706 1946 4760 dotem
1991 4705 2158 4761 dedit.

572 4795 773 4851 Arrhas
823 4794 1007 4861 dedit,
1047 4796 1259 4863 quando
1314 4798 1465 4851 nobis
1514 4804 1600 4852 est
1656 4811 1723 4851 ex
1770 4796 1890 4866 lege
1936 4796 2164 4867 promis-

570 4900 681 4941 sus.
716 4887 905 4942 Dotem
946 4887 1112 4954 dedit,
1147 4889 1362 4957 quando
1395 4904 1490 4958 pro
1520 4888 1678 4944 nobis
1722 4900 1805 4944 est
1831 4890 2159 4947 immolatus.

645 4979 709 5032 Et
740 4979 847 5032 alio
877 4979 1037 5034 modo
1068 4978 1169 5033 hoc
1198 4987 1369 5048 potest
1415 4979 1608 5049 accipi,
1658 4989 1715 5033 ut
1761 4981 1978 5047 arrlias,
2029 4996 2164 5051 prte-

571 5080 780 5126 sentem
810 5071 1058 5140 gratiam,
1084 5071 1264 5127 dotem
1296 5071 1656 5143 intelligamus
1686 5073 1847 5127 vitam
1882 5084 2159 5129 aeternam.

2263 2502 2419 2547 rante
2449 2506 2579 2562 ergo
2614 2491 2831 2547 Christo
2880 2491 2933 2545 in
2969 2490 3110 2545 Cana
3140 2491 3384 2556 Galileaa,
3420 2491 3611 2546 vinum
3641 2490 3854 2564 defecit,

2262 2592 2317 2637 et
2348 2582 2529 2637 vinum
2568 2583 2643 2647 ﬁt,
2678 2582 2731 2637 id
2760 2590 2865 2648 est,
2921 2582 3126 2636 umbra:
3170 2590 3548 2647 removentur,
3579 2590 3641 2636 et
3668 2581 3857 2636 veritas

2263 2684 2638 2742 praesentatur.
2678 2671 2899 2728 Recedit
2944 2673 3055 2740 lex,
3092 2673 3260 2743 gratia
3298 2672 3560 2727 succedit.
3611 2671 3853 2729 Carnalia

2264 2765 2316 2819 in
2349 2764 2648 2834 spiritualia
2681 2772 3103 2818 commutantur.
3132 2762 3188 2818 In
3217 2778 3417 2818 novum
3444 2762 3852 2818 Testamentum

2261 2858 2564 2914 observatio
2608 2866 2812 2912 vetusta
2842 2855 3261 2923 transfunditur;
3292 2855 3438 2911 sicut
3479 2856 3679 2911 beatus
3718 2859 3854 2926 Apo-

2261 2950 2427 3005 stoius
2440 2949 2566 3003 dicit
2584 2947 2788 3019 (llCor.
2810 2946 2891 3017 ut)
2919 2965 2931 3001 :
2954 2946 3134 3002 Vetera
3151 2949 3482 3014 transierunt,
3515 2958 3563 3003 et
3583 2963 3705 3001 ecce
3720 2948 3852 3018 facta

2259 3053 2377 3099 sunt
2398 3057 2548 3099 nova.
2577 3041 2861 3109 Quomodo
2881 3050 3061 3097 autem
3089 3039 3296 3113 hydria
3325 3038 3435 3096 illa:
3456 3040 3701 3109 impleta
3721 3053 3851 3108 aqua

2262 3135 2393 3189 nihil
2418 3136 2662 3191 minuunt
2682 3150 2748 3189 ex
2772 3149 2839 3189 eo
2865 3134 3006 3203 quod
3045 3144 3219 3197 erant,
3249 3134 3319 3188 ita
3350 3134 3437 3188 lex
3461 3148 3570 3188 non
3598 3135 3740 3203 perit
3764 3148 3852 3202 per

2259 3228 2550 3282 adventum
2592 3226 2791 3282 Christi
2832 3228 3125 3294 dissoluta,
3174 3226 3267 3282 sed
3298 3226 3530 3295 proﬁcit.
3563 3227 3704 3281 Vino
3729 3240 3851 3295 ergo

2261 3318 2566 3385 deﬁciente,
2600 3320 2782 3374 vinum
2829 3319 2969 3375 aliud
3010 3318 3361 3374 ministratur.
3404 3319 3612 3373 Bonum
3641 3318 3845 3389 quidem

2259 3422 2346 3469 est
2384 3422 2537 3471 vetus
2572 3413 2993 3477 Testamentum,
3026 3414 3119 3469 sed
3152 3415 3268 3468 sine
3310 3411 3547 3482 spiritali
3580 3410 3843 3466 intellectu

2260 3508 2502 3567 Vanescit
2532 3508 2583 3561 in
2616 3505 2796 3563 littera
2832 3505 2897 3576 (il
2925 3503 3047 3560 Cor.
3097 3505 3199 3577 ιιι).
3225 3505 3431 3559 Novum
3464 3519 3595 3559 vero
3631 3505 3839 3558 odorem

2259 3597 2383 3651 vlta.-
2412 3596 2585 3651 reddit
2611 3596 2663 3651 in
2699 3598 2925 3666 gratiam
2948 3597 3018 3665 (li
3042 3595 3165 3651 Cor.
3206 3599 3287 3665 ιι).
3317 3596 3452 3652 Cum
3482 3597 3599 3651 hac
3627 3596 3701 3650 ita
3723 3596 3840 3657 sint,

2262 3691 2697 3745 Arcliitriclinum
2748 3692 2920 3760 ipsum
2971 3690 3315 3759 praepositum
3358 3690 3413 3746 in
3442 3690 3604 3745 domo
3644 3687 3840 3759 sponsi,

2263 3782 2561 3850 videamus,
2593 3798 2752 3859 quem
2797 3784 2999 3841 sentire
3029 3785 3317 3853 possimus.
3370 3784 3435 3838 Et
3464 3798 3625 3854 quem
3666 3783 3839 3847 alium,

2264 3871 2368 3927 nisi
2398 3872 2611 3927 beatum
2636 3872 2857 3927 Paulum
2887 3873 3182 3943 intelligere
3213 3873 3493 3936 debemus,
3517 3873 3608 3942 qui
3638 3882 3754 3940 post
3775 3873 3841 3926 le-

2262 3964 2343 4033 gis
2386 3964 2641 4030 litteram.
2678 3973 2958 4031 acceptum
3000 3963 3126 4020 novi
3160 3962 3494 4019 Testameuti
3534 3964 3837 4033 mysterium

2260 4054 2605 4121 suavissimo,
2638 4055 2723 4110 vel
2751 4056 2942 4120 odore,
2968 4058 3046 4111 vel
3070 4064 3262 4125 gustu,
3294 4064 3351 4111 et
3380 4056 3702 4125 spiritalium
3731 4070 3839 4109 sen~

2258 4154 2415 4201 auum
2444 4142 2718 4213 ﬂagrantia
2766 4146 3022 4215 repletus,
3070 4156 3123 4201 et
3163 4146 3458 4201 inebriatus
3500 4148 3761 4201 exclamat
3795 4156 3840 4200 et

2261 4233 2439 4290 laudat
2484 4253 2498 4291 :
2552 4235 2633 4290 Tu
2686 4238 2899 4291 servasti
2957 4237 3145 4292 bonum
3195 4241 3369 4293 vinum
3429 4256 3589 4309 usque
3646 4240 3841 4292 adhuc?

2262 4327 2442 4401 (Joan.
2478 4330 2561 4403 tt).
2612 4329 2898 4389 Videamus
2948 4341 3125 4387 tamen
3178 4332 3632 4402 quemadmodum
3675 4332 3839 4400 ipsum

2263 4419 2442 4474 vinum
2475 4420 2686 4475 laudat?
2710 4420 2822 4476 Nec
2858 4424 3058 4487 oculus,
3086 4424 3281 4493 inquit,
3310 4424 3454 4489 vidit,
3480 4440 3573 4478 nec
3600 4426 3738 4478 auris
3756 4441 3841 4477 au-

2263 4513 2405 4579 divit,
2438 4530 2553 4583 qua:
2583 4514 2889 4586 praeparavit
2912 4513 3052 4569 Deus
3089 4515 3411 4587 diligentibus
3436 4532 3511 4570 se.
3537 4516 3677 4572 Ecce
3705 4531 3839 4583 vera,

2263 4621 2388 4662 ecce
2432 4606 2770 4677 praedicanda
2803 4608 3083 4675 miracula,
3128 4624 3245 4683 quae
3288 4609 3342 4663 in
3377 4609 3532 4664 nobis
3564 4620 3839 4678 operatur,

2263 4699 2476 4769 quando
2497 4700 2563 4754 de
2590 4701 2836 4770 pessimis
2868 4701 3035 4756 bonus
3064 4700 3214 4766 facit,
3240 4699 3307 4755 de
3329 4700 3574 4770 superbis
3601 4702 3837 4768 humiles,

2262 4792 2331 4847 de
2361 4792 2658 4848 inhonestis
2685 4802 2887 4860 castos,
2912 4792 2980 4849 de
3006 4790 3363 4849 sectatoribus
3406 4792 3622 4859 saeculi,
3650 4794 3841 4849 amicos

2264 4883 2381 4939 Dei.

2334 4974 2466 5041 Quae
2521 4982 2698 5045 potest
2759 4975 2966 5046 majora
3019 4990 3273 5031 exercere
3330 4975 3628 5041 miracula,
3691 4989 3837 5044 quam

2262 5066 2477 5137 quando
2527 5065 2797 5122 hominem
2850 5081 3089 5123 vermem
3134 5078 3187 5123 et
3228 5069 3564 5139 putredinem
3600 5067 3839 5137 dignatur

576 5161 861 5217 Videamus
888 5162 1014 5231 quid
1060 5162 1168 5233 agit
1210 5163 1262 5217 in
1306 5160 1579 5218 Chanaam
1620 5164 1876 5220 Galilmte.
1913 5167 2008 5220 Hic
2042 5165 2155 5238 jam
2182 5182 2238 5245 ι)
2264 5161 2316 5217 in
2330 5167 2524 5215 statum
2547 5158 2844 5229 angelicum
2869 5158 3217 5228 promovere?
3235 5157 3303 5214 de
3327 5160 3555 5245 terrenis
3582 5159 3635 5212 in
3660 5158 3837 5212 caries.

574 5253 801 5320 prodant
845 5252 1001 5309 nobis
1027 5251 1192 5307 Deum
1226 5253 1485 5323 stupenda
1529 5253 1806 5310 miracula.
1838 5255 2162 5312 Statuuntur
2190 5242 2219 5245 ⁷
2266 5252 2405 5307 tibus
2428 5251 2714 5317 collocare,
2737 5258 2791 5307 et
2816 5251 2868 5305 in
2897 5250 3066 5321 gratia
3091 5265 3204 5306 suae
3228 5242 3568 5321 adoptionis?
3593 5250 3834 5307 solemni-

581 5342 781 5413 hydrize
810 5344 1081 5411 capientes
1105 5354 1357 5400 metretas
1382 5346 1553 5409 binas,
1574 5348 1661 5402 vel
1698 5358 1899 5403 ternas.
1933 5348 2161 5417 implen-

577 5442 663 5489 tur
692 5436 919 5506 liydriaz,
952 5445 1224 5493 mutantur
1244 5439 1422 5493 subito
1445 5454 1619 5507 aqu-.13,
1652 5440 1897 5495 homines
1921 5449 2158 5510 postmo-

577 5529 704 5591 dum
733 5528 925 5585 maturi
956 5530 1080 5585 dum
1128 5532 1178 5584 in
1212 5532 1404 5585 melius
1450 5532 1826 5599 reformantur,
1880 5535 2022 5587 velut
2059 5534 2153 5589 ba-

574 5620 821 5691 ptismate
890 5621 994 5676 vini
1052 5624 1323 5692 liquantur
1378 5622 1812 5692 quodammodo;
1871 5623 2153 5679 deficiente

573 5726 702 5781 ergo
730 5714 872 5779 vino,
905 5710 1035 5767 dicit
1064 5716 1126 5767 ad
1154 5712 1337 5767 Jesum
1370 5721 1537 5767 mater
1564 5713 1681 5785 ejus
1713 5712 1894 5781 (Joan.
1926 5714 1987 5784 ιι)
2014 5729 2025 5764 :
2059 5713 2153 5767 Vi-

572 5810 696 5865 tium
740 5814 842 5861 non
877 5800 1081 5863 habent.
1111 5800 1229 5865 iam
1266 5802 1446 5877 primo
1482 5801 1602 5863 loco
1630 5805 1965 5877 requiramus
2005 5804 2146 5878 quod

2264 5351 2449 5409 tatem,
2493 5359 2611 5413 qua:
2648 5342 2718 5398 de
2750 5342 2955 5397 Domini
2986 5343 3263 5398 nativitate
3293 5345 3569 5413 praecessit
3590 5387 3606 5412 ,
3638 5357 3699 5398 ea
3737 5340 3831 5397 ﬁde

2259 5434 2672 5503 celebravimus,
2715 5449 2819 5504 qua
2850 5448 2913 5489 ex
2946 5433 3163 5489 homine
3203 5433 3346 5490 Deus
3389 5444 3547 5488 natus
3575 5442 3676 5499 est,
3708 5434 3830 5487 hanc

2259 5541 2389 5581 vero
2418 5540 2479 5581 ea
2519 5526 2891 5581 observatione
2931 5528 3276 5594 veneramurl,
3328 5540 3433 5595 qua
3473 5525 3617 5580 Deus
3646 5525 3697 5579 in
3744 5524 3827 5576 ho-

2259 5618 2404 5673 mine
2432 5616 2743 5673 declaratus
2762 5626 2863 5673 est.
2896 5618 3009 5673 illic
3040 5619 3437 5675 inﬁrmitatibus
3468 5616 3827 5680 absconditur,

2258 5710 2344 5767 hic
2356 5710 2642 5767 virtutibus
2668 5711 2957 5767 revelatur.
2976 5711 3143 5767 Hodie
3162 5712 3303 5767 enim
3333 5726 3514 5783 magos
3542 5711 3611 5764 ab
3629 5708 3830 5763 Oriente

2253 5807 2532 5871 venientes
2583 5819 2749 5879 usque
2787 5802 3003 5876 locum,
3056 5803 3307 5880 gentibus
3350 5801 3643 5864 Salvatoris
3688 5798 3828 5857 stella
