4042 6348
285 278 395 337 ’175

1608 270 1924 332 SANCTUS
1962 263 2257 324 ARIGIUS.

3462 246 3565 305 ΤΜ

285 390 975 473 οῂτίειῃῳγςυενεηιὶδυε,
1003 400 1362 448 monstratura
1393 389 1663 464 perduxit.
1704 389 1870 456 Expe-

1982 386 2139 440 aliam
2168 381 2309 436 viam
2356 379 2422 435 ad
2451 376 2723 449 regionem
2755 376 3020 446 propriam
3061 379 3397 438 remearent,
3447 368 3566 427 haec

291 490 423 545 titur
451 487 551 541 sub
577 484 763 541 humili
793 487 1007 556 tugurio
1027 501 1175 541 sacra
1207 486 1473 540 nativitas.
1526 483 1789 539 Adoratur
1816 482 1872 535 in

292 584 510 653 pannis,
538 580 587 634 id
616 590 717 647 est,
748 579 847 634 sub
870 580 1100 635 tectione
1129 578 1488 647 corruptionis
1522 579 1763 631 humana:
1795 574 1879 641 in-

290 675 475 729 Voluta
518 672 771 742 maiestas
800 670 1090 726 revelatur.
1118 671 1362 726 lnnuitur
1392 669 1651 742 mysterio
1679 667 1872 723 divinae

289 765 674 823 misericordiae
723 763 1056 834 magnitudo,
1106 764 1159 818 in
1204 777 1272 819 eo
1299 762 1443 840 quod
1492 762 1558 815 ad
1601 759 1872 816 Christum

288 862 523 931 primum
544 857 850 928 Ethiopes,
878 857 932 912 id
958 867 1060 927 est,
1093 865 1307 929 gentes,
1328 857 1718 923 ingrediuntur.

364 952 572 1007 interea
601 950 753 1005 beata
784 950 1095 1019 perductam
1127 964 1187 1005 se
1212 949 1281 1011 ad
1308 963 1460 1005 saera
1492 947 1757 1007 cunabula
1799 961 1859 1003 ra

288 1046 384 1101 dio
410 1046 641 1115 desuper
672 1041 940 1110 currerite,
996 1043 1222 1098 miratur
1270 1052 1505 1097 extrema
1532 1056 1685 1111 gens,
1731 1041 1873 1095 bono

288 1138 507 1208 publico
532 1138 700 1207 prima
725 1136 934 1203 fruitur.
955 1137 1128 1202 Quam
1152 1134 1411 1203 stupenda
1436 1135 1704 1206 dignatio!
1730 1133 1876 1189 inter

286 1229 565 1300 amplexus
593 1228 866 1298 genitricis
893 1227 1200 1292 includitur,
1226 1228 1315 1297 qui
1345 1226 1538 1282 coelum
1565 1235 1874 1296 terramque

285 1320 686 1395 complectitur.
716 1319 772 1375 in
799 1320 922 1377 sinu
946 1320 1133 1376 matris
1163 1318 1315 1384 latet,
1339 1318 1431 1388 qui
1462 1332 1683 1388 regnum
1700 1318 1874 1372 Patris

285 1412 519 1469 excedit.
548 1412 650 1468 Per
675 1412 901 1481 simplex
948 1410 1185 1467 ofﬁcium
1219 1411 1466 1481 Spiritale
1499 1410 1767 1466 revelatur
1795 1426 1876 1466 ar-

284 1520 507 1562 canum.
554 1505 867 1559 Humanitas
914 1504 1175 1577 cernitur,
1208 1511 1265 1561 et
1302 1502 1555 1561 divinitas
1597 1504 1871 1559 adoretur.

284 1598 553 1655 Exhibent
578 1612 787 1662 aurum,
809 1596 932 1652 thus
956 1604 1012 1652 et
1033 1595 1327 1668 myrrham.
1350 1597 1474 1651 Plus
1498 1598 1549 1651 in
1577 1598 1869 1668 mysteriis,

282 1706 444 1764 quam
489 1692 540 1746 in
570 1689 912 1758 conscientiis
937 1689 1248 1754 offerentes,
1286 1690 1340 1744 in
1368 1690 1482 1745 auri
1510 1706 1753 1759 munere,
1784 1706 1871 1747 re-

1979 475 2141 529 etiam
2172 471 2327 527 nobis
2369 468 2684 539 spiritaliter
2723 465 3127 536 praeipiuntur.
3155 463 3224 519 Et
3260 477 3358 533 per
3398 461 3569 521 aliam

1979 564 2145 631 viam,
2178 563 2231 618 id
2260 572 2362 627 est,
2392 575 2489 630 per
2534 559 2693 614 aliam
2738 557 3199 613 conversationem
3229 566 3566 609 revertamur

1978 660 2045 715 ad
2077 658 2322 729 patriam.
2366 656 2527 712 Forte
2555 653 2750 725 aliquis
2796 651 3023 721 requirit
3067 649 3334 720 quomodo
3365 649 3415 703 id
3449 648 3565 702 ﬁeri

1978 751 2183 823 possit?
2227 748 2330 818 Qui
2377 747 2481 804 hoc
2508 749 2651 803 scire
2698 744 2988 809 desiderat,
3018 742 3199 797 audiat
3248 740 3563 812 prophetam

1977 845 2243 903 dicentem
2263 860 2275 896 :
2298 841 2500 905 Diverte
2526 857 2558 894 a
2577 841 2735 909 malo,
2760 842 2842 908 {ac
2859 838 3067 902 bonum,
3086 835 3282 904 inquire
3303 848 3499 905 pacem,
3519 840 3567 885 et

1976 953 2183 1005 aequem
2222 951 2338 995 eam
2386 933 2614 1009 (Psatm.
2651 929 2868 1002 χχχιιι).
2902 931 3011 987 Hoc
3040 929 3185 986 enim
3231 928 3419 984 ordine
3474 940 3567 996 per

1977 1030 2137 1086 aliam
2173 1029 2315 1086 viam
2367 1026 2571 1082 reditur
2597 1023 2665 1079 ad
2697 1023 2944 1094 patriam.

2048 1124 2180 1179 Nam
2228 1122 2352 1192 quia
2402 1136 2497 1201 per
2525 1119 2828 1189 superbiam
2859 1115 3151 1172 cecidimus
3180 1114 3232 1168 in
3281 1111 3562 1178 mundum,

1976 1223 2192 1285 oportet
2215 1220 2276 1271 ut
2302 1228 2401 1284 per
2427 1211 2780 1273 humilitatem
2810 1209 3094 1271 redeamus
3123 1205 3191 1261 ad
3236 1203 3560 1274 paradisum.

1976 1312 2080 1367 Per
2105 1310 2450 1380 cupiditatem
2499 1306 2569 1361 ad
2607 1304 2885 1361 servitium
2915 1302 3109 1357 diaboli
3145 1300 3421 1364 venimus,
3470 1310 3568 1366 per

1976 1401 2400 1460 misericordiam
2431 1398 2498 1454 ad
2528 1398 2797 1453 Christum
2825 1394 3103 1449 Dominum
3132 1394 3430 1449 redeamus.
3459 1376 3575 1444 Per

1974 1496 2325 1565 voluptatem,
2355 1502 2517 1564 atque
2553 1491 2819 1551 luxuriam
2852 1488 3193 1543 durissimum
3221 1486 3404 1556 jugum
3447 1482 3569 1537 dia-

1975 1589 2084 1646 boli
2106 1588 2479 1651 sustinuimus,
2508 1599 2604 1655 per
2623 1582 3135 1649 cbaritatem,atqne
3160 1578 3418 1650 justitiam
3442 1575 3567 1630 leve

1972 1682 2156 1754 iugum
2179 1679 2377 1734 Christi
2402 1677 2675 1745 suscipere
2696 1674 3030 1729 festinemus.
3059 1672 3161 1727 Per
3188 1671 3299 1725 vias
3331 1666 3567 1724 inﬁdeli-

282 1757 371 1853 gia
411 1782 665 1855 dignitas,
722 1782 775 1837 in
826 1781 996 1837 thuris
1027 1796 1243 1850 vapore,
1276 1780 1454 1835 divina
1491 1757 1761 1850 maiestas.
1812 1781 1870 1837 in
1901 1771 1950 1832 B
1976 1776 2101 1830 tatis
2132 1782 2289 1843 atque
2318 1769 2568 1841 nequitiae
2589 1767 2805 1823 diabolo
2832 1765 3115 1825 infeliciter
3144 1764 3462 1855 servientes,
3490 1757 3563 1855 ab

280 1876 516 1950 myrrhae
546 1874 724 1947 specie
760 1874 1065 1945 sepelienda
1096 1873 1497 1930 demonstratur
1545 1876 1869 1930 humanitas.

278 1969 359 2023 Ac
388 1967 468 2024 sic
492 1966 810 2023 Trinitatem
832 1965 1120 2022 oblationis
1151 1982 1414 2022 numerus
1459 1968 1715 2043 loquitur,
1746 1969 1871 2027 uni-

279 2065 446 2113 tatem
476 2058 687 2113 devotio
716 2072 820 2111 una
850 2066 1106 2124 testatur;
1138 2072 1201 2111 ac
1229 2072 1327 2127 per
1352 2058 1474 2124 hoc,
1508 2056 1659 2130 vigili
1691 2059 1868 2115 inten-

279 2149 425 2204 tione
452 2147 632 2203 cordis
661 2148 857 2204 cmium
888 2148 1197 2203 studeamus
1226 2149 1491 2219 aspicere,
1536 2150 1582 2204 si
1614 2150 1682 2205 ad
1712 2137 1870 2206 Chri-

258 2249 420 2296 stum
466 2241 710 2312 cupimus
749 2241 1051 2308 pervenire.
1087 2241 1291 2311 Dirigat
1336 2241 1492 2297 nobis
1520 2242 1743 2299 semitas
1772 2244 1870 2296 vim

276 2332 543 2404 perfectas
571 2324 723 2388 stella
749 2332 991 2402 justitize.
1029 2331 1107 2397 Ei,
1135 2333 1224 2403 qui
1250 2331 1383 2387 dixit
1409 2349 1421 2385 :
1458 2332 1871 2403 Nonapparebt'a

275 2426 335 2480 in
361 2436 631 2495 conspectu
658 2442 767 2480 meo
813 2440 1003 2479 vacuus
1029 2424 1224 2496 (Exod.
1249 2425 1420 2497 Lxxm)
1448 2425 1770 2493 olferamus,
1816 2434 1870 2481 et

274 2532 379 2574 nos
421 2533 610 2573 aurum
658 2516 800 2583 ﬁdei,
836 2517 1046 2586 pietatis
1089 2526 1355 2587 aromata,
1403 2517 1665 2572 castitatis
1717 2517 1869 2572 bolo-

276 2620 491 2677 causta,
516 2610 807 2681 spiritalem
836 2626 1049 2682 quoque
1079 2613 1351 2682 myrrham
1386 2610 1676 2667 habeamus
1700 2611 1754 2667 in
1778 2626 1869 2667 nec

276 2702 383 2771 bis,
435 2718 553 2773 quae
604 2704 674 2758 ita
706 2704 914 2758 animas
965 2712 1178 2758 nostras
1208 2704 1444 2769 condiat,
1488 2714 1546 2759 ut
1586 2703 1786 2759 illtesas
1836 2718 1868 2758 a

274 2796 485 2866 peccati
509 2796 852 2865 corruptione
881 2796 1171 2851 custodiat.
1191 2795 1453 2851 Mutemus
1473 2796 1638 2864 viam,
1675 2798 1719 2852 si
1749 2812 1866 2867 per-

278 2888 463 2953 venire
487 2897 735 2961 0ptamus
762 2888 828 2942 ad
874 2888 1121 2957 patriam,
1150 2889 1473 2961 adpatriam
1502 2889 1687 2959 utique
1715 2891 1870 2945 cmic-

276 2988 437 3035 stem.
472 2983 547 3035 Ac
592 2981 636 3035 si
679 2981 821 3038 inter
850 2989 1134 3052 utrumque
1176 2982 1582 3045 commercium,
1632 2990 1692 3037 ut
1721 2982 1870 3037 illius

277 3072 434 3128 nobis
465 3072 844 3149 pr0prietatem
875 3087 973 3130 usu
1019 3075 1173 3129 istius
1209 3088 1624 3146 comparemus;
1666 3072 1741 3130 ita
1765 3074 1868 3131 ela-

277 3169 556 3241 boremus,
582 3181 639 3226 ut
667 3171 811 3229 illius
843 3174 942 3229 ista
971 3175 1042 3229 sit
1073 3174 1328 3245 pretium.

350 3283 694 3355 illudeutem
736 3287 877 3361 quod
910 3288 983 3345 ait
1011 3288 1371 3363 Evangelista,
1404 3304 1589 3367 magos
1618 3289 1865 3349 admoni~

279 3380 366 3439 tos
392 3376 592 3435 essein
615 3379 842 3449 somnis,
870 3395 936 3441 ne
965 3381 1205 3443 redirent
1232 3382 1301 3438 ad
1330 3381 1622 3451 Herodem,
1652 3382 1748 3439 sed
1771 3397 1867 3457 per

1975 1874 2284 1936 angelorum
2313 1864 2570 1919 societate
2610 1860 2977 1924 discessimus,
3011 1872 3106 1927 per
3152 1857 3270 1913 vias
3309 1852 3571 1915 bonitatis

1974 1975 2039 2015 ac
2069 1958 2192 2013 ﬁdei
2236 1956 2419 2013 redire
2449 1955 2517 2009 ad
2561 1952 2855 2024 principale
2878 1952 3209 2011 studeamus.
3259 1948 3316 2005 Si
3339 1947 3443 2007 hoc
3467 1960 3567 2003 or-

1975 2052 2100 2107 dine
2147 2051 2263 2105 vias
2292 2048 2597 2105 mortiferas
2627 2046 3020 2114 relinquentes,
3070 2043 3185 2101 vias
3226 2043 3351 2101 vitae
3380 2048 3568 2101 tenere

1975 2146 2329 2211 voluerimus,
2360 2143 2430 2198 de
2460 2141 2676 2198 sinistra
2721 2138 2962 2194 translati
2990 2138 3057 2194 ad
3080 2138 3354 2204 dextram,
3376 2149 3566 2207 mago-

1974 2251 2091 2291 rum
2123 2235 2316 2291 itinera
2362 2234 2592 2289 ﬁdeliter
2619 2246 2684 2287 ac
2732 2231 2965 2287 feliciter
3008 2244 3295 2300 possumus
3341 2226 3565 2285 imitari.

1973 2330 2075 2398 Qui
2108 2330 2253 2399 prius
2295 2328 2505 2385 solebat
2552 2341 2640 2383 res
2682 2326 2887 2381 alienas
2918 2324 3126 2387 tollere,
3157 2331 3214 2378 et
3256 2334 3398 2381 nunc
3438 2330 3565 2376 sua:

1972 2423 2203 2495 coeperit
2246 2420 2669 2478 misericorditer
2698 2431 2948 2488 erogare,
2978 2430 3085 2471 non
3114 2415 3208 2471 tibi
3232 2413 3444 2470 videtur
3465 2425 3567 2482 per

1972 2517 2133 2572 aliam
2166 2517 2307 2571 viam
2339 2514 2620 2579 incedere;
2650 2512 2742 2583 qui
2769 2508 2869 2565 fuit
2894 2509 3125 2574 adulter,
3159 2514 3316 2562 etest
3338 2513 3517 2560 castus
3539 2516 3564 2567 ι

1972 2612 2061 2683 qui
2091 2610 2191 2666 fuit
2218 2609 2480 2673 ebriosus,
2515 2616 2569 2663 et
2596 2615 2679 2663 est
2706 2605 2950 2671 sobrius;
2981 2604 3072 2674 qui
3100 2600 3310 2657 solebat
3337 2595 3565 2655 maledi~

1971 2718 2117 2770 cere,
2148 2711 2202 2758 et
2245 2699 2551 2766 benedicit;
2595 2698 2686 2770 qui
2731 2695 2908 2752 fuerat
2935 2695 3167 2763 invidus,
3216 2701 3271 2747 et
3300 2699 3385 2747 est
3411 2688 3567 2749 boni-6

1971 2812 2146 2868 gnns:
2181 2795 2227 2850 si
2276 2796 2421 2851 enim
2449 2792 2782 2850 orationibus
2811 2789 2973 2845 simul
3001 2797 3056 2843 et
3085 2788 3241 2842 bonis
3285 2782 3566 2854 operibus,

1972 2889 2085 2944 Deo
2133 2887 2444 2954 auxiliante,
2472 2885 2848 2941 contendimus
2896 2884 2999 2937 hoe
3027 2881 3219 2935 ordine
3245 2868 3583 2933 eonversio~‘

1973 2995 2102 3037 num
2151 2989 2457 3035 nostrarum
2509 2978 2698 3032 itinera
2744 2976 2797 3030 in
2848 2974 3046 3028 melius
3094 2978 3449 3032 commutare,
3499 2963 3567 3020 ad

1972 3082 2227 3129 aeternam
2295 3070 2679 3127 beatitudinem
2730 3065 3029 3137 poterimus
3073 3061 3304 3118 feliciter
3368 3070 3565 3128 parve»

1894 3153 1944 3219 ϐ
1975 3165 2110 3222 nire.
2139 3164 2290 3233 Quod
2324 3171 2581 3234 praestare
2610 3161 2858 3230 dignetur
2886 3157 2975 3227 qui
3002 3169 3124 3212 cum
3165 3153 3326 3209 Patre
3350 3160 3405 3206 et
3431 3149 3558 3218 Spi-

1971 3259 2076 3315 ritu
2120 3268 2309 3313 sancto
2351 3256 2481 3311 vivit
2523 3264 2578 3310 et
2620 3260 2808 3324 regnat
2856 3252 2910 3307 in
2963 3246 3161 3304 mula
3212 3242 3563 3303 siliculorum.

1972 3355 2164 3408 Amen.

1005 3783 2180 3926 SERMONES
2369 3772 2820 3919 DUO

394 4052 865 4144 SANCTO
940 4046 2199 4169 SEDATO‘BITERRENSI
2262 4049 2854 4141 EPISCOPO
2912 4038 3443 4133 TRIBUTI.

1540 4218 2323 4253 qus—cm

489 4313 802 4393 (Exstant
834 4313 947 4376 sub
976 4315 1223 4377 nomine
1258 4311 1461 4375 sancti
1496 4311 1871 4391 Augustini,
1907 4308 2159 4371 Patrol.
2186 4315 2334 4369 tam.
2377 4304 2459 4383 Υ,
2494 4309 2666 4383 part.
2702 4318 2775 4377 tt,
2806 4297 2929 4362 col.
2962 4292 3366 4371 1001-1005.)

1664 4502 1681 4511 ,
1718 4504 1723 4507 ,
2080 4500 2083 4505 .

1599 4556 1770 4625 anno
1811 4577 2044 4624 DOMINI
2083 4575 2263 4621 οισι.

674 4724 1832 4951 SANCTUS

1996 4715 3178 4974 AREGIUS,

1440 5028 2285 5292 Anteius
2326 5250 2373 5343 ,

962 5368 1568 5506 ΔΒΒΔΒ
1640 5365 2886 5489 ATTANENBIS.

292 5556 3569 5590 Μ

293 5661 539 5752 (Hujus
564 5667 771 5731 sancti
803 5667 1018 5734 Vitam
1074 5678 1133 5732 et
1185 5676 1617 5733 testamentum
1674 5671 1871 5752 legere
1918 5681 2007 5736 est
2060 5674 2227 5736 inter
2256 5691 2445 5754 opera
2471 5672 2781 5755 Gregorio
2814 5668 3178 5736 Turonemt
3205 5663 3513 5730 attributa
3549 5677 3569 5741 ,'

1356 5776 1504 5834 tam.
1532 5772 1827 5851 praced.,
1863 5769 1983 5839 col.
2021 5771 2176 5837 1119
2205 5779 2262 5839 et
2294 5770 2499 5854 11bit.)
