4042 6348
266 434 365 490 777
1481 450 1523 503 Α
1564 447 1900 507 COGITOSO
1937 449 2330 508 ADORNATA.
3441 467 3547 522 778

263 546 510 616 parochia
534 563 630 621 per
657 558 821 610 totam
852 551 1238 614 Hibernensem
1271 566 1463 615 terram
1490 559 1701 632 diﬁusa,
1731 580 1763 619 a
1790 565 1923 621 mari
1955 581 2125 633 usque
2153 567 2217 620 ad
2249 582 2395 624 mare
2425 578 2644 628 extensa
2676 580 2780 640 est,
2831 572 2883 628 in
2933 576 3324 647 campestribus
3365 582 3549 650 campi

261 637 489 711 Lifl'eitn,
520 658 677 711 supra
709 647 1112 707 fundamentum
1146 650 1267 708 ﬁdei
1296 652 1510 710 ﬁrnmm
1544 657 1866 723 construxit,
1895 665 1950 713 et
1980 659 2224 727 prudenti
2254 660 2652 733 dispensatione
2683 665 2750 722 de
2768 637 3069 724 animabus
3088 686 3276 726 eorum
3324 637 3539 745 regula—

260 732 393 790 riter
426 736 478 791 in
509 738 760 797 omnibus
794 757 1113 814 procurans,
1147 754 1202 802 et
1227 746 1295 802 de
1329 748 1586 806 Ecclesiis
1618 750 1906 807 multarum
1932 756 2328 823 provinciarum
2358 759 2455 814 sibi
2486 760 2884 818 adhmrentibus
2911 765 3228 836 sollicitans,
3262 776 3315 824 et
3361 732 3544 825 secum

268 828 573 897 revolvens,
604 834 747 902 quod
774 836 890 892 sine
918 852 1130 893 summo
1160 841 1465 911 sacerdote,
1496 843 1588 913 qui
1616 845 1873 901 ecclesias
1902 860 2264 920 consecraret,
2296 862 2346 907 et
2372 854 2765 914 ecclesiasticos
2796 858 2853 912 in
2882 859 2960 915 eis
2981 860 3177 931 gradus
3206 862 3546 933 subrogaret,

258 936 381 980 esse
415 939 522 980 non
555 937 739 997 posset
764 947 778 996 ;
805 929 1069 988 illustrem
1101 934 1275 990 virum
1306 946 1358 992 et
1389 938 1715 1004 solitarium,
1738 939 1987 996 omnibus
2016 942 2259 998 moribus
2285 955 2555 1014 ornatum,
2580 964 2674 1019 per
2696 966 2855 1021 quem
2880 929 3018 1009 Deus
3044 964 3269 1013 virtutes
3292 929 3547 1025 operatus

256 1023 342 1114 est
371 1015 648 1088 plurimas,
679 1034 981 1079 convocans
1009 1040 1130 1079 eum
1159 1026 1225 1083 de
1252 1043 1434 1083 eremo
1462 1039 1517 1085 et
1546 1031 1613 1085 de
1643 1044 1738 1085 sua
1772 1031 1875 1087 vita
1904 1033 2163 1101 solitaria,
2196 1044 2252 1092 et
2282 1038 2356 1094 ibi
2407 1025 2510 1097 sibi
2561 1015 2773 1099 obviam
2826 1042 3074 1117 pergens,
3131 1056 3191 1104 ut
3244 1015 3542 1108 Ecclesium
3614 1022 3623 1037 ἡ

252 1101 313 1162 in
336 1106 630 1179 episcopali
661 1109 923 1182 dignitate
954 1130 1076 1171 cum
1099 1131 1162 1173 ea
1210 1120 1553 1190 gubernaret,
1606 1130 1767 1192 atque
1798 1131 1865 1211 ut.
1906 1125 2041 1181 nihil
2092 1128 2159 1183 de
2208 1131 2397 1187 ordine
2450 1136 2770 1192 sacerdotali
2798 1101 2850 1194 in
2882 1101 3230 1201 suisvdeesset
3261 1143 3537 1214 Ecclesiis,

250 1201 559 1260 accersivit.

334 1298 400 1370 Et
426 1308 613 1371 postea
638 1301 716 1358 sic
746 1310 966 1360 unctum
992 1315 1151 1377 caput
1180 1316 1236 1364 et
1267 1311 1559 1381 principale
1590 1313 1830 1371 omnium
1857 1314 2232 1387 episcoporum
2261 1329 2315 1376 et
2341 1320 2649 1381 beatissima
2679 1330 2975 1398 puellarum
3022 1332 3353 1405 principalis,
3402 1334 3547 1392 felici

250 1393 515 1451 comitatu
548 1394 689 1451 inter
717 1410 777 1479 se
815 1403 871 1453 et
890 1397 1270 1493 gubernaculis
1298 1406 1534 1461 omnium
1569 1407 1826 1465 virtutum
1855 1424 2006 1466 suam
2034 1414 2202 1467 erexit
2230 1414 2577 1488 principalem
2608 1393 2894 1482 ecclesiam
2919 1468 2934 1493 ,
2962 1393 3316 1487 etamboi‘um
3338 1393 3548 1487 meritis

248 1500 352 1543 sua
381 1486 636 1545 cathedra
660 1478 981 1565 epiScopzﬂis
1009 1504 1064 1553 et
1091 1498 1371 1568 puellaris,
1404 1516 1467 1557 ac
1492 1502 1538 1559 si
1566 1502 1689 1558 vitis
1720 1502 1975 1577 frugifera
2003 1506 2193 1564 diffusa
2225 1478 2459 1583 undique
2507 1517 2669 1574 ramis
2698 1478 3098 1595 crescentibus,
3132 1525 3187 1581 in
3212 1535 3322 1583 tota
3351 1526 3542 1583 Hiber-

247 1583 408 1641 neusi
436 1584 609 1642 insula
635 1586 878 1645 inolevit.

323 1676 495 1746 Quam
522 1694 739 1776 semper
768 1683 1222 1758 Arcbiepiseopus
1251 1688 1691 1750 Hiberniensium
1722 1696 2098 1768 episcoporum
2128 1710 2181 1756 et
2205 1701 2495 1770 abbatissa,
2527 1720 2685 1776 quam
2716 1724 2904 1767 omnes
2931 1713 3216 1773 abbatissae
3260 1717 3541 1776 Scotorum

245 1783 600 1842 venerantur,
632 1775 781 1833 felici
807 1784 1153 1841 successione
1175 1794 1230 1843 et
1254 1786 1359 1846 ritu
1390 1799 1655 1858 perpetuo
1686 1790 2053 1850 dominantur.
2092 1795 2299 1852 Exinde
2330 1812 2483 1869 ergo,
2509 1775 2569 1854 ut
2597 1815 2757 1873 supra
2785 1803 2918 1873 dixi,
2950 1824 2978 1864 a
3003 1807 3257 1868 fratribus
3300 1824 3540 1883 coactus,

246 1866 421 1926 beatae
452 1870 608 1979 bujtts
628 1872 851 1944 virginis
878 1873 1109 1947 Brigidae
1135 1881 1359 1938 virtutes
1406 1891 1513 1938 tam
1544 1898 1634 1939 eas
1660 1899 1793 1955 quas
1823 1896 1947 1943 ante
1978 1888 2358 1959 principatum,
2386 1866 2542 1961 quam
2575 1866 2709 1950 alias
2754 1911 2884 1967 quas
2905 1866 2983 1956 'in
3008 1866 3327 1977 principatu
3341 1866 3536 1979 gessit;

244 1966 422 2023 multo
444 1965 620 2024 studio
649 1967 948 2041 brevitatis,
982 1973 1106 2032 licet
1131 1987 1458 2047 praepostero
1488 1977 1681 2034 ordine
1708 1980 1963 2037 virtutum
1998 1984 2380 2055 compendiose
2408 1986 2677 2056 explicare
2704 1965 2966 2051 conabor.

249 2139 1869 2175 —————-——-———-—————-—.——_—_

1881 2160 3514 2202 ____.__________________

825 2293 1301 2402 INCIPIT
1377 2295 1692 2404 VITA
1768 2298 2315 2410 SANCT/E
2393 2308 2994 2418 BRIGI-D/E.

323 2509 520 2570 Sancta
550 2512 728 2583 itaque
779 2512 1011 2583 Brigida,
1058 2528 1218 2584 quam
1264 2514 1409 2570 Deus
1440 2512 1727 2585 praescivit,
1778 2513 1843 2570 ad
1870 2515 2321 2580 Amonstrabant
2359 2535 2454 2576 sua
2504 2536 2663 2593 opera
2716 2527 2999 2597 completa,
3049 2535 3330 2603 qurcsitum
3376 2550 3460 2597 est
3511 2558 3541 2600 a

242 2618 400 2663 suam
432 2605 716 2678 imaginem
744 2614 798 2661 et
828 2607 1247 2677 praedestinavit,
1282 2623 1312 2663 a
1341 2606 1645 2665 christianis
1677 2608 1841 2663 nobi-

246 2695 589 2768 lioribusque
633 2697 966 2769 parentibus,
1016 2699 1083 2755 de
1130 2700 1267 2757 bona
1314 2715 1377 2756 ac
1424 2702 1842 2768 prudentissima

241 2787 415 2845 Etech
445 2793 691 2860 prosapia
720 2790 774 2847 in
805 2791 982 2848 Scotia
1015 2802 1154 2860 orta,
1189 2804 1341 2865 patre
1373 2794 1654 2850 Dubtocho
1683 2804 1731 2862 δι,
1786 2805 1842 2852 et

241 2891 422 2936 matre
452 2881 648 2938 Brocca
679 2883 855 2955 genita
876 2928 890 2951 ,
923 2899 951 2940 a
984 2901 1077 2941 sua
1108 2886 1336 2957 pueritia
1365 2888 1627 2943 bonarum
1658 2901 1838 2944 rerum

241 2974 441 3033 studiis
469 2974 711 3034 inolevit.
749 2978 934 3034 Electa
960 2980 1102 3036 enim
1133 2996 1197 3038 ex
1223 2981 1333 3038 Deo
1383 2975 1567 3052 puella
1598 2983 1841 3039 moribus

241 3068 448 3138 sobria,
484 3072 658 3129 aetatis
686 3086 751 3128 ac
777 3072 1047 3145 pudicitiae
1076 3073 1257 3145 plena,
1288 3074 1342 3131 in
1371 3075 1598 3132 meliora
1628 3090 1840 3147 semper

244 3165 542 3221 crescebat.

319 3258 385 3313 Et
414 3261 530 3329 quis
558 3273 651 3315 sua
682 3274 867 3332 opera,
897 3276 1016 3333 quae
1037 3263 1197 3319 etiam
1228 3261 1283 3319 in
1312 3263 1413 3319 hac
1444 3271 1605 3321 astate
1652 3264 1837 3337 gessit,

247 3350 402 3423 plene
429 3360 605 3421 potest
629 3354 919 3411 enarrare?
942 3355 1036 3411 sed
1068 3354 1185 3411 haec
1215 3371 1381 3427 pauca
1434 3357 1502 3413 de
1533 3358 1841 3415 innumera-

247 3441 445 3501 bilibus
472 3447 705 3519 exempli
737 3462 897 3505 causa
924 3447 1097 3521 posita
1127 3449 1630 3507 demonstrabimus.

314 3537 520 3596 Exinde
555 3541 690 3609 haec,
729 3556 850 3599 cum
892 3552 1102 3614 tempus
1158 3554 1424 3602 maturum
1481 3547 1725 3616 advenit,
1779 3550 1835 3605 in

245 3645 379 3701 opus
408 3633 641 3705 coaguli,
681 3644 742 3690 ut
774 3634 842 3692 de
872 3635 1085 3692 turbato
1107 3652 1392 3695 vaccarum
1424 3638 1560 3696 lacte
1587 3639 1838 3712 butyrum

244 3737 578 3799 aggregaret,
614 3743 644 3783 a
677 3739 846 3787 matre
893 3731 1209 3787 transmissa
1256 3741 1370 3796 est;
1424 3742 1478 3788 ut
1532 3733 1671 3789 sicut
1717 3734 1840 3789 aliae

244 3818 460 3878 feminae
502 3821 604 3879 hoc
647 3838 781 3894 opus
832 3840 1086 3882 exercere
1141 3825 1407 3891 solebant,
1463 3826 1577 3897 ipsa
1626 3842 1839 3898 quoque

1944 2608 2098 2664 beata
2142 2612 2446 2681 supradicta
2493 2616 2724 2687 virgine,
2772 2627 2830 2673 tit
2867 2630 2921 2675 et
2956 2622 3070 2691 ipsa
3113 2626 3361 2686 similiter
3406 2637 3541 2690 assi-

1940 2714 2129 2771 gnaret
2183 2721 2335 2761 suum
2379 2721 2532 2776 opus.
2589 2708 2653 2765 Et
2698 2710 2813 2779 ipsa
2858 2716 3046 2773 matris
3091 2719 3287 2778 timore
3324 2728 3538 2797 pavida,

1942 2809 2066 2851 cum
2110 2811 2216 2853 non
2249 2798 2469 2856 haberet
2497 2802 2640 2871 quod
2676 2816 3020 2877 monstraret,
3046 2811 3167 2881 quia
3208 2824 3373 2871 totum
3409 2833 3540 2889 pau-

1946 2891 2165 2959 peribus
2194 2896 2450 2964 erogavit,
2484 2898 2779 2954 crastinum
2819 2916 2925 2957 non
2968 2919 3260 2974 procurans
3300 2918 3532 2985 tempus,

1944 2994 1997 3037 et
2039 2983 2457 3056 inexstiuguibili
2508 2987 2721 3045 ﬂamma
2769 2992 2895 3049 ﬁdei
2950 3010 3196 3065 accensa,
3253 3017 3316 3059 ac
3363 2983 3537 3074 firma,

1942 3074 2007 3130 ad
2039 3076 2322 3133 Dominum
2369 3095 2427 3134 se
2471 3091 2791 3139 convertens
2828 3089 3019 3143 oravit.
3061 3090 3170 3147 Nec
3217 3109 3388 3165 mora,
3435 3099 3541 3154 Do-

1945 3172 2126 3226 minus
2181 3188 2365 3228 vocem
2407 3175 2628 3245 virginis
2671 3178 2894 3236 audiens
2931 3197 2993 3239 ac
3035 3200 3240 3254 preces,
3292 3189 3538 3262 largitate

1942 3265 2105 3321 divini
2129 3266 2396 3337 Numinis,
2432 3270 2570 3326 sicut
2600 3279 2683 3327 est
2711 3273 2923 3344 adjutor
2945 3278 2997 3332 in
3026 3285 3540 3355 opportunitatibus,

1946 3358 2138 3425 adfuit,
2168 3372 2221 3415 et
2254 3377 2349 3431 pro
2376 3378 2469 3419 sua
2496 3365 2546 3419 in
2573 3380 2632 3421 se
2655 3366 2875 3436 virginis
2904 3372 3223 3430 conﬁdentia
3256 3378 3540 3436 afﬂuenter

1945 3450 2193 3524 butyrum
2236 3454 2533 3511 constituit.
2582 3458 2773 3515 Mirum
2822 3462 2874 3515 itt
2917 3464 3135 3519 modum
3177 3478 3231 3522 et
3274 3469 3364 3525 illa
3406 3471 3541 3529 hora

1945 3554 2069 3614 post
2096 3546 2396 3602 orationem
2431 3548 2581 3620 virgo
2608 3552 2969 3623 sanctissima,
3000 3556 3130 3612 nihil
3163 3559 3229 3613 de
3256 3575 3353 3615 suo
3378 3576 3541 3631 opere

1944 3635 2135 3693 deesse
2190 3638 2505 3708 ostendens,
2559 3642 2653 3697 sed
2693 3658 2856 3714 super
2911 3660 3098 3703 omnes
3147 3654 3541 3721 cooperatrices

1944 3729 2246 3789 abundasse
2273 3737 2596 3791 monstravit
2623 3740 2925 3809 complesse
2963 3759 3120 3799 suum
3165 3746 3424 3804 officiunt.
3475 3749 3542 3805 Et

1946 3837 2066 3879 cum
2113 3826 2426 3894 plenissime
2458 3830 2733 3886 inventum
2775 3833 2828 3887 in
2875 3834 3067 3903 oculis,
3124 3839 3362 3895 omnium
3406 3842 3541 3897 tanti

243 3917 435 3985 ειμιΜὶ
482 3932 706 3976 munere
752 3928 1064 3991 perageret;
1095 3930 1154 3976 ut
1182 3935 1302 3977 cum
1347 3919 1559 3977 caeteris
1608 3922 1659 3976 in
1702 3931 1842 3978 tem-
1873 3930 1922 3991 B
1952 3921 2190 3976 muneris
2219 3921 2536 3979 miraculum
2561 3925 2814 3996 innotuit,
2845 3938 2898 3985 et
2926 3930 3205 3989 laudantes
3232 3933 3539 4004 Dominum,

241 4020 373 4081 pore
402 4010 650 4081 placido,
698 4028 985 4070 vaccarum
1037 4014 1263 4072 fructum
1306 4030 1369 4071 ac
1410 4014 1633 4085 pondus,
1686 4033 1837 4075 men-

238 4112 593 4175 suratutnque
636 4106 813 4177 butyri
857 4108 1071 4164 solitum
1114 4109 1421 4177 plenissime
1447 4109 1501 4164 in
1532 4124 1682 4165 usum
1713 4110 1836 4167 red-

240 4196 417 4255 deret.
471 4199 580 4257 Sed
629 4199 745 4257 haec
792 4200 1031 4258 moribus
1077 4202 1438 4273 pulcherrima
1477 4211 1531 4260 et
1561 4203 1836 4274 hospitalis

240 4292 424 4365 virgo,
455 4292 716 4352 obaudirc
758 4296 925 4366 magis
961 4297 1147 4353 volens
1176 4295 1287 4352 Deo
1317 4312 1475 4367 quam
1507 4297 1831 4368 hominibus,

238 4388 576 4459 pauperibus
620 4400 674 4446 et
717 4389 1018 4460 hospitibus
1069 4390 1150 4445 lac
1193 4390 1435 4462 largitur,
1485 4398 1539 4446 et
1583 4392 1835 4464 butyrum

242 4480 539 4537 distribuit.
592 4481 658 4538 Et
702 4497 824 4539 cum
872 4483 1168 4540 secundum
1216 4493 1575 4556 opportunum
1623 4484 1838 4542 advenit

241 4581 477 4645 tempus,
513 4585 570 4630 ut
600 4591 788 4634 omnes
816 4576 1108 4633 redderent
1134 4578 1363 4633 fructum
1421 4592 1733 4647 vaccarum,
1768 4581 1836 4636 ad

240 4684 361 4726 eam
418 4682 733 4742 perventum
788 4681 891 4729 est.
924 4671 1027 4729 Sed
1084 4686 1205 4728 cum
1263 4674 1659 4745 cooperatrices
1717 4676 1836 4748 ejus

326 4786 593 4863 f_Surius,
624 4788 900 4863 qui_vitam
925 4796 1126 4846 sanctae
1166 4789 1391 4863 Brigidm
1438 4793 1837 4863 paraphrastice

243 4856 434 4928 dedit,
468 4856 673 4929 patrem
707 4860 1004 4932 Duptacum
1030 4906 1044 4931 ,
1076 4856 1303 4918 matrem
1349 4856 1635 4994 Brotsec'hC
1660 4875 1833 4921 vocat.

1640 4953 1726 4992 an.

1640 4953 1726 4992 ΔΝ.

324 5002 350 5042 l'
381 5003 532 5073 Apud
573 5003 786 5060 Surium
828 5015 1049 5062 vocatur
1090 5006 1367 5064 Machillus
1411 5012 1580 5064 sancti
1628 5009 1835 5065 Patritii

245 5072 581 5150 discipulus;
616 5075 852 5150 Fuera_nt
895 5088 1078 5150 autem
1118 5080 1553 5150 contemporariei
1606 5081 1836 5136 Patricio

244 5146 445 5273 gnquit
471 5146 743 5217 Sylvester
768 5147 1019 5205 Giraldus
1042 5146 1386 5207 Cambrens'is
1413 5152 1464 5207 in
1490 5152 1835 5223 topographia

295 5217 537 5273 ihernim.
580 5219 922 5273 distinctione
971 5222 1025 5273 5.
1066 5235 1186 5273 can.
1229 5224 1329 5273 18:
1371 5223 1454 5273 cui
1497 5227 1654 5273 caniti
1695 5225 1835 5273 hunc

295 5217 537 5292 ihernim,
580 5219 922 5292 distinctione
971 5222 1025 5287 5,
1066 5235 1186 5289 cap.
1229 5224 1329 5291 I8;
1371 5223 1454 5278 cui
1497 5217 1654 5292 αἱρῆῐὶ
1694 5217 1835 5279 liune

243 5291 455 5363 titulum
486 5289 709 5363 praefigit
745 5308 757 5344 :
793 5291 942 5356 Quod
972 5294 1070 5346 tria
1110 5289 1349 5363 corpore,
1384 5289 1595 5349 Patritii
1617 5296 1828 5363 scilicet,

245 5360 525 5427 Columbae,
576 5371 622 5417 et
671 5360 933 5433 Brigidw,
985 5366 1127 5432 apud
1173 5360 1435 5421 Ultom'am
1476 5368 1530 5421 in
1571 5360 1833 5422 Dunnenst’

246 5433 573 5511 civitate,_his
592 5437 785 5511 nostris
806 5436 983 5490 diebus
999 5437 1229 5511 inuenta,
1256 5448 1373 5493 sunt
1396 5439 1670 5511 translata)
1710 5452 1833 5492 san-

247 5514 366 5581 ctus
393 5504 672 5581 Columba,
706 5516 759 5561 et
788 5517 970 5581 sancta
999 5507 1317 5581 Brigida,get
1355 5511 1492 5581 apud
1540 5504 1831 5577 Ultoniam,

242 5575 296 5652 in
339 5576 526 5652 eadem
566 5576 810 5652 civitate,
849 5575 1121 5652 Dunnensi
1164 5575 1405 5646 scilicet,
1434 5596 1539 5652 quo
1586 5575 1836 5637 dominus

242 5647 439 5723 Comes
468 5647 713 5723 Joannes
736 5651 907 5723 primo
936 5651 988 5705 in
1023 5650 1329 5708 Hiberniam
1370 5647 1539 5720 venit,
1580 5655 1731 5723 quasi
1781 5653 1833 5708 in

241 5719 498 5792 spelunca
527 5718 747 5792 triplici,
772 5718 994 5777 Patritio
1021 5723 1073 5778 in
1104 5724 1279 5779 medio
1300 5718 1531 5792 jacente,
1562 5718 1678 5779 aliis
1704 5724 1837 5779 duo.

243 5786 344 5843 bus
393 5788 517 5844 hinc
565 5790 710 5857 inde,
751 5792 957 5848 Joanne
988 5809 1115 5850 vero
1157 5795 1223 5849 de
1266 5786 1419 5850 G'urci
1470 5786 1593 5850 tunc
1637 5796 1833 5849 ibidem

251 5861 612 5936 [tn-sidente,
653 5873 703 5917 et
754 5864 858 5936 hoc
905 5874 1225 5934 procurante
1289 5875 1397 5921 tres
1453 5867 1662 5922 nobiles
1717 5867 1836 5922 the-

246 5940 285 5979 s:
312 5932 413 5993 tlti,
441 5932 616 5987 divina
646 5932 971 5992 revelatione
992 5938 1217 6008 inventi,
1244 5946 1371 5997 sunt
1396 5938 1661 5998 translati.
1689 5937 1839 5996 Unde

249 6011 440 6054 νωδυε
472 6016 487 6055 ζ

558 6094 829 6158 annos.
878 6058 1136 6164 Lxxrt.

1943 4014 2031 4085 qui
2064 4013 2166 4070 hoc
2196 4016 2343 4081 fecit,
2374 4026 2577 4074 tantam
2611 4020 2740 4077 fidei
2769 4022 3021 4080 virtutem
3049 4025 3292 4097 virginali
3324 4038 3540 4099 pectore

1943 4108 2250 4165 constitisse
2280 4109 2525 4166 admirati
2548 4121 2693 4169 sunt.

2014 4203 2093 4258 Ac
2122 4218 2227 4259 non
2271 4204 2441 4261 multo
2473 4216 2614 4276 post,
2657 4223 2780 4265 cum
2821 4224 2940 4267 eam
2970 4211 3052 4268 sui
3081 4195 3355 4284 parentes,
3390 4233 3542 4279 more

1944 4296 2201 4366 humano,
2226 4298 2344 4355 viro
2372 4300 2703 4370 desponsare
2729 4303 2950 4369 vellent,
2995 4304 3083 4360 illa
3127 4308 3345 4365 caelitus
3375 4309 3542 4381 inSpi-

1942 4399 2079 4461 rata,
2130 4408 2191 4449 se
2231 4394 2490 4466 virginem
2540 4407 2742 4454 castam
2792 4401 3047 4458 exhibere
3074 4404 3261 4460 volens
3296 4406 3429 4471 Deo,
3472 4409 3541 4461 ad

1942 4487 2253 4559 episcopum
2305 4492 2707 4548 sanctissimum
2754 4493 2927 4550 beatae
2984 4498 3260 4552 memoriae
3307 4498 3540 4554 Maccab

1942 4584 2199 4654 perrexit.
2246 4584 2347 4653 Qui
2392 4587 2612 4643 emleste
2662 4589 2878 4644 intuens
2913 4588 3240 4645 desiderium
3289 4598 3346 4646 et
3386 4592 3540 4661 pudi-

1941 4678 2146 4747 citiam,
2191 4687 2245 4734 et
2294 4687 2455 4735 tantae
2503 4678 2767 4735 castitatis
2804 4693 3042 4735 amorem
3092 4680 3145 4737 in
3192 4681 3286 4738 tali
3307 4682 3535 4755 virgine,

2098 4836 2338 4907 Iniungo
2361 4838 2537 4907 Dono,
2552 4838 2741 4907 tumulo
2765 4839 3068 4907 tumulaptur
3093 4841 3140 4891 in
3166 4853 3284 4907 uno,

2160 4896 2376 4965 Brigida,
2405 4896 2663 4963 Patritius,
2702 4910 2849 4966 atque
2875 4896 3105 4955 Cdfumba
3131 4910 3255 4968 pius.

2015 5009 2139 5064 Haec
2177 5008 2448 5081 Giraldus,
2480 5010 2594 5079 qui,
2626 5010 2843 5078 ibidem,
2874 5025 2992 5081 cap.
3026 5013 3117 5076 17,
3152 5013 3266 5069 haec
3301 5032 3313 5069 :
3353 5032 3372 5067 ι
3395 5014 3539 5071 Obiit

1941 5092 2120 5137 autem
2144 5081 2201 5135 Β.
2235 5078 2575 5137 Ρειῑίιῖυςθῑ
2605 5083 2654 5136 in
2686 5082 2913 5139 Doinino
2940 5078 3163 5152 quievit,
3194 5101 3337 5141 anno
3360 5088 3536 5142 aetatis

1942 5168 2053 5207 suzc
2095 5153 2216 5219 1‘20,
2262 5153 2329 5206 ab
2373 5154 2737 5210 incarnatione
2771 5154 2981 5209 Domini
3028 5154 3154 5222 483,
3197 5158 3266 5214 ab
3303 5158 3536 5213 adventu

1942 5224 2353 5300 Hibernensium
2403 5224 2560 5300 180‘0.
2603 5245 2621 5278 ι
2685 5226 2782 5281 llbi
2828 5236 3001 5282 tamen
3039 5228 3090 5283 in
3139 5232 3382 5300 margine
3420 5231 3535 5285 haec

1940 5296 2087 5352 varia
2124 5295 2282 5353 lectio
2325 5296 2569 5367 apposita
2617 5308 2698 5353 est
2733 5316 2744 5350 :
2784 5316 2804 5349 ι
2832 5302 2991 5354 Anno
3029 5300 3202 5353 astatis
3246 5295 3358 5356 sua:
3409 5303 3535 5367 125,

1941 5368 2323 5442 incarnationis
2372 5369 2663 5442 Dominicae
2686 5369 2823 5442 7495,
2863 5370 3204 5437 pontificante
3232 5372 3409 5429 Felice
3445 5390 3535 5442 pa-

1944 5455 2007 5510 pa
2039 5439 2423 5511 l,imperante
2449 5441 2755 5505 Anastasio,
2788 5442 3123 5511 principante
3164 5444 3214 5497 in
3262 5439 3533 5499 Britannia

1940 5510 2158 5567 Aurelio
2207 5512 2513 5577 Ambrosio,
2566 5511 2619 5566 in
2672 5510 2921 5567 Hibernia
2980 5522 3158 5640 ante?
3217 5515 3472 5571 Forkero.
3512 5536 3528 5564 ι

3157 5602 3248 5640 ΑΝ.

3157 5602 3248 5642 ΔΝ.

2010 5655 2235 5721 Ibidem,
2263 5670 2382 5724 cap.
2418 5652 2484 5709 16
2514 5671 2530 5710 :
2560 5654 2829 5724 Patritius,
2862 5654 3079 5712 natione
3111 5656 3420 5724 Britannus,
3454 5661 3535 5712 vir

1944 5727 2051 5781 vita
2081 5740 2132 5782 et
2160 5726 2442 5782 sanctitate
2471 5727 2811 5797 con3picuus,
2835 5737 2968 5794 ctc.,
2998 5738 3104 5782 tota
3128 5730 3241 5797 jam
3266 5732 3435 5786 insula
3468 5733 3532 5785 ad

1944 5799 2100 5854 ﬁdem
2128 5798 2327 5854 Christi
2360 5812 2639 5863 conversa,
2674 5800 2811 5868 apud
2844 5800 3323 5858 Ardmaehantsihi
3348 5806 3534 5859 sedem

1942 5871 2126 5940 elegit,
2159 5885 2316 5941 quam
2350 5870 2510 5923 etiam
2561 5872 2710 5938 quasi
2759 5872 3095 5941 metr0po|iut
3138 5876 3434 5940 constituit,
3483 5884 3537 5929 et

1945 5942 2229 6013 proprium
2277 5942 2437 5994 totius
2503 5941 2771 5998 Hiberniae
2824 5941 3093 6013 primaria:
3144 5945 3343 6003 locum.
3412 5947 3537 6000 Haec

1948 6012 2149 6069 Girald.
2195 6012 2291 6069 Ubi
2342 6012 2394 6067 in
2439 6013 2679 6083 margine
2718 6012 2876 6072 haec:
2919 6034 2936 6066 ι
2969 6019 3123 6072 Anno
3162 6034 3267 6087 quo
3317 6026 3536 6074 sanctus

3097 6109 3174 6171 25
