4042 6348
505 415 610 473 779

1504 395 1666 455 νιΤΑ
1704 388 1997 451 ΒΑΝΟΤᾹΞ
2039 384 2342 444 138161οΕ
2383 376 2683 440 VIRGINIS
2716 420 2731 447 ,

3672 364 3781 421 780

504 531 721 605 pallium
754 526 934 583 album
964 532 1019 578 et
1048 530 1251 576 vestem
1281 516 1564 574 candidam
1604 528 1765 583 super
1804 511 1972 581 ipsius
1998 523 2093 563 ve-
2124 510 2179 571 Α
2206 514 2565 557 transversam
2597 508 2651 554 et
2682 499 2837 552 fixam
2869 500 3082 566 putans,
3111 505 3173 545 ac
3201 489 3435 558 desuper
3462 484 3785 557 complutam

2198 592 2203 597 ο
2678 604 2681 605 ,
2955 588 2966 599 -
2996 604 2999 605 ,
3035 585 3109 605 __\
3138 598 3220 605 Α--
3246 580 3427 605 __---.I:
3451 591 3495 605 Αι
3529 580 3677 605 Ω-....ι
3734 580 3785 605 ζ..

506 622 748 682 nerahile
773 626 935 689 caput
958 616 1229 684 imposuit.
1259 613 1388 680 Quae
1416 625 1594 665 coram
1629 606 1740 662 Deo
1768 614 1820 660 et
1843 605 2093 673 episcOpo

506 735 569 775 ac
591 720 744 773 altari
768 729 935 785 genua
960 710 1229 767 humiliter
1252 706 1494 771 ﬂeetens,
1522 713 1578 759 et
1600 716 1750 757 suam
1782 700 2093 770 virginalem

517 811 608 886 [1³.
638 802 1022 881 virginitatem]
1058 818 1239 860 coram
1285 799 1512 856 Domino
1548 790 1928 865 Omnipotente
1965 791 2096 847 olle-
2154 849 2163 859 ,

508 919 656 969 rens,
673 903 1077 958 fundamentum
1092 896 1351 966 ligneum,
1365 907 1471 961 quo
1484 891 1653 944 altare
1665 886 2000 949 fulciebatur,
2022 893 2097 938 te-

512 996 649 1070 tigit.
676 992 825 1063 Quod
855 992 1057 1063 lignum
1098 988 1152 1044 in
1179 984 1691 1043 commemoratione
1724 980 1960 1051 pristina:
1991 974 2099 1031 vir-

510 1090 662 1157 tutis,
710 1104 874 1159 usque
914 1086 979 1141 ad
1025 1095 1261 1154 praesens
1310 1089 1521 1149 tempus
1569 1075 1759 1141 viride,
1802 1088 1865 1128 ac
1908 1071 1952 1127 si
1995 1086 2099 1125 non

511 1191 655 1236 esset
698 1179 961 1241 excisum,
1016 1184 1071 1230 et
1126 1172 1535 1235 decorticatttm,
1585 1167 1679 1223 sed
1729 1165 1782 1221 in
1834 1160 2102 1219 radicibus

514 1273 673 1327 fixum
698 1272 987 1326 viresceret
1002 1279 1027 1306 ι
1047 1286 1060 1334 ;
1083 1275 1139 1323 et
1157 1282 1324 1337 usque
1344 1262 1503 1319 hodie
1521 1264 1804 1332 languores
1816 1267 1869 1313 et
1888 1254 2104 1311 morbos

513 1365 579 1419 de
609 1363 912 1419 hominibus
940 1359 1157 1429 expellit
1182 1358 1447 1413 ﬁdelibus.
1762 1340 1763 1343 ‘

583 1456 693 1511 Nec
716 1452 1151 1525 ‘przete’renndum
1187 1451 1315 1504 mihi
1346 1450 1555 1503 videtur
1584 1457 2011 1521 commemorare
2039 1441 2107 1497 de

514 1546 606 1607 illa
650 1549 867 1613 virtute,
916 1556 1075 1616 quam
1126 1542 1245 1598 hzec
1294 1540 1654 1597 famosissima
1689 1535 1886 1592 famula
1916 1534 2108 1589 dicitur

516 1658 579 1699 ac
610 1642 791 1696 divino
823 1642 1155 1695 incessanter
1187 1635 1464 1690 famulatui
1496 1631 1710 1697 tradita,
1754 1637 1977 1698 operata
2004 1634 2106 1681 est.

516 1734 650 1790 Nam
690 1746 812 1787 cum
851 1730 939 1785 illa
989 1726 1273 1798 aliquando
1316 1726 1370 1781 in
1410 1722 1648 1778 caldario
1690 1718 1902 1774 lardum
1943 1716 2110 1771 adve-

517 1825 791 1881 nientibtts
838 1821 1138 1890 hospitibus
1176 1825 1419 1882 coxerat,
1449 1814 1568 1869 cani
1606 1811 1866 1874 atlulanti,
1915 1822 1979 1863 ac
2019 1808 2111 1860 lla-

2198 592 2403 654 vestctn
2437 608 2641 662 ponens
2675 604 2921 661 tanquam
2955 588 3006 642 in
3031 585 3225 640 arbore
3242 580 3501 654 grandiet
3529 580 3702 643 ﬁrma,
3734 580 3787 633 in

2197 692 2311 762 ipsa
2336 690 2478 745 tenui
2501 687 2660 743 solari
2688 682 2875 739 umbra
2907 680 3066 737 vestis
3090 679 3359 750 pependit.
3388 674 3602 730 Etcum
3628 674 3794 743 ipsius

2199 787 2391 841 domus
2413 783 2739 838 habitatores
2762 778 2920 832 vicini
2939 778 3039 831 hoc
3060 771 3261 847 ingenti
3280 769 3543 827 miraculo
3567 769 3797 824 fuissent

2200 877 2452 950 perculsi,
2487 880 2623 930 banc
2641 868 3113 941 incomparabilem
3140 867 3315 937 dignis
3338 864 3593 920 laudibus
3620 881 3675 913 (ιι
3694 864 3794 911 τηι-

2200 972 2399 1027 lebant.

2276 1062 2340 1118 Et
2372 1064 2471 1117 hoc
2503 1061 2721 1117 silentio
2752 1074 2886 1128 opus
2915 1074 3017 1112 non
3051 1067 3131 1111 est
3162 1052 3619 1127 praetereundum.
3667 1050 3799 1103 Cum

2202 1158 2346 1216 enim
2380 1159 2496 1213 haec
2524 1166 2707 1211 sancta
2738 1153 2949 1224 Brigida
2980 1150 3032 1206 in
3059 1164 3186 1220 agro
3205 1148 3353 1219 juxta
3377 1161 3595 1219 gregem
3619 1147 3802 1199 ovium

2206 1252 2533 1326 pascendum
2584 1265 2711 1306 cura
2767 1245 3019 1319 pastorali
3075 1252 3219 1298 esset
3269 1241 3503 1296 sollicita
3534 1278 3552 1304 ,
3606 1234 3805 1305 aliquis

2206 1363 2435 1418 nequam
2466 1345 2784 1400 adolescens
2833 1336 3025 1396 callide
3057 1337 3381 1406 subripiens,
3413 1347 3467 1389 et
3500 1335 3673 1403 ipsius
3700 1332 3804 1385 lar.

2208 1443 2427 1513 gitatem
2456 1441 2506 1494 in
2534 1436 2858 1509 pauperibus
2882 1424 3265 1503 comprobans,
3297 1443 3348 1486 et
3370 1438 3576 1484 mutato
3598 1428 3806 1495 septeni

2209 1538 2276 1591 ab
2322 1550 2385 1591 ea
2434 1547 2694 1587 verveces
2748 1532 2799 1585 in
2855 1543 2956 1584 una
3004 1528 3089 1583 die
3136 1525 3345 1589 detulit,
3397 1532 3452 1578 et
3500 1522 3552 1576 in
3596 1526 3808 1576 secreto

2209 1626 2511 1683 abscondit.
2542 1623 2749 1679 Etcum
2775 1637 2904 1693 grex
2928 1621 2993 1674 ad
3022 1618 3302 1688 vesperum
3327 1614 3392 1669 ad
3416 1606 3633 1670 caulam
3666 1620 3808 1667 esset

2211 1720 2524 1792 dirigendu’s
2564 1732 2627 1773 ex
2660 1730 2834 1781 more,
2880 1711 3086 1769 duabus
3115 1708 3192 1767 vel
3228 1706 3398 1766 tribus
3434 1704 3655 1762 Victbus
3692 1705 3810 1759 dili-

2214 1813 2527 1885 gentissime
2556 1809 2957 1871 adnumeratus,
2988 1807 3103 1860 sine
3134 1801 3331 1858 damno
3361 1802 3557 1855 mirum
3602 1798 3659 1853 in
3694 1806 3811 1853 m0-

522 1916 729 1988 gita‘nti,
780 1882 1198 1967 misericorditer
1245 1914 1360 1964 eam
1410 1903 1655 1969 tradidit;
1704 1912 1757 1957 et
1795 1914 1915 1956 cum
1958 1897 2112 1953 lardo

2244 1907 2346 1962 lum
2390 1915 2534 1961 totus
2577 1904 2789 1971 integro
2828 1908 3077 1969 repertus
3116 1905 3201 1952 est
3231 1902 3473 1949 numero.
3526 1888 3598 1945 Et
3644 1882 3812 1945 aduri-

526 2010 595 2064 de
624 2006 861 2063 caldario
893 2014 1081 2069 tracm,
1109 2017 1171 2057 ac
1201 2011 1385 2071 postea
1414 1997 1712 2067 hoSpitibus
1743 2006 1888 2051 esset
1915 1994 2108 2060 divisa,

522 2115 589 2156 ac
617 2100 659 2154 si
691 2114 795 2177 non
828 2105 971 2152 esset
996 2097 1231 2165 dempta,
1275 2091 1585 2163 plenissime
1612 2098 1821 2158 reperta
1852 2086 2003 2141 est“.
2053 2085 2117 2137 lit

523 2192 679 2249 valde
728 2192 781 2246 hi
823 2191 912 2260 qui
962 2191 1063 2244 hoc
1093 2189 1364 2255 viderunt,
1415 2185 1744 2240 admirantes
1777 2179 2003 2251 puellam
2036 2177 2115 2231 in-

522 2285 939 2357 comparabilem
972 2283 1171 2337 virtnte
1216 2280 1359 2345 fidei,
1412 2279 1605 2332 merito
1652 2274 1913 2329 bonarum
1951 2270 2117 2324 virtu-

524 2390 659 2447 tum,
690 2379 865 2449 dignis
893 2377 1136 2432 laudihus
1165 2374 1593 2443 divulgaverunt.

599 2475 667 2528 Et
714 2473 904 2528 eadem
965 2485 1232 2525 messores
1285 2481 1347 2520 ac
1404 2465 1681 2535 operarios
1741 2468 2003 2516 convocat
2068 2458 2120 2511 in

526 2580 757 2623 messem
786 2578 973 2628 suam;
1019 2573 1071 2616 et
1114 2560 1253 2615 facta
1290 2557 1377 2613 illa
1417 2569 1713 2611 messorum
1746 2550 2119 2616 conventione,

528 2657 785 2714 nebulosa
836 2670 898 2709 ac
946 2654 1192 2723 pluvialis
1231 2652 1345 2705 dies
1380 2650 1465 2703 illa
1509 2646 1702 2702 accidit
1735 2643 2123 2701 conventionis.

530 2750 600 2805 Et
648 2748 839 2818 pluviis
885 2746 1105 2818 largiter
1156 2760 1225 2799 ex
1283 2741 1515 2797 nubibus
1564 2739 1764 2805 effusis,
1820 2754 1915 2809 per
1962 2746 2125 2793 totam

530 2841 678 2898 illam
724 2839 778 2893 in
828 2838 1060 2893 circuitu
1106 2833 1455 2906 provinciam,
1509 2847 1571 2887 ac
1619 2832 1803 2887 rivulis
1857 2841 2125 2902 guttarum

532 2930 804 2989 affluentia
848 2944 944 3001 per
984 2928 1256 2983 convalles
1295 2934 1351 2981 et
1394 2925 1557 2979 rimas
1598 2933 1860 2979 terrarum
1909 2938 2130 2979 curren-

533 3027 700 3093 tibus,
746 3014 861 3081 sola
901 3024 1096 3078 messis
1131 3035 1225 3076 sua
1265 3019 1418 3075 arida
1462 3020 1579 3075 sine
1621 3019 1918 3087 pluviarum
1962 3019 2132 3088 impe-

532 3120 778 3176 dimento
822 3125 876 3172 et
925 3114 1330 3186 perturbatione
1371 3114 1634 3184 perstitit;
1679 3125 1731 3167 et
1775 3128 1895 3167 cum
1942 3127 2131 3165 omnes

534 3225 806 3267 messores
845 3208 1082 3278 undique
1128 3207 1293 3277 ipsius
1341 3205 1574 3276 regionis
1617 3204 1872 3274 prohibiti
1918 3202 2131 3270 pluviali

2217 2010 2401 2057 rantes
2451 1998 2549 2064 hi,
2608 1994 2697 2067 qui
2748 1991 2954 2047 conscii
3008 1990 3128 2044 facti
3183 1996 3377 2049 erant,
3410 1985 3671 2039 virtutem
3716 1981 3811 2035 Dei

2221 2091 2505 2148 manifeste
2551 2090 2745 2144 factam
2798 2100 2895 2157 per
2927 2082 3206 2154 virginem,
3254 2090 3460 2149 septem
3506 2092 3645 2147 quos
3694 2074 3815 2130 abs-

2221 2186 2522 2241 conderunt
2545 2196 2802 2238 verveces
2833 2180 2894 2232 ad
2938 2192 3091 2232 suum
3140 2175 3468 2231 remiserunt
3490 2186 3734 2244 gregem,
3764 2178 3818 2226 et

2225 2282 2312 2337 ille
2342 2280 2519 2352 gregis
2544 2290 2805 2333 numerus
2842 2288 2943 2330 nec
2966 2272 3088 2343 plus
3118 2285 3219 2327 nec
3243 2270 3452 2338 minus,
3482 2267 3580 2325 sed
3609 2275 3670 2323 ut
3698 2276 3818 2322 ante

2222 2376 2431 2445 integer
2458 2383 2706 2442 repertus
2726 2378 2808 2425 est
2824 2362 2879 2419 ἲ).

2302 2472 2396 2525 His
2423 2480 2476 2525 et
2503 2468 2621 2522 aliis
2675 2461 3095 2519 innumeralihus
3143 2457 3429 2514 virtutibus
3456 2453 3818 2510 famosissima

2232 2566 2329 2619 DEI
2364 2560 2557 2615 famula
2593 2559 2644 2612 in
2675 2572 2768 2611 ore
2802 2555 3039 2609 omnium
3064 2566 3170 2607 non
3204 2551 3496 2614 immerito,
3528 2547 3623 2601 sed
3656 2545 3820 2616 dignis

2234 2658 2476 2713 laudibus
2506 2650 2869 2709 excelsissima
2898 2648 3016 2704 visa
3048 2657 3150 2702 est.

2311 2750 2538 2805 Mirabili
2581 2761 2793 2819 quoque
2822 2752 3015 2801 eventu
3049 2743 3117 2797 ab
3147 2739 3248 2797 hac
3276 2735 3575 2793 venerabili
3620 2732 3825 2805 Brigida

2238 2844 2435 2913 leprusi
2486 2840 2766 2897 cervisiam
2821 2846 3083 2907 petentes,
3131 2850 3253 2889 cum
3299 2848 3408 2887 non
3452 2829 3683 2885 haberet
3722 2829 3823 2893 illa,

2236 2938 2427 2993 videns
2459 2950 2651 3005 aquam
2694 2931 2759 2987 ad
2796 2930 2987 2987 balnea
3028 2938 3287 2999 paratam,
3324 2940 3446 2979 cum
3477 2924 3679 2976 virtute
3707 2918 3826 2975 ﬁdei

2237 3029 2583 3091 benedicens,
2644 3024 2697 3079 in
2748 3022 3005 3093 Optimam
3058 3018 3325 3074 convertit
3376 3016 3666 3069 cervisiam
3699 3058 3713 3077 ,
3779 3006 3830 3065 et

2243 3121 2579 3176 abundanter
2598 3114 2903 3171 sitientibus
2925 3110 3193 3167 exhausit.
3216 3110 3309 3165 llle
3320 3111 3485 3173 enim,
3503 3106 3593 3177 qui
3618 3106 3672 3159 in
3691 3105 3829 3159 Cana

2238 3214 2473 3269 Galilaea:
2494 3223 2687 3280 aquam
2717 3206 2985 3263 convertit
3014 3205 3065 3259 in
3094 3204 3294 3267 vinum,
3325 3216 3418 3269 per
3444 3200 3600 3268 hujus
3626 3210 3831 3267 quoque

537 3304 648 3369 die,
671 3304 775 3368 δαί,
795 3301 911 3358 Sine
936 3301 1043 3355 “"3
1064 3299 1252 3355 umbra
1279 3298 1523 3370 caliginis
1552 3296 1762 3368 Ριυνίίθν
1785 3296 1869 3350 ma
1896 3296 1981 3349 die
2004 3304 2137 3359 ιοὶθο
2166 3297 2213 3362 C
2247 3304 2568 3360 beatissima:
2588 3302 2800 3358 femina:
2820 3299 2976 3356 fidem
3000 3312 3190 3370 aquam
3212 3294 3433 3350 mutavit
3456 3294 3507 3347 in
3530 3290 3830 3348 cervisiam.

538 3398 608 3453 ab
637 3406 755 3454 ortu
797 3411 966 3465 usque
1010 3394 1077 3449 ad
1124 3408 1400 3461 occasum,
1444 3405 1734 3456 messores,
1771 3390 1864 3443 Dei
1901 3388 2137 3458 potentia

540 3506 674 3564 Opus
700 3488 1046 3546 exercebant.

611 3584 753 3640 Ecce
805 3583 946 3638 inter
992 3589 1218 3635 caeteras
1270 3578 1496 3633 virtutes
1547 3576 1715 3646 ipsius
1764 3566 1871 3629 “hoc
1919 3573 2137 3643 dignum

541 3675 893 3732 admiratione
922 3671 1134 3727 videtur
1176 3684 1320 3735 esse,
1363 3682 1416 3724 et
1454 3666 1789 3723 admirabile.
1833 3665 2141 3721 Advenien-

541 3770 691 3826 tibus
718 3770 863 3824 enim
898 3764 1190 3836 episcopis,
1224 3773 1277 3818 et
1305 3776 1428 3817 cum
1466 3776 1528 3817 ea
1559 3758 1973 3829 hospitantibus,
2020 3771 2141 3812 cum

543 3877 652 3919 non
683 3861 906 3916 haberet
933 3858 1077 3913 unde
1110 3868 1204 3912 eos
1231 3854 1462 3921 cibat-et,
1494 3850 1673 3923 adjuta
1715 3849 1810 3906 Dei
1863 3848 2142 3918 multiplici

545 3958 742 4012 virtute
799 3953 960 4010 solito
1010 3963 1160 4005 more
1210 3947 1569 4012 abundanter,
1633 3952 1689 3999 ut
1739 3958 1836 3998 sua
1894 3942 2147 4011 poscebat

549 4048 865 4113 necessitas,
899 4059 1118 4101 vaccam
1168 4050 1327 4097 unam
1361 4041 1553 4106 tribus,
1582 4048 1769 4093 contra
1801 4034 2149 4091 consuetudi-

549 4158 695 4207 nem,
730 4140 781 4195 in
812 4154 917 4194 una
947 4138 1035 4192 die
1062 4136 1269 4191 vicibus
1299 4133 1501 4189 mulsit.
1524 4128 1599 4187 Et
1624 4130 1765 4201 quod
1798 4129 1934 4183 solet
1963 4127 2032 4182 de
2053 4140 2150 4197 op-

550 4232 696 4289 timis
730 4229 902 4287 tribus
924 4228 1107 4284 vaccis
1136 4226 1388 4296 exprimi,
1436 4223 1558 4295 ipsa
1596 4222 1828 4279 mirabili
1858 4229 2054 4277 eventu
2082 4221 2150 4276 de

553 4344 657 4384 una
686 4339 780 4381 sua
807 4326 1071 4394 expressit
1098 4334 1282 4378 vacca.

630 4441 768 4497 Ecce
795 4448 851 4496 et
877 4439 1016 4494 hanc
1042 4438 1298 4493 virtutem
1330 4434 1647 4491 beatitudini
1673 4446 1863 4489 vesme
1902 4431 2151 4488 intimare

555 4549 773 4600 censeo,
819 4533 873 4588 in
920 4546 1080 4603 quam
1125 4542 1279 4585 mens
1325 4543 1452 4596 pura
1495 4527 1795 4597 virginalis,
1854 4536 1905 4580 et
1963 4538 2152 4579 manus

557 4623 890 4699 cooperatrix
924 4624 978 4678 in
1008 4639 1172 4678 unum
1207 4620 1497 4676 convenire
1525 4626 1803 4689 apparent.
1853 4616 1984 4671 Nam
2035 4616 2150 4670 haec

2313 3492 2379 3545 Et
2424 3484 2719 3545 secundum
2752 3478 2892 3556 quod
2934 3483 3115 3539 omnia
3144 3480 3417 3553 possibilia
3442 3486 3574 3534 Sunt
3598 3476 3833 3532 'creden-

2248 3584 2392 3641 tibus
2415 3584 2533 3641 sine
2565 3584 2671 3639 ulla
2707 3582 3064 3655 possibilitate
3091 3577 3327 3651 quotidie
3357 3576 3636 3631 innumera
3681 3570 3834 3626 mira-

2246 3680 2363 3734 t-ula
2395 3677 2738 3749 operabatur.

2317 3770 2556 3839 Quadam
2587 3769 2729 3825 enim
2752 3767 2861 3831 die,
2894 3780 3013 3820 cum
3045 3764 3259 3835 quidam
3290 3763 3366 3817 sal
3399 3770 3591 3832 petens
3611 3758 3833 3825 veniret,

2248 3864 2383 3917 sicut
2409 3862 2593 3916 ceteri
2627 3875 2907 3932 pauperes,
2943 3868 2996 3912 et
3022 3856 3175 3928 egeni
3206 3865 3260 3911 et
3300 3851 3722 3910 innumerabiles
3750 3865 3837 3905 ve-

2248 3956 2365 4009 nire
2395 3952 2663 4019 solebant,
2711 3967 2807 4023 pro
2852 3950 2962 4004 suis
3006 3945 3433 4013 necessitatibus,
3487 3943 3601 4015 ipsa
3651 3942 3839 3998 beatis-

2254 4049 2390 4102 sima
2422 4045 2633 4116 Brigida
2658 4044 2710 4099 in
2737 4045 2827 4099 illa
2854 4041 2986 4096 hora
3016 4041 3099 4095 sal
3128 4037 3323 4094 factum
3356 4037 3423 4093 de
3454 4036 3653 4106 lapide,
3687 4049 3838 4105 quem

2254 4138 2554 4205 benedixit,
2587 4138 2639 4192 in
2671 4150 2806 4206 opus
2838 4133 3106 4205 poscentis
3147 4130 3475 4187 sufficienter
3508 4130 3701 4199 largita
3742 4134 3838 4182 est.

2256 4235 2320 4289 Et
2341 4235 2423 4288 sic
2440 4236 2509 4288 ab
2536 4248 2598 4287 ea
2620 4234 2695 4285 sal
2718 4242 2934 4300 portans
2958 4229 3109 4282 laetus
3134 4224 3402 4295 propriam
3426 4223 3644 4279 domum
3667 4220 3842 4276 rediit.

2327 4328 2394 4383 Et
2422 4328 2526 4382 hoc
2554 4326 2987 4393 potentissimum
3017 4336 3151 4389 opus
3180 4320 3424 4376 divinum
3454 4316 3703 4389 ejusdem
3728 4316 3843 4385 jun-

2256 4426 2490 4499 gendum
2520 4439 2641 4481 esse
2672 4423 2799 4477 mibi
2825 4422 3034 4475 videtur
3080 4419 3219 4473 inter
3261 4427 3476 4481 cratera,
3521 4428 3627 4485 quo
3666 4412 3844 4468 Salva.

2259 4525 2389 4580 turis
2437 4522 2603 4577 instar
2646 4517 2919 4582 imitatrix,
2967 4514 3132 4570 divini
3164 4510 3399 4568 nominis
3426 4506 3844 4565 excelsissimam

2260 4625 2478 4689 operata
2506 4626 2589 4670 ρει
2619 4613 2890 4667 virtutem.

560 4676 890 4699 ---τη----η
1560 4676 1611 4689 ..
2299 4676 2311 4689 .

557 4736 679 4778 cum
722 4734 847 4776 suas
887 4732 989 4788 ope
1033 4714 1286 4786 pastorali
1321 4720 1562 4783 pasceret
1591 4725 1719 4765 oves
1750 4726 1802 4763 in
1834 4707 2145 4775 campestri,
2175 4712 2230 4773 ι)
2326 4711 2457 4765 Nam
2488 4708 2784 4763 secundum
2826 4703 3133 4772 exetnplutn
3176 4698 3385 4754 Domini
3427 4676 3482 4751 et
3528 4695 3643 4749 haec
3673 4695 3851 4749 oculos

560 4815 681 4869 loco
726 4812 982 4874 herboso,
1039 4809 1285 4879 largitate
1334 4805 1496 4860 nimia
1555 4804 1852 4874 pluviarum
1910 4802 2149 4870 profusa,

560 4905 795 4963 humidis
824 4902 1065 4959 vestibus
1094 4902 1312 4957 domum
1337 4898 1513 4953 rediit.
1542 4897 1607 4951 Et
1645 4912 1765 4951 cum
1797 4896 1984 4950 umbra
2012 4895 2149 4949 sola-

557 5001 639 5057 ris
667 5014 762 5070 per
791 4996 1055 5053 foramina
1098 4994 1317 5050 domum
1348 4991 1673 5047 intrinsecus
1716 4990 1963 5057 intraret,
2008 4988 2153 5042 illam

562 5093 811 5151 umbram
862 5090 1056 5148 obtusa
1115 5088 1395 5145 oculorum
1452 5086 1568 5141 acie
1599 5130 1614 5154 ,
1689 5083 1937 5137 arborem
1992 5079 2157 5136 fuisse

570 5212 902 5281 Augustinus
938 5207 1130 5281 doctor
1164 5214 1409 5281 mortuus
1436 5212 1540 5281 est,
1572 5200 1775 5257 scilicet
1805 5198 2159 5281 dig-,Alllifsus

502 5338 518 5367 η
568 5268 937 5367 estvgatritlius
965 5280 1017 5367 in
1048 5275 1829 5367 illique-93993,genitveromeo
1870 5268 1994 5325 452.
2028 5269 2164 5367 san-

504 5341 550 5429 ξ,
567 5365 652 5409 cla
687 5353 1045 5429 Brigidanata
1067 5348 1192 5406 439.
1223 5341 1797 5429 thit'Pa‘trit-iusié95,
1825 5358 1966 5429 anno
1996 5341 2168 5429 aetatis

523 5412 681 5507 lsute
712 5411 833 5507 1ᾷῦ.
864 5423 994 5507 llaec
1116 5420 1360 5504 .quodam
1392 5426 1606 5507 vetusto
1648 5417 1782 5473 libro
1828 5411 2168 5469 Chromellite

542 5488 550 5563 ἰ
576 5496 772 5553 inveni.
807 5515 826 5550 ι
862 5495 990 5551 Haec
1017 5492 1091 5549 ibi
1116 5488 1168 5563 in
1190 5488 1615 5563 marginerCAt‘v.

536 5555 550 5683 ἑ
572 5570 887 5696 Εθὶἓῃιιέ.
906 5562 1155 5623 miraculi
1210 5555 1412 5619 mentio
1461 5561 1513 5616 in
1559 5560 1717 5615 Rom.
1749 5556 2089 5627 Martyrolog.
2118 5555 2169 5607 l.

616 5655 735 5697 eor.
760 5655 803 5696 Ν
828 5655 887 5695 Β.

647 5712 675 5751 δ
706 5711 968 5768 Silvester
1002 5709 1258 5767 Giraldus
1286 5708 1339 5764 in
1371 5702 1718 5776 topographia
1753 5701 2044 5776 Hiberniae,
2086 5698 2169 5776 di:

576 5786 763 5838 stinct.
785 5784 846 5865 .2,
879 5799 1001 5851 cap.
1034 5782 1134 5862 ὅδε
1158 5780 1275 5835 haec
1303 5796 1318 5834 :
1345 5797 1367 5831 ι
1389 5769 1527 5835 simi
1552 5769 1611 5858 et
1627 5776 1712 5829 hic
1733 5772 1998 5899 gn'tellige
2027 5769 2167 5852 apud

578 5852 888 5899 Kvldamam
940 5853 1187 5899 Lamenta!
1232 5865 1392 5899 «nam
1441 5850 1676 5899 alonosa
1776 5844 1945 5899 rlﬂlda
1995 5842 2167 5897 reddit

578 5842 889 5923 Kyldariam
938 5842 1187 5923 Lageriiaa
1232 5865 1392 5922 quam
1441 5848 1676 5920 gloriosa
1733 5842 1955 5915 Brigida’
1995 5842 2171 5897 reddit

2258 4803 2387 4860 caici
2418 4802 2527 4855 nati
2558 4799 2785 4870 aperuit.
2834 4800 2940 4851 Sua
2980 4797 3124 4851 enim
3158 4792 3376 4848 nomina
3400 4801 3461 4845 et
3488 4802 3649 4859 opera
3680 4803 3850 4843 mem-

2261 4897 2371 4951 bris
2397 4894 2657 4949 Dominus
2688 4891 2906 4961 largitus
2948 4899 3029 4943 est
3076 4887 3208 4953 suis,
3251 4886 3378 4956 quia
3401 4883 3467 4937 de
3497 4898 3557 4935 se
3589 4884 3705 4951 ipso
3734 4895 3850 4934 cum

2266 4992 2613 5061 loqueretur:
2644 4984 2753 5056 Ego
2778 4999 2889 5037 sum
2930 4982 3018 5035 (ua:
3054 4980 3233 5033 mundi
3273 4976 3455 5049 (Joan.
3485 4975 3622 5045 vui),
3666 4973 3855 5028 nihilo-

2258 5087 2441 5142 minus
2489 5083 2600 5139 suis
2653 5080 2784 5135 dicit
2835 5076 3092 5147 apostolis
3143 5092 3155 5126 :
3203 5072 3308 5127 Vo;
3360 5072 3482 5126 estis
3533 5069 3624 5123 lux
3654 5067 3852 5133 utendi,

2270 5203 2552 5265 illustrem,
2586 5210 2642 5252 ut
2671 5197 2840 5265 inquit
2861 5209 2979 5263 cap.
3010 5190 3102 5262 54)
3133 5189 3452 5261 campestria
3478 5186 3855 5265 pulcherrima.

2269 5290 2387 5341 quae
2410 5262 2637 5341 Brigitla:
2662 5262 2859 5337 pascua
2875 5262 3166 5341 vocantur;
3200 5280 3248 5316 tn
3273 5262 3597 5341 quaenullus
3624 5266 3855 5341 aratrum

2271 5327 2432 5400 ausus
2471 5327 2555 5398 θῖι
2598 5327 2831 5403 mittere,
2870 5339 2942 5393 de
2990 5327 3179 5405 quibus
3214 5327 3308 5403 pro
3339 5333 3599 5405 miraculo
3626 5327 3856 5392 ducitur,

2273 5416 2412 5486 quod
2456 5416 2579 5469 licet
2621 5411 2909 5481 provinch
2942 5403 3101 5486 totius
3132 5406 3381 5486 animalia
3412 5403 3530 5458 solo
3558 5412 3710 5456 tenus
3740 5416 3855 5479 ves-

2278 5472 2388 5558 peri
2433 5472 2655 5558 herbam
2709 5485 3057 5558 commiserint,
3111 5494 3263 5556 mane
3314 5474 3489 5557 facto,
3541 5489 3643 5558 non
3684 5472 3858 5558 .minas

2282 5544 2580 5684 ilierbositas
2602 5552 2899 5625 apparebit.
2925 5544 3199 5622 Tanquam
3221 5550 3289 5605 de
3309 5546 3522 5619 pascuis
3540 5544 3643 5601 illis
3663 5544 3857 5598 dictum

2305 5646 2414 5684 ue“
2470 5647 2482 5683 ἶ
3156 5658 3159 5661 -

2305 5638 2441 5686 uertt
2470 5647 2482 5683 :
3156 5658 3159 5661 -

2459 5736 2523 5787 Et
2541 5742 2777 5797 quantum
2801 5733 3189 5797 longiscarpunt
3211 5730 3433 5797 armenta
3452 5722 3646 5797 diebus,

2465 5787 2652 5862 Exigua
2678 5805 2865 5847 tantum
2887 5787 3080 5858 gelidus
3098 5802 3179 5840 ros
3200 5795 3346 5840 nocte
3368 5787 3586 5851 reponit.

650 5974 678 6007 ⁸
713 5972 929 6028 Ριιηδίε
954 5972 1229 6030 mendosa
1252 5969 1527 6026 'Caateru’m
1555 5983 1713 6037 quam
1747 5962 2062 6034 imperfecto
2093 5961 2232 6032 stylo
2264 5968 2373 6015 tota
2405 5957 2520 6011 Vita
2551 5956 2747 6024 scripta
2781 5952 2871 6016 sit,
2896 5948 3051 6005 facile
3080 5946 3283 6021 patebit
3312 5940 3535 6014 legenti.
3564 5937 3719 5987 δωτ-
