4042 6348
269 409 361 467 181

1440 416 1488 471 Α
1528 406 1871 473 ωςιτυεο
1898 408 2301 472 ADORNATA.

3454 410 3560 468 782

262 528 477 600 (Matth.
501 526 581 599 v),
614 536 670 584 et
698 528 902 587 eisdem
931 529 1117 586 dicens
1145 530 1324 588 intulit
1360 547 1375 584 :
1404 530 1573 600 Opera
1614 547 1729 603 quae
1763 547 1855 601 ego
1883 531 1936 594 Α
1962 528 2235 600 poscebat.
2281 525 2393 583 Nec
2421 526 2537 599 ipsa
2567 527 2687 600 ejus
2714 528 2939 587 audiens
2966 544 3157 602 preces
3182 528 3425 596 distulit;
3455 528 3554 586 sed

263 626 417 695 facio,
444 624 539 695 ipsi
562 624 774 694 facient,
796 634 843 680 et
867 631 1071 697 Mora
1095 627 1279 681 harum
1300 625 1487 695 facient
1511 622 1685 695 (Joan.
1714 623 1851 693 XIV).

340 715 468 786 Inde
497 730 657 785 quem
682 718 942 773 naturalis
970 727 1153 788 partus
1176 731 1376 774 cecum
1402 718 1622 788 protulit
1646 726 1852 784 natum,

264 810 399 865 fides
426 808 667 880 ejusdem
700 809 928 882 Brigida:
950 827 1118 882 grano
1147 821 1367 881 cperata
1398 811 1627 881 sinapis,
1652 820 1707 865 et
1728 826 1857 866 con-

261 903 452 959 similis
500 903 697 969 eidem,
736 904 924 960 oculos
970 904 1245 972 simplices
1294 913 1350 959 et
1398 903 1605 959 lucidos
1652 903 1857 975 ingenti

261 992 521 1051 miraculo
548 994 778 1065 aperuit.
832 995 959 1051 Haec
998 998 1180 1065 itaque
1223 996 1383 1051 tantis
1408 996 1690 1052 virtutibus
1731 994 1857 1051 illu-

260 1086 409 1155 stris,
456 1087 755 1143 humilitate
788 1089 965 1143 cordis
1013 1096 1068 1144 et
1096 1088 1328 1158 puritate
1380 1088 1596 1153 mentis,
1644 1102 1859 1143 morum

262 1183 619 1252 temperantia
650 1190 704 1238 et
730 1181 995 1253 spirituali
1033 1182 1203 1253 gratia
1233 1182 1405 1252 plena,
1443 1190 1647 1237 tantam
1677 1191 1860 1237 aucto-

263 1274 479 1330 ritatem
522 1284 578 1330 et
618 1274 833 1332 celebre
878 1290 1073 1331 nomen
1124 1291 1236 1346 pra:
1283 1274 1528 1331 omnibus
1570 1277 1858 1331 coaetaneis

260 1366 558 1437 virginibus
589 1367 791 1425 habere
819 1368 1038 1424 meruit.

335 1458 406 1514 Et
449 1460 677 1529 quadam
721 1461 827 1526 die,
868 1475 991 1517 cum
1030 1474 1134 1517 una
1182 1473 1248 1516 ex
1302 1459 1703 1517 adhaerentibus
1753 1460 1859 1518 sibi

260 1552 598 1610 extrinsecus
636 1555 863 1625 femina,
889 1570 1011 1611 cum
1035 1554 1141 1610 ﬁlia
1166 1554 1449 1612 duodecim
1474 1571 1644 1612 annos
1662 1557 1858 1624 aetatis,

260 1660 331 1702 ex
371 1640 600 1701 naturali
644 1648 1015 1719 procreatione
1054 1658 1221 1713 muta,
1256 1650 1323 1704 ad
1352 1664 1470 1704 eam
1499 1650 1706 1705 veniret
1733 1650 1858 1706 visi-

263 1739 504 1817 tandam,
552 1753 674 1794 cum
717 1739 877 1811 digna
929 1742 1282 1795 veneratione
1324 1749 1378 1795 et
1425 1742 1747 1809 reverentia,
1800 1751 1859 1798 ut

267 1849 461 1892 omnes
499 1834 762 1900 solebant,
808 1849 865 1889 se
894 1834 1158 1890 inclinans
1182 1845 1235 1891 et
1263 1833 1459 1901 humili,
1476 1835 1614 1891 collo
1642 1836 1708 1890 ad
1741 1835 1856 1905 ejus

1960 636 2080 677 mox
2108 620 2257 685 illam
2300 635 2460 691 quam
2510 620 2766 690 optimam
2810 622 2880 680 de
2927 623 3178 680 omnibus
3224 636 3468 689 vaccam,
3500 629 3563 682 et

1955 715 2094 795 alius
2125 730 2301 772 vaccae
2329 715 2554 772 vitulum
2594 715 2896 789 elegantem
2942 727 2999 774 et
3039 716 3300 790 optimum
3348 716 3563 789 roganti

1959 806 2174 862 inﬁrmo
2206 808 2509 867 voluntarie
2556 809 2777 865 donavit
2805 828 2818 875 ;
2850 820 2906 867 et
2932 810 3352 868 misericorditer
3401 826 3561 869 suum

1959 914 2081 955 cum
2110 899 2202 955 illo
2234 902 2608 958 transmittens
2638 904 2855 960 currum
2891 905 3109 972 pariter,
3140 903 3360 975 longum
3389 911 3446 958 et
3475 902 3558 958 la-

1962 996 2230 1072 tissimum
2256 1009 2527 1066 campum,
2558 1009 2627 1052 ne
2666 995 2969 1052 molestiam
2999 998 3054 1049 in
3094 1009 3257 1051 vacca
3301 994 3561 1053 minanda

1964 1087 2203 1145 inﬁrmus
2246 1090 2407 1158 longo
2455 1088 2628 1145 fessus
2675 1089 2869 1145 itinere
2915 1097 3279 1158 sustentaret,
3332 1089 3561 1146 vitulum

1964 1192 2088 1251 post
2118 1192 2325 1253 tergum
2353 1184 2472 1252 ejus
2501 1183 2558 1239 in
2587 1198 2803 1239 currum
2834 1183 2959 1254 poni
2992 1182 3354 1253 praecipiebat.
3386 1181 3453 1237 Et
3482 1183 3561 1238 sic

1961 1293 2084 1335 eum
2112 1259 2268 1333 vacca
2299 1277 2475 1355 lingua
2503 1276 2771 1343 lambens,
2799 1284 2853 1331 et
2884 1286 3138 1347 tanquam
3167 1275 3442 1347 proprium
3470 1272 3556 1329 di-

1962 1370 2154 1443 ligens,
2185 1355 2401 1428 nemine
2427 1385 2546 1428 eam
2576 1380 2821 1444 cogente,
2856 1385 3026 1442 usque
3051 1370 3118 1427 ad
3146 1370 3264 1429 loca
3290 1369 3564 1427 destinata

1961 1473 2249 1521 consecuta
2278 1475 2381 1522 est.

2035 1557 2349 1615 Cbarissimi
2394 1556 2587 1613 videtis
2617 1556 2832 1623 fratres,
2876 1556 3022 1627 quod
3060 1564 3117 1613 et
3163 1554 3322 1612 bruta
3369 1560 3562 1610 contra

1962 1650 2407 1707 consuetudinem
2434 1648 2487 1705 ei
2528 1648 2920 1704 famulabantur
2952 1647 3227 1704 animalia.

2033 1742 2281 1810 Quodam
2315 1740 2603 1798 intervallo
2638 1741 2892 1811 temporis
2920 1739 3010 1796 alii
3037 1738 3349 1811 nequissimi
3378 1738 3560 1807 iures,

1963 1837 2053 1907 qui
2086 1851 2184 1893 nec
2214 1836 2500 1891 Dominum
2524 1850 2623 1890 nec
2646 1834 2898 1890 homines
2921 1833 3265 1900 verebantur,
3289 1831 3355 1888 de
3374 1832 3558 1901 aliqua

262 1929 547 2001 pacificum
577 1931 819 1985 osculum
846 1928 1155 1999 procidens,
1196 1930 1311 2000 ipsa
1351 1930 1601 1986 omnibus
1629 1928 1857 1986 affabilis
1887 1935 1938 1999 ι
1966 1931 2240 2001 provincia
2264 1931 2334 1985 ob
2355 1928 2696 1985 latrocinium
2720 1928 3019 1993 venientes,
3048 1942 3143 2001 per
3167 1940 3381 1982 amnem
3406 1940 3563 1997 gran-

263 2017 499 2091 Brigida,
546 2028 603 2076 et
650 2018 799 2089 felix,
846 2019 1077 2076 conditis
1128 2021 1241 2075 sale
1288 2020 1624 2076 sermonibus
1678 2020 1859 2077 divino

264 2128 384 2170 eam
442 2102 731 2169 salubriter
771 2113 1003 2169 allocuta
1048 2124 1169 2179 est,
1225 2129 1290 2170 ac
1340 2115 1639 2171 Salvator-is
1691 2116 1862 2172 nostri

264 2207 499 2277 iubentis
526 2210 775 2279 exemplo
802 2209 1051 2278 parvulos
1081 2209 1147 2263 ad
1171 2223 1232 2265 se
1258 2209 1457 2277 venire,
1490 2208 1614 2264 ﬁlia:
1644 2224 1858 2266 manum

269 2301 509 2355 retinens
540 2315 703 2355 manu
733 2313 850 2365 sua,
894 2300 1167 2355 nesciente
1198 2300 1288 2355 illa
1329 2301 1473 2370 quod
1517 2309 1661 2357 esset
1689 2310 1859 2367 muta,

268 2400 323 2449 et
350 2391 680 2448 voluntatem
706 2394 871 2462 ipsius
900 2392 1258 2464 interrogans,
1286 2396 1466 2449 utrum
1493 2394 1666 2449 velato
1687 2394 1862 2463 capite

269 2498 587 2556 permanere
634 2486 785 2557 virgo
833 2490 898 2540 an
953 2486 1154 2556 nuptiis
1210 2474 1469 2543 tradenda
1521 2502 1642 2544 esse
1681 2487 1860 2557 vellet,

269 2587 441 2635 matre
479 2578 647 2649 ipsius
690 2579 1035 2647 admonente,
1082 2579 1223 2651 quod
1260 2565 1366 2635 sibi
1395 2579 1503 2634 filia
1536 2580 1680 2635 nulla
1711 2566 1865 2635 daret

270 2684 549 2740 responsa,
588 2671 921 2741 respondens
953 2672 1108 2725 matri
1128 2671 1280 2739 dixit,
1310 2685 1368 2728 se
1388 2686 1495 2728 non
1519 2673 1864 2729 dimissuram

270 2765 393 2822 tilia:
438 2781 680 2834 manum,
713 2767 766 2821 ni
798 2766 899 2821 sibi
941 2766 1090 2837 prius
1134 2781 1451 2836 responsum
1493 2768 1764 2825 redderet.
1796 2767 1864 2824 Et

269 2860 433 2916 filiam
463 2874 587 2916 cum
617 2861 849 2917 secunda
900 2863 1013 2917 vice
1047 2864 1418 2933 interrogaret,
1452 2864 1727 2933 respondit
1755 2862 1863 2917 tilia

272 2955 374 3011 sibi
414 2953 601 3011 dicens
636 2973 648 3008 :
680 2952 795 3010 Non
838 2956 1004 3022 aliud,
1048 2953 1149 3010 nisi
1187 2956 1328 3026 quod
1378 2965 1433 3009 tu
1459 2956 1713 3021 volueris,
1747 2956 1867 3010 volo

270 3062 451 3120 agere.
508 3050 583 3103 Ac
630 3047 710 3103 sic
753 3058 934 3122 postea
991 3060 1179 3119 aperto
1236 3061 1331 3103 ore
1369 3045 1489 3103 sine
1528 3048 1723 3117 linguae
1768 3048 1868 3102 im-

272 3142 618 3213 pedimento,
675 3152 730 3199 et
780 3144 957 3198 soluto
1014 3142 1180 3213 ipsius
1234 3141 1492 3209 vinculo,
1551 3141 1870 3212 loquebatur

270 3255 423 3297 sana.
1122 3250 1129 3257 ’

1964 2025 2087 2104 dem
2119 2023 2259 2079 facili
2307 2034 2484 2079 meatu
2517 2022 2711 2092 pedum
2742 2020 3107 2093 egredientes,
3156 2020 3351 2076 bovem
3395 2018 3566 2090 ipsius

1963 2115 2121 2172 furati
2152 2125 2298 2172 sunt.
2330 2116 2435 2171 Sed
2467 2130 2560 2171 eos
2586 2116 2831 2172 eamdem
2855 2122 3191 2170 revertentes
3215 2112 3353 2168 viam
3384 2110 3563 2183 impe-

1967 2215 2051 2263 tus
2079 2207 2309 2278 ingentis
2356 2205 2614 2271 lluminis,
2675 2205 3027 2262 inundatione
3073 2219 3331 2277 aquarum
3380 2203 3564 2259 subito

1966 2297 2124 2361 facta,
2158 2296 2519 2354 conturbavit.
2551 2296 2668 2353 Non
2698 2296 2841 2352 enim
2864 2296 3063 2351 ﬂumen
3089 2296 3259 2350 instar
3286 2296 3419 2349 muri
3444 2311 3568 2349 ore-

1966 2400 2113 2447 ctum
2152 2391 2594 2448 scelestissimam
2630 2394 2790 2447 boum
2833 2390 3069 2446 fraudem
3116 2390 3289 2446 beatae
3335 2386 3570 2457 Brigtdas

1970 2498 2062 2552 per
2082 2499 2139 2538 se
2162 2482 2392 2539 transire
2416 2484 2689 2554 permisit;
2719 2481 2811 2538 sed
2834 2483 3053 2543 eosdem
3080 2483 3222 2539 fures
3243 2482 3570 2554 demergettl

1968 2588 2023 2634 et
2056 2592 2238 2635 secum
2264 2582 2505 2646 trahens,
2524 2578 2689 2634 boves
2710 2566 2779 2634 de
2800 2578 3037 2647 ipsorum
3064 2577 3308 2632 manibus
3332 2575 3567 2644 liberati,

1971 2671 2103 2726 loris
2134 2670 2185 2725 in
2217 2670 2470 2726 cornibus
2502 2670 2858 2741 pendentibus
2878 2710 2893 2733 ,
2923 2668 2989 2724 ad
3043 2668 3312 2738 proprium
3342 2680 3569 2722 armen-

1972 2772 2151 2817 torum
2178 2761 2246 2817 ad
2272 2761 2532 2818 bubulum
2567 2761 2769 2817 reversi
2799 2768 2946 2816 sunt.
2997 2759 3137 2816 Ecce
3165 2768 3222 2815 et
3260 2756 3354 2815 'bic
3398 2760 3571 2815 virtus

1970 2856 2151 2912 divina
2180 2867 2423 2927 apparet.

2040 2945 2174 3003 Cum
2206 2948 2435 3018 quadam
2466 2946 2553 3002 die
2585 2948 2695 3015 ipsa
2718 2946 3057 3001 sanctissima
3080 2945 3317 3019 Brigida,
3340 2954 3573 3016 cogente

1972 3037 2147 3109 aliqua
2194 3040 2512 3095 necessitate
2561 3037 2834 3107 utilitatis,
2858 3048 2921 3092 ut
2950 3037 3359 3094 coniventionem
3394 3038 3573 3109 plebis

1974 3132 2234 3196 visitaret,
2267 3132 2320 3186 in
2349 3145 2513 3186 curru
2559 3129 2755 3186 sedens
2785 3132 2937 3201 equis
2981 3131 3123 3186 binis
3150 3130 3465 3197 vehebatur,
3517 3136 3576 3187 et

1974 3240 2095 3280 cum
2126 3226 2178 3281 in
2208 3240 2307 3281 suo
2334 3225 2582 3281 vehiculo
2628 3223 2981 3281 meditatione
3008 3227 3243 3282 theorica
3289 3227 3571 3282 caelestem

346 3333 413 3388 Et
439 3333 632 3404 quibus
657 3329 763 3386 hoc
790 3329 1029 3402 ejusdem
1060 3344 1195 3401 Opus
1227 3330 1386 3384 nullis
1432 3326 1724 3383 multorum
1755 3342 1854 3382 au-
1890 3327 1937 3392 C
1966 3334 2130 3390 agens
2160 3323 2212 3375 in
2246 3319 2400 3376 terris
2426 3320 2589 3376 vitam
2609 3361 2624 3387 ,
2658 3333 2835 3384 suum,
2870 3327 2947 3387 ut,
2991 3319 3220 3387 solebat,
3263 3318 3569 3375 dominato-

270 3426 420 3483 ribus
449 3425 741 3481 inauditum
771 3424 1081 3494 scrupulum
1113 3439 1219 3482 non
1250 3419 1532 3478 moveret?

342 3520 477 3574 Dum
505 3518 647 3575 enim
676 3516 790 3571 haec
818 3516 999 3569 animo
1028 3522 1171 3570 esset
1194 3514 1397 3569 intenta
1423 3512 1720 3569 tmlestium
1754 3527 1865 3569 me—

269 3613 552 3680 ditatione,
591 3621 648 3667 ut
669 3626 883 3681 semper
913 3610 1139 3672 solebat,
1162 3624 1314 3664 suam
1339 3608 1408 3663 de
1433 3608 1777 3663 terrestribus
1799 3600 1865 3661 ad

270 3708 513 3763 ctelestia
540 3706 761 3763 elevans
783 3703 1272 3767 conversationem,
1304 3701 1588 3772 quamdam
1612 3716 1716 3755 non
1747 3715 1868 3769 par-

270 3815 417 3871 vam,
464 3800 557 3856 sed
587 3798 843 3870 grandem
876 3798 1011 3853 lardi
1046 3806 1247 3867 partem
1294 3809 1417 3850 cum
1461 3810 1591 3849 cane
1644 3794 1865 3849 dimisit.

264 3894 342 3952 Et
372 3910 490 3950 cum
520 3902 663 3949 esset
688 3892 963 3962 inquisita,
998 3904 1102 3945 non
1131 3888 1362 3955 alicubi,
1391 3884 1485 3943 sed
1517 3886 1607 3942 ubi
1638 3887 1786 3942 canis
1815 3888 1868 3940 in

270 4002 341 4044 eo
372 3988 492 4042 loco
523 3986 735 4042 solebat
762 3999 903 4049 esse,
937 3998 1123 4038 mense
1155 3990 1444 4045 transacto,
1482 3983 1672 4035 intacta
1705 3986 1761 4033 et
1788 3977 1871 4032 iu-

269 4093 421 4151 tegra
454 4088 665 4149 reperta
697 4086 802 4132 est.
836 4075 952 4132 Non
999 4077 1141 4130 enim
1170 4074 1335 4143 'canis
1380 4087 1543 4127 ausus
1581 4072 1870 4127 comedere

273 4173 583 4245 depositum
615 4172 786 4226 beata:
816 4170 1058 4241 virginis,
1090 4169 1184 4224 sed
1212 4178 1394 4224 custos
1427 4168 1635 4236 patiens
1664 4166 1795 4221 lardi
1817 4173 1873 4222 et

276 4266 506 4323 idoneus
535 4276 722 4320 contra
753 4279 907 4319 suum
938 4263 1152 4319 solitum
1179 4278 1381 4316 morem
1425 4260 1607 4315 divina
1633 4259 1871 4317 refrena-

275 4371 363 4414 tus
394 4358 587 4412 virtute
608 4354 834 4413 exstitit.

350 4478 709 4533 Accrescente
738 4472 977 4544 quotidie
1019 4470 1403 4527 miraculorum
1455 4484 1703 4536 numero,
1752 4484 1873 4537 quae

281 4574 365 4627 vix
394 4569 701 4628 enumerari
735 4578 975 4637 possunt,
999 4577 1255 4637 quantum
1278 4564 1661 4619 misericordia:
1688 4573 1738 4617 et
1763 4564 1874 4633 pie-

282 4668 440 4732 talis,
469 4665 602 4721 etin
646 4679 906 4732 pauperes
951 4661 1420 4732 eleemosynarum
1472 4668 1770 4726 opportune
1822 4665 1877 4711 et

284 4758 641 4828 inopportune
669 4754 1050 4824 postulantium
1078 4761 1296 4820 operata
1327 4751 1441 4804 est!
1475 4748 1605 4802 Nam
1630 4762 1749 4801 cum
1780 4748 1877 4799 ali-

285 4851 406 4921 quis
439 4849 684 4918 iudigens
711 4846 830 4900 cibo
862 4859 1153 4915 pauperum
1177 4858 1293 4897 eam
1321 4850 1553 4911 rogaret,
1581 4841 1666 4894 illa
1697 4841 1760 4893 ad
1783 4854 1878 4895 eos

285 4946 374 5016 qui
400 4957 591 4999 carnes
619 4948 898 5007 coxerant,
926 4948 986 4993 ut
1014 4940 1080 4993 ab
1105 4937 1208 4993 illis
1228 4936 1429 5006 aliquid
1454 4936 1671 5006 pauperi
1702 4934 1879 4989 defer-

284 5042 387 5101 ret,
416 5035 706 5096 festinavit,
738 5043 788 5087 et
821 5032 1028 5085 illorum
1057 5027 1604 5084 unus‘Stolidissimus
1626 5024 1875 5091 famulus,

284 5134 375 5201 qni
405 5142 593 5185 carnes
618 5137 871 5192 coxerat,
898 5126 1217 5194 insipienter
1244 5134 1446 5192 partem
1495 5122 1729 5175 nondum
1761 5136 1879 5176 car-

285 5226 369 5280 nis
395 5230 626 5286 coctam,
656 5220 705 5274 in
734 5219 968 5274 albatum
994 5218 1160 5287 ipsius
1190 5218 1415 5271 sinuata:
1439 5215 1602 5269 veStis
1631 5223 1873 5281 recepta.

282 5318 464 5371 culum
498 5313 791 5383 transiecit,
824 5324 875 5368 et
904 5313 986 5368 sic
1018 5312 1107 5366 illa
1128 5352 1142 5376 ,
1195 5326 1299 5365 non
1346 5308 1605 5366 suﬁocato
1650 5306 1881 5372 rnan’tili,

284 5411 422 5465 etin
450 5422 551 5463 suo
595 5406 822 5462 candido
870 5406 1050 5460 colore
1096 5412 1348 5459 manente
1396 5415 1613 5472 portans
1664 5401 1881 5471 pauperi

288 5500 496 5556 tribuit.
529 5496 639 5554 Nec
670 5513 775 5554 non
820 5506 873 5553 et
904 5499 1005 5551 hoc
1050 5495 1117 5549 de
1146 5498 1311 5563 gestis
1339 5494 1586 5550 felicibus
1631 5492 1881 5547 admirari

286 5595 471 5652 debet.
496 5590 905 5650 'Gonl'tnentibus
935 5586 1075 5643 enim
1107 5586 1172 5641 ad
1204 5600 1320 5640 earn
1368 5585 1603 5655 undique
1634 5585 1881 5654 pauperi-

284 5692 386 5746 bus
416 5696 471 5745 et
497 5685 814 5759 peregrinis,
841 5680 1041 5753 ingenti
1072 5680 1210 5734 fama
1226 5678 1467 5743 virtutis,
1492 5688 1545 5733 et
1571 5675 1749 5730 nimiae
1777 5678 1880 5731 lab-

286 5785 467 5854 gitatis
505 5781 681 5850 tracti,
737 5776 1000 5834 accedens
1044 5774 1108 5828 ad
1158 5786 1277 5827 eam
1326 5772 1463 5826 inter
1504 5786 1596 5823 eos
1641 5771 1881 5839 ingratus

286 5874 502 5944 quidam
535 5873 810 5942 leprosus,
838 5868 1093 5938 Optimam
1127 5866 1195 5921 de
1224 5871 1468 5919 armento
1512 5876 1725 5917 vaccam
1756 5874 1877 5917 cum

289 5966 494 6037 optimo
522 5964 696 6021 vitulo
724 5961 969 6020 omnium
998 5959 1287 6015 vitulorum
1318 5956 1534 6013 insimul
1558 5956 1661 6012 sibi
1690 5954 1878 6011 donari

1906 4704 1960 4766 D

1970 3427 2086 3468 rem
2114 3423 2317 3478 oraret,
2343 3411 2410 3467 de
2426 3410 2538 3467 alto
2565 3409 2851 3482 procidens
2875 3410 3011 3476 loco,
3041 3410 3180 3466 alter
3209 3410 3367 3465 bruto
3385 3411 3569 3466 animo

1971 3520 2143 3577 equus
2174 3504 2371 3560 saliens
2396 3504 2449 3559 in
2478 3518 2662 3571 curru,
2692 3513 2745 3560 et
2774 3503 3134 3559 inrelrenatus
3158 3502 3388 3557 habenis
3416 3500 3574 3557 forti.

1974 3612 2053 3657 ter
2084 3617 2143 3656 se
2173 3602 2473 3667 excutiens,
2502 3609 2557 3656 et
2578 3600 2645 3656 de
2665 3600 2794 3670 jugo
2815 3598 3104 3653 exterritus
3133 3612 3227 3668 per
3250 3595 3575 3666 campestria

1972 3693 2238 3757 cucurrit;
2271 3701 2327 3749 et
2373 3692 2454 3747 sic
2484 3705 2677 3747 manus
2712 3690 2922 3746 Domini
2949 3690 3137 3761 jugum
3170 3687 3407 3758 pendens
3453 3686 3575 3744 sine

1976 3786 2271 3855 praecipitio
2300 3785 2641 3841 sustentavit.
2676 3785 2739 3839 Et
2767 3784 2982 3839 vidente
3013 3784 3199 3849 turba,
3231 3782 3302 3839 ob
3334 3782 3578 3838 testimo-

1975 3880 2121 3934 nium
2148 3878 2345 3934 divinae
2390 3879 2603 3934 virtutis
2636 3886 2841 3943 secuta,
2874 3879 2928 3932 iu
2967 3892 3066 3933 suo
3115 3891 3277 3933 orans
3328 3875 3579 3932 vehiculo

1974 3986 2098 4026 cum
2127 3986 2235 4025 uno
2264 3984 2405 4040 equo
2431 3970 2533 4027 sub
2557 3976 2715 4027 curru
2747 3971 2944 4042 posito,
2973 3970 3039 4025 ad
3073 3969 3240 4040 plebis
3264 3972 3580 4028 conventio-

1978 4079 2120 4134 nem,
2152 4065 2400 4121 discursu
2430 4064 2702 4136 placabili,
2730 4064 2896 4119 illaesa
2930 4065 3191 4136 pervenit,
3222 4073 3276 4121 et
3305 4065 3383 4119 sic
3412 4064 3581 4135 signis

1978 4169 2033 4214 et
2064 4159 2350 4215 virtutibus
2395 4172 2492 4214 sua
2522 4158 2869 4227 confirmans,
2923 4159 3186 4226 doctrina,
3238 4156 3579 4214 sermonibus

1974 4250 2319 4319 salutaribus,
2346 4260 2399 4308 et
2422 4249 2538 4305 sale
2566 4250 2745 4305 divino
2774 4249 3023 4322 conditis,
3047 4251 3258 4323 plebem
3288 4250 3580 4309 exhortata

1977 4352 2080 4399 est.
2112 4342 2183 4399 Et
2216 4344 2323 4400 hoc
2349 4341 2632 4400 virtutibus
2658 4344 2775 4415 ejus
2803 4343 3019 4402 videtur
3064 4344 3220 4401 nobis
3252 4357 3373 4401 esse
3414 4344 3581 4413 depu-

1983 4436 2227 4493 tandum.

2049 4549 2184 4607 Cum
2211 4566 2342 4622 aper
2370 4549 2520 4606 ferus
2549 4550 2834 4619 singularis
2857 4558 2914 4604 et
2959 4549 3224 4604 silveStris
3269 4547 3487 4604 territus
3520 4557 3579 4605 et

1985 4644 2239 4713 fugitivus
2267 4653 2432 4709 esset,
2465 4646 2529 4699 ad
2558 4658 2773 4714 gregem
2805 4658 3085 4710 porcorum
3118 4640 3347 4713 Brigidre
3378 4641 3581 4699 felicis-

1984 4740 2136 4795 simae
2167 4739 2407 4792 concitus
2440 4753 2601 4793 cursu
2651 4736 2909 4806 praecipiti
2943 4738 3204 4806 pervenit.
3245 4736 3417 4806 Quem
3467 4738 3585 4809 ipsa

1984 4841 2200 4887 ventum
2233 4832 2371 4887 inter
2398 4845 2521 4885 suas
2550 4844 2779 4886 cernens
2817 4829 3112 4886 benedixit.
3161 4830 3362 4889 Deinde
3409 4830 3585 4903 impa-

1985 4918 2143 4980 vidus
2184 4939 2247 4979 ac
2279 4922 2554 4978 familiaris
2584 4938 2707 4978 cum
2738 4924 2905 4995 ipsius
2933 4938 3219 4995 porcorum
3248 4941 3407 4998 grege
3434 4942 3586 4983 man-

1985 5020 2077 5075 sit.
2106 5012 2250 5073 Ecce
2275 5058 2291 5083 ,
2326 5017 2518 5073 fratres
2538 5058 2553 5083 ,
2589 5015 2780 5073 videtis
2809 5016 2949 5087 quod
2975 5029 3028 5073 et
3067 5018 3222 5075 bruta
3253 5021 3503 5075 animalia
3531 5028 3587 5077 et

1977 5112 2172 5168 bestiae
2216 5110 2556 5166 sermonibus
2603 5120 2657 5166 et
2703 5112 2963 5167 voluntati
3010 5112 3125 5183 ejus
3176 5114 3428 5169 resistere
3477 5128 3584 5170 non

1989 5213 2253 5277 poterant,
2286 5193 2379 5259 sed
2408 5202 2605 5257 domita
2634 5212 2689 5259 et
2730 5202 2968 5274 subjecta
3020 5204 3121 5259 sibi
3170 5204 3583 5260 famulabantur.

2050 5300 2299 5367 ‘Quadam
2331 5306 2511 5355 autem
2555 5298 2662 5365 die,
2719 5312 2841 5353 cum
2896 5299 3089 5369 aliquis
3141 5298 3287 5353 nulla
3340 5296 3589 5356 suffultus

1988 5392 2235 5463 scientia,
2260 5392 2471 5464 vulpem
2504 5392 2646 5463 regis
2675 5391 2742 5447 ad
2768 5392 3022 5463 palatium
3052 5392 3413 5447 ambulantem
3436 5390 3590 5447 vide-

1991 5498 2095 5556 ret,
2128 5493 2318 5555 putans
2364 5485 2541 5552 illam,
2595 5484 2879 5539 obes-catis
2926 5482 3175 5539 sensibus
3223 5484 3365 5552 suis,
3418 5484 3587 5541 feram

1994 5596 2117 5636 esse
2147 5580 2394 5644 bestiam,
2421 5578 2633 5648 etquod
2662 5578 2715 5633 in
2740 5578 2861 5631 aula
2894 5577 3036 5647 regis
3063 5575 3341 5632 familiaris
3364 5586 3419 5635 et
3435 5590 3590 5634 man-

1990 5684 2139 5731 sueta
2168 5684 2331 5741 esset,
2352 5674 2511 5729 variis
2532 5670 2735 5727 artibus
2757 5671 2947 5725 edocta
2970 5669 3209 5741 agilitate
3233 5670 3501 5742 corporis,
3532 5680 3593 5730 et

1989 5766 2282 5823 subtilitate
2308 5763 2471 5820 animi
2499 5806 2513 5831 ,
2542 5764 2655 5835 regi
2686 5773 2741 5819 et
2771 5763 2884 5818 suis
2909 5761 3195 5820 comitibus
3222 5762 3427 5836 grande
3450 5779 3591 5837 prte-

1990 5868 2138 5914 staus
2153 5859 2505 5925 signaculum,
2529 5856 3051 5927 ignoraret,vidente
3074 5856 3416 5914 multitudine
3440 5860 3585 5915 occi-

1992 5954 2069 6007 dit
2095 5967 2234 6007 eam.
2272 5950 2335 6006 Et
2363 5951 2544 6008 statim
2570 5952 2639 6006 ab
2668 5952 2751 6008 his
2779 5950 2872 6023 qui
2901 5952 3144 6009 viderunt
3173 5952 3370 6010 factum
3407 5952 3589 6022 alliga-
