  <div class='ocr_page' id='page_1' title='image "/cluster/home/n/w/nwhite01/storage/ocr_20150623/72/hvd.32044015469364/399.png"; bbox 0 0 4042 6348; ppageno 0'>
   <div class='ocr_carea' id='block_1_1' title="bbox 501 447 604 503">
    <p class='ocr_par' dir='ltr' id='par_1_1' title="bbox 501 447 604 503">
     <span class='ocr_line' id='line_1_1' title="bbox 501 447 604 503; baseline 0.01 -1"><span class='ocrx_word' id='word_1_1' title='bbox 501 447 604 503; x_wconf 77' lang='lat'><strong>785</strong></span> 
     </span>
    </p>
   </div>
   <div class='ocr_carea' id='block_1_2' title="bbox 1509 406 2734 485">
    <p class='ocr_par' dir='ltr' id='par_1_2' title="bbox 1509 406 2734 485">
     <span class='ocr_line' id='line_1_2' title="bbox 1509 406 2734 485; baseline -0.01 0"><span class='ocrx_word' id='word_1_2' title='bbox 1509 427 1665 485; x_wconf 76' lang='lat' dir='ltr'><strong>Yl’l‘A</strong></span> <span class='ocrx_word' id='word_1_3' title='bbox 1710 417 2006 482; x_wconf 63' lang='lat' dir='ltr'><strong>SANCTA‘J</strong></span> <span class='ocrx_word' id='word_1_4' title='bbox 2049 406 2352 475; x_wconf 67' lang='lat' dir='ltr'><strong>BRIGIDE</strong></span> <span class='ocrx_word' id='word_1_5' title='bbox 2395 407 2734 484; x_wconf 70' lang='lat' dir='ltr'><strong>VIRGINIS,</strong></span> 
     </span>
    </p>
   </div>
   <div class='ocr_carea' id='block_1_3' title="bbox 3687 412 3797 471">
    <p class='ocr_par' dir='ltr' id='par_1_3' title="bbox 3687 412 3797 471">
     <span class='ocr_line' id='line_1_3' title="bbox 3687 412 3797 471; baseline 0 -3"><span class='ocrx_word' id='word_1_6' title='bbox 3687 412 3797 471; x_wconf 67' lang='grc'><strong>784</strong></span> 
     </span>
    </p>
   </div>
   <div class='ocr_carea' id='block_1_4' title="bbox 498 527 3795 621">
    <p class='ocr_par' dir='ltr' id='par_1_4' title="bbox 498 527 3795 621">
     <span class='ocr_line' id='line_1_4' title="bbox 498 527 3795 621; baseline -0.011 -1"><span class='ocrx_word' id='word_1_7' title='bbox 498 577 585 620; x_wconf 87' lang='lat' dir='ltr'><strong>tus</strong></span> <span class='ocrx_word' id='word_1_8' title='bbox 609 570 662 618; x_wconf 91' lang='lat' dir='ltr'><strong>et</strong></span> <span class='ocrx_word' id='word_1_9' title='bbox 686 559 992 616; x_wconf 83' lang='lat' dir='ltr'><strong>diffamatus</strong></span> <span class='ocrx_word' id='word_1_10' title='bbox 1018 563 1120 618; x_wconf 90' lang='lat' dir='ltr'><strong>est,</strong></span> <span class='ocrx_word' id='word_1_11' title='bbox 1153 552 1216 607; x_wconf 91' lang='lat' dir='ltr'><strong>ad</strong></span> <span class='ocrx_word' id='word_1_12' title='bbox 1241 563 1419 621; x_wconf 80' lang='lat' dir='ltr'>regem</span> <span class='ocrx_word' id='word_1_13' title='bbox 1441 546 1729 618; x_wconf 85' lang='lat' dir='ltr'><strong>perductus</strong></span> <span class='ocrx_word' id='word_1_14' title='bbox 1752 552 1854 598; x_wconf 88' lang='lat' dir='ltr'><strong>est.</strong></span> <span class='ocrx_word' id='word_1_15' title='bbox 1883 541 1948 596; x_wconf 81' lang='lat' dir='ltr'><strong>Et</strong></span> <span class='ocrx_word' id='word_1_16' title='bbox 1969 552 2088 593; x_wconf 91' lang='lat' dir='ltr'><strong>cum</strong></span> <span class='ocrx_word' id='word_1_17' title='bbox 2117 535 2176 596; x_wconf 75' lang='grc' dir='ltr'><strong>Δ</strong></span> <span class='ocrx_word' id='word_1_18' title='bbox 2267 533 2400 589; x_wconf 82' lang='lat' dir='ltr'><strong>Nam</strong></span> <span class='ocrx_word' id='word_1_19' title='bbox 2429 549 2550 591; x_wconf 90' lang='lat' dir='ltr'><strong>cum</strong></span> <span class='ocrx_word' id='word_1_20' title='bbox 2581 532 2785 590; x_wconf 84' lang='lat' dir='ltr'><strong>semina</strong></span> <span class='ocrx_word' id='word_1_21' title='bbox 2815 527 3167 590; x_wconf 85' lang='lat' dir='ltr'><strong>saluberrima</strong></span> <span class='ocrx_word' id='word_1_22' title='bbox 3217 529 3365 586; x_wconf 83' lang='lat' dir='ltr'><strong>verbi</strong></span> <span class='ocrx_word' id='word_1_23' title='bbox 3415 529 3685 584; x_wconf 89' lang='lat' dir='ltr'><strong>Dominici</strong></span> <span class='ocrx_word' id='word_1_24' title='bbox 3726 544 3795 585; x_wconf 79' lang='lat' dir='ltr'><strong>ex</strong></span> 
     </span>
    </p>
   </div>
   <div class='ocr_carea' id='block_1_5' title="bbox 499 631 2094 715">
    <p class='ocr_par' dir='ltr' id='par_1_5' title="bbox 499 631 2094 715">
     <span class='ocr_line' id='line_1_5' title="bbox 499 631 2094 715; baseline -0.019 -2"><span class='ocrx_word' id='word_1_25' title='bbox 499 673 598 713; x_wconf 83' lang='lat' dir='ltr'><strong>rex</strong></span> <span class='ocrx_word' id='word_1_26' title='bbox 633 657 800 710; x_wconf 89' lang='lat' dir='ltr'><strong>iratus</strong></span> <span class='ocrx_word' id='word_1_27' title='bbox 826 666 938 707; x_wconf 88' lang='lat' dir='ltr'><strong>rem</strong></span> <span class='ocrx_word' id='word_1_28' title='bbox 970 649 1183 704; x_wconf 89' lang='lat' dir='ltr'><strong>discens</strong></span> <span class='ocrx_word' id='word_1_29' title='bbox 1213 653 1411 715; x_wconf 91' lang='lat' dir='ltr'><strong>gestam</strong></span> <span class='ocrx_word' id='word_1_30' title='bbox 1436 682 1451 707; x_wconf 92' lang='lat'><strong>,</strong></span> <span class='ocrx_word' id='word_1_31' title='bbox 1483 640 1580 694; x_wconf 87' lang='lat' dir='ltr'><strong>nisi</strong></span> <span class='ocrx_word' id='word_1_32' title='bbox 1612 637 1712 694; x_wconf 83' lang='lat' dir='ltr'><strong>sibi</strong></span> <span class='ocrx_word' id='word_1_33' title='bbox 1744 636 1917 705; x_wconf 89' lang='lat' dir='ltr'><strong>vulpis</strong></span> <span class='ocrx_word' id='word_1_34' title='bbox 1947 631 2094 688; x_wconf 81' lang='lat' dir='ltr'><strong>simi-</strong></span> 
     </span>
    </p>
   </div>
   <div class='ocr_carea' id='block_1_6' title="bbox 502 727 2093 808">
    <p class='ocr_par' dir='ltr' id='par_1_6' title="bbox 502 727 2093 808">
     <span class='ocr_line' id='line_1_6' title="bbox 502 727 2093 808; baseline -0.018 -2"><span class='ocrx_word' id='word_1_35' title='bbox 502 753 568 808; x_wconf 87' lang='lat' dir='ltr'><strong>lis</strong></span> <span class='ocrx_word' id='word_1_36' title='bbox 597 749 652 805; x_wconf 90' lang='lat' dir='ltr'><strong>in</strong></span> <span class='ocrx_word' id='word_1_37' title='bbox 682 746 932 804; x_wconf 90' lang='lat' dir='ltr'><strong>omnibus</strong></span> <span class='ocrx_word' id='word_1_38' title='bbox 962 738 1368 802; x_wconf 87' lang='lat' dir='ltr'><strong>calliditatibus,</strong></span> <span class='ocrx_word' id='word_1_39' title='bbox 1400 749 1530 805; x_wconf 90' lang='lat' dir='ltr'><strong>quas</strong></span> <span class='ocrx_word' id='word_1_40' title='bbox 1559 746 1654 788; x_wconf 90' lang='lat' dir='ltr'><strong>sua</strong></span> <span class='ocrx_word' id='word_1_41' title='bbox 1692 727 1863 798; x_wconf 86' lang='lat' dir='ltr'><strong>vulpis</strong></span> <span class='ocrx_word' id='word_1_42' title='bbox 1905 739 2093 794; x_wconf 83' lang='lat' dir='ltr'><strong>Opera-</strong></span> 
     </span>
    </p>
   </div>
   <div class='ocr_carea' id='block_1_7' title="bbox 501 825 2090 913">
    <p class='ocr_par' dir='ltr' id='par_1_7' title="bbox 501 825 2090 913">
     <span class='ocr_line' id='line_1_7' title="bbox 501 825 2090 913; baseline -0.018 -11"><span class='ocrx_word' id='word_1_43' title='bbox 501 847 682 913; x_wconf 90' lang='lat' dir='ltr'><strong>batnr,</strong></span> <span class='ocrx_word' id='word_1_44' title='bbox 712 841 957 898; x_wconf 88' lang='lat' dir='ltr'><strong>restituta</strong></span> <span class='ocrx_word' id='word_1_45' title='bbox 989 845 1153 900; x_wconf 88' lang='lat' dir='ltr'><strong>esset,</strong></span> <span class='ocrx_word' id='word_1_46' title='bbox 1185 833 1332 888; x_wconf 91' lang='lat' dir='ltr'><strong>illum</strong></span> <span class='ocrx_word' id='word_1_47' title='bbox 1360 829 1516 900; x_wconf 89' lang='lat' dir='ltr'><strong>jussit</strong></span> <span class='ocrx_word' id='word_1_48' title='bbox 1543 825 1750 891; x_wconf 92' lang='lat' dir='ltr'><strong>occidi,</strong></span> <span class='ocrx_word' id='word_1_49' title='bbox 1781 830 1833 878; x_wconf 89' lang='lat' dir='ltr'><strong>et</strong></span> <span class='ocrx_word' id='word_1_50' title='bbox 1865 834 2090 876; x_wconf 86' lang='lat' dir='ltr'><strong>uxorem</strong></span> 
     </span>
    </p>
   </div>
   <div class='ocr_carea' id='block_1_8' title="bbox 501 911 2094 1001">
    <p class='ocr_par' dir='ltr' id='par_1_8' title="bbox 501 911 2094 1001">
     <span class='ocr_line' id='line_1_8' title="bbox 501 911 2094 1001; baseline -0.019 -5"><span class='ocrx_word' id='word_1_51' title='bbox 501 949 560 996; x_wconf 91' lang='lat' dir='ltr'><strong>et</strong></span> <span class='ocrx_word' id='word_1_52' title='bbox 585 911 723 994; x_wconf 87' lang='lat' dir='ltr'><strong>filios</strong></span> <span class='ocrx_word' id='word_1_53' title='bbox 751 943 806 992; x_wconf 89' lang='lat' dir='ltr'><strong>et</strong></span> <span class='ocrx_word' id='word_1_54' title='bbox 846 933 1024 989; x_wconf 85' lang='lat' dir='ltr'><strong>omnia</strong></span> <span class='ocrx_word' id='word_1_55' title='bbox 1069 944 1185 1001; x_wconf 77' lang='lat' dir='ltr'><strong>qua:</strong></span> <span class='ocrx_word' id='word_1_56' title='bbox 1215 927 1410 982; x_wconf 76' lang='lat' dir='ltr'><strong>habeat</strong></span> <span class='ocrx_word' id='word_1_57' title='bbox 1460 925 1510 978; x_wconf 93' lang='lat' dir='ltr'><strong>in</strong></span> <span class='ocrx_word' id='word_1_58' title='bbox 1563 919 1877 977; x_wconf 76' lang='lat' dir='ltr'><strong>servitutem</strong></span> <span class='ocrx_word' id='word_1_59' title='bbox 1923 911 2094 985; x_wconf 79' lang='lat' dir='ltr'><strong>redigi</strong></span> 
     </span>
    </p>
   </div>
   <div class='ocr_carea' id='block_1_9' title="bbox 500 1034 759 1106">
    <p class='ocr_par' dir='ltr' id='par_1_9' title="bbox 500 1034 759 1106">
     <span class='ocr_line' id='line_1_9' title="bbox 500 1034 759 1106; baseline -0.012 -16"><span class='ocrx_word' id='word_1_60' title='bbox 500 1034 759 1106; x_wconf 68' lang='lat' dir='ltr'><strong>praecrpit.</strong></span> 
     </span>
    </p>
   </div>
   <div class='ocr_carea' id='block_1_10' title="bbox 575 1102 2093 1196">
    <p class='ocr_par' dir='ltr' id='par_1_10' title="bbox 575 1102 2093 1196">
     <span class='ocr_line' id='line_1_10' title="bbox 575 1102 2093 1196; baseline -0.019 -11"><span class='ocrx_word' id='word_1_61' title='bbox 575 1102 814 1196; x_wconf 84' lang='lat' dir='ltr'><strong>Cumque</strong></span> <span class='ocrx_word' id='word_1_62' title='bbox 841 1138 952 1180; x_wconf 89' lang='lat' dir='ltr'><strong>rem</strong></span> <span class='ocrx_word' id='word_1_63' title='bbox 984 1128 1185 1192; x_wconf 79' lang='lat' dir='ltr'><strong>gestam</strong></span> <span class='ocrx_word' id='word_1_64' title='bbox 1227 1121 1410 1170; x_wconf 89' lang='lat' dir='ltr'><strong>sancta</strong></span> <span class='ocrx_word' id='word_1_65' title='bbox 1441 1121 1494 1168; x_wconf 89' lang='lat' dir='ltr'><strong>et</strong></span> <span class='ocrx_word' id='word_1_66' title='bbox 1524 1108 1848 1167; x_wconf 85' lang='lat' dir='ltr'><strong>venerabilis</strong></span> <span class='ocrx_word' id='word_1_67' title='bbox 1885 1102 2093 1174; x_wconf 75' lang='lat' dir='ltr'><strong>Brigida</strong></span> 
     </span>
    </p>
   </div>
   <div class='ocr_carea' id='block_1_11' title="bbox 500 1199 2094 1284">
    <p class='ocr_par' dir='ltr' id='par_1_11' title="bbox 500 1199 2094 1284">
     <span class='ocr_line' id='line_1_11' title="bbox 500 1199 2094 1284; baseline -0.02 -5"><span class='ocrx_word' id='word_1_68' title='bbox 500 1222 813 1284; x_wconf 81' lang='lat' dir='ltr'><strong>didicisset,</strong></span> <span class='ocrx_word' id='word_1_69' title='bbox 847 1224 994 1282; x_wconf 89' lang='lat' dir='ltr'><strong>tanto</strong></span> <span class='ocrx_word' id='word_1_70' title='bbox 1026 1209 1360 1267; x_wconf 77' lang='lat' dir='ltr'><strong>miseriarum</strong></span> <span class='ocrx_word' id='word_1_71' title='bbox 1394 1216 1448 1262; x_wconf 91' lang='lat' dir='ltr'><strong>et</strong></span> <span class='ocrx_word' id='word_1_72' title='bbox 1479 1203 1688 1274; x_wconf 89' lang='lat' dir='ltr'><strong>pietatis</strong></span> <span class='ocrx_word' id='word_1_73' title='bbox 1734 1199 1926 1256; x_wconf 82' lang='lat' dir='ltr'><strong>affectu</strong></span> <span class='ocrx_word' id='word_1_74' title='bbox 1975 1210 2094 1266; x_wconf 82' lang='lat' dir='ltr'><strong>per-</strong></span> 
     </span>
    </p>
   </div>
   <div class='ocr_carea' id='block_1_12' title="bbox 501 1289 2097 1380">
    <p class='ocr_par' dir='ltr' id='par_1_12' title="bbox 501 1289 2097 1380">
     <span class='ocr_line' id='line_1_12' title="bbox 501 1289 2097 1380; baseline -0.019 -7"><span class='ocrx_word' id='word_1_75' title='bbox 501 1327 680 1380; x_wconf 87' lang='lat' dir='ltr'><strong>tnota,</strong></span> <span class='ocrx_word' id='word_1_76' title='bbox 732 1325 946 1366; x_wconf 89' lang='lat' dir='ltr'><strong>currum</strong></span> <span class='ocrx_word' id='word_1_77' title='bbox 995 1306 1096 1361; x_wconf 89' lang='lat' dir='ltr'><strong>sibi</strong></span> <span class='ocrx_word' id='word_1_78' title='bbox 1145 1303 1296 1375; x_wconf 88' lang='lat' dir='ltr'><strong>jnngi</strong></span> <span class='ocrx_word' id='word_1_79' title='bbox 1347 1299 1633 1372; x_wconf 80' lang='lat' dir='ltr'><strong>praecepit,</strong></span> <span class='ocrx_word' id='word_1_80' title='bbox 1683 1305 1736 1351; x_wconf 89' lang='lat' dir='ltr'><strong>et</strong></span> <span class='ocrx_word' id='word_1_81' title='bbox 1783 1309 1849 1349; x_wconf 78' lang='lat' dir='ltr'><strong>ex</strong></span> <span class='ocrx_word' id='word_1_82' title='bbox 1909 1289 2097 1346; x_wconf 81' lang='lat' dir='ltr'><strong>intimo</strong></span> 
     </span>
    </p>
   </div>
   <div class='ocr_carea' id='block_1_13' title="bbox 503 1388 2096 1474">
    <p class='ocr_par' dir='ltr' id='par_1_13' title="bbox 503 1388 2096 1474">
     <span class='ocr_line' id='line_1_13' title="bbox 503 1388 2096 1474; baseline -0.016 -7"><span class='ocrx_word' id='word_1_83' title='bbox 503 1411 668 1467; x_wconf 79' lang='lat' dir='ltr'><strong>Corde</strong></span> <span class='ocrx_word' id='word_1_84' title='bbox 698 1407 890 1463; x_wconf 86' lang='lat' dir='ltr'><strong>dolens</strong></span> <span class='ocrx_word' id='word_1_85' title='bbox 918 1417 1016 1474; x_wconf 91' lang='lat' dir='ltr'><strong>pro</strong></span> <span class='ocrx_word' id='word_1_86' title='bbox 1047 1402 1166 1471; x_wconf 86' lang='lat' dir='ltr'><strong>ipso</strong></span> <span class='ocrx_word' id='word_1_87' title='bbox 1207 1397 1429 1462; x_wconf 84' lang='lat' dir='ltr'><strong>infelici,</strong></span> <span class='ocrx_word' id='word_1_88' title='bbox 1463 1396 1551 1467; x_wconf 92' lang='lat' dir='ltr'><strong>qui</strong></span> <span class='ocrx_word' id='word_1_89' title='bbox 1602 1393 1799 1463; x_wconf 89' lang='lat' dir='ltr'><strong>injuste</strong></span> <span class='ocrx_word' id='word_1_90' title='bbox 1826 1388 2096 1460; x_wconf 81' lang='lat' dir='ltr'><strong>judicatus</strong></span> 
     </span>
    </p>
   </div>
   <div class='ocr_carea' id='block_1_14' title="bbox 502 1484 2094 1572">
    <p class='ocr_par' dir='ltr' id='par_1_14' title="bbox 502 1484 2094 1572">
     <span class='ocr_line' id='line_1_14' title="bbox 502 1484 2094 1572; baseline -0.016 -11"><span class='ocrx_word' id='word_1_91' title='bbox 502 1513 604 1570; x_wconf 88' lang='lat' dir='ltr'><strong>est,</strong></span> <span class='ocrx_word' id='word_1_92' title='bbox 655 1500 910 1572; x_wconf 83' lang='lat' dir='ltr'><strong>precibus</strong></span> <span class='ocrx_word' id='word_1_93' title='bbox 936 1496 1002 1551; x_wconf 91' lang='lat' dir='ltr'><strong>ad</strong></span> <span class='ocrx_word' id='word_1_94' title='bbox 1038 1495 1321 1550; x_wconf 87' lang='lat' dir='ltr'><strong>Dominum</strong></span> <span class='ocrx_word' id='word_1_95' title='bbox 1369 1489 1520 1554; x_wconf 90' lang='lat' dir='ltr'><strong>fusis,</strong></span> <span class='ocrx_word' id='word_1_96' title='bbox 1569 1497 1623 1543; x_wconf 89' lang='lat' dir='ltr'><strong>et</strong></span> <span class='ocrx_word' id='word_1_97' title='bbox 1671 1502 1766 1557; x_wconf 90' lang='lat' dir='ltr'><strong>per</strong></span> <span class='ocrx_word' id='word_1_98' title='bbox 1812 1484 2094 1555; x_wconf 87' lang='lat' dir='ltr'><strong>planiciem</strong></span> 
     </span>
    </p>
   </div>
   <div class='ocr_carea' id='block_1_15' title="bbox 503 1576 2098 1668">
    <p class='ocr_par' dir='ltr' id='par_1_15' title="bbox 503 1576 2098 1668">
     <span class='ocr_line' id='line_1_15' title="bbox 503 1576 2098 1668; baseline -0.015 -16"><span class='ocrx_word' id='word_1_99' title='bbox 503 1596 678 1668; x_wconf 84' lang='lat' dir='ltr'><strong>campi</strong></span> <span class='ocrx_word' id='word_1_100' title='bbox 709 1593 974 1664; x_wconf 90' lang='lat' dir='ltr'><strong>equitans,</strong></span> <span class='ocrx_word' id='word_1_101' title='bbox 1006 1587 1246 1660; x_wconf 82' lang='lat' dir='ltr'><strong>perrexit</strong></span> <span class='ocrx_word' id='word_1_102' title='bbox 1275 1585 1326 1640; x_wconf 93' lang='lat' dir='ltr'><strong>in</strong></span> <span class='ocrx_word' id='word_1_103' title='bbox 1354 1584 1492 1638; x_wconf 89' lang='lat' dir='ltr'><strong>viam</strong></span> <span class='ocrx_word' id='word_1_104' title='bbox 1521 1595 1639 1652; x_wconf 63' lang='lat' dir='ltr'><strong>quae</strong></span> <span class='ocrx_word' id='word_1_105' title='bbox 1683 1579 1748 1634; x_wconf 88' lang='lat' dir='ltr'><strong>ad</strong></span> <span class='ocrx_word' id='word_1_106' title='bbox 1779 1579 1920 1649; x_wconf 88' lang='lat' dir='ltr'><strong>regis</strong></span> <span class='ocrx_word' id='word_1_107' title='bbox 1951 1576 2098 1646; x_wconf 89' lang='lat' dir='ltr'><strong>pala-</strong></span> 
     </span>
    </p>
   </div>
   <div class='ocr_carea' id='block_1_16' title="bbox 504 1673 2094 1746">
    <p class='ocr_par' dir='ltr' id='par_1_16' title="bbox 504 1673 2094 1746">
     <span class='ocr_line' id='line_1_16' title="bbox 504 1673 2094 1746; baseline -0.014 0"><span class='ocrx_word' id='word_1_108' title='bbox 504 1695 637 1746; x_wconf 85' lang='lat' dir='ltr'><strong>tium</strong></span> <span class='ocrx_word' id='word_1_109' title='bbox 668 1689 914 1744; x_wconf 85' lang='lat' dir='ltr'><strong>ducebat.</strong></span> <span class='ocrx_word' id='word_1_110' title='bbox 965 1683 1074 1739; x_wconf 85' lang='lat' dir='ltr'><strong>Nec</strong></span> <span class='ocrx_word' id='word_1_111' title='bbox 1125 1694 1274 1735; x_wconf 87' lang='lat' dir='ltr'><strong>mora</strong></span> <span class='ocrx_word' id='word_1_112' title='bbox 1314 1676 1574 1732; x_wconf 53' lang='lat' dir='ltr'><strong>Dnminus</strong></span> <span class='ocrx_word' id='word_1_113' title='bbox 1621 1673 1837 1730; x_wconf 83' lang='lat' dir='ltr'><strong>exaudit</strong></span> <span class='ocrx_word' id='word_1_114' title='bbox 1883 1673 2094 1742; x_wconf 83' lang='lat' dir='ltr'><strong>ipsam,</strong></span> 
     </span>
    </p>
   </div>
   <div class='ocr_carea' id='block_1_17' title="bbox 503 1764 2098 1841">
    <p class='ocr_par' dir='ltr' id='par_1_17' title="bbox 503 1764 2098 1841">
     <span class='ocr_line' id='line_1_17' title="bbox 503 1764 2098 1841; baseline -0.014 -1"><span class='ocrx_word' id='word_1_115' title='bbox 503 1798 629 1840; x_wconf 85' lang='lat' dir='ltr'><strong>suas</strong></span> <span class='ocrx_word' id='word_1_116' title='bbox 661 1781 972 1836; x_wconf 78' lang='lat' dir='ltr'><strong>fundentem</strong></span> <span class='ocrx_word' id='word_1_117' title='bbox 1004 1774 1247 1831; x_wconf 87' lang='lat' dir='ltr'><strong>assiduas</strong></span> <span class='ocrx_word' id='word_1_118' title='bbox 1293 1784 1498 1841; x_wconf 84' lang='lat' dir='ltr'><strong>preces.</strong></span> <span class='ocrx_word' id='word_1_119' title='bbox 1533 1767 1704 1822; x_wconf 85' lang='lat' dir='ltr'><strong>Unam</strong></span> <span class='ocrx_word' id='word_1_120' title='bbox 1733 1767 1799 1821; x_wconf 92' lang='lat' dir='ltr'><strong>de</strong></span> <span class='ocrx_word' id='word_1_121' title='bbox 1827 1765 1940 1821; x_wconf 90' lang='lat' dir='ltr'><strong>suis</strong></span> <span class='ocrx_word' id='word_1_122' title='bbox 1980 1764 2098 1819; x_wconf 90' lang='lat' dir='ltr'><strong>vul-</strong></span> 
     </span>
    </p>
   </div>
   <div class='ocr_carea' id='block_1_18' title="bbox 503 1855 2095 1952">
    <p class='ocr_par' dir='ltr' id='par_1_18' title="bbox 503 1855 2095 1952">
     <span class='ocr_line' id='line_1_18' title="bbox 503 1855 2095 1952; baseline -0.013 -22"><span class='ocrx_word' id='word_1_123' title='bbox 503 1878 660 1952; x_wconf 85' lang='lat' dir='ltr'><strong>pibus</strong></span> <span class='ocrx_word' id='word_1_124' title='bbox 688 1874 814 1930; x_wconf 89' lang='lat' dir='ltr'><strong>feris</strong></span> <span class='ocrx_word' id='word_1_125' title='bbox 847 1873 910 1926; x_wconf 90' lang='lat' dir='ltr'><strong>ad</strong></span> <span class='ocrx_word' id='word_1_126' title='bbox 943 1885 1058 1927; x_wconf 89' lang='lat' dir='ltr'><strong>eam</strong></span> <span class='ocrx_word' id='word_1_127' title='bbox 1092 1868 1272 1922; x_wconf 86' lang='lat' dir='ltr'><strong>venire</strong></span> <span class='ocrx_word' id='word_1_128' title='bbox 1301 1861 1479 1935; x_wconf 86' lang='lat' dir='ltr'><strong>jussit.</strong></span> <span class='ocrx_word' id='word_1_129' title='bbox 1513 1861 1641 1929; x_wconf 54' lang='lat' dir='ltr'><strong>Quae</strong></span> <span class='ocrx_word' id='word_1_130' title='bbox 1669 1874 1790 1914; x_wconf 89' lang='lat' dir='ltr'><strong>cum</strong></span> <span class='ocrx_word' id='word_1_131' title='bbox 1822 1855 2095 1914; x_wconf 86' lang='lat' dir='ltr'><strong>velocissi-</strong></span> 
     </span>
    </p>
   </div>
   <div class='ocr_carea' id='block_1_19' title="bbox 2199 621 3801 685">
    <p class='ocr_par' dir='ltr' id='par_1_19' title="bbox 2199 621 3801 685">
     <span class='ocr_line' id='line_1_19' title="bbox 2199 621 3801 685; baseline -0.002 -3"><span class='ocrx_word' id='word_1_132' title='bbox 2199 642 2349 683; x_wconf 92' lang='lat' dir='ltr'><strong>more</strong></span> <span class='ocrx_word' id='word_1_133' title='bbox 2390 643 2502 683; x_wconf 70' lang='lat' dir='ltr'><strong>suae</strong></span> <span class='ocrx_word' id='word_1_134' title='bbox 2547 627 2950 684; x_wconf 88' lang='lat' dir='ltr'><strong>consuetudinis</strong></span> <span class='ocrx_word' id='word_1_135' title='bbox 2994 623 3246 683; x_wconf 89' lang='lat' dir='ltr'><strong>omnibus</strong></span> <span class='ocrx_word' id='word_1_136' title='bbox 3296 621 3607 685; x_wconf 89' lang='lat' dir='ltr'><strong>seminaret,</strong></span> <span class='ocrx_word' id='word_1_137' title='bbox 3666 622 3801 678; x_wconf 83' lang='lat' dir='ltr'><strong>vidit</strong></span> 
     </span>
    </p>
   </div>
   <div class='ocr_carea' id='block_1_20' title="bbox 2198 717 3803 794">
    <p class='ocr_par' dir='ltr' id='par_1_20' title="bbox 2198 717 3803 794">
     <span class='ocr_line' id='line_1_20' title="bbox 2198 717 3803 794; baseline -0.003 -17"><span class='ocrx_word' id='word_1_138' title='bbox 2198 737 2389 778; x_wconf 91' lang='lat' dir='ltr'><strong>novem</strong></span> <span class='ocrx_word' id='word_1_139' title='bbox 2431 724 2573 777; x_wconf 90' lang='lat' dir='ltr'><strong>viros</strong></span> <span class='ocrx_word' id='word_1_140' title='bbox 2606 723 2656 777; x_wconf 92' lang='lat' dir='ltr'><strong>in</strong></span> <span class='ocrx_word' id='word_1_141' title='bbox 2686 723 2915 794; x_wconf 86' lang='lat' dir='ltr'><strong>quadam</strong></span> <span class='ocrx_word' id='word_1_142' title='bbox 2949 721 3119 778; x_wconf 89' lang='lat' dir='ltr'><strong>forma</strong></span> <span class='ocrx_word' id='word_1_143' title='bbox 3167 719 3387 789; x_wconf 84' lang='lat' dir='ltr'><strong>speciali</strong></span> <span class='ocrx_word' id='word_1_144' title='bbox 3417 733 3570 773; x_wconf 88' lang='lat' dir='ltr'><strong>vanae</strong></span> <span class='ocrx_word' id='word_1_145' title='bbox 3601 728 3659 773; x_wconf 88' lang='lat' dir='ltr'><strong>et</strong></span> <span class='ocrx_word' id='word_1_146' title='bbox 3688 717 3803 772; x_wconf 85' lang='lat' dir='ltr'><strong>dia-</strong></span> 
     </span>
    </p>
   </div>
   <div class='ocr_carea' id='block_1_21' title="bbox 2200 814 3804 888">
    <p class='ocr_par' dir='ltr' id='par_1_21' title="bbox 2200 814 3804 888">
     <span class='ocr_line' id='line_1_21' title="bbox 2200 814 3804 888; baseline -0.002 -18"><span class='ocrx_word' id='word_1_147' title='bbox 2200 816 2389 873; x_wconf 75' lang='lat' dir='ltr'><strong>bolica:</strong></span> <span class='ocrx_word' id='word_1_148' title='bbox 2420 817 2816 888; x_wconf 88' lang='lat' dir='ltr'><strong>superstitionis</strong></span> <span class='ocrx_word' id='word_1_149' title='bbox 2848 818 3089 888; x_wconf 88' lang='lat' dir='ltr'><strong>plausum</strong></span> <span class='ocrx_word' id='word_1_150' title='bbox 3135 816 3395 872; x_wconf 80' lang='lat' dir='ltr'><strong>habentes</strong></span> <span class='ocrx_word' id='word_1_151' title='bbox 3420 857 3434 882; x_wconf 90' lang='lat'><strong>,</strong></span> <span class='ocrx_word' id='word_1_152' title='bbox 3468 815 3623 868; x_wconf 86' lang='lat' dir='ltr'><strong>vocis</strong></span> <span class='ocrx_word' id='word_1_153' title='bbox 3675 814 3804 868; x_wconf 80' lang='lat' dir='ltr'><strong>ridi-</strong></span> 
     </span>
    </p>
   </div>
   <div class='ocr_carea' id='block_1_22' title="bbox 2199 907 3806 979">
    <p class='ocr_par' dir='ltr' id='par_1_22' title="bbox 2199 907 3806 979">
     <span class='ocr_line' id='line_1_22' title="bbox 2199 907 3806 979; baseline -0.003 -15"><span class='ocrx_word' id='word_1_154' title='bbox 2199 910 2331 964; x_wconf 86' lang='lat' dir='ltr'><strong>culae</strong></span> <span class='ocrx_word' id='word_1_155' title='bbox 2363 925 2423 966; x_wconf 93' lang='lat' dir='ltr'><strong>ac</strong></span> <span class='ocrx_word' id='word_1_156' title='bbox 2453 911 2710 967; x_wconf 85' lang='lat' dir='ltr'><strong>insaniam</strong></span> <span class='ocrx_word' id='word_1_157' title='bbox 2742 911 2942 967; x_wconf 86' lang='lat' dir='ltr'><strong>mentis</strong></span> <span class='ocrx_word' id='word_1_158' title='bbox 2985 911 3296 966; x_wconf 76' lang='lat' dir='ltr'><strong>maximam.</strong></span> <span class='ocrx_word' id='word_1_159' title='bbox 3328 908 3384 964; x_wconf 92' lang='lat' dir='ltr'><strong>In</strong></span> <span class='ocrx_word' id='word_1_160' title='bbox 3417 923 3652 979; x_wconf 87' lang='lat' dir='ltr'><strong>quorum</strong></span> <span class='ocrx_word' id='word_1_161' title='bbox 3703 907 3806 959; x_wconf 87' lang='lat' dir='ltr'><strong>viis</strong></span> 
     </span>
    </p>
   </div>
   <div class='ocr_carea' id='block_1_23' title="bbox 2199 998 3808 1076">
    <p class='ocr_par' dir='ltr' id='par_1_23' title="bbox 2199 998 3808 1076">
     <span class='ocr_line' id='line_1_23' title="bbox 2199 998 3808 1076; baseline -0.001 -17"><span class='ocrx_word' id='word_1_162' title='bbox 2199 1007 2453 1061; x_wconf 87' lang='lat' dir='ltr'><strong>contritio</strong></span> <span class='ocrx_word' id='word_1_163' title='bbox 2481 1015 2537 1062; x_wconf 88' lang='lat' dir='ltr'><strong>et</strong></span> <span class='ocrx_word' id='word_1_164' title='bbox 2563 1005 2871 1072; x_wconf 83' lang='lat' dir='ltr'><strong>infelicitas,</strong></span> <span class='ocrx_word' id='word_1_165' title='bbox 2902 1015 2958 1062; x_wconf 90' lang='lat' dir='ltr'><strong>et</strong></span> <span class='ocrx_word' id='word_1_166' title='bbox 2984 1006 3203 1076; x_wconf 90' lang='lat' dir='ltr'><strong>antiquo</strong></span> <span class='ocrx_word' id='word_1_167' title='bbox 3233 1001 3396 1072; x_wconf 87' lang='lat' dir='ltr'><strong>hosti,</strong></span> <span class='ocrx_word' id='word_1_168' title='bbox 3445 1003 3541 1073; x_wconf 88' lang='lat' dir='ltr'><strong>qui</strong></span> <span class='ocrx_word' id='word_1_169' title='bbox 3591 1001 3649 1055; x_wconf 90' lang='lat' dir='ltr'><strong>in</strong></span> <span class='ocrx_word' id='word_1_170' title='bbox 3699 998 3808 1057; x_wconf 87' lang='lat' dir='ltr'><strong>illis</strong></span> 
     </span>
    </p>
   </div>
   <div class='ocr_carea' id='block_1_24' title="bbox 2202 1100 3809 1175">
    <p class='ocr_par' dir='ltr' id='par_1_24' title="bbox 2202 1100 3809 1175">
     <span class='ocr_line' id='line_1_24' title="bbox 2202 1100 3809 1175; baseline -0.002 -19"><span class='ocrx_word' id='word_1_171' title='bbox 2202 1100 2464 1170; x_wconf 84' lang='lat' dir='ltr'><strong>regnabat</strong></span> <span class='ocrx_word' id='word_1_172' title='bbox 2493 1102 2631 1158; x_wconf 91' lang='lat' dir='ltr'><strong>votis</strong></span> <span class='ocrx_word' id='word_1_173' title='bbox 2663 1103 3062 1160; x_wconf 87' lang='lat' dir='ltr'><strong>scclestissimis</strong></span> <span class='ocrx_word' id='word_1_174' title='bbox 3086 1113 3137 1159; x_wconf 82' lang='lat' dir='ltr'><strong>et</strong></span> <span class='ocrx_word' id='word_1_175' title='bbox 3173 1103 3517 1175; x_wconf 85' lang='lat' dir='ltr'><strong>juramentis,</strong></span> <span class='ocrx_word' id='word_1_176' title='bbox 3555 1102 3809 1156; x_wconf 83' lang='lat' dir='ltr'><strong>sitientes</strong></span> 
     </span>
    </p>
   </div>
   <div class='ocr_carea' id='block_1_25' title="bbox 2200 1182 3808 1268">
    <p class='ocr_par' dir='ltr' id='par_1_25' title="bbox 2200 1182 3808 1268">
     <span class='ocr_line' id='line_1_25' title="bbox 2200 1182 3808 1268; baseline -0.001 -20"><span class='ocrx_word' id='word_1_177' title='bbox 2200 1193 2518 1249; x_wconf 78' lang='lat' dir='ltr'><strong>effusionem</strong></span> <span class='ocrx_word' id='word_1_178' title='bbox 2548 1197 2845 1266; x_wconf 82' lang='lat' dir='ltr'><strong>sanguinis,</strong></span> <span class='ocrx_word' id='word_1_179' title='bbox 2878 1182 3166 1268; x_wconf 76' lang='lat' dir='ltr'><strong>antequam</strong></span> <span class='ocrx_word' id='word_1_180' title='bbox 3213 1196 3449 1252; x_wconf 66' lang='lat' dir='ltr'><strong>calendas</strong></span> <span class='ocrx_word' id='word_1_181' title='bbox 3481 1195 3612 1251; x_wconf 85' lang='lat' dir='ltr'><strong>Julii</strong></span> <span class='ocrx_word' id='word_1_182' title='bbox 3667 1193 3808 1247; x_wconf 87' lang='lat' dir='ltr'><strong>illius</strong></span> 
     </span>
    </p>
   </div>
   <div class='ocr_carea' id='block_1_26' title="bbox 2202 1290 3808 1362">
    <p class='ocr_par' dir='ltr' id='par_1_26' title="bbox 2202 1290 3808 1362">
     <span class='ocr_line' id='line_1_26' title="bbox 2202 1290 3808 1362; baseline -0.001 -18"><span class='ocrx_word' id='word_1_183' title='bbox 2202 1290 2404 1345; x_wconf 89' lang='lat' dir='ltr'><strong>mensis</strong></span> <span class='ocrx_word' id='word_1_184' title='bbox 2435 1292 2866 1361; x_wconf 86' lang='lat' dir='ltr'><strong>supervenirent,</strong></span> <span class='ocrx_word' id='word_1_185' title='bbox 2899 1294 3130 1360; x_wconf 85' lang='lat' dir='ltr'><strong>venturi,</strong></span> <span class='ocrx_word' id='word_1_186' title='bbox 3163 1293 3388 1348; x_wconf 89' lang='lat' dir='ltr'><strong>aliorum</strong></span> <span class='ocrx_word' id='word_1_187' title='bbox 3410 1291 3808 1362; x_wconf 88' lang='lat' dir='ltr'><strong>jugulattonem</strong></span> 
     </span>
    </p>
   </div>
   <div class='ocr_carea' id='block_1_27' title="bbox 2203 1382 3810 1455">
    <p class='ocr_par' dir='ltr' id='par_1_27' title="bbox 2203 1382 3810 1455">
     <span class='ocr_line' id='line_1_27' title="bbox 2203 1382 3810 1455; baseline -0.002 -18"><span class='ocrx_word' id='word_1_188' title='bbox 2203 1391 2256 1437; x_wconf 90' lang='lat' dir='ltr'><strong>et</strong></span> <span class='ocrx_word' id='word_1_189' title='bbox 2290 1382 2574 1439; x_wconf 91' lang='lat' dir='ltr'><strong>homicidia</strong></span> <span class='ocrx_word' id='word_1_190' title='bbox 2604 1383 2992 1455; x_wconf 87' lang='lat' dir='ltr'><strong>deposuerunt.</strong></span> <span class='ocrx_word' id='word_1_191' title='bbox 3024 1385 3228 1453; x_wconf 84' lang='lat' dir='ltr'><strong>Quibus</strong></span> <span class='ocrx_word' id='word_1_192' title='bbox 3275 1384 3717 1440; x_wconf 75' lang='lat' dir='ltr'><strong>reverentissime</strong></span> <span class='ocrx_word' id='word_1_193' title='bbox 3759 1388 3810 1435; x_wconf 82' lang='lat' dir='ltr'><strong>et</strong></span> 
     </span>
    </p>
   </div>
   <div class='ocr_carea' id='block_1_28' title="bbox 2204 1473 3808 1548">
    <p class='ocr_par' dir='ltr' id='par_1_28' title="bbox 2204 1473 3808 1548">
     <span class='ocr_line' id='line_1_28' title="bbox 2204 1473 3808 1548; baseline 0.001 -21"><span class='ocrx_word' id='word_1_194' title='bbox 2204 1473 2432 1528; x_wconf 81' lang='lat' dir='ltr'><strong>affabilis</strong></span> <span class='ocrx_word' id='word_1_195' title='bbox 2465 1474 2678 1547; x_wconf 89' lang='lat' dir='ltr'><strong>Brigida</strong></span> <span class='ocrx_word' id='word_1_196' title='bbox 2709 1477 2964 1532; x_wconf 88' lang='lat' dir='ltr'><strong>mellillua</strong></span> <span class='ocrx_word' id='word_1_197' title='bbox 3008 1479 3294 1533; x_wconf 86' lang='lat' dir='ltr'><strong>verborum</strong></span> <span class='ocrx_word' id='word_1_198' title='bbox 3340 1479 3491 1548; x_wconf 84' lang='lat' dir='ltr'><strong>copia</strong></span> <span class='ocrx_word' id='word_1_199' title='bbox 3547 1476 3808 1546; x_wconf 64' lang='lat' dir='ltr'><strong>praedica-</strong></span> 
     </span>
    </p>
   </div>
   <div class='ocr_carea' id='block_1_29' title="bbox 2205 1567 3808 1642">
    <p class='ocr_par' dir='ltr' id='par_1_29' title="bbox 2205 1567 3808 1642">
     <span class='ocr_line' id='line_1_29' title="bbox 2205 1567 3808 1642; baseline 0.004 -24"><span class='ocrx_word' id='word_1_200' title='bbox 2205 1567 2297 1632; x_wconf 82' lang='lat' dir='ltr'><strong>vit,</strong></span> <span class='ocrx_word' id='word_1_201' title='bbox 2331 1576 2387 1621; x_wconf 91' lang='lat' dir='ltr'><strong>ut</strong></span> <span class='ocrx_word' id='word_1_202' title='bbox 2415 1567 2711 1625; x_wconf 83' lang='lat' dir='ltr'><strong>mortiferis</strong></span> <span class='ocrx_word' id='word_1_203' title='bbox 2743 1571 3020 1627; x_wconf 91' lang='lat' dir='ltr'><strong>erroribus</strong></span> <span class='ocrx_word' id='word_1_204' title='bbox 3049 1572 3273 1638; x_wconf 91' lang='lat' dir='ltr'><strong>relictis,</strong></span> <span class='ocrx_word' id='word_1_205' title='bbox 3300 1572 3530 1628; x_wconf 89' lang='lat' dir='ltr'><strong>crimina</strong></span> <span class='ocrx_word' id='word_1_206' title='bbox 3561 1586 3661 1642; x_wconf 88' lang='lat' dir='ltr'><strong>per</strong></span> <span class='ocrx_word' id='word_1_207' title='bbox 3690 1586 3808 1625; x_wconf 67' lang='lat' dir='ltr'><strong>coro</strong></span> 
     </span>
    </p>
   </div>
   <div class='ocr_carea' id='block_1_30' title="bbox 2201 1661 3804 1737">
    <p class='ocr_par' dir='ltr' id='par_1_30' title="bbox 2201 1661 3804 1737">
     <span class='ocr_line' id='line_1_30' title="bbox 2201 1661 3804 1737; baseline 0.003 -21"><span class='ocrx_word' id='word_1_208' title='bbox 2201 1661 2284 1716; x_wconf 93' lang='lat' dir='ltr'><strong>dis</strong></span> <span class='ocrx_word' id='word_1_209' title='bbox 2315 1663 2781 1732; x_wconf 89' lang='lat' dir='ltr'><strong>compunctionem</strong></span> <span class='ocrx_word' id='word_1_210' title='bbox 2815 1675 2871 1721; x_wconf 91' lang='lat' dir='ltr'><strong>et</strong></span> <span class='ocrx_word' id='word_1_211' title='bbox 2913 1681 3096 1722; x_wconf 85' lang='lat' dir='ltr'><strong>veram</strong></span> <span class='ocrx_word' id='word_1_212' title='bbox 3128 1668 3373 1724; x_wconf 79' lang='lat' dir='ltr'><strong>delerent</strong></span> <span class='ocrx_word' id='word_1_213' title='bbox 3405 1666 3804 1737; x_wconf 66' lang='lat' dir='ltr'><strong>paenitentiam.</strong></span> 
     </span>
    </p>
   </div>
   <div class='ocr_carea' id='block_1_31' title="bbox 2201 1755 3808 1834">
    <p class='ocr_par' dir='ltr' id='par_1_31' title="bbox 2201 1755 3808 1834">
     <span class='ocr_line' id='line_1_31' title="bbox 2201 1755 3808 1834; baseline 0.004 -24"><span class='ocrx_word' id='word_1_214' title='bbox 2201 1755 2303 1823; x_wconf 88' lang='lat' dir='ltr'><strong>Qui</strong></span> <span class='ocrx_word' id='word_1_215' title='bbox 2330 1755 2654 1816; x_wconf 87' lang='lat' dir='ltr'><strong>hebetudine</strong></span> <span class='ocrx_word' id='word_1_216' title='bbox 2675 1763 2875 1817; x_wconf 91' lang='lat' dir='ltr'><strong>mentis</strong></span> <span class='ocrx_word' id='word_1_217' title='bbox 2901 1775 3032 1828; x_wconf 83' lang='lat' dir='ltr'><strong>suae,</strong></span> <span class='ocrx_word' id='word_1_218' title='bbox 3067 1763 3166 1818; x_wconf 79' lang='lat' dir='ltr'><strong>nisi</strong></span> <span class='ocrx_word' id='word_1_219' title='bbox 3196 1764 3343 1834; x_wconf 89' lang='lat' dir='ltr'><strong>prius</strong></span> <span class='ocrx_word' id='word_1_220' title='bbox 3368 1779 3505 1818; x_wconf 87' lang='lat' dir='ltr'><strong>vana</strong></span> <span class='ocrx_word' id='word_1_221' title='bbox 3534 1777 3634 1818; x_wconf 90' lang='lat' dir='ltr'><strong>sua</strong></span> <span class='ocrx_word' id='word_1_222' title='bbox 3661 1776 3808 1817; x_wconf 87' lang='lat' dir='ltr'><strong>com-</strong></span> 
     </span>
    </p>
   </div>
   <div class='ocr_carea' id='block_1_32' title="bbox 2208 1844 3810 1926">
    <p class='ocr_par' dir='ltr' id='par_1_32' title="bbox 2208 1844 3810 1926">
     <span class='ocr_line' id='line_1_32' title="bbox 2208 1844 3810 1926; baseline 0.004 -23"><span class='ocrx_word' id='word_1_223' title='bbox 2208 1851 2452 1918; x_wconf 85' lang='lat' dir='ltr'><strong>plessent</strong></span> <span class='ocrx_word' id='word_1_224' title='bbox 2483 1860 2628 1918; x_wconf 87' lang='lat' dir='ltr'><strong>vota,</strong></span> <span class='ocrx_word' id='word_1_225' title='bbox 2662 1844 2794 1909; x_wconf 91' lang='lat' dir='ltr'><strong>illud</strong></span> <span class='ocrx_word' id='word_1_226' title='bbox 2827 1855 3166 1922; x_wconf 79' lang='lat' dir='ltr'><strong>resistentes,</strong></span> <span class='ocrx_word' id='word_1_227' title='bbox 3196 1856 3248 1912; x_wconf 93' lang='lat' dir='ltr'><strong>in</strong></span> <span class='ocrx_word' id='word_1_228' title='bbox 3279 1855 3420 1912; x_wconf 86' lang='lat' dir='ltr'><strong>viam</strong></span> <span class='ocrx_word' id='word_1_229' title='bbox 3455 1862 3810 1926; x_wconf 74' lang='lat' dir='ltr'><strong>perrexerunt</strong></span> 
     </span>
    </p>
   </div>
   <div class='ocr_carea' id='block_1_33' title="bbox 505 1939 3811 2025">
    <p class='ocr_par' dir='ltr' id='par_1_33' title="bbox 505 1939 3811 2025">
     <span class='ocr_line' id='line_1_33' title="bbox 505 1939 3811 2025; baseline -0.005 -1"><span class='ocrx_word' id='word_1_230' title='bbox 505 1939 595 2024; x_wconf 63' lang='lat' dir='ltr'><strong>ino</strong></span> <span class='ocrx_word' id='word_1_231' title='bbox 637 1982 798 2021; x_wconf 90' lang='lat' dir='ltr'><strong>cursu</strong></span> <span class='ocrx_word' id='word_1_232' title='bbox 847 1963 914 2019; x_wconf 92' lang='lat' dir='ltr'><strong>ad</strong></span> <span class='ocrx_word' id='word_1_233' title='bbox 961 1977 1079 2018; x_wconf 83' lang='lat' dir='ltr'><strong>eam</strong></span> <span class='ocrx_word' id='word_1_234' title='bbox 1109 1961 1336 2025; x_wconf 82' lang='lat' dir='ltr'><strong>veniret,</strong></span> <span class='ocrx_word' id='word_1_235' title='bbox 1389 1966 1443 2012; x_wconf 92' lang='lat' dir='ltr'><strong>et</strong></span> <span class='ocrx_word' id='word_1_236' title='bbox 1492 1954 1816 2010; x_wconf 74' lang='lat' dir='ltr'><strong>beatissima:</strong></span> <span class='ocrx_word' id='word_1_237' title='bbox 1869 1950 2099 2024; x_wconf 71' lang='lat' dir='ltr'><strong>Brigidaz</strong></span> <span class='ocrx_word' id='word_1_238' title='bbox 2134 1939 2183 2000; x_wconf 79' lang='grc' dir='ltr'><strong><em>Β</em></strong></span> <span class='ocrx_word' id='word_1_239' title='bbox 2208 1959 2394 2011; x_wconf 72' lang='lat' dir='ltr'><strong>suam;</strong></span> <span class='ocrx_word' id='word_1_240' title='bbox 2428 1956 2478 2000; x_wconf 74' lang='grc' dir='ltr'><strong>οι</strong></span> <span class='ocrx_word' id='word_1_241' title='bbox 2509 1961 2603 2016; x_wconf 77' lang='lat' dir='ltr'><strong>pro</strong></span> <span class='ocrx_word' id='word_1_242' title='bbox 2635 1947 2735 2002; x_wconf 75' lang='lat' dir='ltr'><strong>hac</strong></span> <span class='ocrx_word' id='word_1_243' title='bbox 2762 1963 2822 2004; x_wconf 82' lang='lat' dir='ltr'><strong>re</strong></span> <span class='ocrx_word' id='word_1_244' title='bbox 2850 1948 2980 2004; x_wconf 72' lang='lat' dir='ltr'><strong>fusis</strong></span> <span class='ocrx_word' id='word_1_245' title='bbox 3007 1948 3074 2003; x_wconf 79' lang='lat' dir='ltr'><strong>ad</strong></span> <span class='ocrx_word' id='word_1_246' title='bbox 3106 1950 3273 2006; x_wconf 83' lang='lat' dir='ltr'><strong>Deum</strong></span> <span class='ocrx_word' id='word_1_247' title='bbox 3310 1949 3562 2020; x_wconf 80' lang='lat' dir='ltr'><strong>precibus</strong></span> <span class='ocrx_word' id='word_1_248' title='bbox 3587 1947 3811 2003; x_wconf 57' lang='lat' dir='ltr'><strong>amnem</strong></span> 
     </span>
    </p>
   </div>
   <div class='ocr_carea' id='block_1_34' title="bbox 506 2049 2102 2133">
    <p class='ocr_par' dir='ltr' id='par_1_34' title="bbox 506 2049 2102 2133">
     <span class='ocr_line' id='line_1_34' title="bbox 506 2049 2102 2133; baseline -0.011 -13"><span class='ocrx_word' id='word_1_249' title='bbox 506 2065 689 2120; x_wconf 90' lang='lat' dir='ltr'><strong>currui</strong></span> <span class='ocrx_word' id='word_1_250' title='bbox 721 2061 1188 2133; x_wconf 81' lang='lat' dir='ltr'><strong>apprOpinquaret,</strong></span> <span class='ocrx_word' id='word_1_251' title='bbox 1236 2055 1425 2111; x_wconf 85' lang='lat' dir='ltr'><strong>leviter</strong></span> <span class='ocrx_word' id='word_1_252' title='bbox 1473 2067 1531 2108; x_wconf 93' lang='lat' dir='ltr'><strong>se</strong></span> <span class='ocrx_word' id='word_1_253' title='bbox 1573 2052 1790 2108; x_wconf 83' lang='lat' dir='ltr'><strong>elevans</strong></span> <span class='ocrx_word' id='word_1_254' title='bbox 1842 2049 1892 2102; x_wconf 91' lang='lat' dir='ltr'><strong>in</strong></span> <span class='ocrx_word' id='word_1_255' title='bbox 1941 2063 2102 2103; x_wconf 90' lang='lat' dir='ltr'><strong>curru</strong></span> 
     </span>
    </p>
   </div>
   <div class='ocr_carea' id='block_1_35' title="bbox 507 2145 2102 2224">
    <p class='ocr_par' dir='ltr' id='par_1_35' title="bbox 507 2145 2102 2224">
     <span class='ocr_line' id='line_1_35' title="bbox 507 2145 2102 2224; baseline -0.008 -12"><span class='ocrx_word' id='word_1_256' title='bbox 507 2157 752 2224; x_wconf 85' lang='lat' dir='ltr'><strong>sedebat,</strong></span> <span class='ocrx_word' id='word_1_257' title='bbox 787 2166 841 2211; x_wconf 95' lang='lat' dir='ltr'><strong>et</strong></span> <span class='ocrx_word' id='word_1_258' title='bbox 873 2155 973 2210; x_wconf 89' lang='lat' dir='ltr'><strong>sub</strong></span> <span class='ocrx_word' id='word_1_259' title='bbox 1005 2152 1400 2223; x_wconf 88' lang='lat' dir='ltr'><strong>receptaculum</strong></span> <span class='ocrx_word' id='word_1_260' title='bbox 1430 2149 1658 2219; x_wconf 84' lang='lat' dir='ltr'><strong>Brigidae</strong></span> <span class='ocrx_word' id='word_1_261' title='bbox 1690 2145 1854 2203; x_wconf 91' lang='lat' dir='ltr'><strong>vestis</strong></span> <span class='ocrx_word' id='word_1_262' title='bbox 1882 2159 1940 2200; x_wconf 91' lang='lat' dir='ltr'><strong>se</strong></span> <span class='ocrx_word' id='word_1_263' title='bbox 1969 2159 2102 2200; x_wconf 83' lang='lat' dir='ltr'><strong>con-</strong></span> 
     </span>
    </p>
   </div>
   <div class='ocr_carea' id='block_1_36' title="bbox 507 2241 1750 2316">
    <p class='ocr_par' dir='ltr' id='par_1_36' title="bbox 507 2241 1750 2316">
     <span class='ocr_line' id='line_1_36' title="bbox 507 2241 1750 2316; baseline -0.009 -11"><span class='ocrx_word' id='word_1_264' title='bbox 507 2252 756 2316; x_wconf 88' lang='lat' dir='ltr'><strong>stituens,</strong></span> <span class='ocrx_word' id='word_1_265' title='bbox 787 2249 965 2305; x_wconf 91' lang='lat' dir='ltr'><strong>sobrie</strong></span> <span class='ocrx_word' id='word_1_266' title='bbox 989 2249 1042 2301; x_wconf 94' lang='lat' dir='ltr'><strong>in</strong></span> <span class='ocrx_word' id='word_1_267' title='bbox 1074 2263 1231 2302; x_wconf 88' lang='lat' dir='ltr'><strong>curru</strong></span> <span class='ocrx_word' id='word_1_268' title='bbox 1261 2259 1382 2300; x_wconf 91' lang='lat' dir='ltr'><strong>cum</strong></span> <span class='ocrx_word' id='word_1_269' title='bbox 1413 2257 1476 2298; x_wconf 90' lang='lat' dir='ltr'><strong>ea</strong></span> <span class='ocrx_word' id='word_1_270' title='bbox 1507 2241 1750 2298; x_wconf 84' lang='lat' dir='ltr'><strong>sedebat.</strong></span> 
     </span>
    </p>
   </div>
   <div class='ocr_carea' id='block_1_37' title="bbox 581 2333 2108 2412">
    <p class='ocr_par' dir='ltr' id='par_1_37' title="bbox 581 2333 2108 2412">
     <span class='ocr_line' id='line_1_37' title="bbox 581 2333 2108 2412; baseline -0.009 -13"><span class='ocrx_word' id='word_1_271' title='bbox 581 2344 651 2398; x_wconf 84' lang='lat' dir='ltr'><strong>At</strong></span> <span class='ocrx_word' id='word_1_272' title='bbox 672 2358 793 2399; x_wconf 91' lang='lat' dir='ltr'><strong>cum</strong></span> <span class='ocrx_word' id='word_1_273' title='bbox 826 2341 937 2412; x_wconf 89' lang='lat' dir='ltr'><strong>ipsa</strong></span> <span class='ocrx_word' id='word_1_274' title='bbox 963 2339 1030 2395; x_wconf 89' lang='lat' dir='ltr'><strong>ad</strong></span> <span class='ocrx_word' id='word_1_275' title='bbox 1059 2355 1241 2412; x_wconf 81' lang='lat' dir='ltr'><strong>regem</strong></span> <span class='ocrx_word' id='word_1_276' title='bbox 1273 2338 1502 2403; x_wconf 89' lang='lat' dir='ltr'><strong>veniret,</strong></span> <span class='ocrx_word' id='word_1_277' title='bbox 1552 2345 1610 2390; x_wconf 90' lang='lat' dir='ltr'><strong>ut</strong></span> <span class='ocrx_word' id='word_1_278' title='bbox 1651 2335 1741 2390; x_wconf 91' lang='lat' dir='ltr'><strong>ille</strong></span> <span class='ocrx_word' id='word_1_279' title='bbox 1795 2333 1957 2389; x_wconf 86' lang='lat' dir='ltr'><strong>miser</strong></span> <span class='ocrx_word' id='word_1_280' title='bbox 2008 2334 2108 2387; x_wconf 91' lang='lat' dir='ltr'><strong>im-</strong></span> 
     </span>
    </p>
   </div>
   <div class='ocr_carea' id='block_1_38' title="bbox 513 2427 2109 2512">
    <p class='ocr_par' dir='ltr' id='par_1_38' title="bbox 513 2427 2109 2512">
     <span class='ocr_line' id='line_1_38' title="bbox 513 2427 2109 2512; baseline -0.01 -16"><span class='ocrx_word' id='word_1_281' title='bbox 513 2439 797 2512; x_wconf 78' lang='lat' dir='ltr'><strong>providus,</strong></span> <span class='ocrx_word' id='word_1_282' title='bbox 831 2439 916 2508; x_wconf 85' lang='lat' dir='ltr'><strong>qui</strong></span> <span class='ocrx_word' id='word_1_283' title='bbox 952 2445 1102 2491; x_wconf 91' lang='lat' dir='ltr'><strong>reatu</strong></span> <span class='ocrx_word' id='word_1_284' title='bbox 1137 2449 1247 2489; x_wconf 72' lang='lat' dir='ltr'><strong>sua:</strong></span> <span class='ocrx_word' id='word_1_285' title='bbox 1274 2431 1592 2502; x_wconf 70' lang='lat' dir='ltr'><strong>ignorantiae</strong></span> <span class='ocrx_word' id='word_1_286' title='bbox 1639 2428 1942 2490; x_wconf 84' lang='lat' dir='ltr'><strong>tenebatur,</strong></span> <span class='ocrx_word' id='word_1_287' title='bbox 1977 2427 2109 2481; x_wconf 86' lang='lat' dir='ltr'><strong>liber</strong></span> 
     </span>
    </p>
   </div>
   <div class='ocr_carea' id='block_1_39' title="bbox 511 2519 2110 2598">
    <p class='ocr_par' dir='ltr' id='par_1_39' title="bbox 511 2519 2110 2598">
     <span class='ocr_line' id='line_1_39' title="bbox 511 2519 2110 2598; baseline -0.01 -8"><span class='ocrx_word' id='word_1_288' title='bbox 511 2543 569 2590; x_wconf 87' lang='lat' dir='ltr'><strong>et</strong></span> <span class='ocrx_word' id='word_1_289' title='bbox 595 2524 870 2589; x_wconf 89' lang='lat' dir='ltr'><strong>absolutus</strong></span> <span class='ocrx_word' id='word_1_290' title='bbox 891 2529 958 2585; x_wconf 90' lang='lat' dir='ltr'><strong>de</strong></span> <span class='ocrx_word' id='word_1_291' title='bbox 989 2528 1201 2584; x_wconf 91' lang='lat' dir='ltr'><strong>vinculo</strong></span> <span class='ocrx_word' id='word_1_292' title='bbox 1227 2527 1570 2598; x_wconf 90' lang='lat' dir='ltr'><strong>egrederetur</strong></span> <span class='ocrx_word' id='word_1_293' title='bbox 1602 2524 1766 2592; x_wconf 71' lang='lat' dir='ltr'><strong>C(Bpil</strong></span> <span class='ocrx_word' id='word_1_294' title='bbox 1789 2521 2016 2591; x_wconf 89' lang='lat' dir='ltr'><strong>precari.</strong></span> <span class='ocrx_word' id='word_1_295' title='bbox 2045 2519 2110 2574; x_wconf 85' lang='lat' dir='ltr'><strong>Et</strong></span> 
     </span>
    </p>
   </div>
   <div class='ocr_carea' id='block_1_40' title="bbox 514 2615 2108 2694">
    <p class='ocr_par' dir='ltr' id='par_1_40' title="bbox 514 2615 2108 2694">
     <span class='ocr_line' id='line_1_40' title="bbox 514 2615 2108 2694; baseline -0.008 -12"><span class='ocrx_word' id='word_1_296' title='bbox 514 2637 637 2682; x_wconf 90' lang='lat' dir='ltr'><strong>cum</strong></span> <span class='ocrx_word' id='word_1_297' title='bbox 671 2642 766 2682; x_wconf 82' lang='lat' dir='ltr'><strong>rex</strong></span> <span class='ocrx_word' id='word_1_298' title='bbox 797 2624 913 2694; x_wconf 82' lang='lat' dir='ltr'><strong>ejus</strong></span> <span class='ocrx_word' id='word_1_299' title='bbox 964 2622 1213 2693; x_wconf 90' lang='lat' dir='ltr'><strong>precibus</strong></span> <span class='ocrx_word' id='word_1_300' title='bbox 1259 2619 1564 2675; x_wconf 90' lang='lat' dir='ltr'><strong>consentire</strong></span> <span class='ocrx_word' id='word_1_301' title='bbox 1613 2616 1905 2684; x_wconf 86' lang='lat' dir='ltr'><strong>noluisset,</strong></span> <span class='ocrx_word' id='word_1_302' title='bbox 1955 2615 2108 2670; x_wconf 89' lang='lat' dir='ltr'><strong>obte-</strong></span> 
     </span>
    </p>
   </div>
   <div class='ocr_carea' id='block_1_41' title="bbox 516 2711 2107 2781">
    <p class='ocr_par' dir='ltr' id='par_1_41' title="bbox 516 2711 2107 2781">
     <span class='ocr_line' id='line_1_41' title="bbox 516 2711 2107 2781; baseline -0.008 -4"><span class='ocrx_word' id='word_1_303' title='bbox 516 2730 668 2779; x_wconf 81' lang='lat' dir='ltr'><strong>stans</strong></span> <span class='ocrx_word' id='word_1_304' title='bbox 697 2734 756 2775; x_wconf 91' lang='lat' dir='ltr'><strong>se</strong></span> <span class='ocrx_word' id='word_1_305' title='bbox 786 2734 891 2774; x_wconf 90' lang='lat' dir='ltr'><strong>non</strong></span> <span class='ocrx_word' id='word_1_306' title='bbox 924 2719 1070 2773; x_wconf 92' lang='lat' dir='ltr'><strong>illum</strong></span> <span class='ocrx_word' id='word_1_307' title='bbox 1103 2717 1448 2772; x_wconf 89' lang='lat' dir='ltr'><strong>dimissurum</strong></span> <span class='ocrx_word' id='word_1_308' title='bbox 1469 2755 1482 2778; x_wconf 93' lang='lat'><strong>,</strong></span> <span class='ocrx_word' id='word_1_309' title='bbox 1536 2712 1637 2767; x_wconf 89' lang='lat' dir='ltr'><strong>nisi</strong></span> <span class='ocrx_word' id='word_1_310' title='bbox 1688 2712 1847 2767; x_wconf 89' lang='lat' dir='ltr'><strong>talem</strong></span> <span class='ocrx_word' id='word_1_311' title='bbox 1899 2711 2107 2781; x_wconf 79' lang='lat' dir='ltr'><strong>vulpem</strong></span> 
     </span>
    </p>
   </div>
   <div class='ocr_carea' id='block_1_42' title="bbox 519 2806 2112 2878">
    <p class='ocr_par' dir='ltr' id='par_1_42' title="bbox 519 2806 2112 2878">
     <span class='ocr_line' id='line_1_42' title="bbox 519 2806 2112 2878; baseline -0.008 -6"><span class='ocrx_word' id='word_1_312' title='bbox 519 2824 683 2872; x_wconf 68' lang='lat' dir='ltr'><strong>tanta:</strong></span> <span class='ocrx_word' id='word_1_313' title='bbox 710 2810 1137 2869; x_wconf 79' lang='lat' dir='ltr'><strong>mansuetudinis</strong></span> <span class='ocrx_word' id='word_1_314' title='bbox 1181 2817 1238 2866; x_wconf 90' lang='lat' dir='ltr'><strong>et</strong></span> <span class='ocrx_word' id='word_1_315' title='bbox 1265 2807 1573 2864; x_wconf 85' lang='lat' dir='ltr'><strong>calliditatis</strong></span> <span class='ocrx_word' id='word_1_316' title='bbox 1600 2807 1772 2878; x_wconf 89' lang='lat' dir='ltr'><strong>qualis</strong></span> <span class='ocrx_word' id='word_1_317' title='bbox 1799 2806 1986 2876; x_wconf 89' lang='lat' dir='ltr'><strong>vulpes</strong></span> <span class='ocrx_word' id='word_1_318' title='bbox 2016 2820 2112 2859; x_wconf 89' lang='lat' dir='ltr'><strong>sua</strong></span> 
     </span>
    </p>
   </div>
   <div class='ocr_carea' id='block_1_43' title="bbox 519 2898 2113 2972">
    <p class='ocr_par' dir='ltr' id='par_1_43' title="bbox 519 2898 2113 2972">
     <span class='ocr_line' id='line_1_43' title="bbox 519 2898 2113 2972; baseline -0.007 -9"><span class='ocrx_word' id='word_1_319' title='bbox 519 2907 692 2964; x_wconf 82' lang='lat' dir='ltr'><strong>fiterat</strong></span> <span class='ocrx_word' id='word_1_320' title='bbox 732 2903 978 2960; x_wconf 89' lang='lat' dir='ltr'><strong>restituta</strong></span> <span class='ocrx_word' id='word_1_321' title='bbox 1009 2911 1180 2967; x_wconf 88' lang='lat' dir='ltr'><strong>esset,</strong></span> <span class='ocrx_word' id='word_1_322' title='bbox 1213 2902 1328 2972; x_wconf 89' lang='lat' dir='ltr'><strong>ipsa</strong></span> <span class='ocrx_word' id='word_1_323' title='bbox 1357 2915 1507 2956; x_wconf 90' lang='lat' dir='ltr'><strong>suam</strong></span> <span class='ocrx_word' id='word_1_324' title='bbox 1536 2900 1590 2955; x_wconf 92' lang='lat' dir='ltr'><strong>in</strong></span> <span class='ocrx_word' id='word_1_325' title='bbox 1635 2898 1868 2955; x_wconf 90' lang='lat' dir='ltr'><strong>medium</strong></span> <span class='ocrx_word' id='word_1_326' title='bbox 1900 2899 2113 2968; x_wconf 90' lang='lat' dir='ltr'><strong>vulpem</strong></span> 
     </span>
    </p>
   </div>
   <div class='ocr_carea' id='block_1_44' title="bbox 519 2977 2114 3073">
    <p class='ocr_par' dir='ltr' id='par_1_44' title="bbox 519 2977 2114 3073">
     <span class='ocr_line' id='line_1_44' title="bbox 519 2977 2114 3073; baseline -0.006 -19"><span class='ocrx_word' id='word_1_327' title='bbox 519 3000 762 3073; x_wconf 90' lang='lat' dir='ltr'><strong>protulit.</strong></span> <span class='ocrx_word' id='word_1_328' title='bbox 792 2997 921 3066; x_wconf 74' lang='lat' dir='ltr'><strong>Quae</strong></span> <span class='ocrx_word' id='word_1_329' title='bbox 953 3010 1131 3052; x_wconf 90' lang='lat' dir='ltr'><strong>coram</strong></span> <span class='ocrx_word' id='word_1_330' title='bbox 1163 3009 1290 3066; x_wconf 88' lang='lat' dir='ltr'><strong>rege</strong></span> <span class='ocrx_word' id='word_1_331' title='bbox 1332 3003 1385 3050; x_wconf 89' lang='lat' dir='ltr'><strong>et</strong></span> <span class='ocrx_word' id='word_1_332' title='bbox 1413 2995 1558 3050; x_wconf 90' lang='lat' dir='ltr'><strong>omni</strong></span> <span class='ocrx_word' id='word_1_333' title='bbox 1591 2977 1950 3055; x_wconf 81' lang='lat' dir='ltr'><strong>multitudine,</strong></span> <span class='ocrx_word' id='word_1_334' title='bbox 2000 3006 2114 3046; x_wconf 91' lang='lat' dir='ltr'><strong>om-</strong></span> 
     </span>
    </p>
   </div>
   <div class='ocr_carea' id='block_1_45' title="bbox 520 3083 2116 3155">
    <p class='ocr_par' dir='ltr' id='par_1_45' title="bbox 520 3083 2116 3155">
     <span class='ocr_line' id='line_1_45' title="bbox 520 3083 2116 3155; baseline -0.008 -5"><span class='ocrx_word' id='word_1_335' title='bbox 520 3109 617 3150; x_wconf 90' lang='lat' dir='ltr'><strong>nes</strong></span> <span class='ocrx_word' id='word_1_336' title='bbox 646 3106 860 3155; x_wconf 90' lang='lat' dir='ltr'><strong>mores,</strong></span> <span class='ocrx_word' id='word_1_337' title='bbox 887 3099 943 3146; x_wconf 89' lang='lat' dir='ltr'><strong>et</strong></span> <span class='ocrx_word' id='word_1_338' title='bbox 971 3088 1321 3144; x_wconf 84' lang='lat' dir='ltr'><strong>subtilitatem</strong></span> <span class='ocrx_word' id='word_1_339' title='bbox 1367 3086 1650 3142; x_wconf 89' lang='lat' dir='ltr'><strong>docibilem</strong></span> <span class='ocrx_word' id='word_1_340' title='bbox 1703 3083 1866 3139; x_wconf 89' lang='lat' dir='ltr'><strong>variis</strong></span> <span class='ocrx_word' id='word_1_341' title='bbox 1913 3083 2116 3138; x_wconf 89' lang='lat' dir='ltr'><strong>artibus</strong></span> 
     </span>
    </p>
   </div>
   <div class='ocr_carea' id='block_1_46' title="bbox 521 3175 2117 3256">
    <p class='ocr_par' dir='ltr' id='par_1_46' title="bbox 521 3175 2117 3256">
     <span class='ocr_line' id='line_1_46' title="bbox 521 3175 2117 3256; baseline -0.008 -14"><span class='ocrx_word' id='word_1_342' title='bbox 521 3187 743 3242; x_wconf 85' lang='lat' dir='ltr'><strong>alterius</strong></span> <span class='ocrx_word' id='word_1_343' title='bbox 774 3199 938 3256; x_wconf 83' lang='lat' dir='ltr'><strong>agens</strong></span> <span class='ocrx_word' id='word_1_344' title='bbox 984 3181 1190 3253; x_wconf 91' lang='lat' dir='ltr'><strong>vulpis,</strong></span> <span class='ocrx_word' id='word_1_345' title='bbox 1239 3180 1291 3235; x_wconf 91' lang='lat' dir='ltr'><strong>in</strong></span> <span class='ocrx_word' id='word_1_346' title='bbox 1342 3179 1528 3236; x_wconf 91' lang='lat' dir='ltr'><strong>eadem</strong></span> <span class='ocrx_word' id='word_1_347' title='bbox 1583 3179 1753 3234; x_wconf 89' lang='lat' dir='ltr'><strong>forma</strong></span> <span class='ocrx_word' id='word_1_348' title='bbox 1786 3175 1977 3247; x_wconf 90' lang='lat' dir='ltr'><strong>prioris</strong></span> <span class='ocrx_word' id='word_1_349' title='bbox 2025 3190 2117 3245; x_wconf 85' lang='lat' dir='ltr'><strong>pa-</strong></span> 
     </span>
    </p>
   </div>
   <div class='ocr_carea' id='block_1_47' title="bbox 523 3269 2116 3343">
    <p class='ocr_par' dir='ltr' id='par_1_47' title="bbox 523 3269 2116 3343">
     <span class='ocr_line' id='line_1_47' title="bbox 523 3269 2116 3343; baseline -0.01 -6"><span class='ocrx_word' id='word_1_350' title='bbox 523 3279 627 3337; x_wconf 88' lang='lat' dir='ltr'><strong>lam</strong></span> <span class='ocrx_word' id='word_1_351' title='bbox 659 3273 906 3334; x_wconf 87' lang='lat' dir='ltr'><strong>omnibus</strong></span> <span class='ocrx_word' id='word_1_352' title='bbox 931 3276 1076 3331; x_wconf 86' lang='lat' dir='ltr'><strong>lusit.</strong></span> <span class='ocrx_word' id='word_1_353' title='bbox 1125 3275 1277 3329; x_wconf 87' lang='lat' dir='ltr'><strong>Tunc</strong></span> <span class='ocrx_word' id='word_1_354' title='bbox 1309 3290 1402 3328; x_wconf 81' lang='lat' dir='ltr'><strong>rex</strong></span> <span class='ocrx_word' id='word_1_355' title='bbox 1430 3274 1669 3343; x_wconf 82' lang='lat' dir='ltr'><strong>placatus</strong></span> <span class='ocrx_word' id='word_1_356' title='bbox 1720 3280 1823 3338; x_wconf 90' lang='lat' dir='ltr'><strong>est,</strong></span> <span class='ocrx_word' id='word_1_357' title='bbox 1875 3270 1992 3325; x_wconf 74' lang='lat' dir='ltr'><strong>haec</strong></span> <span class='ocrx_word' id='word_1_358' title='bbox 2041 3269 2116 3322; x_wconf 92' lang='lat' dir='ltr'><strong>vi-</strong></span> 
     </span>
    </p>
   </div>
   <div class='ocr_carea' id='block_1_48' title="bbox 2211 2030 3808 2113">
    <p class='ocr_par' dir='ltr' id='par_1_48' title="bbox 2211 2030 3808 2113">
     <span class='ocr_line' id='line_1_48' title="bbox 2211 2030 3808 2113; baseline 0.002 -19"><span class='ocrx_word' id='word_1_359' title='bbox 2211 2030 2292 2094; x_wconf 83' lang='lat' dir='ltr'><strong>ter</strong></span> <span class='ocrx_word' id='word_1_360' title='bbox 2333 2048 2603 2095; x_wconf 47' lang='lat' dir='ltr'><strong>veneratur.</strong></span> <span class='ocrx_word' id='word_1_361' title='bbox 2655 2041 2914 2112; x_wconf 83' lang='lat' dir='ltr'><strong>virginis,</strong></span> <span class='ocrx_word' id='word_1_362' title='bbox 2962 2043 3217 2110; x_wconf 90' lang='lat' dir='ltr'><strong>volentis,</strong></span> <span class='ocrx_word' id='word_1_363' title='bbox 3271 2043 3486 2100; x_wconf 85' lang='lat' dir='ltr'><strong>Domini</strong></span> <span class='ocrx_word' id='word_1_364' title='bbox 3538 2041 3808 2113; x_wconf 75' lang='lat' dir='ltr'><strong>exemplo,</strong></span> 
     </span>
    </p>
   </div>
   <div class='ocr_carea' id='block_1_49' title="bbox 2209 2133 3595 2215">
    <p class='ocr_par' dir='ltr' id='par_1_49' title="bbox 2209 2133 3595 2215">
     <span class='ocr_line' id='line_1_49' title="bbox 2209 2133 3595 2215; baseline 0.001 -26"><span class='ocrx_word' id='word_1_365' title='bbox 2209 2147 2396 2215; x_wconf 88' lang='lat' dir='ltr'><strong>omnes</strong></span> <span class='ocrx_word' id='word_1_366' title='bbox 2423 2133 2600 2190; x_wconf 91' lang='lat' dir='ltr'><strong>salvos</strong></span> <span class='ocrx_word' id='word_1_367' title='bbox 2630 2134 2765 2202; x_wconf 92' lang='lat' dir='ltr'><strong>fieri,</strong></span> <span class='ocrx_word' id='word_1_368' title='bbox 2797 2144 2851 2192; x_wconf 92' lang='lat' dir='ltr'><strong>et</strong></span> <span class='ocrx_word' id='word_1_369' title='bbox 2878 2135 2944 2190; x_wconf 91' lang='lat' dir='ltr'><strong>ad</strong></span> <span class='ocrx_word' id='word_1_370' title='bbox 2966 2137 3289 2206; x_wconf 84' lang='lat' dir='ltr'><strong>agnitionem</strong></span> <span class='ocrx_word' id='word_1_371' title='bbox 3326 2136 3595 2193; x_wconf 67' lang='lat' dir='ltr'><strong>veritatis.</strong></span> 
     </span>
    </p>
   </div>
   <div class='ocr_carea' id='block_1_50' title="bbox 2284 2229 3814 2301">
    <p class='ocr_par' dir='ltr' id='par_1_50' title="bbox 2284 2229 3814 2301">
     <span class='ocr_line' id='line_1_50' title="bbox 2284 2229 3814 2301; baseline 0.003 -17"><span class='ocrx_word' id='word_1_372' title='bbox 2284 2229 2351 2284; x_wconf 86' lang='lat' dir='ltr'><strong>Et</strong></span> <span class='ocrx_word' id='word_1_373' title='bbox 2383 2230 2721 2301; x_wconf 84' lang='lat' dir='ltr'><strong>egredientes</strong></span> <span class='ocrx_word' id='word_1_374' title='bbox 2773 2231 2850 2286; x_wconf 91' lang='lat' dir='ltr'><strong>illi</strong></span> <span class='ocrx_word' id='word_1_375' title='bbox 2901 2231 3088 2287; x_wconf 89' lang='lat' dir='ltr'><strong>nefarii</strong></span> <span class='ocrx_word' id='word_1_376' title='bbox 3139 2233 3424 2301; x_wconf 88' lang='lat' dir='ltr'><strong>imaginem</strong></span> <span class='ocrx_word' id='word_1_377' title='bbox 3468 2233 3646 2289; x_wconf 85' lang='lat' dir='ltr'><strong>instar</strong></span> <span class='ocrx_word' id='word_1_378' title='bbox 3691 2230 3814 2300; x_wconf 77' lang='lat' dir='ltr'><strong>vrri,</strong></span> 
     </span>
    </p>
   </div>
   <div class='ocr_carea' id='block_1_51' title="bbox 2210 2323 3812 2398">
    <p class='ocr_par' dir='ltr' id='par_1_51' title="bbox 2210 2323 3812 2398">
     <span class='ocr_line' id='line_1_51' title="bbox 2210 2323 3812 2398; baseline 0.004 -20"><span class='ocrx_word' id='word_1_379' title='bbox 2210 2338 2369 2394; x_wconf 90' lang='lat' dir='ltr'><strong>quem</strong></span> <span class='ocrx_word' id='word_1_380' title='bbox 2403 2323 2714 2380; x_wconf 89' lang='lat' dir='ltr'><strong>debuissent</strong></span> <span class='ocrx_word' id='word_1_381' title='bbox 2736 2324 3001 2396; x_wconf 83' lang='lat' dir='ltr'><strong>jugulare,</strong></span> <span class='ocrx_word' id='word_1_382' title='bbox 3037 2326 3494 2398; x_wconf 89' lang='lat' dir='ltr'><strong>contemplantes,</strong></span> <span class='ocrx_word' id='word_1_383' title='bbox 3529 2337 3586 2384; x_wconf 86' lang='lat' dir='ltr'><strong>et</strong></span> <span class='ocrx_word' id='word_1_384' title='bbox 3638 2329 3812 2384; x_wconf 81' lang='lat' dir='ltr'><strong>conti-</strong></span> 
     </span>
    </p>
   </div>
   <div class='ocr_carea' id='block_1_52' title="bbox 2212 2419 3813 2490">
    <p class='ocr_par' dir='ltr' id='par_1_52' title="bbox 2212 2419 3813 2490">
     <span class='ocr_line' id='line_1_52' title="bbox 2212 2419 3813 2490; baseline 0.004 -16"><span class='ocrx_word' id='word_1_385' title='bbox 2212 2434 2318 2474; x_wconf 93' lang='lat' dir='ltr'><strong>nuo</strong></span> <span class='ocrx_word' id='word_1_386' title='bbox 2352 2419 2462 2473; x_wconf 85' lang='lat' dir='ltr'><strong>suis</strong></span> <span class='ocrx_word' id='word_1_387' title='bbox 2491 2419 2794 2490; x_wconf 87' lang='lat' dir='ltr'><strong>jugulantes</strong></span> <span class='ocrx_word' id='word_1_388' title='bbox 2839 2419 3063 2487; x_wconf 91' lang='lat' dir='ltr'><strong>lanceis,</strong></span> <span class='ocrx_word' id='word_1_389' title='bbox 3119 2429 3175 2475; x_wconf 92' lang='lat' dir='ltr'><strong>et</strong></span> <span class='ocrx_word' id='word_1_390' title='bbox 3219 2420 3411 2490; x_wconf 84' lang='lat' dir='ltr'><strong>gladiis</strong></span> <span class='ocrx_word' id='word_1_391' title='bbox 3453 2419 3813 2489; x_wconf 89' lang='lat' dir='ltr'><strong>decollantes,</strong></span> 
     </span>
    </p>
   </div>
   <div class='ocr_carea' id='block_1_53' title="bbox 2212 2513 3812 2585">
    <p class='ocr_par' dir='ltr' id='par_1_53' title="bbox 2212 2513 3812 2585">
     <span class='ocr_line' id='line_1_53' title="bbox 2212 2513 3812 2585; baseline 0.004 -19"><span class='ocrx_word' id='word_1_392' title='bbox 2212 2513 2364 2585; x_wconf 90' lang='lat' dir='ltr'><strong>quasi</strong></span> <span class='ocrx_word' id='word_1_393' title='bbox 2395 2523 2512 2583; x_wconf 89' lang='lat' dir='ltr'><strong>pcst</strong></span> <span class='ocrx_word' id='word_1_394' title='bbox 2543 2513 2872 2582; x_wconf 86' lang='lat' dir='ltr'><strong>triumphum</strong></span> <span class='ocrx_word' id='word_1_395' title='bbox 2902 2513 2970 2569; x_wconf 89' lang='lat' dir='ltr'><strong>de</strong></span> <span class='ocrx_word' id='word_1_396' title='bbox 3001 2529 3099 2568; x_wconf 92' lang='lat' dir='ltr'><strong>suo</strong></span> <span class='ocrx_word' id='word_1_397' title='bbox 3147 2515 3461 2570; x_wconf 87' lang='lat' dir='ltr'><strong>adversario</strong></span> <span class='ocrx_word' id='word_1_398' title='bbox 3491 2516 3660 2571; x_wconf 86' lang='lat' dir='ltr'><strong>armis</strong></span> <span class='ocrx_word' id='word_1_399' title='bbox 3690 2531 3812 2572; x_wconf 77' lang='lat' dir='ltr'><strong>san-</strong></span> 
     </span>
    </p>
   </div>
   <div class='ocr_carea' id='block_1_54' title="bbox 2213 2597 3810 2680">
    <p class='ocr_par' dir='ltr' id='par_1_54' title="bbox 2213 2597 3810 2680">
     <span class='ocr_line' id='line_1_54' title="bbox 2213 2597 3810 2680; baseline 0.002 -18"><span class='ocrx_word' id='word_1_400' title='bbox 2213 2608 2426 2678; x_wconf 90' lang='lat' dir='ltr'><strong>guineis</strong></span> <span class='ocrx_word' id='word_1_401' title='bbox 2457 2610 2657 2664; x_wconf 90' lang='lat' dir='ltr'><strong>reversi</strong></span> <span class='ocrx_word' id='word_1_402' title='bbox 2691 2609 2872 2664; x_wconf 88' lang='lat' dir='ltr'><strong>multis</strong></span> <span class='ocrx_word' id='word_1_403' title='bbox 2892 2619 3278 2680; x_wconf 89' lang='lat' dir='ltr'><strong>apparuerunt.</strong></span> <span class='ocrx_word' id='word_1_404' title='bbox 3303 2609 3492 2666; x_wconf 82' lang='lat' dir='ltr'><strong>Mirum</strong></span> <span class='ocrx_word' id='word_1_405' title='bbox 3520 2597 3572 2666; x_wconf 83' lang='lat' dir='ltr'><strong>in</strong></span> <span class='ocrx_word' id='word_1_406' title='bbox 3597 2610 3810 2667; x_wconf 87' lang='lat' dir='ltr'><strong>modum</strong></span> 
     </span>
    </p>
   </div>
   <div class='ocr_carea' id='block_1_55' title="bbox 2219 2702 3812 2774">
    <p class='ocr_par' dir='ltr' id='par_1_55' title="bbox 2219 2702 3812 2774">
     <span class='ocr_line' id='line_1_55' title="bbox 2219 2702 3812 2774; baseline 0.002 -18"><span class='ocrx_word' id='word_1_407' title='bbox 2219 2713 2340 2756; x_wconf 90' lang='lat' dir='ltr'><strong>cum</strong></span> <span class='ocrx_word' id='word_1_408' title='bbox 2375 2702 2643 2759; x_wconf 80' lang='lat' dir='ltr'><strong>neminem</strong></span> <span class='ocrx_word' id='word_1_409' title='bbox 2674 2703 3017 2771; x_wconf 91' lang='lat' dir='ltr'><strong>occiderent,</strong></span> <span class='ocrx_word' id='word_1_410' title='bbox 3049 2705 3154 2760; x_wconf 90' lang='lat' dir='ltr'><strong>illis</strong></span> <span class='ocrx_word' id='word_1_411' title='bbox 3195 2706 3366 2760; x_wconf 91' lang='lat' dir='ltr'><strong>visum</strong></span> <span class='ocrx_word' id='word_1_412' title='bbox 3397 2714 3480 2760; x_wconf 91' lang='lat' dir='ltr'><strong>est</strong></span> <span class='ocrx_word' id='word_1_413' title='bbox 3512 2705 3812 2774; x_wconf 80' lang='lat' dir='ltr'><strong>complesse</strong></span> 
     </span>
    </p>
   </div>
   <div class='ocr_carea' id='block_1_56' title="bbox 2216 2797 3812 2867">
    <p class='ocr_par' dir='ltr' id='par_1_56' title="bbox 2216 2797 3812 2867">
     <span class='ocr_line' id='line_1_56' title="bbox 2216 2797 3812 2867; baseline -0.001 -17"><span class='ocrx_word' id='word_1_414' title='bbox 2216 2809 2311 2850; x_wconf 66' lang='lat' dir='ltr'><strong>stta</strong></span> <span class='ocrx_word' id='word_1_415' title='bbox 2341 2805 2490 2863; x_wconf 84' lang='lat' dir='ltr'><strong>vota;</strong></span> <span class='ocrx_word' id='word_1_416' title='bbox 2522 2805 2681 2867; x_wconf 90' lang='lat' dir='ltr'><strong>atque</strong></span> <span class='ocrx_word' id='word_1_417' title='bbox 2709 2812 2829 2851; x_wconf 81' lang='lat' dir='ltr'><strong>cum</strong></span> <span class='ocrx_word' id='word_1_418' title='bbox 2859 2811 3017 2851; x_wconf 91' lang='lat' dir='ltr'><strong>nemo</strong></span> <span class='ocrx_word' id='word_1_419' title='bbox 3048 2797 3232 2853; x_wconf 75' lang='lat' dir='ltr'><strong>deerat</strong></span> <span class='ocrx_word' id='word_1_420' title='bbox 3259 2797 3328 2852; x_wconf 87' lang='lat' dir='ltr'><strong>de</strong></span> <span class='ocrx_word' id='word_1_421' title='bbox 3359 2797 3448 2851; x_wconf 86' lang='lat' dir='ltr'><strong>illa</strong></span> <span class='ocrx_word' id='word_1_422' title='bbox 3496 2798 3776 2866; x_wconf 88' lang='lat' dir='ltr'><strong>provincia</strong></span> <span class='ocrx_word' id='word_1_423' title='bbox 3797 2837 3812 2861; x_wconf 84' lang='lat'><strong>,</strong></span> 
     </span>
    </p>
   </div>
   <div class='ocr_carea' id='block_1_57' title="bbox 2217 2889 3809 2962">
    <p class='ocr_par' dir='ltr' id='par_1_57' title="bbox 2217 2889 3809 2962">
     <span class='ocr_line' id='line_1_57' title="bbox 2217 2889 3809 2962; baseline -0.001 -17"><span class='ocrx_word' id='word_1_424' title='bbox 2217 2889 2284 2945; x_wconf 91' lang='lat' dir='ltr'><strong>de</strong></span> <span class='ocrx_word' id='word_1_425' title='bbox 2316 2905 2420 2960; x_wconf 89' lang='lat' dir='ltr'><strong>quo</strong></span> <span class='ocrx_word' id='word_1_426' title='bbox 2452 2889 2528 2945; x_wconf 93' lang='lat' dir='ltr'><strong>illi</strong></span> <span class='ocrx_word' id='word_1_427' title='bbox 2562 2890 2978 2960; x_wconf 89' lang='lat' dir='ltr'><strong>triumpharent,</strong></span> <span class='ocrx_word' id='word_1_428' title='bbox 3012 2891 3229 2962; x_wconf 89' lang='lat' dir='ltr'><strong>largitas</strong></span> <span class='ocrx_word' id='word_1_429' title='bbox 3259 2890 3424 2946; x_wconf 88' lang='lat' dir='ltr'><strong>divini</strong></span> <span class='ocrx_word' id='word_1_430' title='bbox 3457 2892 3699 2946; x_wconf 85' lang='lat' dir='ltr'><strong>muneris</strong></span> <span class='ocrx_word' id='word_1_431' title='bbox 3726 2907 3809 2960; x_wconf 82' lang='lat' dir='ltr'><strong>pet</strong></span> 
     </span>
    </p>
   </div>
   <div class='ocr_carea' id='block_1_58' title="bbox 2217 2983 3814 3055">
    <p class='ocr_par' dir='ltr' id='par_1_58' title="bbox 2217 2983 3814 3055">
     <span class='ocr_line' id='line_1_58' title="bbox 2217 2983 3814 3055; baseline -0.003 -14"><span class='ocrx_word' id='word_1_432' title='bbox 2217 2984 2610 3041; x_wconf 87' lang='lat' dir='ltr'><strong>sanctissimam</strong></span> <span class='ocrx_word' id='word_1_433' title='bbox 2647 2984 2913 3055; x_wconf 76' lang='lat' dir='ltr'><strong>Brigitlam</strong></span> <span class='ocrx_word' id='word_1_434' title='bbox 2967 2985 3102 3042; x_wconf 89' lang='lat' dir='ltr'><strong>facta</strong></span> <span class='ocrx_word' id='word_1_435' title='bbox 3152 2985 3400 3041; x_wconf 91' lang='lat' dir='ltr'><strong>omnibus</strong></span> <span class='ocrx_word' id='word_1_436' title='bbox 3447 2983 3703 3040; x_wconf 74' lang='lat' dir='ltr'><strong>innotuit.</strong></span> <span class='ocrx_word' id='word_1_437' title='bbox 3757 2983 3814 3036; x_wconf 83' lang='lat' dir='ltr'><strong>Et</strong></span> 
     </span>
    </p>
   </div>
   <div class='ocr_carea' id='block_1_59' title="bbox 2217 3078 3814 3152">
    <p class='ocr_par' dir='ltr' id='par_1_59' title="bbox 2217 3078 3814 3152">
     <span class='ocr_line' id='line_1_59' title="bbox 2217 3078 3814 3152; baseline -0.002 -18"><span class='ocrx_word' id='word_1_438' title='bbox 2217 3079 2294 3134; x_wconf 90' lang='lat' dir='ltr'><strong>sic</strong></span> <span class='ocrx_word' id='word_1_439' title='bbox 2327 3078 2402 3134; x_wconf 91' lang='lat' dir='ltr'><strong>illi</strong></span> <span class='ocrx_word' id='word_1_440' title='bbox 2431 3080 2523 3151; x_wconf 92' lang='lat' dir='ltr'><strong>qui</strong></span> <span class='ocrx_word' id='word_1_441' title='bbox 2562 3090 2716 3135; x_wconf 89' lang='lat' dir='ltr'><strong>antea</strong></span> <span class='ocrx_word' id='word_1_442' title='bbox 2747 3091 2902 3137; x_wconf 87' lang='lat' dir='ltr'><strong>erant</strong></span> <span class='ocrx_word' id='word_1_443' title='bbox 2948 3081 3252 3148; x_wconf 66' lang='lat' dir='ltr'><strong>homicidae,</strong></span> <span class='ocrx_word' id='word_1_444' title='bbox 3302 3096 3398 3152; x_wconf 90' lang='lat' dir='ltr'><strong>per</strong></span> <span class='ocrx_word' id='word_1_445' title='bbox 3447 3079 3814 3152; x_wconf 68' lang='lat' dir='ltr'><strong>paenitentiam</strong></span> 
     </span>
    </p>
   </div>
   <div class='ocr_carea' id='block_1_60' title="bbox 2218 3172 3061 3230">
    <p class='ocr_par' dir='ltr' id='par_1_60' title="bbox 2218 3172 3061 3230">
     <span class='ocr_line' id='line_1_60' title="bbox 2218 3172 3061 3230; baseline 0.002 -4"><span class='ocrx_word' id='word_1_446' title='bbox 2218 3173 2284 3226; x_wconf 88' lang='lat' dir='ltr'><strong>ad</strong></span> <span class='ocrx_word' id='word_1_447' title='bbox 2318 3172 2601 3228; x_wconf 88' lang='lat' dir='ltr'><strong>Dominum</strong></span> <span class='ocrx_word' id='word_1_448' title='bbox 2631 3174 2879 3230; x_wconf 89' lang='lat' dir='ltr'><strong>conversi</strong></span> <span class='ocrx_word' id='word_1_449' title='bbox 2919 3183 3061 3230; x_wconf 83' lang='lat' dir='ltr'><strong>sunt.</strong></span> 
     </span>
    </p>
   </div>
   <div class='ocr_carea' id='block_1_61' title="bbox 2271 3266 3810 3340">
    <p class='ocr_par' dir='ltr' id='par_1_61' title="bbox 2271 3266 3810 3340">
     <span class='ocr_line' id='line_1_61' title="bbox 2271 3266 3810 3340; baseline 0 -18"><span class='ocrx_word' id='word_1_450' title='bbox 2271 3266 2359 3333; x_wconf 60' lang='lat' dir='ltr'><strong>,Et</strong></span> <span class='ocrx_word' id='word_1_451' title='bbox 2387 3267 2441 3322; x_wconf 92' lang='lat' dir='ltr'><strong>in</strong></span> <span class='ocrx_word' id='word_1_452' title='bbox 2469 3266 2572 3324; x_wconf 90' lang='lat' dir='ltr'><strong>hoc</strong></span> <span class='ocrx_word' id='word_1_453' title='bbox 2602 3284 2765 3339; x_wconf 88' lang='lat' dir='ltr'><strong>opere</strong></span> <span class='ocrx_word' id='word_1_454' title='bbox 2811 3283 2906 3340; x_wconf 90' lang='lat' dir='ltr'><strong>per</strong></span> <span class='ocrx_word' id='word_1_455' title='bbox 2945 3277 3185 3324; x_wconf 85' lang='lat' dir='ltr'><strong>sanctam</strong></span> <span class='ocrx_word' id='word_1_456' title='bbox 3220 3266 3490 3339; x_wconf 82' lang='lat' dir='ltr'><strong>Brigidam</strong></span> <span class='ocrx_word' id='word_1_457' title='bbox 3547 3267 3694 3322; x_wconf 75' lang='lat' dir='ltr'><strong>cultu</strong></span> <span class='ocrx_word' id='word_1_458' title='bbox 3744 3268 3810 3322; x_wconf 86' lang='lat' dir='ltr'><strong>itt-</strong></span> 
     </span>
    </p>
   </div>
   <div class='ocr_carea' id='block_1_62' title="bbox 525 3357 3815 3438">
    <p class='ocr_par' dir='ltr' id='par_1_62' title="bbox 525 3357 3815 3438">
     <span class='ocr_line' id='line_1_62' title="bbox 525 3357 3815 3438; baseline -0.004 -9"><span class='ocrx_word' id='word_1_459' title='bbox 525 3373 680 3438; x_wconf 87' lang='lat' dir='ltr'><strong>dens,</strong></span> <span class='ocrx_word' id='word_1_460' title='bbox 710 3378 763 3425; x_wconf 93' lang='lat' dir='ltr'><strong>et</strong></span> <span class='ocrx_word' id='word_1_461' title='bbox 787 3370 1073 3438; x_wconf 87' lang='lat' dir='ltr'><strong>optimates</strong></span> <span class='ocrx_word' id='word_1_462' title='bbox 1100 3367 1215 3436; x_wconf 91' lang='lat' dir='ltr'><strong>ejus</strong></span> <span class='ocrx_word' id='word_1_463' title='bbox 1243 3381 1362 3422; x_wconf 90' lang='lat' dir='ltr'><strong>cum</strong></span> <span class='ocrx_word' id='word_1_464' title='bbox 1408 3365 1606 3436; x_wconf 90' lang='lat' dir='ltr'><strong>ingenti</strong></span> <span class='ocrx_word' id='word_1_465' title='bbox 1635 3363 1822 3436; x_wconf 90' lang='lat' dir='ltr'><strong>plausu</strong></span> <span class='ocrx_word' id='word_1_466' title='bbox 1867 3363 2108 3419; x_wconf 89' lang='lat' dir='ltr'><strong>multitu-</strong></span> <span class='ocrx_word' id='word_1_467' title='bbox 2141 3357 2186 3422; x_wconf 91' lang='lat' dir='ltr'>C</span> <span class='ocrx_word' id='word_1_468' title='bbox 2217 3363 2503 3420; x_wconf 89' lang='lat' dir='ltr'><strong>enarrabili</strong></span> <span class='ocrx_word' id='word_1_469' title='bbox 2531 3379 2699 3421; x_wconf 72' lang='lat' dir='ltr'><strong>sacrae</strong></span> <span class='ocrx_word' id='word_1_470' title='bbox 2729 3364 3000 3435; x_wconf 81' lang='lat' dir='ltr'><strong>religionis</strong></span> <span class='ocrx_word' id='word_1_471' title='bbox 3028 3363 3206 3419; x_wconf 87' lang='lat' dir='ltr'><strong>divina</strong></span> <span class='ocrx_word' id='word_1_472' title='bbox 3241 3362 3580 3418; x_wconf 72' lang='lat' dir='ltr'><strong>manifestata</strong></span> <span class='ocrx_word' id='word_1_473' title='bbox 3612 3373 3694 3418; x_wconf 84' lang='lat' dir='ltr'><strong>est</strong></span> <span class='ocrx_word' id='word_1_474' title='bbox 3723 3375 3815 3432; x_wconf 87' lang='lat' dir='ltr'><strong>po-</strong></span> 
     </span>
    </p>
   </div>
   <div class='ocr_carea' id='block_1_63' title="bbox 527 3459 2124 3527">
    <p class='ocr_par' dir='ltr' id='par_1_63' title="bbox 527 3459 2124 3527">
     <span class='ocr_line' id='line_1_63' title="bbox 527 3459 2124 3527; baseline -0.001 -7"><span class='ocrx_word' id='word_1_475' title='bbox 527 3465 669 3521; x_wconf 89' lang='lat' dir='ltr'><strong>dinis</strong></span> <span class='ocrx_word' id='word_1_476' title='bbox 711 3463 1028 3520; x_wconf 88' lang='lat' dir='ltr'><strong>admirantis</strong></span> <span class='ocrx_word' id='word_1_477' title='bbox 1073 3462 1320 3517; x_wconf 75' lang='lat' dir='ltr'><strong>mirabile</strong></span> <span class='ocrx_word' id='word_1_478' title='bbox 1367 3461 1594 3527; x_wconf 90' lang='lat' dir='ltr'><strong>factum,</strong></span> <span class='ocrx_word' id='word_1_479' title='bbox 1650 3460 1797 3516; x_wconf 86' lang='lat' dir='ltr'><strong>illum</strong></span> <span class='ocrx_word' id='word_1_480' title='bbox 1846 3459 2017 3527; x_wconf 88' lang='lat' dir='ltr'><strong>solvi,</strong></span> <span class='ocrx_word' id='word_1_481' title='bbox 2067 3469 2124 3518; x_wconf 87' lang='lat' dir='ltr'><strong>et</strong></span> 
     </span>
    </p>
   </div>
   <div class='ocr_carea' id='block_1_64' title="bbox 529 3550 2026 3625">
    <p class='ocr_par' dir='ltr' id='par_1_64' title="bbox 529 3550 2026 3625">
     <span class='ocr_line' id='line_1_64' title="bbox 529 3550 2026 3625; baseline -0.007 -10"><span class='ocrx_word' id='word_1_482' title='bbox 529 3558 757 3615; x_wconf 89' lang='lat' dir='ltr'><strong>liberum</strong></span> <span class='ocrx_word' id='word_1_483' title='bbox 790 3556 961 3622; x_wconf 91' lang='lat' dir='ltr'><strong>abire,</strong></span> <span class='ocrx_word' id='word_1_484' title='bbox 993 3554 1084 3625; x_wconf 86' lang='lat' dir='ltr'><strong>qui</strong></span> <span class='ocrx_word' id='word_1_485' title='bbox 1115 3552 1289 3609; x_wconf 87' lang='lat' dir='ltr'><strong>fuerat</strong></span> <span class='ocrx_word' id='word_1_486' title='bbox 1317 3563 1442 3607; x_wconf 86' lang='lat' dir='ltr'><strong>ante</strong></span> <span class='ocrx_word' id='word_1_487' title='bbox 1471 3565 1594 3607; x_wconf 90' lang='lat' dir='ltr'><strong>reus</strong></span> <span class='ocrx_word' id='word_1_488' title='bbox 1621 3550 1820 3619; x_wconf 89' lang='lat' dir='ltr'><strong>delicti,</strong></span> <span class='ocrx_word' id='word_1_489' title='bbox 1845 3551 2026 3621; x_wconf 89' lang='lat' dir='ltr'><strong>jussit.</strong></span> 
     </span>
    </p>
   </div>
   <div class='ocr_carea' id='block_1_65' title="bbox 601 3646 2123 3720">
    <p class='ocr_par' dir='ltr' id='par_1_65' title="bbox 601 3646 2123 3720">
     <span class='ocr_line' id='line_1_65' title="bbox 601 3646 2123 3720; baseline -0.004 -12"><span class='ocrx_word' id='word_1_490' title='bbox 601 3652 708 3708; x_wconf 79' lang='lat' dir='ltr'><strong>Nec</strong></span> <span class='ocrx_word' id='word_1_491' title='bbox 736 3651 904 3707; x_wconf 92' lang='lat' dir='ltr'><strong>multo</strong></span> <span class='ocrx_word' id='word_1_492' title='bbox 935 3658 1080 3720; x_wconf 86' lang='lat' dir='ltr'><strong>post,</strong></span> <span class='ocrx_word' id='word_1_493' title='bbox 1113 3663 1234 3704; x_wconf 93' lang='lat' dir='ltr'><strong>cum</strong></span> <span class='ocrx_word' id='word_1_494' title='bbox 1265 3656 1447 3703; x_wconf 88' lang='lat' dir='ltr'><strong>sancta</strong></span> <span class='ocrx_word' id='word_1_495' title='bbox 1493 3646 1707 3716; x_wconf 87' lang='lat' dir='ltr'><strong>Brigida</strong></span> <span class='ocrx_word' id='word_1_496' title='bbox 1738 3649 2004 3705; x_wconf 81' lang='lat' dir='ltr'><strong>solutione</strong></span> <span class='ocrx_word' id='word_1_497' title='bbox 2032 3649 2123 3719; x_wconf 39' lang='lat' dir='ltr'><strong>,ip-</strong></span> 
     </span>
    </p>
   </div>
   <div class='ocr_carea' id='block_1_66' title="bbox 530 3740 2122 3812">
    <p class='ocr_par' dir='ltr' id='par_1_66' title="bbox 530 3740 2122 3812">
     <span class='ocr_line' id='line_1_66' title="bbox 530 3740 2122 3812; baseline -0.002 -11"><span class='ocrx_word' id='word_1_498' title='bbox 530 3745 642 3802; x_wconf 88' lang='lat' dir='ltr'><strong>sius</strong></span> <span class='ocrx_word' id='word_1_499' title='bbox 670 3752 726 3800; x_wconf 89' lang='lat' dir='ltr'><strong>et</strong></span> <span class='ocrx_word' id='word_1_500' title='bbox 756 3743 1003 3799; x_wconf 84' lang='lat' dir='ltr'><strong>libertate</strong></span> <span class='ocrx_word' id='word_1_501' title='bbox 1031 3742 1165 3796; x_wconf 87' lang='lat' dir='ltr'><strong>facta</strong></span> <span class='ocrx_word' id='word_1_502' title='bbox 1186 3784 1199 3809; x_wconf 93' lang='lat'><strong>,</strong></span> <span class='ocrx_word' id='word_1_503' title='bbox 1229 3741 1295 3797; x_wconf 89' lang='lat' dir='ltr'><strong>ad</strong></span> <span class='ocrx_word' id='word_1_504' title='bbox 1326 3755 1476 3798; x_wconf 89' lang='lat' dir='ltr'><strong>suam</strong></span> <span class='ocrx_word' id='word_1_505' title='bbox 1507 3740 1706 3797; x_wconf 88' lang='lat' dir='ltr'><strong>rediret</strong></span> <span class='ocrx_word' id='word_1_506' title='bbox 1734 3743 1975 3805; x_wconf 89' lang='lat' dir='ltr'><strong>domum,</strong></span> <span class='ocrx_word' id='word_1_507' title='bbox 2011 3743 2122 3812; x_wconf 87' lang='lat' dir='ltr'><strong>ipsa</strong></span> 
     </span>
    </p>
   </div>
   <div class='ocr_carea' id='block_1_67' title="bbox 531 3837 2126 3909">
    <p class='ocr_par' dir='ltr' id='par_1_67' title="bbox 531 3837 2126 3909">
     <span class='ocr_line' id='line_1_67' title="bbox 531 3837 2126 3909; baseline 0.001 -15"><span class='ocrx_word' id='word_1_508' title='bbox 531 3838 720 3909; x_wconf 87' lang='lat' dir='ltr'><strong>vulpes</strong></span> <span class='ocrx_word' id='word_1_509' title='bbox 747 3837 936 3894; x_wconf 88' lang='lat' dir='ltr'><strong>dolosa</strong></span> <span class='ocrx_word' id='word_1_510' title='bbox 982 3851 1043 3893; x_wconf 92' lang='lat' dir='ltr'><strong>se</strong></span> <span class='ocrx_word' id='word_1_511' title='bbox 1091 3837 1228 3893; x_wconf 89' lang='lat' dir='ltr'><strong>inter</strong></span> <span class='ocrx_word' id='word_1_512' title='bbox 1279 3837 1461 3892; x_wconf 90' lang='lat' dir='ltr'><strong>turbas</strong></span> <span class='ocrx_word' id='word_1_513' title='bbox 1509 3847 1784 3905; x_wconf 90' lang='lat' dir='ltr'><strong>torquens,</strong></span> <span class='ocrx_word' id='word_1_514' title='bbox 1835 3847 1890 3892; x_wconf 91' lang='lat' dir='ltr'><strong>et</strong></span> <span class='ocrx_word' id='word_1_515' title='bbox 1934 3839 2126 3896; x_wconf 81' lang='lat' dir='ltr'><strong>callide</strong></span> 
     </span>
    </p>
   </div>
   <div class='ocr_carea' id='block_1_68' title="bbox 533 3929 2126 4002">
    <p class='ocr_par' dir='ltr' id='par_1_68' title="bbox 533 3929 2126 4002">
     <span class='ocr_line' id='line_1_68' title="bbox 533 3929 2126 4002; baseline -0.001 -13"><span class='ocrx_word' id='word_1_516' title='bbox 533 3946 776 4000; x_wconf 87' lang='lat' dir='ltr'><strong>movens,</strong></span> <span class='ocrx_word' id='word_1_517' title='bbox 809 3929 1031 4002; x_wconf 88' lang='lat' dir='ltr'><strong>fugitiva</strong></span> <span class='ocrx_word' id='word_1_518' title='bbox 1061 3930 1126 3985; x_wconf 90' lang='lat' dir='ltr'><strong>ad</strong></span> <span class='ocrx_word' id='word_1_519' title='bbox 1160 3931 1276 3985; x_wconf 90' lang='lat' dir='ltr'><strong>loca</strong></span> <span class='ocrx_word' id='word_1_520' title='bbox 1304 3931 1514 3987; x_wconf 88' lang='lat' dir='ltr'><strong>deserta</strong></span> <span class='ocrx_word' id='word_1_521' title='bbox 1560 3940 1614 3987; x_wconf 91' lang='lat' dir='ltr'><strong>et</strong></span> <span class='ocrx_word' id='word_1_522' title='bbox 1640 3931 1930 4000; x_wconf 87' lang='lat' dir='ltr'><strong>silvestria,</strong></span> <span class='ocrx_word' id='word_1_523' title='bbox 1958 3941 2011 3988; x_wconf 91' lang='lat' dir='ltr'><strong>et</strong></span> <span class='ocrx_word' id='word_1_524' title='bbox 2057 3933 2126 3988; x_wconf 88' lang='lat' dir='ltr'><strong>ad</strong></span> 
     </span>
    </p>
   </div>
   <div class='ocr_carea' id='block_1_69' title="bbox 535 4025 2126 4097">
    <p class='ocr_par' dir='ltr' id='par_1_69' title="bbox 535 4025 2126 4097">
     <span class='ocr_line' id='line_1_69' title="bbox 535 4025 2126 4097; baseline -0.003 -11"><span class='ocrx_word' id='word_1_525' title='bbox 535 4044 695 4086; x_wconf 89' lang='lat' dir='ltr'><strong>suum</strong></span> <span class='ocrx_word' id='word_1_526' title='bbox 718 4036 930 4086; x_wconf 87' lang='lat' dir='ltr'><strong>antrum</strong></span> <span class='ocrx_word' id='word_1_527' title='bbox 950 4071 965 4095; x_wconf 96' lang='lat'><strong>,</strong></span> <span class='ocrx_word' id='word_1_528' title='bbox 997 4025 1182 4082; x_wconf 89' lang='lat' dir='ltr'><strong>multis</strong></span> <span class='ocrx_word' id='word_1_529' title='bbox 1207 4025 1476 4096; x_wconf 90' lang='lat' dir='ltr'><strong>equitibus</strong></span> <span class='ocrx_word' id='word_1_530' title='bbox 1507 4035 1562 4080; x_wconf 92' lang='lat' dir='ltr'><strong>et</strong></span> <span class='ocrx_word' id='word_1_531' title='bbox 1606 4026 1828 4082; x_wconf 90' lang='lat' dir='ltr'><strong>canibus</strong></span> <span class='ocrx_word' id='word_1_532' title='bbox 1855 4028 2126 4097; x_wconf 88' lang='lat' dir='ltr'><strong>sequenti-</strong></span> 
     </span>
    </p>
   </div>
   <div class='ocr_carea' id='block_1_70' title="bbox 539 4120 2129 4192">
    <p class='ocr_par' dir='ltr' id='par_1_70' title="bbox 539 4120 2129 4192">
     <span class='ocr_line' id='line_1_70' title="bbox 539 4120 2129 4192; baseline -0.001 -13"><span class='ocrx_word' id='word_1_533' title='bbox 539 4125 642 4180; x_wconf 88' lang='lat' dir='ltr'><strong>bus</strong></span> <span class='ocrx_word' id='word_1_534' title='bbox 672 4138 753 4189; x_wconf 90' lang='lat' dir='ltr'><strong>se,</strong></span> <span class='ocrx_word' id='word_1_535' title='bbox 785 4120 1016 4178; x_wconf 90' lang='lat' dir='ltr'><strong>illudens</strong></span> <span class='ocrx_word' id='word_1_536' title='bbox 1044 4135 1109 4176; x_wconf 88' lang='lat' dir='ltr'><strong>ac</strong></span> <span class='ocrx_word' id='word_1_537' title='bbox 1139 4135 1233 4190; x_wconf 91' lang='lat' dir='ltr'><strong>per</strong></span> <span class='ocrx_word' id='word_1_538' title='bbox 1261 4129 1502 4191; x_wconf 90' lang='lat' dir='ltr'><strong>patentes</strong></span> <span class='ocrx_word' id='word_1_539' title='bbox 1529 4133 1749 4190; x_wconf 91' lang='lat' dir='ltr'><strong>campos</strong></span> <span class='ocrx_word' id='word_1_540' title='bbox 1781 4121 2017 4192; x_wconf 88' lang='lat' dir='ltr'><strong>fugiens,</strong></span> <span class='ocrx_word' id='word_1_541' title='bbox 2047 4123 2129 4178; x_wconf 92' lang='lat' dir='ltr'><strong>in-</strong></span> 
     </span>
    </p>
   </div>
   <div class='ocr_carea' id='block_1_71' title="bbox 536 4214 2127 4284">
    <p class='ocr_par' dir='ltr' id='par_1_71' title="bbox 536 4214 2127 4284">
     <span class='ocr_line' id='line_1_71' title="bbox 536 4214 2127 4284; baseline -0.002 -10"><span class='ocrx_word' id='word_1_542' title='bbox 536 4220 764 4274; x_wconf 86' lang='lat' dir='ltr'><strong>columis</strong></span> <span class='ocrx_word' id='word_1_543' title='bbox 790 4215 982 4273; x_wconf 89' lang='lat' dir='ltr'><strong>evasit.</strong></span> <span class='ocrx_word' id='word_1_544' title='bbox 1015 4215 1083 4270; x_wconf 84' lang='lat' dir='ltr'><strong>Et</strong></span> <span class='ocrx_word' id='word_1_545' title='bbox 1113 4229 1300 4271; x_wconf 90' lang='lat' dir='ltr'><strong>omnes</strong></span> <span class='ocrx_word' id='word_1_546' title='bbox 1331 4214 1691 4278; x_wconf 89' lang='lat' dir='ltr'><strong>admirantes,</strong></span> <span class='ocrx_word' id='word_1_547' title='bbox 1740 4214 1880 4284; x_wconf 90' lang='lat' dir='ltr'><strong>quod</strong></span> <span class='ocrx_word' id='word_1_548' title='bbox 1931 4217 2127 4272; x_wconf 87' lang='lat' dir='ltr'><strong>factum</strong></span> 
     </span>
    </p>
   </div>
   <div class='ocr_carea' id='block_1_72' title="bbox 534 4305 2129 4380">
    <p class='ocr_par' dir='ltr' id='par_1_72' title="bbox 534 4305 2129 4380">
     <span class='ocr_line' id='line_1_72' title="bbox 534 4305 2129 4380; baseline -0.001 -14"><span class='ocrx_word' id='word_1_549' title='bbox 534 4313 735 4379; x_wconf 86' lang='lat' dir='ltr'><strong>fuerat,</strong></span> <span class='ocrx_word' id='word_1_550' title='bbox 769 4307 1047 4380; x_wconf 89' lang='lat' dir='ltr'><strong>privilegio</strong></span> <span class='ocrx_word' id='word_1_551' title='bbox 1076 4305 1405 4374; x_wconf 87' lang='lat' dir='ltr'><strong>sanctitatis,</strong></span> <span class='ocrx_word' id='word_1_552' title='bbox 1439 4315 1492 4361; x_wconf 93' lang='lat' dir='ltr'><strong>et</strong></span> <span class='ocrx_word' id='word_1_553' title='bbox 1538 4308 1887 4378; x_wconf 60' lang='lat' dir='ltr'><strong>praerogativa</strong></span> <span class='ocrx_word' id='word_1_554' title='bbox 1936 4310 2129 4365; x_wconf 88' lang='lat' dir='ltr'><strong>multa-</strong></span> 
     </span>
    </p>
   </div>
   <div class='ocr_carea' id='block_1_73' title="bbox 536 4399 2131 4475">
    <p class='ocr_par' dir='ltr' id='par_1_73' title="bbox 536 4399 2131 4475">
     <span class='ocr_line' id='line_1_73' title="bbox 536 4399 2131 4475; baseline -0.001 -14"><span class='ocrx_word' id='word_1_555' title='bbox 536 4418 659 4461; x_wconf 91' lang='lat' dir='ltr'><strong>rum</strong></span> <span class='ocrx_word' id='word_1_556' title='bbox 709 4401 966 4460; x_wconf 90' lang='lat' dir='ltr'><strong>virtutum</strong></span> <span class='ocrx_word' id='word_1_557' title='bbox 1018 4414 1232 4470; x_wconf 89' lang='lat' dir='ltr'><strong>semper</strong></span> <span class='ocrx_word' id='word_1_558' title='bbox 1279 4399 1570 4471; x_wconf 88' lang='lat' dir='ltr'><strong>pollentem</strong></span> <span class='ocrx_word' id='word_1_559' title='bbox 1629 4400 1919 4470; x_wconf 87' lang='lat' dir='ltr'><strong>majoribus</strong></span> <span class='ocrx_word' id='word_1_560' title='bbox 1965 4405 2131 4475; x_wconf 88' lang='lat' dir='ltr'><strong>gestis</strong></span> 
     </span>
    </p>
   </div>
   <div class='ocr_carea' id='block_1_74' title="bbox 536 4493 1515 4566">
    <p class='ocr_par' dir='ltr' id='par_1_74' title="bbox 536 4493 1515 4566">
     <span class='ocr_line' id='line_1_74' title="bbox 536 4493 1515 4566; baseline -0.009 -8"><span class='ocrx_word' id='word_1_561' title='bbox 536 4509 775 4559; x_wconf 89' lang='lat' dir='ltr'><strong>sanctam</strong></span> <span class='ocrx_word' id='word_1_562' title='bbox 809 4498 1049 4555; x_wconf 89' lang='lat' dir='ltr'><strong>venerati</strong></span> <span class='ocrx_word' id='word_1_563' title='bbox 1077 4504 1202 4553; x_wconf 88' lang='lat' dir='ltr'><strong>sunt</strong></span> <span class='ocrx_word' id='word_1_564' title='bbox 1228 4493 1515 4566; x_wconf 89' lang='lat' dir='ltr'><strong>Brigidam.</strong></span> 
     </span>
    </p>
   </div>
   <div class='ocr_carea' id='block_1_75' title="bbox 609 4589 2131 4660">
    <p class='ocr_par' dir='ltr' id='par_1_75' title="bbox 609 4589 2131 4660">
     <span class='ocr_line' id='line_1_75' title="bbox 609 4589 2131 4660; baseline 0.001 -11"><span class='ocrx_word' id='word_1_565' title='bbox 609 4591 678 4648; x_wconf 83' lang='lat' dir='ltr'><strong>Et</strong></span> <span class='ocrx_word' id='word_1_566' title='bbox 704 4607 826 4649; x_wconf 90' lang='lat' dir='ltr'><strong>eum</strong></span> <span class='ocrx_word' id='word_1_567' title='bbox 859 4592 911 4646; x_wconf 91' lang='lat' dir='ltr'><strong>in</strong></span> <span class='ocrx_word' id='word_1_568' title='bbox 942 4591 1044 4646; x_wconf 87' lang='lat' dir='ltr'><strong>alia</strong></span> <span class='ocrx_word' id='word_1_569' title='bbox 1072 4589 1160 4646; x_wconf 90' lang='lat' dir='ltr'><strong>die</strong></span> <span class='ocrx_word' id='word_1_570' title='bbox 1191 4599 1626 4660; x_wconf 83' lang='lat' dir='ltr'><strong>anatespectore</strong></span> <span class='ocrx_word' id='word_1_571' title='bbox 1656 4593 1856 4649; x_wconf 89' lang='lat' dir='ltr'><strong>carnali</strong></span> <span class='ocrx_word' id='word_1_572' title='bbox 1885 4603 2131 4651; x_wconf 89' lang='lat' dir='ltr'><strong>natantes</strong></span> 
     </span>
    </p>
   </div>
   <div class='ocr_carea' id='block_1_76' title="bbox 535 4683 2129 4756">
    <p class='ocr_par' dir='ltr' id='par_1_76' title="bbox 535 4683 2129 4756">
     <span class='ocr_line' id='line_1_76' title="bbox 535 4683 2129 4756; baseline 0.001 -15"><span class='ocrx_word' id='word_1_573' title='bbox 535 4699 588 4742; x_wconf 86' lang='lat' dir='ltr'><strong>tn</strong></span> <span class='ocrx_word' id='word_1_574' title='bbox 622 4699 780 4756; x_wconf 89' lang='lat' dir='ltr'><strong>aqua,</strong></span> <span class='ocrx_word' id='word_1_575' title='bbox 811 4692 868 4740; x_wconf 92' lang='lat' dir='ltr'><strong>et</strong></span> <span class='ocrx_word' id='word_1_576' title='bbox 908 4698 1001 4754; x_wconf 89' lang='lat' dir='ltr'><strong>per</strong></span> <span class='ocrx_word' id='word_1_577' title='bbox 1028 4696 1154 4740; x_wconf 89' lang='lat' dir='ltr'><strong>aera</strong></span> <span class='ocrx_word' id='word_1_578' title='bbox 1185 4683 1451 4740; x_wconf 91' lang='lat' dir='ltr'><strong>interdum</strong></span> <span class='ocrx_word' id='word_1_579' title='bbox 1497 4683 1803 4753; x_wconf 87' lang='lat' dir='ltr'><strong>volitantes,</strong></span> <span class='ocrx_word' id='word_1_580' title='bbox 1853 4686 2006 4744; x_wconf 85' lang='lat' dir='ltr'><strong>beata</strong></span> <span class='ocrx_word' id='word_1_581' title='bbox 2051 4689 2129 4742; x_wconf 92' lang='lat' dir='ltr'><strong>vi-</strong></span> 
     </span>
    </p>
   </div>
   <div class='ocr_carea' id='block_1_77' title="bbox 2225 3455 3816 3530">
    <p class='ocr_par' dir='ltr' id='par_1_77' title="bbox 2225 3455 3816 3530">
     <span class='ocr_line' id='line_1_77' title="bbox 2225 3455 3816 3530; baseline -0.001 -20"><span class='ocrx_word' id='word_1_582' title='bbox 2225 3455 2411 3512; x_wconf 90' lang='lat' dir='ltr'><strong>tentia.</strong></span> <span class='ocrx_word' id='word_1_583' title='bbox 2441 3456 2588 3514; x_wconf 81' lang='lat' dir='ltr'><strong>Illam</strong></span> <span class='ocrx_word' id='word_1_584' title='bbox 2621 3458 2801 3524; x_wconf 88' lang='lat' dir='ltr'><strong>enim,</strong></span> <span class='ocrx_word' id='word_1_585' title='bbox 2831 3457 3187 3530; x_wconf 86' lang='lat' dir='ltr'><strong>Luguidinam</strong></span> <span class='ocrx_word' id='word_1_586' title='bbox 3216 3456 3457 3523; x_wconf 92' lang='lat' dir='ltr'><strong>nomine,</strong></span> <span class='ocrx_word' id='word_1_587' title='bbox 3491 3455 3704 3511; x_wconf 89' lang='lat' dir='ltr'><strong>validus</strong></span> <span class='ocrx_word' id='word_1_588' title='bbox 3745 3455 3816 3508; x_wconf 83' lang='lat' dir='ltr'><strong>vir</strong></span> 
     </span>
    </p>
   </div>
   <div class='ocr_carea' id='block_1_78' title="bbox 2226 3549 3816 3619">
    <p class='ocr_par' dir='ltr' id='par_1_78' title="bbox 2226 3549 3816 3619">
     <span class='ocr_line' id='line_1_78' title="bbox 2226 3549 3816 3619; baseline -0.001 -13"><span class='ocrx_word' id='word_1_589' title='bbox 2226 3551 2415 3619; x_wconf 90' lang='lat' dir='ltr'><strong>valde,</strong></span> <span class='ocrx_word' id='word_1_590' title='bbox 2468 3561 2522 3606; x_wconf 90' lang='lat' dir='ltr'><strong>et</strong></span> <span class='ocrx_word' id='word_1_591' title='bbox 2571 3552 2810 3608; x_wconf 88' lang='lat' dir='ltr'><strong>virorum</strong></span> <span class='ocrx_word' id='word_1_592' title='bbox 2857 3549 3204 3618; x_wconf 85' lang='lat' dir='ltr'><strong>fortissimus,</strong></span> <span class='ocrx_word' id='word_1_593' title='bbox 3254 3549 3537 3607; x_wconf 90' lang='lat' dir='ltr'><strong>duodecim</strong></span> <span class='ocrx_word' id='word_1_594' title='bbox 3590 3554 3816 3606; x_wconf 82' lang='lat' dir='ltr'><strong>vlrcrum</strong></span> 
     </span>
    </p>
   </div>
   <div class='ocr_carea' id='block_1_79' title="bbox 2225 3645 3818 3718">
    <p class='ocr_par' dir='ltr' id='par_1_79' title="bbox 2225 3645 3818 3718">
     <span class='ocr_line' id='line_1_79' title="bbox 2225 3645 3818 3718; baseline 0.001 -18"><span class='ocrx_word' id='word_1_595' title='bbox 2225 3662 2387 3718; x_wconf 89' lang='lat' dir='ltr'><strong>opera</strong></span> <span class='ocrx_word' id='word_1_596' title='bbox 2419 3662 2513 3717; x_wconf 89' lang='lat' dir='ltr'><strong>per</strong></span> <span class='ocrx_word' id='word_1_597' title='bbox 2537 3649 2885 3718; x_wconf 88' lang='lat' dir='ltr'><strong>semetipsum</strong></span> <span class='ocrx_word' id='word_1_598' title='bbox 2918 3657 3027 3704; x_wconf 87' lang='lat' dir='ltr'><strong>tota</strong></span> <span class='ocrx_word' id='word_1_599' title='bbox 3063 3646 3376 3703; x_wconf 85' lang='lat' dir='ltr'><strong>fortitudine</strong></span> <span class='ocrx_word' id='word_1_600' title='bbox 3422 3648 3508 3702; x_wconf 80' lang='lat' dir='ltr'><strong>sui</strong></span> <span class='ocrx_word' id='word_1_601' title='bbox 3558 3645 3818 3716; x_wconf 85' lang='lat' dir='ltr'><strong>corporis,</strong></span> 
     </span>
    </p>
   </div>
   <div class='ocr_carea' id='block_1_80' title="bbox 2229 3739 3820 3808">
    <p class='ocr_par' dir='ltr' id='par_1_80' title="bbox 2229 3739 3820 3808">
     <span class='ocr_line' id='line_1_80' title="bbox 2229 3739 3820 3808; baseline -0.002 -12"><span class='ocrx_word' id='word_1_602' title='bbox 2229 3741 2281 3796; x_wconf 89' lang='lat' dir='ltr'><strong>in</strong></span> <span class='ocrx_word' id='word_1_603' title='bbox 2310 3757 2437 3808; x_wconf 90' lang='lat' dir='ltr'><strong>una,</strong></span> <span class='ocrx_word' id='word_1_604' title='bbox 2467 3757 2587 3798; x_wconf 92' lang='lat' dir='ltr'><strong>cum</strong></span> <span class='ocrx_word' id='word_1_605' title='bbox 2621 3741 2796 3808; x_wconf 91' lang='lat' dir='ltr'><strong>vellet,</strong></span> <span class='ocrx_word' id='word_1_606' title='bbox 2829 3742 3078 3797; x_wconf 89' lang='lat' dir='ltr'><strong>laborans</strong></span> <span class='ocrx_word' id='word_1_607' title='bbox 3107 3740 3216 3804; x_wconf 81' lang='lat' dir='ltr'><strong>die,</strong></span> <span class='ocrx_word' id='word_1_608' title='bbox 3265 3749 3320 3796; x_wconf 90' lang='lat' dir='ltr'><strong>et</strong></span> <span class='ocrx_word' id='word_1_609' title='bbox 3363 3739 3589 3806; x_wconf 82' lang='lat' dir='ltr'><strong>cibaria,</strong></span> <span class='ocrx_word' id='word_1_610' title='bbox 3634 3739 3820 3808; x_wconf 82' lang='lat' dir='ltr'><strong>quibus</strong></span> 
     </span>
    </p>
   </div>
   <div class='ocr_carea' id='block_1_81' title="bbox 2227 3837 3821 3906">
    <p class='ocr_par' dir='ltr' id='par_1_81' title="bbox 2227 3837 3821 3906">
     <span class='ocr_line' id='line_1_81' title="bbox 2227 3837 3821 3906; baseline -0.001 -14"><span class='ocrx_word' id='word_1_611' title='bbox 2227 3837 2557 3894; x_wconf 84' lang='lat' dir='ltr'><strong>sufficienter</strong></span> <span class='ocrx_word' id='word_1_612' title='bbox 2581 3837 2864 3894; x_wconf 92' lang='lat' dir='ltr'><strong>duodecim</strong></span> <span class='ocrx_word' id='word_1_613' title='bbox 2890 3838 2985 3892; x_wconf 82' lang='lat' dir='ltr'><strong>viri</strong></span> <span class='ocrx_word' id='word_1_614' title='bbox 3018 3837 3164 3893; x_wconf 90' lang='lat' dir='ltr'><strong>vesci</strong></span> <span class='ocrx_word' id='word_1_615' title='bbox 3190 3845 3426 3906; x_wconf 77' lang='lat' dir='ltr'><strong>possent,</strong></span> <span class='ocrx_word' id='word_1_616' title='bbox 3461 3837 3622 3892; x_wconf 91' lang='lat' dir='ltr'><strong>simul</strong></span> <span class='ocrx_word' id='word_1_617' title='bbox 3648 3849 3821 3891; x_wconf 87' lang='lat' dir='ltr'><strong>come-</strong></span> 
     </span>
    </p>
   </div>
   <div class='ocr_carea' id='block_1_82' title="bbox 2229 3927 3821 4000">
    <p class='ocr_par' dir='ltr' id='par_1_82' title="bbox 2229 3927 3821 4000">
     <span class='ocr_line' id='line_1_82' title="bbox 2229 3927 3821 4000; baseline -0.004 -14"><span class='ocrx_word' id='word_1_618' title='bbox 2229 3932 2363 3987; x_wconf 89' lang='lat' dir='ltr'><strong>dens</strong></span> <span class='ocrx_word' id='word_1_619' title='bbox 2394 3931 2556 4000; x_wconf 89' lang='lat' dir='ltr'><strong>(sicut</strong></span> <span class='ocrx_word' id='word_1_620' title='bbox 2583 3931 2724 3986; x_wconf 92' lang='lat' dir='ltr'><strong>enim</strong></span> <span class='ocrx_word' id='word_1_621' title='bbox 2764 3932 2974 3985; x_wconf 88' lang='lat' dir='ltr'><strong>illorum</strong></span> <span class='ocrx_word' id='word_1_622' title='bbox 3005 3946 3168 3998; x_wconf 81' lang='lat' dir='ltr'><strong>Opera</strong></span> <span class='ocrx_word' id='word_1_623' title='bbox 3218 3929 3390 3992; x_wconf 88' lang='lat' dir='ltr'><strong>solus,</strong></span> <span class='ocrx_word' id='word_1_624' title='bbox 3418 3928 3496 3983; x_wconf 91' lang='lat' dir='ltr'><strong>sic</strong></span> <span class='ocrx_word' id='word_1_625' title='bbox 3526 3939 3580 3984; x_wconf 92' lang='lat' dir='ltr'><strong>et</strong></span> <span class='ocrx_word' id='word_1_626' title='bbox 3627 3927 3821 3983; x_wconf 83' lang='lat' dir='ltr'><strong>cibaria</strong></span> 
     </span>
    </p>
   </div>
   <div class='ocr_carea' id='block_1_83' title="bbox 2231 4018 3820 4095">
    <p class='ocr_par' dir='ltr' id='par_1_83' title="bbox 2231 4018 3820 4095">
     <span class='ocr_line' id='line_1_83' title="bbox 2231 4018 3820 4095; baseline -0.004 -15"><span class='ocrx_word' id='word_1_627' title='bbox 2231 4024 2421 4095; x_wconf 72' lang='lat' dir='ltr'><strong>aequali</strong></span> <span class='ocrx_word' id='word_1_628' title='bbox 2454 4023 2614 4079; x_wconf 90' lang='lat' dir='ltr'><strong>modo</strong></span> <span class='ocrx_word' id='word_1_629' title='bbox 2639 4039 2775 4078; x_wconf 87' lang='lat' dir='ltr'><strong>unus</strong></span> <span class='ocrx_word' id='word_1_630' title='bbox 2802 4032 2985 4078; x_wconf 87' lang='lat' dir='ltr'><strong>contra</strong></span> <span class='ocrx_word' id='word_1_631' title='bbox 3024 4023 3205 4091; x_wconf 88' lang='lat' dir='ltr'><strong>plures</strong></span> <span class='ocrx_word' id='word_1_632' title='bbox 3243 4021 3528 4076; x_wconf 88' lang='lat' dir='ltr'><strong>comedere</strong></span> <span class='ocrx_word' id='word_1_633' title='bbox 3575 4018 3820 4089; x_wconf 80' lang='lat' dir='ltr'><strong>poterat),</strong></span> 
     </span>
    </p>
   </div>
   <div class='ocr_carea' id='block_1_84' title="bbox 2231 4117 3822 4189">
    <p class='ocr_par' dir='ltr' id='par_1_84' title="bbox 2231 4117 3822 4189">
     <span class='ocr_line' id='line_1_84' title="bbox 2231 4117 3822 4189; baseline -0.003 -15"><span class='ocrx_word' id='word_1_634' title='bbox 2231 4120 2552 4189; x_wconf 88' lang='lat' dir='ltr'><strong>deprecatus</strong></span> <span class='ocrx_word' id='word_1_635' title='bbox 2580 4125 2685 4184; x_wconf 84' lang='lat' dir='ltr'><strong>est,</strong></span> <span class='ocrx_word' id='word_1_636' title='bbox 2717 4127 2776 4172; x_wconf 90' lang='lat' dir='ltr'><strong>ttt</strong></span> <span class='ocrx_word' id='word_1_637' title='bbox 2806 4117 2916 4188; x_wconf 86' lang='lat' dir='ltr'><strong>ipsa</strong></span> <span class='ocrx_word' id='word_1_638' title='bbox 2960 4118 3241 4172; x_wconf 84' lang='lat' dir='ltr'><strong>Dominum</strong></span> <span class='ocrx_word' id='word_1_639' title='bbox 3270 4124 3452 4171; x_wconf 86' lang='lat' dir='ltr'><strong>oraret</strong></span> <span class='ocrx_word' id='word_1_640' title='bbox 3473 4117 3822 4185; x_wconf 81' lang='lat' dir='ltr'><strong>Omnipoten-</strong></span> 
     </span>
    </p>
   </div>
   <div class='ocr_carea' id='block_1_85' title="bbox 2233 4208 3824 4282">
    <p class='ocr_par' dir='ltr' id='par_1_85' title="bbox 2233 4208 3824 4282">
     <span class='ocr_line' id='line_1_85' title="bbox 2233 4208 3824 4282; baseline -0.003 -14"><span class='ocrx_word' id='word_1_641' title='bbox 2233 4221 2434 4278; x_wconf 90' lang='lat' dir='ltr'><strong>tem,ut</strong></span> <span class='ocrx_word' id='word_1_642' title='bbox 2457 4211 2572 4281; x_wconf 86' lang='lat' dir='ltr'><strong>ejus</strong></span> <span class='ocrx_word' id='word_1_643' title='bbox 2600 4211 2909 4282; x_wconf 88' lang='lat' dir='ltr'><strong>ingluviem,</strong></span> <span class='ocrx_word' id='word_1_644' title='bbox 2935 4218 3036 4281; x_wconf 88' lang='lat' dir='ltr'><strong>qua</strong></span> <span class='ocrx_word' id='word_1_645' title='bbox 3058 4209 3326 4281; x_wconf 90' lang='lat' dir='ltr'><strong>superflua</strong></span> <span class='ocrx_word' id='word_1_646' title='bbox 3355 4208 3677 4279; x_wconf 74' lang='lat' dir='ltr'><strong>devorabat,</strong></span> <span class='ocrx_word' id='word_1_647' title='bbox 3710 4219 3824 4263; x_wconf 54' lang='lat' dir='ltr'><strong>terra</strong></span> 
     </span>
    </p>
   </div>
   <div class='ocr_carea' id='block_1_86' title="bbox 2235 4306 3825 4378">
    <p class='ocr_par' dir='ltr' id='par_1_86' title="bbox 2235 4306 3825 4378">
     <span class='ocr_line' id='line_1_86' title="bbox 2235 4306 3825 4378; baseline -0.003 -14"><span class='ocrx_word' id='word_1_648' title='bbox 2235 4318 2487 4378; x_wconf 88' lang='lat' dir='ltr'><strong>peraret;</strong></span> <span class='ocrx_word' id='word_1_649' title='bbox 2529 4322 2628 4363; x_wconf 91' lang='lat' dir='ltr'><strong>nec</strong></span> <span class='ocrx_word' id='word_1_650' title='bbox 2679 4315 2962 4378; x_wconf 88' lang='lat' dir='ltr'><strong>antequam</strong></span> <span class='ocrx_word' id='word_1_651' title='bbox 3015 4307 3263 4363; x_wconf 86' lang='lat' dir='ltr'><strong>virtutem</strong></span> <span class='ocrx_word' id='word_1_652' title='bbox 3312 4306 3394 4361; x_wconf 93' lang='lat' dir='ltr'><strong>sui</strong></span> <span class='ocrx_word' id='word_1_653' title='bbox 3444 4306 3690 4375; x_wconf 89' lang='lat' dir='ltr'><strong>corporis</strong></span> <span class='ocrx_word' id='word_1_654' title='bbox 3738 4317 3825 4375; x_wconf 85' lang='lat' dir='ltr'><strong>pre</strong></span> 
     </span>
    </p>
   </div>
   <div class='ocr_carea' id='block_1_87' title="bbox 2235 4395 3824 4471">
    <p class='ocr_par' dir='ltr' id='par_1_87' title="bbox 2235 4395 3824 4471">
     <span class='ocr_line' id='line_1_87' title="bbox 2235 4395 3824 4471; baseline -0.003 -13"><span class='ocrx_word' id='word_1_655' title='bbox 2235 4402 2334 4458; x_wconf 92' lang='lat' dir='ltr'><strong>hac</strong></span> <span class='ocrx_word' id='word_1_656' title='bbox 2361 4403 2632 4458; x_wconf 78' lang='lat' dir='ltr'><strong>amisisset</strong></span> <span class='ocrx_word' id='word_1_657' title='bbox 2661 4414 2841 4456; x_wconf 89' lang='lat' dir='ltr'><strong>causa.</strong></span> <span class='ocrx_word' id='word_1_658' title='bbox 2876 4400 2939 4455; x_wconf 85' lang='lat' dir='ltr'><strong>Et</strong></span> <span class='ocrx_word' id='word_1_659' title='bbox 2968 4401 3046 4455; x_wconf 87' lang='lat' dir='ltr'><strong>sic</strong></span> <span class='ocrx_word' id='word_1_660' title='bbox 3075 4399 3161 4454; x_wconf 88' lang='lat' dir='ltr'><strong>illa</strong></span> <span class='ocrx_word' id='word_1_661' title='bbox 3193 4399 3406 4471; x_wconf 83' lang='lat' dir='ltr'><strong>Brigida</strong></span> <span class='ocrx_word' id='word_1_662' title='bbox 3434 4398 3584 4453; x_wconf 92' lang='lat' dir='ltr'><strong>illum</strong></span> <span class='ocrx_word' id='word_1_663' title='bbox 3614 4395 3824 4454; x_wconf 78' lang='lat' dir='ltr'><strong>benedi-</strong></span> 
     </span>
    </p>
   </div>
   <div class='ocr_carea' id='block_1_88' title="bbox 2234 4487 3826 4566">
    <p class='ocr_par' dir='ltr' id='par_1_88' title="bbox 2234 4487 3826 4566">
     <span class='ocr_line' id='line_1_88' title="bbox 2234 4487 3826 4566; baseline -0.004 -13"><span class='ocrx_word' id='word_1_664' title='bbox 2234 4513 2382 4566; x_wconf 91' lang='lat' dir='ltr'><strong>cens,</strong></span> <span class='ocrx_word' id='word_1_665' title='bbox 2418 4506 2474 4553; x_wconf 94' lang='lat' dir='ltr'><strong>et</strong></span> <span class='ocrx_word' id='word_1_666' title='bbox 2499 4511 2596 4566; x_wconf 91' lang='lat' dir='ltr'><strong>pro</strong></span> <span class='ocrx_word' id='word_1_667' title='bbox 2626 4495 2718 4551; x_wconf 90' lang='lat' dir='ltr'><strong>illo</strong></span> <span class='ocrx_word' id='word_1_668' title='bbox 2750 4494 3032 4550; x_wconf 89' lang='lat' dir='ltr'><strong>Dominum</strong></span> <span class='ocrx_word' id='word_1_669' title='bbox 3062 4509 3221 4549; x_wconf 90' lang='lat' dir='ltr'><strong>orans</strong></span> <span class='ocrx_word' id='word_1_670' title='bbox 3247 4511 3262 4560; x_wconf 88' lang='lat'><strong>;</strong></span> <span class='ocrx_word' id='word_1_671' title='bbox 3309 4491 3425 4563; x_wconf 91' lang='lat' dir='ltr'><strong>ipse</strong></span> <span class='ocrx_word' id='word_1_672' title='bbox 3475 4487 3663 4561; x_wconf 86' lang='lat' dir='ltr'><strong>postea</strong></span> <span class='ocrx_word' id='word_1_673' title='bbox 3695 4492 3826 4547; x_wconf 85' lang='lat' dir='ltr'><strong>victu</strong></span> 
     </span>
    </p>
   </div>
   <div class='ocr_carea' id='block_1_89' title="bbox 2236 4578 3827 4658">
    <p class='ocr_par' dir='ltr' id='par_1_89' title="bbox 2236 4578 3827 4658">
     <span class='ocr_line' id='line_1_89' title="bbox 2236 4578 3827 4658; baseline -0.003 -11"><span class='ocrx_word' id='word_1_674' title='bbox 2236 4578 2393 4648; x_wconf 87' lang='lat' dir='ltr'><strong>unius</strong></span> <span class='ocrx_word' id='word_1_675' title='bbox 2424 4592 2524 4646; x_wconf 93' lang='lat' dir='ltr'><strong>viri</strong></span> <span class='ocrx_word' id='word_1_676' title='bbox 2553 4592 2682 4646; x_wconf 88' lang='lat' dir='ltr'><strong>satis</strong></span> <span class='ocrx_word' id='word_1_677' title='bbox 2711 4598 3015 4658; x_wconf 89' lang='lat' dir='ltr'><strong>contentus,</strong></span> <span class='ocrx_word' id='word_1_678' title='bbox 3047 4603 3130 4653; x_wconf 84' lang='lat' dir='ltr'><strong>ac,</strong></span> <span class='ocrx_word' id='word_1_679' title='bbox 3165 4598 3220 4642; x_wconf 92' lang='lat' dir='ltr'><strong>ut</strong></span> <span class='ocrx_word' id='word_1_680' title='bbox 3248 4598 3404 4642; x_wconf 81' lang='lat' dir='ltr'><strong>antea</strong></span> <span class='ocrx_word' id='word_1_681' title='bbox 3431 4587 3666 4654; x_wconf 87' lang='lat' dir='ltr'><strong>solebat,</strong></span> <span class='ocrx_word' id='word_1_682' title='bbox 3689 4586 3827 4642; x_wconf 88' lang='lat' dir='ltr'><strong>labo-</strong></span> 
     </span>
    </p>
   </div>
   <div class='ocr_carea' id='block_1_90' title="bbox 2236 4680 3828 4754">
    <p class='ocr_par' dir='ltr' id='par_1_90' title="bbox 2236 4680 3828 4754">
     <span class='ocr_line' id='line_1_90' title="bbox 2236 4680 3828 4754; baseline -0.004 -12"><span class='ocrx_word' id='word_1_683' title='bbox 2236 4702 2384 4753; x_wconf 83' lang='lat' dir='ltr'><strong>rans,</strong></span> <span class='ocrx_word' id='word_1_684' title='bbox 2418 4686 2557 4741; x_wconf 90' lang='lat' dir='ltr'><strong>sicut</strong></span> <span class='ocrx_word' id='word_1_685' title='bbox 2576 4684 2858 4740; x_wconf 90' lang='lat' dir='ltr'><strong>duodecim</strong></span> <span class='ocrx_word' id='word_1_686' title='bbox 2893 4684 3123 4754; x_wconf 90' lang='lat' dir='ltr'><strong>operarii</strong></span> <span class='ocrx_word' id='word_1_687' title='bbox 3163 4681 3508 4752; x_wconf 88' lang='lat' dir='ltr'><strong>operabatur,</strong></span> <span class='ocrx_word' id='word_1_688' title='bbox 3549 4680 3600 4735; x_wconf 90' lang='lat' dir='ltr'><strong>in</strong></span> <span class='ocrx_word' id='word_1_689' title='bbox 3645 4681 3828 4736; x_wconf 83' lang='lat' dir='ltr'><strong>eadem</strong></span> 
     </span>
    </p>
   </div>
   <div class='ocr_carea' id='block_1_91' title="bbox 535 4769 3030 4852">
    <p class='ocr_par' dir='ltr' id='par_1_91' title="bbox 535 4769 3030 4852">
     <span class='ocr_line' id='line_1_91' title="bbox 535 4769 3030 4852; baseline -0.001 -18"><span class='ocrx_word' id='word_1_690' title='bbox 535 4778 706 4834; x_wconf 90' lang='lat' dir='ltr'><strong>disset</strong></span> <span class='ocrx_word' id='word_1_691' title='bbox 727 4776 961 4848; x_wconf 89' lang='lat' dir='ltr'><strong>Brigida,</strong></span> <span class='ocrx_word' id='word_1_692' title='bbox 983 4790 1077 4832; x_wconf 91' lang='lat' dir='ltr'><strong>eas</strong></span> <span class='ocrx_word' id='word_1_693' title='bbox 1099 4775 1165 4831; x_wconf 88' lang='lat' dir='ltr'><strong>ad</strong></span> <span class='ocrx_word' id='word_1_694' title='bbox 1189 4791 1248 4832; x_wconf 89' lang='lat' dir='ltr'><strong>se</strong></span> <span class='ocrx_word' id='word_1_695' title='bbox 1268 4777 1452 4833; x_wconf 81' lang='lat' dir='ltr'><strong>venire</strong></span> <span class='ocrx_word' id='word_1_696' title='bbox 1473 4776 1649 4846; x_wconf 90' lang='lat' dir='ltr'><strong>jussit.</strong></span> <span class='ocrx_word' id='word_1_697' title='bbox 1677 4778 1807 4845; x_wconf 69' lang='lat' dir='ltr'><strong>Quae</strong></span> <span class='ocrx_word' id='word_1_698' title='bbox 1836 4779 2130 4852; x_wconf 89' lang='lat' dir='ltr'><strong>pennigero</strong></span> <span class='ocrx_word' id='word_1_699' title='bbox 2158 4769 2214 4833; x_wconf 84' lang='grc' dir='ltr'><strong>Ι)</strong></span> <span class='ocrx_word' id='word_1_700' title='bbox 2237 4781 2456 4849; x_wconf 87' lang='lat' dir='ltr'><strong>antiqua</strong></span> <span class='ocrx_word' id='word_1_701' title='bbox 2489 4779 2782 4850; x_wconf 84' lang='lat' dir='ltr'><strong>permansit</strong></span> <span class='ocrx_word' id='word_1_702' title='bbox 2811 4776 3030 4833; x_wconf 89' lang='lat' dir='ltr'><strong>virtute.</strong></span> 
     </span>
    </p>
   </div>
   <div class='ocr_carea' id='block_1_92' title="bbox 537 4868 2128 4940">
    <p class='ocr_par' dir='ltr' id='par_1_92' title="bbox 537 4868 2128 4940">
     <span class='ocr_line' id='line_1_92' title="bbox 537 4868 2128 4940; baseline 0.003 -15"><span class='ocrx_word' id='word_1_703' title='bbox 537 4873 742 4938; x_wconf 91' lang='lat' dir='ltr'><strong>volatu,</strong></span> <span class='ocrx_word' id='word_1_704' title='bbox 772 4879 826 4926; x_wconf 93' lang='lat' dir='ltr'><strong>et</strong></span> <span class='ocrx_word' id='word_1_705' title='bbox 857 4879 970 4926; x_wconf 91' lang='lat' dir='ltr'><strong>toto</strong></span> <span class='ocrx_word' id='word_1_706' title='bbox 999 4870 1193 4925; x_wconf 91' lang='lat' dir='ltr'><strong>ardore</strong></span> <span class='ocrx_word' id='word_1_707' title='bbox 1239 4869 1558 4925; x_wconf 76' lang='lat' dir='ltr'><strong>obedientia:</strong></span> <span class='ocrx_word' id='word_1_708' title='bbox 1603 4868 1722 4940; x_wconf 89' lang='lat' dir='ltr'><strong>ejus</strong></span> <span class='ocrx_word' id='word_1_709' title='bbox 1761 4871 1980 4928; x_wconf 85' lang='lat' dir='ltr'><strong>vocibus</strong></span> <span class='ocrx_word' id='word_1_710' title='bbox 2012 4883 2128 4929; x_wconf 89' lang='lat' dir='ltr'><strong>tan-</strong></span> 
     </span>
    </p>
   </div>
   <div class='ocr_carea' id='block_1_93' title="bbox 537 4963 2130 5038">
    <p class='ocr_par' dir='ltr' id='par_1_93' title="bbox 537 4963 2130 5038">
     <span class='ocr_line' id='line_1_93' title="bbox 537 4963 2130 5038; baseline 0.003 -18"><span class='ocrx_word' id='word_1_711' title='bbox 537 4981 694 5038; x_wconf 85' lang='lat' dir='ltr'><strong>quam</strong></span> <span class='ocrx_word' id='word_1_712' title='bbox 742 4967 976 5020; x_wconf 90' lang='lat' dir='ltr'><strong>humana</strong></span> <span class='ocrx_word' id='word_1_713' title='bbox 1020 4978 1145 5019; x_wconf 90' lang='lat' dir='ltr'><strong>cura</strong></span> <span class='ocrx_word' id='word_1_714' title='bbox 1191 4971 1495 5032; x_wconf 68' lang='lat' dir='ltr'><strong>consuetae,</strong></span> <span class='ocrx_word' id='word_1_715' title='bbox 1525 4963 1642 5019; x_wconf 91' lang='lat' dir='ltr'><strong>sine</strong></span> <span class='ocrx_word' id='word_1_716' title='bbox 1699 4964 1801 5019; x_wconf 87' lang='lat' dir='ltr'><strong>ulla</strong></span> <span class='ocrx_word' id='word_1_717' title='bbox 1847 4967 2130 5024; x_wconf 84' lang='lat' dir='ltr'><strong>formidine</strong></span> 
     </span>
    </p>
   </div>
   <div class='ocr_carea' id='block_1_94' title="bbox 538 5057 2130 5132">
    <p class='ocr_par' dir='ltr' id='par_1_94' title="bbox 538 5057 2130 5132">
     <span class='ocr_line' id='line_1_94' title="bbox 538 5057 2130 5132; baseline 0 -14"><span class='ocrx_word' id='word_1_718' title='bbox 538 5060 820 5118; x_wconf 88' lang='lat' dir='ltr'><strong>tnultitudo</strong></span> <span class='ocrx_word' id='word_1_719' title='bbox 863 5059 931 5115; x_wconf 91' lang='lat' dir='ltr'><strong>ad</strong></span> <span class='ocrx_word' id='word_1_720' title='bbox 959 5073 1078 5115; x_wconf 90' lang='lat' dir='ltr'><strong>eam</strong></span> <span class='ocrx_word' id='word_1_721' title='bbox 1126 5057 1384 5113; x_wconf 91' lang='lat' dir='ltr'><strong>volitavit.</strong></span> <span class='ocrx_word' id='word_1_722' title='bbox 1418 5058 1560 5124; x_wconf 86' lang='lat' dir='ltr'><strong>Quas</strong></span> <span class='ocrx_word' id='word_1_723' title='bbox 1591 5075 1751 5115; x_wconf 91' lang='lat' dir='ltr'><strong>manu</strong></span> <span class='ocrx_word' id='word_1_724' title='bbox 1801 5070 2043 5132; x_wconf 83' lang='lat' dir='ltr'><strong>tangens,</strong></span> <span class='ocrx_word' id='word_1_725' title='bbox 2076 5071 2130 5118; x_wconf 91' lang='lat' dir='ltr'><strong>et</strong></span> 
     </span>
    </p>
   </div>
   <div class='ocr_carea' id='block_1_95' title="bbox 538 5153 2127 5228">
    <p class='ocr_par' dir='ltr' id='par_1_95' title="bbox 538 5153 2127 5228">
     <span class='ocr_line' id='line_1_95' title="bbox 538 5153 2127 5228; baseline 0.003 -17"><span class='ocrx_word' id='word_1_726' title='bbox 538 5157 867 5228; x_wconf 88' lang='lat' dir='ltr'><strong>amplectens</strong></span> <span class='ocrx_word' id='word_1_727' title='bbox 888 5200 901 5226; x_wconf 90' lang='lat'><strong>,</strong></span> <span class='ocrx_word' id='word_1_728' title='bbox 935 5161 990 5210; x_wconf 91' lang='lat' dir='ltr'><strong>et</strong></span> <span class='ocrx_word' id='word_1_729' title='bbox 1022 5167 1117 5224; x_wconf 89' lang='lat' dir='ltr'><strong>per</strong></span> <span class='ocrx_word' id='word_1_730' title='bbox 1143 5153 1474 5223; x_wconf 87' lang='lat' dir='ltr'><strong>aliquantum</strong></span> <span class='ocrx_word' id='word_1_731' title='bbox 1527 5155 1781 5224; x_wconf 91' lang='lat' dir='ltr'><strong>temporis</strong></span> <span class='ocrx_word' id='word_1_732' title='bbox 1833 5156 1934 5212; x_wconf 92' lang='lat' dir='ltr'><strong>hoc</strong></span> <span class='ocrx_word' id='word_1_733' title='bbox 1986 5158 2127 5215; x_wconf 91' lang='lat' dir='ltr'><strong>idem</strong></span> 
     </span>
    </p>
   </div>
   <div class='ocr_carea' id='block_1_96' title="bbox 539 5245 2129 5320">
    <p class='ocr_par' dir='ltr' id='par_1_96' title="bbox 539 5245 2129 5320">
     <span class='ocr_line' id='line_1_96' title="bbox 539 5245 2129 5320; baseline 0.004 -16"><span class='ocrx_word' id='word_1_734' title='bbox 539 5247 761 5315; x_wconf 87' lang='lat' dir='ltr'><strong>faciens,</strong></span> <span class='ocrx_word' id='word_1_735' title='bbox 796 5247 972 5303; x_wconf 90' lang='lat' dir='ltr'><strong>redire</strong></span> <span class='ocrx_word' id='word_1_736' title='bbox 1001 5260 1064 5300; x_wconf 91' lang='lat' dir='ltr'><strong>ac</strong></span> <span class='ocrx_word' id='word_1_737' title='bbox 1093 5245 1276 5301; x_wconf 90' lang='lat' dir='ltr'><strong>volare</strong></span> <span class='ocrx_word' id='word_1_738' title='bbox 1301 5245 1413 5300; x_wconf 90' lang='lat' dir='ltr'><strong>suis</strong></span> <span class='ocrx_word' id='word_1_739' title='bbox 1445 5247 1495 5300; x_wconf 94' lang='lat' dir='ltr'><strong>in</strong></span> <span class='ocrx_word' id='word_1_740' title='bbox 1529 5261 1707 5307; x_wconf 89' lang='lat' dir='ltr'><strong>aerem</strong></span> <span class='ocrx_word' id='word_1_741' title='bbox 1739 5250 1835 5306; x_wconf 88' lang='lat' dir='ltr'><strong>alis</strong></span> <span class='ocrx_word' id='word_1_742' title='bbox 1865 5253 2129 5320; x_wconf 89' lang='lat' dir='ltr'><strong>permisit.</strong></span> 
     </span>
    </p>
   </div>
   <div class='ocr_carea' id='block_1_97' title="bbox 539 5340 2133 5412">
    <p class='ocr_par' dir='ltr' id='par_1_97' title="bbox 539 5340 2133 5412">
     <span class='ocr_line' id='line_1_97' title="bbox 539 5340 2133 5412; baseline 0.004 -16"><span class='ocrx_word' id='word_1_743' title='bbox 539 5341 860 5396; x_wconf 86' lang='lat' dir='ltr'><strong>Collaudans</strong></span> <span class='ocrx_word' id='word_1_744' title='bbox 904 5340 1212 5396; x_wconf 85' lang='lat' dir='ltr'><strong>Creatorem</strong></span> <span class='ocrx_word' id='word_1_745' title='bbox 1259 5342 1498 5397; x_wconf 89' lang='lat' dir='ltr'><strong>omnium</strong></span> <span class='ocrx_word' id='word_1_746' title='bbox 1549 5357 1726 5399; x_wconf 90' lang='lat' dir='ltr'><strong>rerum</strong></span> <span class='ocrx_word' id='word_1_747' title='bbox 1759 5383 1777 5412; x_wconf 92' lang='lat'><strong>,</strong></span> <span class='ocrx_word' id='word_1_748' title='bbox 1818 5346 1902 5401; x_wconf 91' lang='lat' dir='ltr'><strong>cui</strong></span> <span class='ocrx_word' id='word_1_749' title='bbox 1953 5348 2133 5403; x_wconf 86' lang='lat' dir='ltr'><strong>omnia</strong></span> 
     </span>
    </p>
   </div>
   <div class='ocr_carea' id='block_1_98' title="bbox 535 5430 2135 5512">
    <p class='ocr_par' dir='ltr' id='par_1_98' title="bbox 535 5430 2135 5512">
     <span class='ocr_line' id='line_1_98' title="bbox 535 5430 2135 5512; baseline 0.006 -24"><span class='ocrx_word' id='word_1_750' title='bbox 535 5432 778 5504; x_wconf 86' lang='lat' dir='ltr'><strong>subjecta</strong></span> <span class='ocrx_word' id='word_1_751' title='bbox 807 5442 933 5489; x_wconf 92' lang='lat' dir='ltr'><strong>sunt</strong></span> <span class='ocrx_word' id='word_1_752' title='bbox 962 5430 1276 5501; x_wconf 86' lang='lat' dir='ltr'><strong>animantia,</strong></span> <span class='ocrx_word' id='word_1_753' title='bbox 1309 5442 1362 5488; x_wconf 89' lang='lat' dir='ltr'><strong>et</strong></span> <span class='ocrx_word' id='word_1_754' title='bbox 1392 5435 1477 5491; x_wconf 91' lang='lat' dir='ltr'><strong>cui</strong></span> <span class='ocrx_word' id='word_1_755' title='bbox 1499 5439 1679 5492; x_wconf 89' lang='lat' dir='ltr'><strong>omnia</strong></span> <span class='ocrx_word' id='word_1_756' title='bbox 1701 5438 1905 5507; x_wconf 90' lang='lat' dir='ltr'><strong>vivunt,</strong></span> <span class='ocrx_word' id='word_1_757' title='bbox 1933 5450 1990 5495; x_wconf 92' lang='lat' dir='ltr'><strong>ut</strong></span> <span class='ocrx_word' id='word_1_758' title='bbox 2017 5441 2135 5512; x_wconf 90' lang='lat' dir='ltr'><strong>qui-</strong></span> 
     </span>
    </p>
   </div>
   <div class='ocr_carea' id='block_1_99' title="bbox 535 5525 1267 5599">
    <p class='ocr_par' dir='ltr' id='par_1_99' title="bbox 535 5525 1267 5599">
     <span class='ocr_line' id='line_1_99' title="bbox 535 5525 1267 5599; baseline -0.007 -14"><span class='ocrx_word' id='word_1_759' title='bbox 535 5526 661 5586; x_wconf 85' lang='lat' dir='ltr'><strong>dem</strong></span> <span class='ocrx_word' id='word_1_760' title='bbox 694 5528 788 5595; x_wconf 89' lang='lat' dir='ltr'><strong>ait,</strong></span> <span class='ocrx_word' id='word_1_761' title='bbox 817 5528 994 5584; x_wconf 88' lang='lat' dir='ltr'><strong>officio</strong></span> <span class='ocrx_word' id='word_1_762' title='bbox 1026 5525 1267 5599; x_wconf 89' lang='lat' dir='ltr'><strong>gerendi.</strong></span> 
     </span>
    </p>
   </div>
   <div class='ocr_carea' id='block_1_100' title="bbox 608 5620 2131 5701">
    <p class='ocr_par' dir='ltr' id='par_1_100' title="bbox 608 5620 2131 5701">
     <span class='ocr_line' id='line_1_100' title="bbox 608 5620 2131 5701; baseline 0.007 -24"><span class='ocrx_word' id='word_1_763' title='bbox 608 5621 679 5677; x_wconf 87' lang='lat' dir='ltr'><strong>Et</strong></span> <span class='ocrx_word' id='word_1_764' title='bbox 706 5636 774 5678; x_wconf 79' lang='lat' dir='ltr'><strong>ex</strong></span> <span class='ocrx_word' id='word_1_765' title='bbox 800 5620 885 5678; x_wconf 91' lang='lat' dir='ltr'><strong>bis</strong></span> <span class='ocrx_word' id='word_1_766' title='bbox 911 5625 1161 5682; x_wconf 89' lang='lat' dir='ltr'><strong>omnibus</strong></span> <span class='ocrx_word' id='word_1_767' title='bbox 1213 5626 1498 5682; x_wconf 88' lang='lat' dir='ltr'><strong>manifeste</strong></span> <span class='ocrx_word' id='word_1_768' title='bbox 1545 5626 1723 5698; x_wconf 89' lang='lat' dir='ltr'><strong>colligi</strong></span> <span class='ocrx_word' id='word_1_769' title='bbox 1767 5636 1943 5698; x_wconf 83' lang='lat' dir='ltr'><strong>potest</strong></span> <span class='ocrx_word' id='word_1_770' title='bbox 1988 5629 2131 5701; x_wconf 90' lang='lat' dir='ltr'><strong>quod</strong></span> 
     </span>
    </p>
   </div>
   <div class='ocr_carea' id='block_1_101' title="bbox 539 5715 2132 5789">
    <p class='ocr_par' dir='ltr' id='par_1_101' title="bbox 539 5715 2132 5789">
     <span class='ocr_line' id='line_1_101' title="bbox 539 5715 2132 5789; baseline 0.004 -17"><span class='ocrx_word' id='word_1_771' title='bbox 539 5715 718 5772; x_wconf 88' lang='lat' dir='ltr'><strong>omnis</strong></span> <span class='ocrx_word' id='word_1_772' title='bbox 771 5723 962 5772; x_wconf 88' lang='lat' dir='ltr'><strong>natura</strong></span> <span class='ocrx_word' id='word_1_773' title='bbox 1010 5719 1304 5775; x_wconf 87' lang='lat' dir='ltr'><strong>bestiarum</strong></span> <span class='ocrx_word' id='word_1_774' title='bbox 1363 5731 1416 5776; x_wconf 91' lang='lat' dir='ltr'><strong>et</strong></span> <span class='ocrx_word' id='word_1_775' title='bbox 1458 5735 1710 5789; x_wconf 88' lang='lat' dir='ltr'><strong>pecorum</strong></span> <span class='ocrx_word' id='word_1_776' title='bbox 1756 5731 1811 5778; x_wconf 88' lang='lat' dir='ltr'><strong>et</strong></span> <span class='ocrx_word' id='word_1_777' title='bbox 1857 5723 2132 5780; x_wconf 87' lang='lat' dir='ltr'><strong>volucrum</strong></span> 
     </span>
    </p>
   </div>
   <div class='ocr_carea' id='block_1_102' title="bbox 543 5808 2130 5885">
    <p class='ocr_par' dir='ltr' id='par_1_102' title="bbox 543 5808 2130 5885">
     <span class='ocr_line' id='line_1_102' title="bbox 543 5808 2130 5885; baseline 0.004 -19"><span class='ocrx_word' id='word_1_778' title='bbox 543 5808 787 5879; x_wconf 84' lang='lat' dir='ltr'><strong>subjecta</strong></span> <span class='ocrx_word' id='word_1_779' title='bbox 833 5808 952 5880; x_wconf 86' lang='lat' dir='ltr'><strong>ejus</strong></span> <span class='ocrx_word' id='word_1_780' title='bbox 990 5810 1085 5867; x_wconf 90' lang='lat' dir='ltr'><strong>fuit</strong></span> <span class='ocrx_word' id='word_1_781' title='bbox 1113 5814 1366 5884; x_wconf 89' lang='lat' dir='ltr'><strong>imperio.</strong></span> <span class='ocrx_word' id='word_1_782' title='bbox 1406 5813 1475 5869; x_wconf 88' lang='lat' dir='ltr'><strong>Et</strong></span> <span class='ocrx_word' id='word_1_783' title='bbox 1506 5816 1607 5870; x_wconf 93' lang='lat' dir='ltr'><strong>hoc</strong></span> <span class='ocrx_word' id='word_1_784' title='bbox 1655 5815 1771 5885; x_wconf 89' lang='lat' dir='ltr'><strong>ejus</strong></span> <span class='ocrx_word' id='word_1_785' title='bbox 1817 5816 2130 5872; x_wconf 88' lang='lat' dir='ltr'><strong>miraculum</strong></span> 
     </span>
    </p>
   </div>
   <div class='ocr_carea' id='block_1_103' title="bbox 543 5902 2134 5988">
    <p class='ocr_par' dir='ltr' id='par_1_103' title="bbox 543 5902 2134 5988">
     <span class='ocr_line' id='line_1_103' title="bbox 543 5902 2134 5988; baseline 0.006 -29"><span class='ocrx_word' id='word_1_786' title='bbox 543 5902 797 5959; x_wconf 86' lang='lat' dir='ltr'><strong>omnibus</strong></span> <span class='ocrx_word' id='word_1_787' title='bbox 822 5904 1031 5962; x_wconf 64' lang='lat' dir='ltr'><strong>aesculis</strong></span> <span class='ocrx_word' id='word_1_788' title='bbox 1059 5906 1439 5966; x_wconf 85' lang='lat' dir='ltr'><strong>celebrandum</strong></span> <span class='ocrx_word' id='word_1_789' title='bbox 1480 5908 1699 5988; x_wconf 76' lang='lat' dir='ltr'><strong>auribus</strong></span> <span class='ocrx_word' id='word_1_790' title='bbox 1745 5912 1979 5969; x_wconf 88' lang='lat' dir='ltr'><strong>fidelium</strong></span> <span class='ocrx_word' id='word_1_791' title='bbox 2007 5914 2134 5971; x_wconf 60' lang='lat' dir='ltr'><strong>insi-</strong></span> 
     </span>
    </p>
   </div>
   <div class='ocr_carea' id='block_1_104' title="bbox 549 5994 954 6057">
    <p class='ocr_par' dir='ltr' id='par_1_104' title="bbox 549 5994 954 6057">
     <span class='ocr_line' id='line_1_104' title="bbox 549 5994 954 6057; baseline -0.022 0"><span class='ocrx_word' id='word_1_792' title='bbox 549 5994 821 6057; x_wconf 89' lang='lat' dir='ltr'><strong>uuandum</strong></span> <span class='ocrx_word' id='word_1_793' title='bbox 852 6004 954 6052; x_wconf 87' lang='lat' dir='ltr'><strong>est.</strong></span> 
     </span>
    </p>
   </div>
   <div class='ocr_carea' id='block_1_105' title="bbox 2305 4890 3827 4963">
    <p class='ocr_par' dir='ltr' id='par_1_105' title="bbox 2305 4890 3827 4963">
     <span class='ocr_line' id='line_1_105' title="bbox 2305 4890 3827 4963; baseline -0.001 -15"><span class='ocrx_word' id='word_1_794' title='bbox 2305 4893 2432 4948; x_wconf 86' lang='lat' dir='ltr'><strong>item</strong></span> <span class='ocrx_word' id='word_1_795' title='bbox 2459 4892 2619 4948; x_wconf 90' lang='lat' dir='ltr'><strong>arbor</strong></span> <span class='ocrx_word' id='word_1_796' title='bbox 2637 4891 2881 4962; x_wconf 86' lang='lat' dir='ltr'><strong>quaedam</strong></span> <span class='ocrx_word' id='word_1_797' title='bbox 2902 4890 3117 4963; x_wconf 88' lang='lat' dir='ltr'><strong>grandis</strong></span> <span class='ocrx_word' id='word_1_798' title='bbox 3138 4899 3191 4946; x_wconf 91' lang='lat' dir='ltr'><strong>et</strong></span> <span class='ocrx_word' id='word_1_799' title='bbox 3213 4891 3466 4958; x_wconf 79' lang='lat' dir='ltr'><strong>maxima,</strong></span> <span class='ocrx_word' id='word_1_800' title='bbox 3496 4890 3565 4946; x_wconf 88' lang='lat' dir='ltr'><strong>ad</strong></span> <span class='ocrx_word' id='word_1_801' title='bbox 3596 4890 3827 4952; x_wconf 80' lang='lat' dir='ltr'><strong>aliquem</strong></span> 
     </span>
    </p>
   </div>
   <div class='ocr_carea' id='block_1_106' title="bbox 2236 4983 3828 5056">
    <p class='ocr_par' dir='ltr' id='par_1_106' title="bbox 2236 4983 3828 5056">
     <span class='ocr_line' id='line_1_106' title="bbox 2236 4983 3828 5056; baseline -0.002 -15"><span class='ocrx_word' id='word_1_802' title='bbox 2236 4986 2470 5056; x_wconf 90' lang='lat' dir='ltr'><strong>paranda</strong></span> <span class='ocrx_word' id='word_1_803' title='bbox 2497 5000 2676 5050; x_wconf 91' lang='lat' dir='ltr'><strong>usum,</strong></span> <span class='ocrx_word' id='word_1_804' title='bbox 2699 4999 2818 5039; x_wconf 91' lang='lat' dir='ltr'><strong>cum</strong></span> <span class='ocrx_word' id='word_1_805' title='bbox 2845 4983 2927 5039; x_wconf 89' lang='lat' dir='ltr'><strong>his</strong></span> <span class='ocrx_word' id='word_1_806' title='bbox 2948 4984 3037 5054; x_wconf 85' lang='lat' dir='ltr'><strong>qui</strong></span> <span class='ocrx_word' id='word_1_807' title='bbox 3063 4984 3285 5040; x_wconf 79' lang='lat' dir='ltr'><strong>artificia</strong></span> <span class='ocrx_word' id='word_1_808' title='bbox 3309 4999 3565 5041; x_wconf 78' lang='lat' dir='ltr'><strong>exercere</strong></span> <span class='ocrx_word' id='word_1_809' title='bbox 3588 4985 3828 5041; x_wconf 85' lang='lat' dir='ltr'><strong>solebant</strong></span> 
     </span>
    </p>
   </div>
   <div class='ocr_carea' id='block_1_107' title="bbox 2239 5075 3831 5149">
    <p class='ocr_par' dir='ltr' id='par_1_107' title="bbox 2239 5075 3831 5149">
     <span class='ocr_line' id='line_1_107' title="bbox 2239 5075 3831 5149; baseline 0.002 -16"><span class='ocrx_word' id='word_1_810' title='bbox 2239 5076 2292 5133; x_wconf 90' lang='lat' dir='ltr'><strong>in</strong></span> <span class='ocrx_word' id='word_1_811' title='bbox 2325 5078 2466 5148; x_wconf 88' lang='lat' dir='ltr'><strong>ligna</strong></span> <span class='ocrx_word' id='word_1_812' title='bbox 2497 5075 2762 5147; x_wconf 89' lang='lat' dir='ltr'><strong>lignorum</strong></span> <span class='ocrx_word' id='word_1_813' title='bbox 2792 5075 3069 5132; x_wconf 89' lang='lat' dir='ltr'><strong>securibus</strong></span> <span class='ocrx_word' id='word_1_814' title='bbox 3091 5077 3270 5132; x_wconf 81' lang='lat' dir='ltr'><strong>excisa</strong></span> <span class='ocrx_word' id='word_1_815' title='bbox 3298 5085 3401 5133; x_wconf 89' lang='lat' dir='ltr'><strong>est.</strong></span> <span class='ocrx_word' id='word_1_816' title='bbox 3429 5076 3510 5133; x_wconf 82' lang='lat' dir='ltr'><strong>Ad</strong></span> <span class='ocrx_word' id='word_1_817' title='bbox 3533 5093 3698 5149; x_wconf 85' lang='lat' dir='ltr'><strong>quam</strong></span> <span class='ocrx_word' id='word_1_818' title='bbox 3719 5093 3831 5136; x_wconf 84' lang='lat' dir='ltr'><strong>con-</strong></span> 
     </span>
    </p>
   </div>
   <div class='ocr_carea' id='block_1_108' title="bbox 2235 5171 3831 5242">
    <p class='ocr_par' dir='ltr' id='par_1_108' title="bbox 2235 5171 3831 5242">
     <span class='ocr_line' id='line_1_108' title="bbox 2235 5171 3831 5242; baseline 0.001 -14"><span class='ocrx_word' id='word_1_819' title='bbox 2235 5172 2415 5228; x_wconf 89' lang='lat' dir='ltr'><strong>ventio</strong></span> <span class='ocrx_word' id='word_1_820' title='bbox 2447 5172 2682 5227; x_wconf 91' lang='lat' dir='ltr'><strong>virorum</strong></span> <span class='ocrx_word' id='word_1_821' title='bbox 2715 5171 2927 5226; x_wconf 91' lang='lat' dir='ltr'><strong>fortium</strong></span> <span class='ocrx_word' id='word_1_822' title='bbox 2958 5181 3177 5242; x_wconf 88' lang='lat' dir='ltr'><strong>propter</strong></span> <span class='ocrx_word' id='word_1_823' title='bbox 3197 5173 3312 5242; x_wconf 89' lang='lat' dir='ltr'><strong>ejus</strong></span> <span class='ocrx_word' id='word_1_824' title='bbox 3341 5172 3641 5229; x_wconf 88' lang='lat' dir='ltr'><strong>molestiam</strong></span> <span class='ocrx_word' id='word_1_825' title='bbox 3674 5183 3728 5230; x_wconf 90' lang='lat' dir='ltr'><strong>et</strong></span> <span class='ocrx_word' id='word_1_826' title='bbox 3758 5176 3831 5230; x_wconf 85' lang='lat' dir='ltr'><strong>iu-</strong></span> 
     </span>
    </p>
   </div>
   <div class='ocr_carea' id='block_1_109' title="bbox 2239 5265 3823 5340">
    <p class='ocr_par' dir='ltr' id='par_1_109' title="bbox 2239 5265 3823 5340">
     <span class='ocr_line' id='line_1_109' title="bbox 2239 5265 3823 5340; baseline -0.002 -17"><span class='ocrx_word' id='word_1_827' title='bbox 2239 5277 2453 5340; x_wconf 89' lang='lat' dir='ltr'><strong>gentem</strong></span> <span class='ocrx_word' id='word_1_828' title='bbox 2486 5266 2711 5337; x_wconf 90' lang='lat' dir='ltr'><strong>molem,</strong></span> <span class='ocrx_word' id='word_1_829' title='bbox 2742 5266 2857 5323; x_wconf 90' lang='lat' dir='ltr'><strong>loca</strong></span> <span class='ocrx_word' id='word_1_830' title='bbox 2907 5265 3221 5323; x_wconf 73' lang='lat' dir='ltr'><strong>difficillima</strong></span> <span class='ocrx_word' id='word_1_831' title='bbox 3249 5265 3302 5321; x_wconf 87' lang='lat' dir='ltr'><strong>in</strong></span> <span class='ocrx_word' id='word_1_832' title='bbox 3333 5266 3526 5337; x_wconf 91' lang='lat' dir='ltr'><strong>quibus</strong></span> <span class='ocrx_word' id='word_1_833' title='bbox 3557 5281 3823 5323; x_wconf 83' lang='lat' dir='ltr'><strong>ramorum</strong></span> 
     </span>
    </p>
   </div>
   <div class='ocr_carea' id='block_1_110' title="bbox 2237 5361 3822 5434">
    <p class='ocr_par' dir='ltr' id='par_1_110' title="bbox 2237 5361 3822 5434">
     <span class='ocr_line' id='line_1_110' title="bbox 2237 5361 3822 5434; baseline -0.001 -17"><span class='ocrx_word' id='word_1_834' title='bbox 2237 5378 2358 5418; x_wconf 91' lang='lat' dir='ltr'><strong>cum</strong></span> <span class='ocrx_word' id='word_1_835' title='bbox 2383 5361 2595 5434; x_wconf 89' lang='lat' dir='ltr'><strong>fragore</strong></span> <span class='ocrx_word' id='word_1_836' title='bbox 2623 5375 2864 5426; x_wconf 91' lang='lat' dir='ltr'><strong>suorum,</strong></span> <span class='ocrx_word' id='word_1_837' title='bbox 2889 5370 2948 5416; x_wconf 93' lang='lat' dir='ltr'><strong>ut</strong></span> <span class='ocrx_word' id='word_1_838' title='bbox 2974 5361 3324 5432; x_wconf 89' lang='lat' dir='ltr'><strong>deponerent,</strong></span> <span class='ocrx_word' id='word_1_839' title='bbox 3349 5361 3687 5418; x_wconf 81' lang='lat' dir='ltr'><strong>attraherent</strong></span> <span class='ocrx_word' id='word_1_840' title='bbox 3713 5378 3822 5417; x_wconf 86' lang='lat' dir='ltr'><strong>eum</strong></span> 
     </span>
    </p>
   </div>
   <div class='ocr_carea' id='block_1_111' title="bbox 2239 5451 3828 5519">
    <p class='ocr_par' dir='ltr' id='par_1_111' title="bbox 2239 5451 3828 5519">
     <span class='ocr_line' id='line_1_111' title="bbox 2239 5451 3828 5519; baseline 0 -10"><span class='ocrx_word' id='word_1_841' title='bbox 2239 5453 2420 5510; x_wconf 87' lang='lat' dir='ltr'><strong>multis</strong></span> <span class='ocrx_word' id='word_1_842' title='bbox 2468 5453 2660 5519; x_wconf 92' lang='lat' dir='ltr'><strong>bubus,</strong></span> <span class='ocrx_word' id='word_1_843' title='bbox 2690 5463 2746 5508; x_wconf 92' lang='lat' dir='ltr'><strong>et</strong></span> <span class='ocrx_word' id='word_1_844' title='bbox 2775 5451 3038 5508; x_wconf 88' lang='lat' dir='ltr'><strong>artificum</strong></span> <span class='ocrx_word' id='word_1_845' title='bbox 3071 5453 3333 5507; x_wconf 90' lang='lat' dir='ltr'><strong>machinis</strong></span> <span class='ocrx_word' id='word_1_846' title='bbox 3362 5452 3428 5507; x_wconf 87' lang='lat' dir='ltr'><strong>ad</strong></span> <span class='ocrx_word' id='word_1_847' title='bbox 3463 5453 3636 5508; x_wconf 88' lang='lat' dir='ltr'><strong>locum</strong></span> <span class='ocrx_word' id='word_1_848' title='bbox 3670 5453 3828 5509; x_wconf 83' lang='lat' dir='ltr'><strong>desti-</strong></span> 
     </span>
    </p>
   </div>
   <div class='ocr_carea' id='block_1_112' title="bbox 2239 5547 3823 5619">
    <p class='ocr_par' dir='ltr' id='par_1_112' title="bbox 2239 5547 3823 5619">
     <span class='ocr_line' id='line_1_112' title="bbox 2239 5547 3823 5619; baseline -0.003 -15"><span class='ocrx_word' id='word_1_849' title='bbox 2239 5559 2444 5615; x_wconf 90' lang='lat' dir='ltr'><strong>natum,</strong></span> <span class='ocrx_word' id='word_1_850' title='bbox 2478 5556 2535 5603; x_wconf 93' lang='lat' dir='ltr'><strong>ut</strong></span> <span class='ocrx_word' id='word_1_851' title='bbox 2566 5547 2860 5604; x_wconf 83' lang='lat' dir='ltr'><strong>necessitas</strong></span> <span class='ocrx_word' id='word_1_852' title='bbox 2903 5548 2980 5603; x_wconf 90' lang='lat' dir='ltr'><strong>rei</strong></span> <span class='ocrx_word' id='word_1_853' title='bbox 3029 5547 3301 5618; x_wconf 86' lang='lat' dir='ltr'><strong>poscebat,</strong></span> <span class='ocrx_word' id='word_1_854' title='bbox 3355 5557 3683 5619; x_wconf 84' lang='lat' dir='ltr'><strong>congregata</strong></span> <span class='ocrx_word' id='word_1_855' title='bbox 3731 5556 3823 5602; x_wconf 85' lang='lat' dir='ltr'><strong>est.</strong></span> 
     </span>
    </p>
   </div>
   <div class='ocr_carea' id='block_1_113' title="bbox 2241 5642 3826 5709">
    <p class='ocr_par' dir='ltr' id='par_1_113' title="bbox 2241 5642 3826 5709">
     <span class='ocr_line' id='line_1_113' title="bbox 2241 5642 3826 5709; baseline -0.002 -9"><span class='ocrx_word' id='word_1_856' title='bbox 2241 5642 2310 5700; x_wconf 86' lang='lat' dir='ltr'><strong>Et</strong></span> <span class='ocrx_word' id='word_1_857' title='bbox 2335 5658 2456 5699; x_wconf 91' lang='lat' dir='ltr'><strong>cum</strong></span> <span class='ocrx_word' id='word_1_858' title='bbox 2479 5657 2578 5698; x_wconf 89' lang='lat' dir='ltr'><strong>nec</strong></span> <span class='ocrx_word' id='word_1_859' title='bbox 2602 5642 2884 5699; x_wconf 89' lang='lat' dir='ltr'><strong>multitudo</strong></span> <span class='ocrx_word' id='word_1_860' title='bbox 2913 5643 3172 5708; x_wconf 89' lang='lat' dir='ltr'><strong>virorum,</strong></span> <span class='ocrx_word' id='word_1_861' title='bbox 3204 5643 3346 5700; x_wconf 84' lang='lat' dir='ltr'><strong>vires</strong></span> <span class='ocrx_word' id='word_1_862' title='bbox 3376 5644 3561 5709; x_wconf 90' lang='lat' dir='ltr'><strong>boum,</strong></span> <span class='ocrx_word' id='word_1_863' title='bbox 3592 5653 3644 5699; x_wconf 91' lang='lat' dir='ltr'><strong>et</strong></span> <span class='ocrx_word' id='word_1_864' title='bbox 3673 5643 3826 5698; x_wconf 79' lang='lat' dir='ltr'><strong>varia:</strong></span> 
     </span>
    </p>
   </div>
   <div class='ocr_carea' id='block_1_114' title="bbox 2241 5735 3824 5806">
    <p class='ocr_par' dir='ltr' id='par_1_114' title="bbox 2241 5735 3824 5806">
     <span class='ocr_line' id='line_1_114' title="bbox 2241 5735 3824 5806; baseline 0.001 -18"><span class='ocrx_word' id='word_1_865' title='bbox 2241 5735 2504 5790; x_wconf 90' lang='lat' dir='ltr'><strong>artificum</strong></span> <span class='ocrx_word' id='word_1_866' title='bbox 2537 5742 2702 5801; x_wconf 82' lang='lat' dir='ltr'><strong>artes,</strong></span> <span class='ocrx_word' id='word_1_867' title='bbox 2735 5748 2952 5790; x_wconf 90' lang='lat' dir='ltr'><strong>movere</strong></span> <span class='ocrx_word' id='word_1_868' title='bbox 2985 5735 3068 5790; x_wconf 91' lang='lat' dir='ltr'><strong>vel</strong></span> <span class='ocrx_word' id='word_1_869' title='bbox 3101 5735 3315 5790; x_wconf 88' lang='lat' dir='ltr'><strong>trahere</strong></span> <span class='ocrx_word' id='word_1_870' title='bbox 3344 5735 3456 5789; x_wconf 94' lang='lat' dir='ltr'><strong>ullo</strong></span> <span class='ocrx_word' id='word_1_871' title='bbox 3503 5735 3661 5791; x_wconf 89' lang='lat' dir='ltr'><strong>modo</strong></span> <span class='ocrx_word' id='word_1_872' title='bbox 3711 5751 3824 5806; x_wconf 81' lang='lat' dir='ltr'><strong>pos-</strong></span> 
     </span>
    </p>
   </div>
   <div class='ocr_carea' id='block_1_115' title="bbox 2242 5826 3822 5896">
    <p class='ocr_par' dir='ltr' id='par_1_115' title="bbox 2242 5826 3822 5896">
     <span class='ocr_line' id='line_1_115' title="bbox 2242 5826 3822 5896; baseline -0.003 -13"><span class='ocrx_word' id='word_1_873' title='bbox 2242 5836 2361 5883; x_wconf 89' lang='lat' dir='ltr'><strong>sent</strong></span> <span class='ocrx_word' id='word_1_874' title='bbox 2391 5843 2509 5882; x_wconf 90' lang='lat' dir='ltr'><strong>eatn</strong></span> <span class='ocrx_word' id='word_1_875' title='bbox 2541 5829 2808 5894; x_wconf 89' lang='lat' dir='ltr'><strong>arborem,</strong></span> <span class='ocrx_word' id='word_1_876' title='bbox 2839 5827 3214 5884; x_wconf 86' lang='lat' dir='ltr'><strong>recedentibus</strong></span> <span class='ocrx_word' id='word_1_877' title='bbox 3239 5826 3444 5885; x_wconf 88' lang='lat' dir='ltr'><strong>cunctis</strong></span> <span class='ocrx_word' id='word_1_878' title='bbox 3487 5829 3555 5884; x_wconf 89' lang='lat' dir='ltr'><strong>ab</strong></span> <span class='ocrx_word' id='word_1_879' title='bbox 3604 5843 3688 5896; x_wconf 75' lang='lat' dir='ltr'><strong>ea,</strong></span> <span class='ocrx_word' id='word_1_880' title='bbox 3739 5844 3822 5896; x_wconf 65' lang='lat' dir='ltr'><strong>per</strong></span> 
     </span>
    </p>
   </div>
   <div class='ocr_carea' id='block_1_116' title="bbox 2246 5920 3819 5992">
    <p class='ocr_par' dir='ltr' id='par_1_116' title="bbox 2246 5920 3819 5992">
     <span class='ocr_line' id='line_1_116' title="bbox 2246 5920 3819 5992; baseline -0.002 -18"><span class='ocrx_word' id='word_1_881' title='bbox 2246 5921 2588 5976; x_wconf 81' lang='lat' dir='ltr'><strong>fortissimam</strong></span> <span class='ocrx_word' id='word_1_882' title='bbox 2619 5921 2778 5975; x_wconf 89' lang='lat' dir='ltr'><strong>fidem</strong></span> <span class='ocrx_word' id='word_1_883' title='bbox 2806 5920 2976 5976; x_wconf 62' lang='lat' dir='ltr'><strong>beata:</strong></span> <span class='ocrx_word' id='word_1_884' title='bbox 3007 5921 3237 5990; x_wconf 74' lang='lat' dir='ltr'><strong>Brigidte</strong></span> <span class='ocrx_word' id='word_1_885' title='bbox 3261 5938 3429 5992; x_wconf 84' lang='lat' dir='ltr'><strong>grano</strong></span> <span class='ocrx_word' id='word_1_886' title='bbox 3458 5921 3661 5990; x_wconf 87' lang='lat' dir='ltr'><strong>sinapis</strong></span> <span class='ocrx_word' id='word_1_887' title='bbox 3688 5920 3819 5974; x_wconf 84' lang='lat' dir='ltr'><strong>simi-</strong></span> 
     </span>
    </p>
   </div>
   <div class='ocr_carea' id='block_1_117' title="bbox 2247 6011 3819 6085">
    <p class='ocr_par' dir='ltr' id='par_1_117' title="bbox 2247 6011 3819 6085">
     <span class='ocr_line' id='line_1_117' title="bbox 2247 6011 3819 6085; baseline -0.007 -14"><span class='ocrx_word' id='word_1_888' title='bbox 2247 6016 2373 6081; x_wconf 91' lang='lat' dir='ltr'><strong>lem,</strong></span> <span class='ocrx_word' id='word_1_889' title='bbox 2411 6028 2690 6084; x_wconf 85' lang='lat' dir='ltr'><strong>perquam</strong></span> <span class='ocrx_word' id='word_1_890' title='bbox 2720 6011 2904 6083; x_wconf 89' lang='lat' dir='ltr'><strong>fidem,</strong></span> <span class='ocrx_word' id='word_1_891' title='bbox 2957 6023 3014 6068; x_wconf 92' lang='lat' dir='ltr'><strong>ut</strong></span> <span class='ocrx_word' id='word_1_892' title='bbox 3062 6013 3310 6085; x_wconf 76' lang='lat' dir='ltr'><strong>Magister</strong></span> <span class='ocrx_word' id='word_1_893' title='bbox 3355 6013 3591 6071; x_wconf 72' lang='lat' dir='ltr'><strong>cmtestis</strong></span> <span class='ocrx_word' id='word_1_894' title='bbox 3634 6024 3819 6080; x_wconf 80' lang='lat' dir='ltr'><strong>organo</strong></span> 
     </span>
    </p>
   </div>
  </div>
