4042 6348
316 370 418 427 785

1487 379 1529 431 Α
1569 372 1910 432 οοοιτοδο
1950 373 2322 432 ADORNATA
2335 419 2348 433 .

3488 390 3593 448 786

311 485 634 557 evangelicae
663 485 808 542 vocis
839 485 1014 555 docet,
1043 497 1252 544 montes
1278 500 1582 556 moventur,
1615 492 1693 546 sic
1723 489 1897 560 possi-
1923 491 1975 551 Α
2005 491 2191 547 eadem
2226 491 2395 545 forma
2429 491 2648 547 vitulum
2690 509 2812 551 cum
2841 511 2934 553 sua
2969 498 3173 555 invenit
3215 515 3394 567 vacca,
3429 521 3591 574 quem

310 577 436 632 bilia
465 587 592 633 sunt
626 577 872 632 omnibus
913 578 1256 636 credentibus
1305 580 1518 652 (Matth.
1570 582 1729 651 xvu),
1777 596 1896 637 eam

308 669 674 742 gravissimam
706 670 955 728 arborem
983 672 1304 742 evangelicae
1330 673 1559 742 virtutis,
1595 688 1690 743 per
1717 673 1895 727 divina

307 764 581 835 mysteria,
614 763 758 819 nullo
787 765 1092 820 mortalium
1121 767 1319 821 auxilio
1346 767 1586 823 levantes
1631 768 1750 822 sine
1783 766 1893 821 ulla

309 854 623 911 difﬁcultate
651 856 719 910 ad
769 857 964 922 locum,
1012 874 1169 929 quem
1213 859 1378 914 voluit
1423 870 1604 916 sancta
1658 861 1888 930 Brigida,

307 946 632 1013 detulerunt,
683 963 746 1004 ac
795 965 890 1019 per
933 965 1124 1007 omnes
1174 953 1474 1022 provincias
1521 962 1661 1008 tanta
1701 953 1893 1009 divinae

309 1043 523 1098 virtutis
552 1044 869 1101 excellentia
898 1045 1162 1117 divulgata
1194 1056 1296 1102 est.

376 1137 442 1192 Et
477 1147 663 1194 nostro
693 1139 931 1195 occurrit
956 1141 1160 1208 animo,
1194 1156 1301 1197 non
1332 1140 1624 1198 excludere
1655 1150 1710 1197 et
1756 1140 1892 1197 hanc

309 1231 561 1285 virtutem
588 1231 804 1288 silentio
826 1241 1030 1288 nostro.

375 1323 602 1391 Quidam
656 1325 801 1380 enim
829 1325 912 1381 vir
953 1325 1246 1391 smcularis,
1276 1335 1331 1381 et
1380 1335 1538 1396 gente
1587 1326 1809 1396 nobilis,
1837 1334 1892 1382 et

303 1415 522 1471 dolosus
576 1418 818 1475 moribus
846 1418 1202 1474 exardescens
1252 1418 1306 1472 in
1357 1420 1634 1487 cujusdam
1677 1417 1890 1474 feminas

303 1509 814 1580 concupiscentiam,
845 1520 899 1565 et
927 1526 1034 1582 quo
1075 1509 1237 1566 modo
1281 1509 1400 1579 ejus
1449 1510 1736 1566 concubitu
1785 1509 1889 1564 frui

301 1610 483 1670 posset
506 1601 698 1658 callide
727 1603 992 1674 cogitans,
1023 1617 1085 1657 ac
1112 1611 1320 1658 sentem
1345 1611 1651 1674 argenteam
1683 1604 1885 1673 pretio-

300 1706 415 1746 sam
462 1692 514 1748 iu
545 1693 847 1763 depositum
903 1693 1002 1749 sibi
1050 1693 1458 1762 commendans,
1491 1711 1648 1763 quam
1701 1694 1888 1751 dolose

300 1786 522 1841 retraxit
555 1785 648 1841 illa
672 1787 975 1857 ignorante,
1007 1797 1061 1845 et
1082 1788 1213 1858 jecit
1239 1788 1290 1843 in
1314 1804 1486 1855 mare,
1517 1799 1571 1845 et
1597 1804 1719 1845 cum
1771 1789 1884 1860 ipsa

2003 590 2060 636 ut
2090 584 2321 652 priorem
2352 583 2464 652 ipsa
2496 583 2775 641 dilexerat.
2812 587 2879 643 Et
2915 589 3101 645 telaria
3149 591 3289 663 ligna
3340 594 3593 654 similiter

2001 672 2101 728 sibi
2132 688 2238 742 prae
2266 675 2480 730 caeteris
2511 687 2775 746 reparata,
2804 678 2856 734 in
2886 681 2976 735 tali
3021 682 3188 738 forma
3218 694 3272 740 et
3293 689 3591 755 quantitate

2001 765 2054 821 in
2085 782 2192 838 qua
2232 768 2409 836 priora
2436 768 2667 834 fuerant,
2695 774 3059 842 contemplata
3091 786 3197 848 est.

2071 859 2135 914 Et
2157 859 2234 915 sic
2264 869 2447 916 sancta
2473 862 2683 931 Brigida
2736 863 2874 919 felici
2922 881 3226 936 progressu,
3257 880 3310 926 et
3355 871 3588 931 mirabili

1995 950 2134 1008 facta
2159 955 2377 1024 virtute,
2399 962 2454 1011 et
2482 955 2870 1014 habitatoribus
2891 961 3220 1030 valedicens,
3253 967 3504 1036 pontifice
3533 969 3589 1026 in

1996 1061 2145 1102 suam
2169 1049 2314 1104 viam
2345 1051 2603 1121 perrexit.

2066 1139 2132 1194 Et
2170 1154 2294 1196 ecce
2332 1143 2385 1197 in
2432 1150 2575 1198 tanta
2627 1143 3006 1200 miraculorum
3064 1150 3431 1219 magnitudine
3481 1151 3589 1209 hoc

1994 1231 2234 1302 ejusdem
2265 1249 2400 1304 opus
2431 1235 2743 1300 praeclarum
2770 1236 3024 1293 admirari
3053 1240 3211 1296 solet.
3227 1241 3421 1298 Tribus
3441 1244 3585 1299 enim

1993 1325 2221 1394 leprosis
2250 1327 2643 1397 postulantibus
2675 1343 2869 1385 munus
2919 1330 3348 1402 aliquodcuuque
3397 1334 3465 1388 ab
3518 1349 3584 1389 ea

1997 1422 2260 1492 accipere,
2293 1437 2386 1477 vas
2414 1423 2603 1494 largita
2642 1432 2726 1478 est
2747 1433 3084 1496 argenteum.
3109 1426 3177 1481 Et
3200 1442 3266 1481 ne
3308 1426 3414 1482 illis
3435 1437 3583 1484 esset

1992 1527 2150 1568 causa
2179 1514 2461 1571 discordiae
2489 1525 2545 1572 et
2572 1518 2934 1573 contentionis
2954 1561 2969 1585 ,
2996 1520 3041 1573 si
3095 1519 3174 1574 illi
3197 1520 3336 1575 inter
3357 1535 3417 1576 se
3446 1520 3584 1576 divi-

1991 1606 2199 1674 derent,
2233 1609 2447 1666 cuidam
2501 1613 2554 1667 in
2586 1612 2910 1681 ponderibus
2937 1615 3052 1669 auri
3087 1625 3142 1670 et
3193 1615 3401 1684 argenti
3431 1629 3584 1671 COtl'l-

1992 1711 2142 1767 perto
2170 1701 2313 1758 dixit
2339 1711 2399 1758 ut
2425 1703 2564 1759 inter
2585 1705 2708 1761 illos
2728 1706 2829 1763 hoc
2857 1707 3183 1777 ponderaret
3207 1709 3376 1763 tribus
3398 1722 3582 1778 aequa—

1991 1793 2130 1849 libus
2162 1795 2425 1865 partibus.
2453 1797 2694 1868 Cumque
2715 1815 2975 1856 excusare
3004 1815 3064 1856 se
3095 1799 3345 1870 coepisset
3374 1801 3581 1870 dicens,

297 1893 404 1932 non
431 1887 610 1946 posset
637 1880 892 1948 reddere,
915 1881 1018 1938 sibi
1049 1882 1429 1951 cssetancilla,
1461 1891 1517 1938 et
1545 1882 1662 1954 ejus
1703 1892 1887 1953 postea
1917 1882 1965 1942 B
1997 1889 2294 1957 ponderare
2335 1905 2394 1945 se
2422 1892 2700 1960 aequaliter
2728 1907 2834 1948 non
2880 1907 3038 1963 posse
3061 1935 3075 1959 ,
3108 1893 3224 1963 ipsa
3270 1891 3583 1950 felicissima

298 1981 560 2040 uteretur,
591 1983 647 2029 ut
674 1974 855 2041 vellet,
891 1974 1253 2046 amplexibus,
1285 1976 1622 2031 machinatus
1649 1986 1733 2032 est
1785 1976 1888 2033 hoc

296 2065 556 2133 perficere
584 2065 802 2131 malum,
835 2068 981 2122 nulla
1009 2068 1110 2123 alia
1142 2083 1202 2124 re
1251 2083 1315 2124 ac
1365 2069 1741 2140 redemptione
1771 2069 1884 2139 pla-

295 2166 444 2212 catus
471 2157 586 2213 ﬁeri
617 2173 780 2238 posse
823 2161 1030 2228 dicens,
1054 2161 1156 2217 nisi
1199 2171 1291 2218 aut
1334 2163 1545 2234 propria
1591 2163 1693 2219 sibi
1724 2173 1878 2221 sente

296 2260 544 2323 argentea
576 2253 806 2325 reddita,
840 2265 928 2311 aut
959 2256 1074 2326 ipsa
1102 2256 1299 2312 femina
1344 2258 1399 2313 in
1434 2259 1751 2314 servitutem
1782 2259 1887 2315 sibi

293 2349 512 2405 redacta
543 2365 638 2420 pro
682 2366 840 2408 causa
869 2353 1121 2424 culpabili
1175 2355 1378 2427 fragilis
1434 2358 1886 2427 concupiscentia

295 2452 552 2499 uteretur.
585 2445 652 2500 Et
683 2445 798 2501 haec
827 2446 1021 2504 timens
1050 2449 1239 2519 pudica
1273 2450 1468 2506 femina
1498 2453 1650 2520 quasi
1694 2453 1758 2507 ad
1802 2455 1878 2508 ci-

292 2538 516 2594 vitatem
534 2537 725 2611 refugii
759 2542 1103 2612 tutissimam,
1122 2544 1188 2599 ad
1211 2556 1448 2601 sanctam
1472 2546 1739 2618 Brigidam
1756 2561 1886 2603 con-

293 2629 445 2700 fugit.
475 2632 606 2699 Qua:
634 2647 754 2687 cum
801 2633 956 2690 talem
983 2626 1333 2706 comperisset
1384 2651 1625 2707 causam,
1651 2639 1735 2694 vel
1755 2640 1882 2710 quid

290 2738 393 2796 pro
428 2725 527 2782 hac
559 2741 619 2783 re
651 2738 829 2798 ageret
848 2730 1268 2800 cogitaret,cum
1294 2745 1392 2787 nec
1418 2733 1544 2787 dum
1563 2733 1882 2790 verbacom-

289 2820 516 2890 plesset,
532 2824 838 2891 supervenit
866 2824 932 2879 ad
962 2840 1021 2880 se
1053 2826 1267 2895 quidam
1287 2840 1406 2881 cum
1431 2827 1669 2895 piscibus
1693 2828 1758 2883 de
1782 2829 1883 2883 flu-

288 2914 915 2988 minetractis.Cumque
942 2919 1153 2974 illorum
1185 2920 1392 2975 viscera
1422 2922 1597 2978 excisa
1625 2933 1676 2977 et
1700 2933 1882 2993 aperta

291 3017 500 3079 essent,
534 3009 702 3064 sentis
733 3008 819 3064 illa
851 3020 1127 3080 argentea,
1159 3025 1318 3081 quam
1348 3010 1439 3066 ille
1485 3012 1723 3069 crudelis
1751 3014 1883 3082 jecit

288 3099 349 3155 in
377 3115 546 3165 mare,
564 3102 616 3157 in
640 3101 816 3158 medio
830 3091 987 3158 unius
1009 3105 1170 3172 piscis
1195 3114 1406 3174 reperta
1430 3113 1534 3160 est.
1551 3105 1614 3159 Et
1639 3105 1717 3160 sic
1740 3118 1884 3175 post.

293 3204 362 3246 ea
411 3207 600 3248 secura
629 3203 809 3249 mente
863 3195 1110 3250 eamdem
1139 3205 1344 3252 sentem
1392 3211 1572 3252 secum
1625 3207 1878 3267 portans;

1990 1982 2228 2053 Brigida,
2257 1984 2600 2054 apprehenso
2629 2000 2759 2042 vase
2787 1996 3070 2057 argenteo,
3091 1985 3266 2041 allidit
3287 1996 3475 2041 contra
3507 1986 3586 2042 la-

1989 2074 2188 2144 pidem,
2217 2083 2270 2130 et
2290 2074 2553 2145 confregit
2575 2075 2628 2130 in
2660 2083 2789 2144 tres,
2821 2085 2877 2130 ut
2898 2077 3086 2143 voluit,
3115 2077 3351 2147 aequales
3380 2087 3584 2148 partes.

1988 2169 2180 2225 Mirum
2247 2170 2299 2225 in
2331 2170 2568 2237 modum,
2593 2185 2715 2225 cum
2772 2178 2960 2241 postea
3006 2172 3124 2225 istae
3176 2180 3287 2226 tres
3320 2180 3500 2240 partes
3526 2170 3586 2228 in

1989 2261 2228 2331 pondere
2257 2271 2442 2318 essent
2485 2275 2740 2330 emensas,
2774 2262 2919 2316 nulla
2960 2275 3086 2331 pars
3128 2261 3233 2316 alia
3263 2261 3438 2318 minor
3496 2262 3584 2318 vel

1983 2356 2087 2410 alia
2117 2369 2237 2426 quae
2268 2355 2428 2410 aliam
2455 2363 2755 2425 superaret,
2780 2353 2905 2410 licet
2950 2367 3056 2409 uno
3082 2353 3264 2420 obolo,
3290 2352 3356 2408 de
3384 2354 3469 2409 bis
3501 2354 3584 2409 in-

1984 2459 2141 2505 venta
2173 2458 2256 2504 est
2304 2447 2476 2504 tribus
2527 2448 2790 2518 partibus.
2816 2447 2884 2502 Et
2908 2446 2986 2501 sic
3032 2446 3134 2515 ipsr
3176 2459 3438 2516 pauperes
3467 2445 3583 2500 sine

1985 2542 2093 2596 ulla
2125 2541 2334 2610 injuriae
2383 2549 2440 2597 et
2484 2540 2696 2596 invidiae
2740 2555 2903 2597 causa
2951 2540 3058 2594 laeti
3087 2548 3427 2595 recesserunt
3455 2551 3582 2593 cum

1986 2637 2098 2692 suis
2130 2636 2305 2692 donis.

2055 2730 2366 2788 Secundum
2419 2729 2562 2786 enim
2595 2728 2892 2784 beatissimi
2941 2727 3040 2785 Job
3089 2728 3394 2797 exemplum
3448 2741 3583 2781 nun-

1984 2843 2143 2897 quam
2166 2827 2354 2897 inopes
2384 2841 2413 2880 a
2439 2839 2498 2881 se
2522 2825 2776 2882 recedere
2801 2824 2921 2881 sinu
2950 2838 3118 2880 vacuo
3148 2837 3301 2893 passa
3319 2832 3422 2878 est.
3448 2821 3584 2878 Nam

1986 2923 2307 2977 vestimenta
2341 2922 2695 2976 transmarina
2740 2930 2795 2975 et
2825 2920 3105 2990 peregrina
3155 2919 3391 2988 episcopi
3441 2916 3583 2971 Con-

1988 3015 2131 3070 leath
2154 3015 2395 3071 decorati
2422 3015 2662 3080 luminis,
2693 3013 2886 3083 quibus
2919 3015 2971 3067 iu
3006 3011 3437 3069 solemnitatibus
3470 3010 3577 3064 Do-

1987 3111 2114 3164 mini
2147 3119 2200 3165 et
2228 3109 2425 3179 vigiliis
2478 3109 3017 3178 apostolorumsacra
3061 3110 3113 3162 in
3141 3106 3402 3161 altaribus
3451 3104 3582 3160 offe-

1987 3219 2113 3260 rens
2157 3205 2409 3274 mysteria
2454 3202 2727 3271 utebatur,
2761 3202 3083 3273 pauperibus
3138 3200 3328 3270 largita
3376 3209 3481 3254 est.
3519 3199 3585 3255 Et

291 3293 347 3340 et
371 3284 439 3339 ad
464 3295 786 3342 conventum
820 3288 1174 3344 multitudinis
1204 3304 1301 3358 pro
1327 3289 1424 3344 hac
1464 3289 1616 3360 culpa
1647 3305 1769 3346 cum
1803 3303 1884 3362 ty-
1912 3268 1959 3332 (ἶ
1990 3311 2109 3353 cum
2144 3268 2354 3366 tempus
2384 3268 2742 3352 solemnitatis
2761 3268 3004 3360 advenit,
3036 3268 3329 3348 secundum
3352 3305 3579 3348 consue-

291 3390 464 3431 ranuo
494 3376 678 3434 infami
711 3381 1085 3451 progrediens,
1105 3390 1481 3436 etmonstrans
1508 3382 1610 3438 sibi
1636 3383 1881 3439 eamdem

290 3481 522 3540 sentem,
553 3471 736 3528 multis
775 3473 1113 3540 testantibus,
1141 3475 1231 3543 qui
1262 3489 1377 3528 eam
1410 3489 1702 3546 agnoscere
1733 3484 1885 3545 pote-

290 3572 434 3632 rant,
464 3580 567 3620 non
593 3565 750 3621 aliam
775 3567 1023 3634 esse,sed
1048 3569 1215 3636 ipsam
1245 3568 1312 3622 de
1339 3583 1440 3638 qua
1468 3570 1588 3623 talis
1607 3584 1786 3625 sermo
1808 3571 1885 3626 fe-

290 3656 532 3725 rebatur,
561 3658 921 3713 adhmrentem
946 3659 1042 3714 sibi
1093 3660 1346 3714 feminam
1391 3663 1727 3728 pudicamde
1769 3678 1884 3718 ma-

290 3750 449 3805 nibus
475 3751 685 3820 tyranni
716 3752 1072 3808 crudelissimi
1103 3753 1372 3808 liberavit.
1405 3755 1497 3810 Ille
1521 3771 1647 3810 vero
1697 3768 1884 3825 postea

293 3841 559 3898 confitens
586 3858 738 3898 suam
766 3846 1000 3915 culpam,
1020 3856 1220 3901 sanctae
1245 3847 1473 3917 Brigidaa
1501 3849 1768 3905 humiliter
1788 3865 1883 3908 sua

299 3935 537 3992 subdidit
589 3939 745 3994 colla.
786 3940 936 3995 Tunc
969 3941 1055 3995 illa
1086 3941 1154 3996 ab
1182 3942 1430 3998 omnibus
1481 3944 1712 4014 gloriosa
1761 3960 1882 4015 per-

292 4037 417 4084 acto
465 4030 566 4086 hoc
613 4032 815 4101 ingenti
868 4032 1126 4088 miraculo
1173 4036 1372 4102 gratias
1417 4049 1579 4104 agens
1629 4035 1775 4102 Deo,
1829 4046 1885 4094 et

291 4124 472 4178 utunia
503 4124 557 4180 in
598 4127 711 4195 ejus
740 4127 965 4197 gloriam
1008 4128 1238 4197 faciens,
1273 4128 1486 4183 domum
1544 4130 1701 4184 rediit
1755 4146 1878 4200 pro-

294 4229 482 4284 prtam.

371 4308 437 4362 Et
461 4308 542 4364 bis
571 4308 843 4365 miraculis
887 4311 1188 4380 gloriosum
1237 4313 1355 4383 ejus
1378 4327 1498 4368 cum
1529 4313 1704 4383 aliqua
1741 4314 1883 4370 fideli

292 4400 491 4457 femina
532 4400 820 4471 hospitium
868 4404 1017 4475 jungi
1058 4405 1238 4461 debet.
1270 4406 1386 4473 Quo
1433 4421 1747 4476 prosperum
1781 4407 1882 4462 iter

292 4495 496 4550 faciens
524 4503 710 4550 sancta
736 4495 949 4568 Brigida
975 4498 1027 4552 in
1059 4498 1151 4553 Dei
1177 4499 1452 4556 voluntate
1475 4499 1526 4553 in
1545 4499 1881 4568 amplissimo

292 4603 484 4657 campo
535 4589 692 4658 Breg,
717 4605 836 4644 cum
869 4591 1166 4646 declinaret
1218 4591 1282 4644 ad
1313 4606 1594 4659 vesperum
1640 4591 1776 4654 dies,
1810 4591 1877 4644 ad

1990 3387 2252 3455 tudinem,
2272 3396 2331 3443 ut
2351 3387 2464 3457 ipse
2492 3401 2733 3441 summus
2757 3386 3071 3457 populorum
3103 3385 3339 3454 pontifex
3364 3385 3475 3440 suis
3496 3385 3582 3439 in-

1989 3483 2148 3538 dutus
2178 3491 2322 3538 esset
2350 3481 2650 3536 mutatoriis
2672 3480 2927 3547 vestibus,
2965 3487 3144 3533 sancta
3196 3477 3427 3548 Brigtda,
3460 3492 3583 3547 quae

1990 3579 2166 3648 priora
2185 3577 2499 3633 vestimenta
2524 3573 2665 3630 illius
2688 3573 2926 3642 episcopi
2947 3571 3163 3627 Christo
3184 3570 3240 3625 in
3263 3570 3432 3624 forma
3453 3583 3584 3638 pau-

1987 3685 2173 3740 perum
2189 3670 2363 3740 posito
2375 3669 2628 3734 donabat,
2643 3667 2744 3722 alia
2759 3667 2948 3722 similia
2965 3680 3059 3734 per
3070 3665 3247 3719 omnia
3262 3662 3583 3718 vestimenta

1991 3764 2256 3833 prioribus
2283 3771 2392 3817 tam
2441 3762 2690 3828 texturis,
2717 3774 2874 3832 quam
2928 3758 3220 3824 coloribus,
3253 3771 3373 3825 quae
3412 3755 3465 3810 in
3488 3754 3582 3811 illa

1988 3856 2120 3912 hora
2137 3872 2167 3912 a
2190 3856 2427 3922 Christo,
2442 3870 2601 3925 quem
2634 3868 2730 3924 per
2757 3866 3043 3922 pauperem
3072 3850 3348 3918 induebat,
3375 3847 3582 3918 perlata

1989 3950 2042 4003 in
2066 3964 2224 4004 curru
2255 3949 2482 4003 duarum
2510 3956 2790 4017 acceperat
2809 3954 3067 4012 rotarum,
3086 3942 3422 4013 tradidit-pro
3437 3939 3581 3999 aliis.

1989 4041 2303 4098 Voluntarie
2333 4042 2475 4097 enim
2527 4041 2630 4096 alia
2663 4039 2989 4112 pauperibus
3018 4039 3339 4096 vestimenta
3361 4035 3582 4101 obtulit,

1987 4144 2042 4191 ct
2073 4136 2186 4191 hmc
2234 4150 2330 4205 pro
2374 4136 2454 4190 eis
2507 4143 2806 4204 opportune
2854 4131 3078 4203 recepit.
3117 4130 3253 4186 Nam
3298 4143 3422 4185 cum
3468 4126 3586 4195 ipsa

1985 4229 2321 4284 essetvivum
2351 4236 2402 4282 et
2435 4226 2800 4283 felicissimum
2828 4225 3020 4281 summi
3039 4224 3230 4294 capitis
3257 4220 3580 4285 membrum,

1989 4331 2238 4393 patenter
2259 4320 2460 4386 omnia,
2484 4334 2604 4390 quae
2635 4319 2990 4383 desiderabat,
3017 4316 3365 4386 operabatur.

2060 4413 2188 4468 Item
2205 4422 2258 4468 et
2283 4413 2382 4468 hoc
2406 4422 2589 4467 sancta
2605 4412 2752 4466 fulsit
2766 4410 2978 4483 Brigida
3013 4408 3296 4465 miraculo.
3311 4407 3447 4475 Quia
3462 4419 3584 4462 cum

1987 4508 2126 4577 regis
2154 4507 2298 4560 illius
2327 4505 2512 4575 patria:
2539 4505 2591 4559 in
2621 4517 2724 4575 qua
2764 4505 2876 4573 ipsa
2902 4499 3003 4556 fuit
3033 4516 3128 4570 per
3159 4499 3344 4569 plebes
3372 4507 3430 4554 et
3459 4515 3587 4568 pro-

1988 4600 2190 4654 vincias
2220 4615 2339 4670 quae
2369 4599 2469 4653 sub
2498 4598 2612 4666 ejus
2642 4605 2796 4650 erant
2825 4594 3030 4649 ditione
3073 4600 3399 4663 praeceptum
3427 4592 3582 4647 inva-

293 4681 659 4737 hahitaculum
710 4682 826 4752 ejus
859 4686 1081 4739 veniens
1120 4698 1240 4738 cum
1269 4698 1330 4738 ea
1361 4686 1717 4754 pernoctavit.
1750 4685 1878 4750 Quae

1996 4659 2250 4760 lesceret,
2268 4701 2323 4745 ut
2350 4691 2416 4746 de
2439 4689 2688 4744 omnibus
2717 4688 2835 4756 ejus
2865 4685 3175 4755 regionibus
3204 4692 3261 4740 et
3289 4682 3582 4754 provinciis

296 4773 469 4829 obviis
493 4776 733 4829 manibus
757 4785 809 4830 et
835 4775 1166 4847 gratulanter
1191 4776 1508 4845 suscipiens,
1532 4775 1730 4846 gratias
1754 4780 1880 4832 0m-

300 4868 563 4938 nip0tenti
617 4883 776 4939 agens
838 4869 905 4923 de
962 4868 1102 4924 felici
1149 4868 1380 4924 adventu
1430 4871 1882 4926 reverentissime:

295 4962 521 5033 Brigidae
540 4963 764 5032 virginis
786 4962 1008 5018 Christi.

363 5057 608 5131 Cumque
635 5075 738 5114 non
765 5058 1004 5125 haberet,
1041 5066 1260 5129 propter
1286 5072 1436 5113 suam
1462 5057 1718 5128 inopiam,
1745 5055 1885 5113 unde

290 5153 427 5211 tales
457 5152 709 5221 nutriret,
737 5164 792 5208 et
817 5152 995 5208 cibum
1049 5153 1192 5208 unde
1219 5153 1352 5208 tales
1377 5151 1616 5219 h05pites
1643 5151 1873 5220 cibaret,

291 5246 538 5302 incidens
567 5245 705 5317 ligna
742 5246 949 5313 telaria,
972 5246 1024 5300 in
1050 5245 1244 5316 quibus
1261 5255 1476 5300 textura
1501 5245 1725 5300 telarum
1749 5259 1880 5314 ope-

292 5334 512 5416 rabatur
543 5339 594 5393 in
626 5351 778 5409 pasm
810 5339 968 5410 ignis,
1003 5339 1222 5393 vitulum
1272 5353 1447 5406 suum,
1479 5354 1637 5410 quem
1664 5338 1877 5405 occidit,

291 5445 456 5500 super
477 5442 682 5486 struem
705 5431 970 5502 lignorum
1011 5429 1252 5500 ipsorum
1282 5447 1508 5501 ponens,
1537 5431 1645 5502 igni
1685 5430 1884 5486 assavit

291 5541 415 5580 cum
446 5527 582 5582 bona
607 5527 902 5594 voluntate.
935 5525 1003 5580 Et
1048 5540 1199 5581 caena
1247 5525 1406 5590 facta,
1443 5535 1497 5581 et
1523 5529 1678 5580 n'octe
1700 5539 1882 5582 assue-

292 5618 363 5674 tis
393 5628 658 5676 trausacta
677 5621 890 5692 vigiliis,
909 5620 1319 5691 expergiscente
1334 5627 1455 5690 post
1475 5621 1616 5676 illam
1640 5620 1708 5676 de
1728 5635 1884 5678 mane

293 5718 531 5775 noctem,
566 5723 620 5766 ut
645 5712 846 5767 nullum
875 5711 945 5766 de
971 5712 1278 5784 receptione
1331 5721 1383 5767 ct
1435 5713 1726 5769 refectione
1760 5729 1884 5768 san-

292 5813 394 5860 cta:
417 5805 645 5879 Brigida:
667 5807 831 5864 ullius
855 5809 932 5864 rei
955 5809 1245 5866 sustineret
1272 5808 1526 5865 damnum
1557 5809 1670 5881 ipsa
1701 5808 1882 5881 hospt-

294 5902 438 5973 talis,
471 5919 593 5972 quae
612 5906 840 5964 vitulum
862 5908 1117 5968 amiserat
1164 5922 1280 5967 sua:
1307 5919 1511 5972 vacem,
1535 5906 1767 5966 alterum
1819 5906 1881 5962 in

1987 4785 2342 4840 convenirent
2401 4781 2578 4853 populi
2633 4794 2843 4846 omnes,
2875 4788 3038 4850 atque
3085 4776 3416 4834 aedificarent
3438 4778 3584 4834 viam

1989 4881 2172 4944 latam,
2205 4887 2258 4933 et
2309 4878 2517 4931 firmam
2573 4873 2737 4928 ramis
2780 4872 3054 4940 arborum,
3080 4872 3249 4943 petris
3307 4872 3362 4927 in
3392 4871 3591 4950 funda:

1992 4981 2170 5027 mento
2199 4971 2407 5042 positis,
2440 4976 2494 5023 et
2549 4965 2939 5022 munitionibus
2983 4964 3302 5034 quibusdam
3334 4965 3594 5040 firmissi-ﬁ

1993 5068 2096 5122 mis
2124 5067 2176 5121 in
2209 5077 2417 5137 gronna
2439 5059 2702 5133 profunda
2733 5067 2788 5115 et
2817 5060 2954 5116 bene
2977 5058 3424 5124 intransmeabili,
3449 5065 3506 5114 et
3523 5057 3583 5115 in

1987 5162 2118 5217 locis
2167 5157 2540 5223 humentibus,
2571 5165 2730 5226 atque
2781 5155 2836 5210 in
2887 5154 3211 5224 paludibus,
3272 5154 3324 5208 in
3377 5153 3585 5224 quibus

1985 5252 2203 5325 grandis
2235 5249 2486 5307 currebat
2515 5247 2732 5313 fluvius,
2764 5262 2884 5317 qua:
2907 5255 3213 5303 constructa
3255 5244 3568 5315 quadrigas,

1986 5354 2040 5403 et
2060 5345 2290 5416 equites,
2312 5353 2368 5399 et
2393 5355 2600 5409 currus,
2625 5348 2678 5397 et
2715 5339 3071 5408 plaustrorum
3104 5346 3272 5403 rotas,
3302 5345 3358 5393 et
3408 5336 3580 5407 impe-

1989 5448 2100 5494 tum
2158 5436 2482 5508 pepulerunt
2535 5443 2694 5490 atoue
2748 5432 3022 5488 incursum
3053 5430 3290 5501 undique
3341 5429 3578 5486 hostium

1991 5540 2293 5587 sustentare
2325 5538 2525 5601 posset.

2062 5625 2520 5682 Couveuicntibus
2541 5630 2719 5676 autem
2755 5619 2990 5692 undique
3017 5619 3232 5690 populis
3262 5633 3356 5688 per
3382 5632 3584 5688 cogna-

1991 5721 2162 5775 tiones
2192 5728 2249 5774 et
2278 5719 2503 5774 familias
2532 5715 2832 5772 diviserunt
2874 5712 3013 5768 viam
3061 5711 3226 5779 illam,
3251 5726 3408 5782 quam
3453 5710 3586 5768 tedi-

1990 5813 2151 5867 llcare
2179 5811 2497 5876 debuerant,
2521 5808 2576 5864 in
2623 5816 2804 5878 partes
2853 5805 3116 5876 proprias,
3141 5812 3201 5859 ut
3247 5817 3585 5874 unaquaeque

1987 5903 2235 5973 cognatio
2260 5911 2317 5961 et
2341 5900 2541 5960 familia
2573 5915 2725 5957 suam
2751 5898 2856 5957 sibi
2899 5897 3159 5957 creditam
3188 5898 3592 5956 construxisset
