4042 6348
248 342 344 396 78Ε

1483 337 1523 393 Δ
1562 333 1904 393 υοςιτοδο
1942 334 2339 400 ADORNATA.

3435 343 3541 404 790

248 470 473 528 corpora
524 470 556 511 a
592 454 799 512 dextris
821 463 877 512 et
909 471 938 510 a
979 451 1214 511 sinistris
1240 452 1427 507 altaris
1474 452 1734 520 decorati,
1784 454 1835 508 in
1864 455 1915 513 A
1942 453 2133 510 artifex
2183 456 2590 513 Hibernensium
2623 457 2870 528 prudentt
2894 473 3105 514 locutus
3156 470 3239 513 est
3267 459 3534 516 consilio:

247 548 610 606 monumentis
643 549 813 619 posita
842 550 1077 613 ornatis,
1136 546 1285 601 vario
1313 546 1459 600 cultu
1511 545 1627 600 auri
1672 554 1727 601 et
1757 561 1843 600 ar-

246 642 393 713 genti
424 650 478 697 et
503 656 859 713 gemmarum,
920 650 975 697 et
1005 640 1223 709 pretiosi
1258 639 1473 709 lapidis,
1504 648 1662 710 atque
1690 655 1845 695 coro-

248 736 333 791 nis
360 735 541 792 aureis
568 745 622 792 et
651 735 921 806 argenteis
962 734 1194 803 desuper
1233 733 1593 805 pendentibus
1632 734 1845 805 requie-

247 837 424 884 SCIJI'IL

322 920 569 977 Ecclesia
617 935 849 992 namque
906 928 1187 976 crescente
1236 934 1461 975 numero
1505 918 1740 973 ﬁdelium
1792 928 1847 974 et

247 1021 478 1084 utroque
506 1026 659 1077 sexu,
692 1013 809 1068 solo
835 1013 1092 1083 spatiosa,
1125 1020 1179 1066 et
1210 1012 1262 1067 in
1293 1012 1462 1065 altum
1494 1010 1691 1065 minaci
1726 1024 1846 1080 pro-

248 1106 475 1162 ceritate
531 1114 798 1177 porrecta,
829 1122 893 1162 ac
934 1107 1185 1175 decorata
1226 1105 1383 1177 pictis
1434 1104 1709 1171 tabulatis,
1744 1104 1844 1161 tria

250 1200 575 1256 intrinsecus
606 1201 805 1256 habens
832 1203 1089 1267 oratoria,
1124 1201 1298 1270 ampla
1328 1209 1383 1255 et
1408 1199 1579 1254 divisa
1632 1199 1847 1269 parieti-

249 1290 354 1347 bus
384 1292 653 1358 tabulatis,
706 1294 805 1346 sub
848 1296 955 1347 uno
1005 1292 1241 1347 culmine
1282 1290 1503 1362 majoris
1532 1290 1748 1357 domus,
1794 1292 1847 1345 in

249 1401 360 1455 quo
384 1401 522 1440 unus
567 1387 744 1455 paries
772 1387 1075 1452 decoratus,
1128 1395 1183 1441 et
1225 1386 1551 1456 imaginibus
1582 1386 1844 1455 depictus,

249 1491 319 1534 ac
340 1478 745 1534 linteaminibus
777 1488 971 1545 tectus,
1004 1493 1099 1548 per
1127 1477 1465 1533 latitudinem
1515 1478 1570 1532 in
1598 1476 1849 1532 orientali

251 1568 497 1625 ecclesiae
553 1577 727 1638 parte,
778 1585 808 1623 a
863 1570 1065 1639 pariete
1094 1570 1158 1624 ad
1192 1571 1415 1625 alterum
1461 1573 1718 1640 parietem
1767 1584 1850 1625 ec-

252 1664 521 1719 clesimse
569 1653 835 1731 tetendit;
886 1666 975 1736 qui
1028 1666 1080 1718 in
1114 1665 1223 1719 suis
1269 1664 1699 1733 extremitatibus
1743 1664 1849 1725 duo

254 1754 416 1813 habet
442 1758 493 1813 in
517 1772 611 1813 sua
637 1758 806 1826 ostia;
860 1766 914 1813 et
968 1773 1063 1827 per
1113 1772 1275 1813 unum
1319 1758 1515 1813 ostium
1568 1758 1621 1811 in
1663 1764 1847 1814 extera

1949 545 2006 600 In
2061 546 2161 601 hac
2212 558 2601 617 superventura
2642 557 2801 606 nocte
2846 564 3005 605 orare
3051 549 3333 605 Dominum
3383 551 3537 619 juxta

1949 649 2189 695 sanctam
2226 641 2490 711 Brigidam
2533 642 2761 698 ﬁdeliter
2788 641 3068 708 debemus,
3101 650 3161 696 ut
3210 641 3326 711 ipsa
3380 643 3538 699 nobis

1949 730 2017 787 de
2040 747 2214 796 mane,
2244 733 2373 803 quid
2398 734 2449 788 in
2479 748 2644 804 opere
2674 734 2775 789 hoc
2798 735 2966 789 acturi
2997 746 3200 801 sumus,
3236 733 3534 803 provideat.

1952 824 2017 881 Et
2038 826 2115 881 sic
2143 840 2303 887 orans
2331 825 2480 895 juxta
2512 835 2916 882 monumentum
2963 835 3164 883 sanctae
3192 825 3419 899 Brigida‘.
3458 835 3537 885 to—

1952 928 2058 973 tam
2093 927 2304 974 noctem
2335 922 2607 990 transegit.

2023 1011 2090 1064 Et
2116 1024 2273 1066 mane
2301 1026 2551 1083 surgens,
2582 1014 2826 1069 oratione
2854 1012 3156 1083 praemissa,
3181 1011 3377 1069 ostium
3399 1014 3540 1070 anti-

1950 1116 2114 1171 quum
2145 1102 2363 1158 trudens
2411 1118 2475 1157 ac
2532 1119 2737 1174 ponens
2783 1105 2835 1159 in
2864 1094 2983 1161 'suo
3036 1104 3275 1173 cardine,
3320 1104 3539 1175 januam

1950 1194 2212 1249 conclusit
2243 1201 2407 1249 tutam
2438 1214 2451 1250 :
2506 1210 2604 1250 nec
2629 1194 2827 1266 aliquid
2858 1194 3029 1250 deluit
3056 1195 3124 1251 de
3158 1197 3325 1266 ipsius
3369 1197 3540 1267 pleni-

1954 1285 2157 1352 tudine,
2191 1300 2290 1341 nec
2314 1286 2421 1342 ulla
2458 1288 2511 1341 in
2554 1286 2673 1357 ejus
2720 1287 3085 1358 magnitudine
3116 1289 3383 1358 superﬂua
3418 1304 3540 1360 pars

1952 1390 2168 1450 reperta
2193 1392 2295 1435 est.
2330 1382 2395 1435 Et
2424 1382 2501 1435 sic
2532 1393 2715 1437 sancta
2750 1382 2958 1453 Brigida
2991 1383 3119 1437 illud
3145 1384 3338 1438 ostium
3363 1394 3539 1439 exten-

1951 1474 2030 1530 dit
2062 1474 2115 1529 in
2145 1474 2508 1541 altitudinem,
2564 1484 2621 1529 ut
2677 1485 2781 1530 tota
2814 1487 2962 1544 porta
2988 1476 3074 1530 illa
3102 1476 3170 1531 ab
3216 1490 3283 1531 eo
3310 1476 3383 1531 sit
3405 1491 3541 1532 con-

1951 1566 2119 1632 clusa,
2151 1581 2249 1622 nec
2278 1566 2331 1621 in
2356 1581 2419 1622 ea
2443 1566 2581 1623 ullus
2613 1567 2764 1621 locus
2795 1569 3086 1635 patefactus
3127 1567 3394 1638 videatur,
3437 1567 3543 1625 nisi

1952 1676 2069 1717 cum
2101 1662 2298 1717 ostium
2328 1662 2640 1727 retruditur,
2662 1669 2722 1716 ut
2748 1662 2971 1717 ecclesia
3024 1663 3274 1719 intretur.
3330 1664 3394 1718 Et
3442 1662 3542 1719 hoc

1952 1756 2166 1811 virtutis
2194 1756 2476 1812 dominicae
2519 1756 2693 1812 oculis
2716 1757 2954 1811 omnium
2988 1756 3281 1812 videntium
3310 1757 3544 1814 miracu-

255 1856 409 1917 parte
456 1846 687 1915 positum
744 1849 973 1903 intratur
1022 1848 1087 1902 ad
1137 1849 1500 1903 sanctuarium
1559 1848 1624 1901 ad
1681 1848 1848 1903 altare
1877 1843 1928 1904 B
1956 1850 2087 1911 lum,
2121 1850 2266 1905 illam
2292 1851 2507 1920 januam
2538 1858 2594 1905 et
2621 1850 2827 1905 valvam
2860 1850 3142 1905 manifeste
3164 1859 3324 1920 patet.

256 1954 498 1995 summus
527 1937 767 2009 pontifex
800 1954 917 2001 cum
950 1956 1047 1995 sua
1077 1942 1307 2011 regulari
1333 1941 1477 1995 scola
1499 1950 1553 1995 et
1581 1940 1661 1994 his
1682 1941 1851 1995 sacris

259 2041 381 2089 sunt
408 2033 643 2103 deputati
674 2032 1013 2099 ministeriis,
1064 2047 1215 2087 sacra
1269 2033 1333 2086 ad
1364 2032 1634 2087 dominica
1665 2042 1719 2086 et
1749 2033 1848 2089 im-

259 2126 462 2181 molare
487 2126 770 2181 sacriﬁcia.
825 2125 894 2180 Et
924 2141 1020 2195 per
1048 2125 1273 2191 alterum
1312 2125 1509 2181 ostium
1552 2125 1603 2179 in
1636 2123 1849 2179 sinistra

264 2228 410 2289 parte
438 2218 655 2289 parietis
679 2233 840 2287 supra
870 2217 1000 2274 dicti
1046 2228 1100 2273 et
1132 2218 1419 2273 transversi
1463 2218 1715 2287 positum,
1761 2216 1853 2272 ab-

263 2307 458 2368 batissa
505 2326 625 2365 cum
656 2313 767 2367 suis
813 2311 1005 2382 puellis
1044 2320 1098 2366 et
1141 2311 1315 2367 viduis
1346 2311 1593 2366 ﬁdelibus
1647 2321 1852 2366 tantum

264 2403 433 2461 iverat
455 2404 602 2481 [Leg.
628 2404 835 2477 intrat],
866 2416 926 2461 ut
963 2406 1211 2463 convivio
1232 2406 1475 2475 corporis
1501 2415 1555 2460 et
1578 2405 1855 2477 sanguinis

266 2495 503 2554 fruantur
525 2498 652 2555 Jesu
672 2496 893 2553 Christi.
922 2500 1097 2569 Atque
1123 2498 1261 2555 alius
1288 2497 1464 2567 paries
1487 2497 1852 2568 pavimentum

266 2592 450 2647 domus
478 2593 529 2646 in
556 2593 691 2647 duas
713 2592 947 2661 aequales
965 2592 1211 2647 dividens
1229 2600 1429 2659 partes,
1456 2607 1483 2644 a
1513 2599 1661 2660 parte
1682 2592 1853 2645 orien-

268 2686 353 2740 tali
384 2700 550 2757 usque
575 2685 641 2740 ad
670 2692 1035 2741 transversum
1060 2686 1113 2739 in
1153 2684 1434 2740 latitudine
1471 2684 1728 2754 parietem
1760 2699 1856 2738 ex-

268 2784 453 2834 tensus
482 2785 586 2833 est.
638 2778 704 2833 Et
750 2778 865 2834 haec
893 2785 1036 2833 tenet
1086 2776 1322 2832 Ecclesia
1356 2778 1409 2830 in
1463 2791 1522 2833 se
1552 2776 1746 2832 multas
1778 2777 1855 2832 fe-

267 2880 497 2939 nestras,
530 2878 584 2925 et
608 2885 768 2924 unam
797 2872 850 2924 in
896 2870 1062 2925 latere
1103 2870 1297 2926 dextro
1336 2878 1579 2927 ornatam
1624 2877 1855 2939 portam,

267 2976 363 3029 per
400 2975 558 3030 quam
617 2960 925 3016 sacerdotes
961 2970 1015 3016 et
1069 2963 1299 3033 populus
1352 2962 1524 3018 ﬁdelis
1578 2959 1858 3016 masculini

265 3054 476 3124 generis
514 3066 674 3108 sexus
701 3051 863 3108 intrat
905 3053 1234 3120 Ecclesiam;
1280 3062 1334 3109 et
1374 3054 1598 3109 alteram
1651 3062 1857 3123 portam

272 3148 319 3199 in
349 3136 566 3200 sinistro
598 3144 790 3213 latere,
848 3162 942 3216 per
983 3162 1144 3217 quam
1173 3145 1407 3216 virgines
1438 3154 1493 3201 et
1522 3145 1755 3201 ﬁdelium
1785 3146 1861 3201 l'e-

2031 1943 2093 1997 Et
2121 1943 2242 2012 quis
2270 1956 2515 1998 sermone
2538 1942 2806 2015 explicare
2832 1952 3029 2013 potest,
3064 1940 3361 2001 maximum
3379 1943 3545 2013 deco-

1958 2049 2068 2090 rem
2096 2033 2250 2105 hujus
2278 2035 2550 2100 ecclesiae,
2579 2043 2637 2090 et
2662 2036 2943 2091 innumera
2993 2036 3139 2092 illius
3187 2036 3419 2095 civitatis
3455 2038 3547 2107 qui

1956 2128 2197 2185 dicemus
2226 2128 2483 2182 miracula
2509 2128 2531 2182 7
2555 2127 2602 2183 si
2629 2127 2708 2183 fas
2736 2138 2819 2184 est
2846 2128 2951 2184 dici
2972 2128 3181 2195 civitas,
3215 2128 3283 2185 de
3305 2144 3408 2200 qua
3438 2129 3549 2185 vita

1956 2221 2009 2275 in
2034 2235 2091 2277 se
2114 2220 2400 2275 multorum
2436 2235 2629 2275 nomen
2686 2220 2914 2291 accepit.
2946 2220 3175 2276 Maxima
3220 2222 3333 2276 haec
3362 2222 3549 2277 civitas

1958 2324 2012 2372 et
2041 2315 2448 2384 metropolitana
2475 2322 2577 2379 est,
2603 2314 2657 2368 in
2688 2313 2841 2384 cujus
2863 2313 3204 2383 suburbanis,
3229 2328 3345 2383 quae
3364 2323 3550 2368 sancta

1957 2416 2109 2464 certo
2141 2406 2306 2461 limite
2330 2405 2629 2476 designavit
2684 2403 2916 2476 Brigida,
2970 2405 3145 2461 nullus
3173 2404 3405 2460 carnalis
3455 2406 3550 2459 ad-

1959 2499 2247 2565 versarius,
2283 2513 2384 2554 nec
2413 2512 2602 2553 cursus
2654 2497 2871 2554 timetur
2903 2497 3156 2552 hostium.
3199 2497 3304 2553 Sed
3359 2497 3551 2553 civitas

1960 2605 2041 2649 εει
2071 2592 2260 2661 refugii
2287 2592 2551 2647 tutissima
2574 2593 2642 2647 de
2676 2591 2806 2646 foris
2836 2590 3163 2647 suburbanis
3194 2591 3245 2645 in
3283 2598 3389 2645 tota
3413 2590 3546 2645 Sco-

1961 2695 2139 2741 torum
2172 2696 2333 2751 terra,
2358 2700 2480 2741 cum
2524 2685 2637 2739 suis
2663 2683 2912 2739 omnibus
2962 2682 3196 2753 fugitivis
3226 2683 3279 2737 in
3301 2697 3401 2753 qua
3434 2696 3551 2737 ser-

1962 2791 2152 2835 vantur
2184 2779 2421 2835 thesauri
2450 2792 2656 2849 regum,
2706 2786 2761 2833 et
2807 2776 3045 2833 decorati
3091 2775 3342 2832 culminis
3369 2773 3552 2831 excel-

1963 2876 2261 2931 lentissima
2286 2890 2407 2930 esse
2436 2872 2707 2928 videntur.

2034 2969 2099 3024 Et
2119 2968 2238 3040 quis
2269 2980 2587 3021 enumerare
2606 2974 2783 3035 potest
2812 2964 3053 3019 diversas
3099 2961 3284 3017 turbas
3313 2971 3366 3017 et
3402 2962 3553 3016 innu-

1965 3061 2249 3117 merabiles
2300 3060 2524 3129 populos
2580 3057 2647 3112 de
2703 3056 2955 3111 omnibus
3000 3054 3289 3125 provinciis
3349 3053 3556 3108 conﬁu-

1964 3164 2156 3210 entes:
2189 3152 2278 3207 alii
2329 3152 2399 3205 ob
2430 3148 2711 3220 epularum
2744 3145 3151 3211 abundantiam,
3181 3144 3269 3197 alii
3323 3142 3557 3212 languidi

271 3238 536 3295 minarum
586 3240 931 3311 congregatio
961 3242 1161 3294 intrare
1216 3239 1373 3294 solet.
1426 3238 1496 3292 Et
1524 3238 1601 3292 sic
1649 3238 1703 3292 in
1755 3239 1933 3305 unaC
1965 3256 2185 3319 propter
2213 3244 2491 3307 sanitates,
2552 3242 2642 3296 alii
2701 3239 2765 3294 ad
2822 3238 3186 3307 spectaculum
3246 3234 3554 3299 turbarum;

270 3331 483 3387 basilica
508 3331 761 3398 maxima,
793 3332 1020 3402 populus
1066 3329 1285 3400 grandis
1314 3330 1369 3384 in
1426 3330 1637 3395 ordine,
1667 3339 1722 3384 et
1741 3345 1864 3399 gra-

266 3423 448 3492 dibus,
469 3433 523 3479 et
550 3438 705 3491 sexu,
730 3432 785 3480 et
809 3424 944 3480 locis
966 3422 1195 3479 diversis
1221 3422 1516 3493 interjectis
1558 3432 1611 3477 et
1640 3423 1778 3477 inter
1806 3437 1866 3477 se

267 3517 511 3590 partibus
535 3527 584 3585 α,
617 3517 830 3574 diverso
871 3517 1065 3574 ordine
1092 3526 1145 3572 et
1195 3530 1303 3571 uno
1348 3515 1529 3570 animo
1582 3514 1862 3570 Dominum

269 3611 693 3680 omnipotentem
724 3622 860 3666 orat.

345 3704 412 3759 Et
456 3719 576 3759 cum
625 3704 824 3761 ostium
873 3704 1149 3775 antiquum
1199 3712 1368 3773 porta:
1409 3703 1721 3771 sinistralis,
1773 3718 1868 3775 per

270 3797 415 3867 quod
442 3798 651 3854 solebat
699 3806 883 3853 sancta
936 3797 1151 3869 Brigida
1188 3796 1483 3854 Ecclesiam
1526 3796 1752 3863 intrare,
1788 3780 1871 3851 ab

272 3891 572 3948 artiﬁcibus
602 3893 654 3948 in
685 3894 798 3950 suis
828 3902 973 3951 esset
1004 3893 1310 3950 cardinibus
1338 3894 1519 3961 situm,
1548 3902 1712 3949 totam
1743 3908 1870 3949 con-

271 3986 498 4041 cludere
552 3995 760 4055 portam
796 3987 1143 4044 instauratam
1174 3996 1229 4043 et
1257 3997 1504 4043 novatam
1540 4001 1729 4041 novam
1765 4002 1870 4041 non

273 4076 471 4148 potuit.
515 4076 713 4145 Quarta
744 4077 887 4134 enim
918 4086 1086 4149 porta:
1138 4093 1260 4148 pars
1289 4087 1471 4149 aperta
1507 4080 1622 4133 sine
1646 4077 1872 4133 conclu-

275 4172 431 4227 sione
460 4180 513 4227 et
539 4171 803 4240 patefacta
836 4173 1151 4243 apparebat.
1180 4172 1247 4228 Et
1271 4173 1314 4227 si
1357 4173 1533 4227 addita
1585 4180 1639 4227 et
1683 4170 1874 4241 juncta

275 4266 347 4323 ad
375 4264 711 4323 altitudinem
757 4268 879 4323 ostii
909 4279 1095 4338 quarta
1139 4282 1265 4338 pars
1300 4267 1509 4333 fuisset,
1547 4276 1670 4323 tunc
1711 4276 1872 4320 totam

276 4360 603 4419 concludere
629 4370 837 4432 portam
868 4370 1048 4432 posset
1072 4362 1231 4418 altam
1281 4372 1333 4418 et
1379 4362 1751 4417 instauratam.
1811 4369 1878 4416 [St

278 4460 401 4511 cum
435 4455 666 4511 artiﬁces
687 4456 911 4512 alterum
970 4455 1140 4524 majus
1198 4469 1397 4509 novum
1452 4453 1627 4509 facere
1679 4452 1875 4508 ostium

279 4546 661 4611 deliberarent,
687 4548 830 4619 quod
854 4556 1018 4615 totam
1054 4546 1379 4603 concludere
1419 4556 1646 4616 portam,
1678 4553 1767 4600 aut
1799 4555 1879 4599 ta-

279 4637 460 4694 bulam
494 4638 669 4694 facere
689 4639 928 4709 junctam
983 4639 1035 4693 in
1084 4645 1236 4692 vetus
1293 4638 1513 4699 ostium,
1575 4646 1629 4689 ut
1686 4641 1958 4705 posteaD

282 4731 528 4789 sufficere
550 4743 752 4802 posset,
780 4730 1065 4803 praadictus
1086 4730 1276 4785 doctor
1296 4738 1350 4785 et
1377 4730 1616 4784 omnium
1645 4728 1874 4798 prazvius

353 4920 380 4950 ι
422 4912 601 4978 Forte,
628 4912 945 4983 parietibus.
972 4912 1045 4969 De
1070 4913 1172 4968 hoc
1202 4912 1427 4981 antiquo
1468 4922 1772 4983 more,quo
1795 4904 1874 4961 fe-

282 4984 442 5045 mina
468 4999 501 5042 a
530 4980 665 5042 viris
691 4994 949 5056 separata
978 4984 1203 5056 orabant
1231 4986 1284 5037 in
1327 4980 1563 5056 templis,
1597 4980 1869 5056 Clement.

280 5065 455 5125 coast.
494 5056 590 5114 lib.
618 5071 659 5112 ιι
706 5052 825 5128 cap.
848 5054 948 5115 61:
978 5054 1137 5127 Greg.
1164 5054 1319 5121 Naz.,
1352 5054 1408 5123 in
1430 5054 1579 5110 Solo.
1616 5052 1683 5109 de
1725 5054 1872 5106 Ana-

1968 3340 2057 3395 alii
2080 3354 2201 3396 cum
2254 3337 2459 3408 magnis
2504 3334 2661 3389 donis
2720 3332 2997 3388 venientes
3046 3330 3113 3384 ad
3162 3326 3558 3385 solemnitatem

1969 3433 2261 3488 nativitatis
2298 3439 2498 3485 sanctm
2528 3427 2777 3499 Brigidae,
2814 3439 2930 3496 quae
2974 3424 3029 3477 in
3056 3422 3142 3477 die
3197 3420 3557 3475 Kalendarum

1971 3525 2247 3583 Februarii
2277 3524 2477 3579 mensis
2507 3521 2782 3576 dormiens
2819 3530 3009 3572 secure
3050 3514 3315 3569 sarcinam
3362 3511 3559 3580 dejecit

1970 3620 2169 3684 carnis,
2206 3626 2260 3673 et
2309 3618 2517 3688 Agnum
2571 3612 2667 3668 Dei
2718 3612 2772 3667 in
2825 3608 3138 3666 caelestibus
3182 3603 3561 3660 mansionibus

1971 3720 2151 3765 secuta
2183 3719 2265 3764 est
2286 3709 2307 3762 ?

2049 3803 2265 3857 Veniam
2300 3812 2421 3870 peto
2449 3814 2478 3854 a
2517 3797 2769 3853 fratribus
2796 3804 2850 3851 et
2902 3792 3192 3848 lectoribus
3222 3792 3337 3844 haec
3380 3780 3585 3859 legenk

1976 3902 2136 3969 tibus,
2170 3899 2259 3970 qui
2286 3912 2445 3953 causa
2493 3891 2815 3950 obedientiaz
2846 3897 3090 3954 coactus,
3119 3885 3260 3941 nulla
3294 3897 3558 3955 praeroga-

1975 3994 2080 4048 tiva
2105 3990 2342 4047 scientiae
2389 3987 2655 4052 sufflatus,
2705 3983 2924 4057 pelagus
2953 3982 3274 4037 immensum
3304 3978 3561 4032 virtutum

1977 4093 2174 4139 sanctae
2207 4078 2431 4152 Brigida:
2460 4088 2512 4134 et
2540 4077 2668 4131 viris
2689 4071 2996 4131 fortissimis
3028 4069 3451 4133 formidandum,
3482 4067 3563 4123 his

1978 4178 2158 4248 paucis
2184 4177 2382 4230 rustico
2413 4185 2664 4227 sermone
2701 4155 2860 4224 dictis
2902 4165 3187 4223 virtutibus
3216 4163 3284 4219 de
3314 4160 3565 4217 maximis

1977 4282 2032 4324 et
2061 4266 2541 4324 innumerabilibus
2572 4263 2855 4319 currerim.
3130 4266 3137 4273 °

2049 4392 2211 4443 Orate
2240 4398 2337 4455 pro
2365 4396 2451 4441 tne
2474 4380 2727 4451 Cogitoso
2751 4385 2946 4447 nepote
2965 4371 3249 4444 culpabili,
3290 4376 3345 4424 et
3375 4375 3433 4421 ut
3455 4380 3568 4420 ora~

1982 4482 2123 4539 tione
2152 4486 2331 4537 vestra
2362 4477 2448 4547 pio
2479 4473 2703 4531 Domino
2735 4485 2820 4527 me
2849 4463 3239 4525 comtnendetis
3269 4473 3437 4516 exoro
3458 4496 3474 4522 ,
3517 4461 3568 4511 et

1984 4577 2125 4634 Deus
2154 4576 2307 4632 vobis
2330 4588 2517 4644 pacem
2545 4567 2910 4639 evangelicam
2935 4569 3205 4619 sectantes
3226 4553 3497 4612 exaudiat.

2205 4727 2436 4798 Explicit
2483 4724 2604 4779 Vita
2644 4729 2834 4776 sancta:
2862 4716 3091 4788 Brigidw
3118 4710 3348 4783 virginis.

1983 4907 2178 4973 stasia;
2222 4905 2497 4969 Ambros.,
2541 4899 2604 4954 ad
2656 4894 3002 4973 virg.ﬂlaps.;
3041 4891 3258 4954 Baron.,
3304 4885 3355 4941 in
3395 4882 3572 4953 Appa-

1986 4991 2102 5036 ratu
2136 4968 2368 5045 Eccles.,
2392 4974 2459 5029 ad
2488 4968 2639 5029 nutu.
2671 4968 2761 5024 52.
2785 4968 2897 5024 CAN
