4042 6348
1716 358 2377 370 **~°—‘——‘-"*‘—“m‘
2398 356 3801 377 “"—.--‘-.‘—-—~‘_——'————..

648 362 1855 414 βψμμ
1646 406 1673 409 .-
1696 405 1783 409 »ηηντ
1804 406 1835 407 κέ
1862 375 2065 409 *η--η
2070 404 2077 407 ‹
2094 374 2304 407 ..Ιιι--σ-
2304 375 2365 405 Ι-
2362 375 2430 405 η--ν
2462 371 3817 421 ἭῨ-Ηκκμ-ὺυμ-Μ

1918 529 1977 570 ΙΝ
2026 530 2174 573 FINI!
2220 529 2457 573 Μῖρῑω
2506 529 2587 571 Vl.

1708 713 2686 934 MABIUS
2726 867 2793 975 ,

1017 1069 2205 1189 AVENTICENS

2300 1070 2385 1183 S
2460 1072 3497 1193 EPISCOPUS.

1688 1286 2031 1368 (Gallnnd.
2070 1288 2383 1353 Biblioth.
2418 1298 2565 1353 tam.
2601 1288 2795 1351 XII.l

613 1475 3819 1505 W

1980 1627 2559 1734 NOTITIA.

677 1964 721 2021 l.
765 1963 823 2019 In
854 1960 1046 2017 Eduis
1069 1958 1233 2016 nobili
1266 1972 1463 2029 genere
1488 1966 1637 2014 ortus
1666 1967 1749 2013 est
1776 1956 1992 2020 Marius,
2019 1965 2196 2013 stante
2227 1959 2274 2018 Α
2305 1957 2422 2028 ejus
2454 1956 2781 2014 mentionem
2832 1958 3244 2029 praetermisisse
3285 1961 3341 2017 in
3378 1977 3480 2019 suo
3528 1962 3829 2037 Martyrologo

608 2060 785 2118 adhuc
808 2054 1131 2125 Burgundize
1159 2069 1348 2125 regno,
1380 2052 1519 2107 circa
1545 2066 1743 2106 annum
1773 2048 1969 2104 Christi
1998 2050 2121 2113 5'52,
2148 2058 2205 2103 ut

558 2140 573 2163 ί
607 2152 843 2224 produnt
877 2149 1117 2205 Cointius
1144 2147 1218 2218 (a)
1260 2161 1323 2201 ac
1373 2146 1620 2201 Historia:
1666 2145 1935 2199 litterarch
1986 2142 2205 2199 Gallica:

606 2248 907 2317 scriptorcs
932 2242 1124 2298 cruditi
1152 2241 1261 2311 (b),
1297 2240 1619 2295 Chiffletium
1645 2239 1895 2293 assectati
1928 2238 2022 2307 (ε).
2049 2240 2204 2292 Anno

609 2351 786 2397 autem
811 2339 1027 2395 circiter
1057 2334 1183 2402 576,
1216 2342 1275 2389 ut
1305 2333 1645 2404 postmodum
1688 2346 1751 2387 ex
1785 2330 2028 2386 dicendis
2060 2344 2205 2383 com-

610 2444 824 2509 pertum
872 2434 986 2497 fiet,
1020 2433 1147 2487 dum
1177 2431 1355 2486 aetatis
1396 2445 1593 2483 annum
1643 2438 1825 2497 ageret
1860 2426 2207 2497 quadragesi-

612 2545 761 2585 mum
790 2537 1061 2598 quartum,
1105 2534 1325 2580 evectus
1354 2531 1437 2578 est
1472 2524 1537 2575 ad
1568 2522 1850 2578 ecclesiam
1882 2520 2207 2576 Aventicen-

610 2636 723 2675 sem
772 2618 1062 2689 regendam
1106 2615 1160 2670 in
1208 2616 1571 2671 Helvetiorum
1605 2623 1777 2668 tractu
1826 2614 1980 2668 sitam
2009 2626 2203 2683 :quam

611 2712 827 2784 quidem
870 2711 1051 2765 sedem
1100 2708 1456 2778 episcopalem
1512 2708 1600 2761 diu
1645 2706 1841 2773 tenuit,
1892 2705 2064 2762 donec
2108 2705 2206 2760 sub

612 2805 779 2860 linem
828 2802 1011 2858 saeculi
1043 2802 1201 2871 hujus
1234 2817 1306 2865 vi,
1335 2800 1663 2855 Childeberti
1698 2800 2025 2855 Francormn
2064 2800 2207 2872 regis

609 2897 901 2967 permissu,
928 2910 1045 2950 eam
1076 2896 1334 2950 Aventico
1362 2895 1692 2949 Lausannam
1722 2894 2017 2961 transtulit,
2054 2904 2109 2951 ut
2140 2911 2205 2952 ex

613 2988 837 3044 Claudio
884 2987 1121 3043 Roberto
1162 2987 1319 3042 tradit
1372 2986 1611 3041 laudatus
1653 2985 2027 3058 Cointius(d).
2061 2986 2208 3043 Chil-

613 3082 867 3138 deberlus
892 3082 1035 3136 enim
1068 3080 1389 3149 Burgundize
1435 3095 1653 3149 regnum
1687 3078 1738 3133 in
1771 3095 1876 3151 quo
1914 3083 2206 3135 Aventicus

613 3187 671 3237 et
702 3178 978 3234 Lausanna
1021 3177 1399 3241 censebantur,
1426 3184 1546 3246 post
1580 3174 1784 3230 obitum
1816 3175 2205 3231 Guntchramni

609 3272 791 3345 patrui
818 3272 1047 3327 obtinuit
1079 3273 1145 3325 ab
1167 3287 1305 3325 anno
1334 3270 1591 3323 duntaxat
1622 3268 1744 3332 595,
1770 3269 1834 3322 ad
1858 3284 2056 3322 annum
2076 3268 2201 3325 596.

2313 2052 2589 2109 Gallicano
2616 2072 2629 2106 :
2654 2055 2799 2123 quod
2836 2062 3012 2110 tamen
3044 2057 3294 2125 praestitit
3316 2058 3698 2116 eruditissimus
3719 2059 3821 2115 Clar-

2278 2144 2433 2201 ‘dius
2480 2147 2813 2204 Castellanus
2853 2147 2959 2220 (Ιι).
3012 2147 3278 2206 Caeterum
3330 2152 3476 2208 beati
3515 2154 3653 2208 Marii
3694 2168 3827 2223 corpu

2312 2240 2607 2297 Lausannaa
2647 2243 2917 2313 sepultum
2957 2253 3042 2299 est
3090 2244 3142 2299 in
3186 2247 3302 2301 aeda
3332 2245 3509 2301 sancti
3540 2246 3729 2318 Thyrsi,
3755 2260 3825 2315 «ιιι

2310 2344 2496 2406 postea
2528 2337 2697 2392 sancti
2724 2335 2874 2391 Marii
2910 2353 3108 2393 nomen
3138 2338 3369 2409 accepit.
3406 2338 3533 2394 llaec
3563 2338 3721 2407 paucis
3741 2352 3826 2392 coa-

2313 2433 2529 2485 trahunt
2572 2431 2845 2487 Adrianus
2880 2430 3121 2487 Valesius
3146 2431 3209 2504 (i)
3250 2441 3305 2488 ot
3335 2431 3577 2488 Cointius
3598 2432 3677 2502 (λ’).
3704 2429 3825 2484 Latio

2312 2523 2483 2579 refert
2532 2524 2823 2593 Basnagius
2852 2523 2961 2596 (Ii);
3010 2525 3102 2593 qui
3162 2524 3327 2580 verbo
3378 2533 3537 2579 tenus
3582 2522 3825 2577 Chiilletius

2311 2616 2649 2681 exscribens,
2680 2630 2970 2687 suppresso
3017 2626 3193 2672 tamen
3221 2617 3340 2687 ejus
3384 2619 3621 2683 nomine,
3651 2615 3823 2670 bifaria:

2312 2718 2473 2773 errat,
2500 2723 2748 2764 asserens
2782 2708 3093 2765 interfuisse
3120 2709 3347 2765 Marium
3387 2710 3619 2764 concilio
3645 2708 3822 2763 Matisco-

2312 2802 2461 2856 nensi
2503 2818 2577 2869 ιν,
2620 2801 2845 2873 ejusque
2901 2800 3209 2859 Chronicon
3251 2802 3321 2859 ab
3367 2818 3515 2859 anno
3552 2800 3648 2856 165
3678 2800 3821 2856 ἱιιειίιιιι

2311 2894 2523 2949 ducere.

2386 2987 2447 3041 ll.
2490 2987 2740 3057 EpiscOpi
2781 2985 2938 3057 hujus
2983 2988 3356 3045 Aventicensis
3388 3005 3555 3046 unum
3597 2985 3822 3045 Chronin

2311 3088 2575 3149 superest,
2603 3080 2833 3135 strictim
2872 3090 3181 3136 contextum
3206 3097 3233 3135 a
3268 3092 3515 3153 tempore
3539 3097 3636 3153 quo
3664 3081 3822 3148 l’rospe'

2310 3173 2563 3229 desierat.
2614 3174 2807 3243 Incipit
2852 3186 3035 3230 autem
3084 3175 3151 3230 ab
3196 3192 3337 3231 anno
3394 3175 3593 3232 Christi
3632 3173 3734 3238 155,
3757 3185 3823 3238 qut

2312 3270 2504 3323 levatus
2542 3276 2614 3324 est
2648 3270 2827 3323 Avitus
2856 3270 3138 3339 imperator
3162 3270 3213 3324 in
3246 3270 3473 3339 Gallias,
3504 3285 3655 3341 usque
3691 3266 3743 3321 ad
3764 3280 3823 3319 an-

610 3364 835 3433 Verum,
874 3366 919 3419 si
969 3365 1257 3420 Adrianum
1304 3362 1574 3418 Valesium
1609 3362 1890 3417 audiamus
1914 3362 2009 3433 (ε),
2044 3360 2203 3416 tertio
2235 3359 2281 3420 Β
2311 3380 2437 3419 num
2485 3364 2612 3431 581,
2647 3379 2752 3434 quo
2786 3362 3099 3420 Mummolus
3146 3366 3393 3435 patricius
3443 3366 3561 3436 fuga
3588 3378 3641 3420 se
3668 3358 3821 3416 Mettio

618 3462 833 3532 quidem
882 3478 1021 3516 anno
1052 3462 1102 3515 in
1147 3458 1450 3527 Burgundia
1500 3468 1686 3513 exacto
1718 3471 2027 3525 supremum
2059 3455 2201 3510 diem

615 3556 747 3612 obiit
774 3556 1150 3612 Childebertus
1192 3570 1333 3609 anno
1372 3554 1497 3619 505,
1532 3553 1621 3623 qui
1648 3552 1899 3607 nimirum
1930 3566 2071 3605 anno
2100 3551 2205 3605 592

612 3668 837 3723 regnum
871 3650 1265 3719 Burgundicum
1322 3648 1660 3704 hazreditario
1694 3648 1816 3717 jure
1858 3645 2201 3716 acquisierat.

616 3744 725 3800 Sed
760 3754 815 3799 ut
846 3743 911 3797 ad
960 3743 1179 3797 Marium
1215 3750 1563 3803 revertamur,
1600 3740 1737 3794 inter
1777 3739 2206 3807 subscriptiones

614 3838 987 3907 episcoporum
1020 3836 1110 3905 qui
1142 3835 1373 3891 concilio
1400 3832 1774 3888 Matisconensi
1806 3847 1839 3884 ιι
1887 3828 2201 3895 interfuere,

613 3942 755 3982 anno
806 3928 1196 3982 Guntchratnni
1242 3926 1380 3995 regis
1413 3926 1503 3991 '25,
1556 3942 1679 3979 tera:
1731 3924 2073 3995 Dionysianae
2101 3922 2205 3979 585

614 4021 909 4082 celebrato,
956 4019 1194 4076 adfuisse
1224 4020 1551 4089 comperitur
1595 4018 1796 4073 Marius
1826 4020 2095 4089 episwpus
2125 4032 2205 4069 ec-

614 4112 782 4165 clesia:
804 4110 1062 4165 Aventicw
1086 4110 1170 4181 (ί)
1194 4130 1206 4163 :
1228 4111 1369 4166 unde
1392 4112 1556 4181 liquet
1583 4111 1765 4166 sedem
1794 4110 2205 4163 Aventicensem

616 4202 853 4258 nondum
912 4217 979 4257 eo
1029 4219 1170 4258 anno
1228 4204 1560 4258 Lausannam
1626 4202 1792 4258 fuisse
1846 4201 2203 4264 translatam;

616 4294 859 4365 adeoque
886 4294 1058 4349 serius
1079 4303 1201 4365 post
1230 4312 1418 4352 novem
1443 4306 1531 4350 aut
1554 4296 1741 4351 decem
1770 4294 1987 4348 circiter
2011 4306 2204 4358 annos,

614 4390 719 4445 sub
746 4389 1096 4446 Childeberto
1127 4391 1352 4458 scilicet,
1388 4390 1438 4445 id
1482 4389 1793 4459 contigisse,
1830 4396 1885 4439 nt
1930 4385 2092 4441 modo
2124 4386 2207 4439 in-

615 4484 853 4537 nuimus.
890 4482 1058 4536 Porro
1107 4497 1172 4536 ex
1222 4484 1454 4553 antiquis
1500 4479 1961 4536 Lausannensium
2007 4476 2207 4532 tabulis

616 4576 865 4646 perhibet
912 4575 1216 4631 Chiflletius
1240 4578 1316 4648 (g)
1348 4578 1565 4632 Marium
1599 4575 1650 4630 in
1689 4574 2000 4642 episcopatu
2032 4572 2207 4642 egisse

615 4682 786 4723 annos
805 4684 893 4733 xx,
917 4683 979 4721 ac
1001 4682 1215 4723 menses
1231 4668 1321 4723 vni
1342 4687 1355 4733 ;
1377 4669 1572 4723 vixisse
1594 4675 1771 4721 autem
1793 4665 2011 4720 omnino
2034 4677 2204 4719 annos

2312 3476 2434 3518 nem
2487 3461 2715 3528 recepit,
2760 3475 2897 3513 anno
2926 3459 2959 3512 τ.)
2999 3458 3295 3512 consulatus
3348 3457 3541 3513 Tiberii
3578 3450 3825 3510 Constantini

2312 3552 2553 3622 Augusti,
2585 3552 2861 3606 indictione
2889 3550 2977 3605 H.
3019 3550 3170 3618 Quod
3212 3550 3395 3605 itidem
3444 3556 3617 3605 narrat
3641 3544 3822 3617 ejusdem

2313 3646 2411 3701 aevi
2455 3646 2689 3716 scriptor
2732 3644 3023 3716 Gregorius
3064 3645 3526 3717 Turonensis(l);
3573 3643 3704 3713 cujus
3742 3651 3823 3709 pro-

2314 3744 2499 3805 pterea
2549 3736 2827 3805 historiam
2874 3736 3269 3806 chronologicis
3311 3739 3457 3794 notis
3504 3737 3623 3793 satis
3661 3732 3822 3789 destitu-

2312 3837 2442 3894 tam,
2492 3844 2666 3900 eoque
2706 3830 3097 3897 obscuriorem,
3157 3831 3203 3885 si
3258 3832 3376 3901 quis
3427 3846 3547 3887 cum
3591 3822 3823 3898 huiusmodi

2314 3921 2463 3978 Marii
2492 3925 2753 3993 opusculo
2779 3923 3066 3995 diligenter
3085 3925 3393 3992 contulerit,
3427 3940 3495 3983 ex
3528 3940 3588 3981 eo
3611 3923 3818 3979 enimvero
3852 3980 3853 3985 η

2313 4014 2488 4071 cidem
2518 4017 2769 4076 Historia:
2798 4020 3143 4095 Gregoriana:
3168 4037 3414 4093 magnam
3449 4023 3609 4078 lucem
3632 4014 3821 4075 accedere

2315 4109 2475 4177 plane
2520 4112 2959 4185 intelliget:qu:e
3014 4125 3097 4173 est
3138 4122 3404 4171 sententia
3458 4116 3641 4187 sapius
3682 4102 3822 4165 laudati

2313 4202 2587 4269 Chimetii,
2637 4208 2721 4261 cui
2767 4211 3002 4265 concinit
3048 4220 3100 4265 et
3145 4207 3394 4267 Cointius
3438 4212 3555 4282 (m).
3592 4206 3749 4261 Verum
3776 4196 3819 4251 de

2315 4292 2539 4362 hujusce
2561 4296 2813 4353 Chronici
2836 4300 3005 4367 pretio
3035 4302 3206 4372 ipsum
3235 4302 3586 4358 clarissimum
3624 4296 3818 4353 odin

2314 4386 2675 4446 disserentem
2703 4392 2890 4448 audire
2922 4403 3167 4463 prastat:
3192 4414 3210 4447 ι
3234 4394 3577 4451 Desideratus
3602 4400 3670 4445 est
3695 4386 3820 4438 hacte-

2316 4496 2438 4546 nus,
2469 4483 2663 4554 inquit,
2692 4487 2943 4557 antiquus
2965 4488 3216 4557 scriptor,
3247 4490 3336 4558 qui
3363 4484 3621 4544 occidenti
3646 4481 3819 4535 Romano

2313 4575 2482 4631 veteri
2533 4578 2761 4646 imperio
2803 4577 2962 4634 funus
3008 4579 3250 4645 duceret,
3281 4580 3373 4651 qui
3423 4580 3734 4635 barbarorum
3760 4564 3819 4618 ίίιι

2316 4675 2597 4736 ιοηιιιοη,
2656 4673 2958 4740 provincias
3007 4673 3230 4728 Romani
3281 4674 3415 4744 juris
3473 4670 3623 4728 armis
3667 4654 3820 4719 arbitris

616 4775 775 4823 Lm,
818 4760 1016 4814 abiisse
1052 4776 1180 4815 vero
1223 4762 1393 4830 pridie
1424 4760 1687 4815 Kalendas
1728 4759 2030 4821 Januarias,
2066 4772 2207 4811 anno
2237 4752 2284 4816 C
2316 4761 2458 4817 inter
2524 4779 2583 4818 se
2631 4763 2981 4821 dividentiutn
3040 4768 3362 4834 illustraret;
3413 4770 3501 4839 qui
3549 4766 3817 4822 Francorum.

615 4852 869 4907 videlicet
898 4850 1016 4906 596.
1048 4853 1163 4919 Qua
1207 4852 1422 4922 quidem
1456 4853 1539 4907 die
1579 4852 1896 4907 Sanctorum
1929 4849 2207 4904 ordinibus

617 4946 884 5014 ascriptus
913 4944 1165 5009 traditur,
1192 4946 1388 5015 quippe
1419 4945 1507 5013 qui
1555 4961 1760 5000 tuorum
1800 4945 2106 5015 integritate
2146 4959 2209 4999 ac

614 5038 811 5108 pietate
845 5036 1037 5109 insigni
1068 5038 1341 5092 claruerit.
1387 5037 1549 5091 Miror
1593 5036 1842 5107 equidem
1882 5038 2205 5108 Saussayum

686 5219 767 5287 (a)
797 5216 1000 5282 Coint.,
1047 5214 1241 5287 Annal.
1286 5214 1421 5270 eccl.
1473 5214 1751 5281 Francor.,
1786 5214 1851 5269 ad
1900 5230 2026 5269 ann.
2078 5214 2206 5280 581,

622 5290 651 5361 §
693 5286 900 5361 l,’tom.
936 5288 1007 5361 ll,
1032 5302 1152 5356 pag.
1184 5286 1308 5361 220.

690 5362 765 5428 (ὑ)
801 5360 939 5412 "ist.
974 5355 1133 5412 littér’.
1163 5358 1225 5410 de
1255 5361 1305 5411 la
1336 5355 1556 5422 Franc.,
1588 5366 1718 5411 tom.
1746 5357 1833 5423 Ill,
1867 5373 1918 5426 p.
1949 5356 2074 5412 400.

692 5427 762 5500 (c)
796 5431 1001 5495 (Zhifll.,
1057 5428 1260 5500 praefat.
1309 5428 1375 5500 ad
1422 5430 1569 5482 Marti
1599 5430 1821 5494 Chron.,
1884 5430 2021 5483 inter
2075 5427 2209 5483 llist.

618 5498 877 5558 Francor.
911 5500 1184 5567 scriptun,
1221 5498 1481 5565 Duchén.,
1508 5509 1636 5554 tom.
1672 5500 1710 5566 Ι,
1741 5516 1794 5570 p.
1826 5500 1954 5557 3210.

694 5575 775 5641 (tl)
804 5572 1003 5635 Coint.,
1039 5572 1141 5625 loc.
1171 5572 1263 5625 cit.

698 5648 769 5713 te)
806 5644 1006 5707 Vales,
1032 5642 1162 5700 Rer.
1186 5643 1377 5698 Franc.
1404 5643 1498 5698 lib.
1531 5658 1639 5711 xvr,
1667 5651 1796 5697 tom.
1828 5641 1890 5708 ll,
1912 5656 2066 5712 pagg.
2086 5640 2216 5697 464-

620 5713 773 5853 M-(lf)
799 5782 965 5837 Conc.
1001 5794 1132 5838 tom.
1168 5785 1257 5852 VI,
1292 5800 1345 5856 p.
1373 5784 1495 5852 680,
1525 5785 1655 5841 edit.
1690 5787 1713 5847 1
1755 5785 1886 5841 Ven.
1918 5782 2087 5841 Labb.

2318 4854 2782 4926 Burgundionum,
2816 4859 3220 4932 Gothorumque
3253 4878 3435 4931 regum
3478 4870 3688 4918 veterum
3710 4859 3819 4905 etor-

2313 4949 2418 5015 dia,
2464 4966 2553 5007 res
2580 4962 2780 5022 gestas,
2825 4954 3111 5024 obitusque
3143 4956 3361 5027 optimis
3395 4965 3669 5024 temporum
3693 4946 3816 4999 ob!”

2315 5042 2553 5100 cteribus
2593 5045 2959 5116 consignaret.
2988 5045 3056 5102 Et
3085 5048 3265 5103 nescio
3288 5048 3413 5118 quid
3442 5049 3671 5103 libarent
3686 5040 3818 5092 auctor

2394 5222 2474 5293 (9)
2500 5221 2761 5288 Chifllet.,
2796 5224 2900 5282 loc.
2933 5225 3025 5284 cit.

2488 5294 2581 5369 ᾸῙ,
2604 5294 2901 5369 Chatelain,
2923 5296 3195 5369 Martyrol.
3231 5298 3466 5356 univers.
3496 5310 3605 5369 pag.
3631 5288 3729 5347 663.

2395 5366 2459 5506 ἓξ.)
2488 5366 2697 5451 Yales.,
2731 5370 2833 5422 Ioc.
2858 5368 2978 5436 cit.,
3015 5366 3107 5426 lib.
3142 5386 3258 5441 xm,
3285 5387 3403 5443 pag.
3428 5366 3550 5427 271.

2412 5438 2463 5506 1)
2494 5438 2697 5503 Lomt.,
2732 5440 2830 5494 loc.
2870 5441 2943 5494 cit

2412 5438 2463 5508 ά)
2494 5438 2697 5503 Coint.,
2732 5440 2830 5494 loc.
2870 5441 2943 5494 cit

2397 5493 2471 5579 Ur)
2506 5493 2755 5581 Basnag.,
2782 5493 2976 5567 Annal.
3005 5512 3161 5570 Polit.
3187 5514 3348 5580 eccl.,
3372 5515 3439 5571 ad
3460 5528 3573 5570 ann.
3595 5507 3691 5573 581,
3715 5493 3814 5575 ςίο,

2323 5587 2451 5635 tom.
2489 5582 2575 5652 Ill,
2611 5597 2728 5652 pag.
2762 5581 2887 5638 874.

2396 5651 2648 5728 (ιλϐεθε.
2681 5650 3082 5728 ΤυΑι-οιιημηίδι.
3116 5655 3306 5728 Franc.
3344 5659 3439 5715 lib.
3470 5675 3539 5728 vt,
3565 5670 3663 5727 cap.
3690 5650 3728 5705 l-

2396 5724 2495 5793 (ιη)
2519 5723 2721 5793 Coint.,
2754 5724 2855 5782 loc.
2889 5726 3007 5797 cit.,
3042 5744 3093 5798 p.
3125 5726 3254 5786 219.
