4042 6348
216 324 321 379 795

1666 310 2076 373 CHRONICON.

3398 316 3506 378 79‘

218 436 528 510 appendicis
584 436 651 493 ad
703 434 1069 492 Marcellinum
1108 434 1360 488 comitem
1402 451 1413 486 :
1446 430 1541 487 sed
1598 431 1643 486 is
1698 430 1803 487 huc
1828 433 1885 493 Δ
1908 439 2012 497 tos,
2040 430 2125 488 vel
2151 404 2219 489 ob
2265 447 2352 490 res
2381 446 2448 489 ex
2477 432 2679 505 quibus
2694 442 2924 501 constat,
2954 436 3041 493 vel
3072 444 3286 508 propter
3313 446 3504 494 aucto-

219 545 390 602 usque
439 530 515 585 ita
555 528 888 586 deformatus
930 542 983 582 tn
1023 524 1291 598 publicum
1332 524 1548 595 prodiit,
1601 533 1657 580 ut
1684 539 1806 581 cum

222 624 382 680 trium
423 623 681 679 duntaxat
705 621 945 689 Francius
975 633 1163 690 regum
1206 617 1382 673 exitus
1414 617 1811 687 perstrinxerit,

219 716 549 774 Childeberti
611 714 827 789 quidem
892 710 1120 769 senioris
1178 710 1381 766 obitum
1447 726 1589 766 anno
1662 727 1808 780 uno;

220 814 482 871 Chramni
510 828 639 869 vero
661 812 886 879 caedem,
912 819 1023 865 tum
1056 808 1217 865 etiam
1249 805 1617 863 Theodebaldi
1643 809 1814 864 inter-

219 908 383 975 itum,
416 882 630 963 biennio
685 914 1009 963 antevertat.
1040 902 1197 959 Plura
1222 901 1270 956 id
1309 916 1478 973 genus
1505 912 1557 958 et
1588 902 1815 972 diligen-

218 1001 330 1057 tius
354 1001 406 1056 in
436 1000 538 1056 hoc
560 1000 819 1071 opusculo
839 999 1091 1053 adnotata
1117 996 1283 1065 leges.
1318 994 1651 1051 Thesaurum
1677 995 1818 1052 hunc

217 1092 292 1147 at]
340 1091 477 1146 hanc
526 1106 694 1163 usque
750 1092 891 1147 diem
945 1088 1261 1155 defossum,
1301 1102 1363 1143 ac
1410 1106 1477 1147 ne
1530 1089 1816 1160 quaesitum

218 1187 466 1259 quidem,
501 1188 636 1244 forte
677 1188 1007 1245 membranae
1037 1190 1420 1245 vetustissima:
1446 1186 1573 1242 mibi
1604 1186 1817 1257 objece—

218 1291 372 1348 runt,
399 1279 710 1350 inscriptum
743 1281 912 1337 Mario
954 1283 1230 1354 episcopo.
1267 1283 1438 1352 Quem
1462 1281 1593 1337 utin
1635 1294 1819 1351 perse-

226 1376 465 1448 quendis
491 1376 935 1446 Burgundionum
967 1378 1127 1433 rebus
1157 1376 1548 1433 accuratiorem
1577 1373 1710 1439 vidi,
1758 1388 1821 1429 ac

225 1467 545 1525 nominatim
576 1468 629 1523 in
676 1466 941 1524 Vallensis
982 1468 1096 1540 agri
1144 1468 1211 1524 ad
1252 1469 1423 1524 lacum
1467 1468 1817 1534 Lemannum,

224 1560 691 1630 finitimorumque
721 1559 1119 1629 Agaunensium
1169 1560 1536 1616 describendis
1581 1559 1819 1630 casibus,

230 1652 487 1722 expensis
527 1666 705 1707 rerum
754 1653 1019 1720 omnium,
1053 1652 1310 1720 nominis,
1362 1652 1702 1718 conditionis,
1747 1651 1823 1707 lo-

223 1760 417 1800 corum
460 1752 873 1815 temporumque
914 1744 1203 1815 adiunctis,
1241 1761 1348 1801 non
1380 1744 1646 1810 dubitavi,
1691 1744 1818 1815 quin

1914 524 1991 579 ris
2018 525 2391 597 antiquitatem
2418 544 2433 591 ;
2459 528 2549 598 qui
2592 526 2843 584 videlicet
2885 526 3119 584 Heraclii
3162 529 3506 600 imperatoris

1914 636 2058 678 anno
2089 622 2177 689 14,
2227 622 2452 679 Clotarii
2504 639 2666 695 porro
2712 623 2934 679 secundi
2984 622 3318 681 Francorum
3366 626 3507 696 regis

1915 731 2055 771 anno
2084 715 2174 783 40,
2200 715 2303 772 hoc
2330 726 2415 773 est
2464 731 2608 772 anno
2643 715 2845 773 Christi
2874 714 2979 772 625
3016 727 3108 771 aut
3136 716 3247 773 62.5
3283 733 3402 773 eatn
3448 732 3507 777 se

1915 807 2310 878 conscripsisse
2373 807 2661 880 significat.
2695 828 2714 861 ι
2773 808 2847 863 Ex
2903 808 3003 864 bac
3030 824 3162 866 sane
3213 809 3509 881 appendice

1917 901 2137 975 dignum
2168 902 2379 959 censuit
2408 902 2552 973 quod
2582 902 2915 959 exscriberet
2944 903 3276 960 clarissimus
3307 903 3507 959 Ruina-

1920 998 2127 1053 nartius
2155 1008 2469 1068 excerptum
2497 998 2563 1052 de
2594 1008 2767 1053 morte
2795 997 3155 1054 Brunichildis
3184 997 3381 1069 reginae
3406 998 3504 1070 (ὁ),

1920 1091 1986 1148 ad
2006 1092 2381 1148 illustrandum
2405 1091 2655 1147 nimirum
2678 1090 2983 1162 Fredegarii
3002 1090 3313 1147 Scholastici
3339 1091 3509 1148 Chro-

1921 1186 2079 1241 nicon
2112 1185 2204 1241 ubi
2235 1200 2297 1241 ea
2326 1184 2396 1241 de
2438 1199 2497 1240 re
2540 1184 2742 1239 mentio
2760 1183 2855 1255 (c),
2897 1183 3142 1240 Historia:
3179 1184 3510 1242 Francorum

1922 1280 2168 1352 Gregorii
2217 1280 2550 1336 Turonensis
2609 1280 2931 1350 subjectum.
2989 1279 3228 1336 Notanda
3281 1295 3410 1335 vero
3456 1279 3511 1336 in

1924 1371 2111 1441 primis
2140 1387 2401 1427 annorum
2434 1386 2644 1427 summa
2673 1387 2833 1442 quam
2865 1371 2933 1427 ab
2975 1371 3200 1429 exordio
3228 1371 3413 1428 mundi
3443 1372 3512 1428 ad

1922 1482 2076 1523 suam
2102 1482 2270 1538 usque
2299 1477 2509 1522 aetatem
2528 1474 2859 1522 contractam
2891 1466 2957 1522 ad
2984 1466 3140 1521 finem
3172 1481 3287 1523 sum
3314 1481 3515 1537 appen-

1923 1559 2060 1615 dieis
2080 1558 2301 1615 exhibet
2321 1559 2408 1614 hic
2427 1574 2724 1628 anonymus
2750 1567 2961 1624 auctor,
2985 1558 3366 1614 conferendam
3389 1572 3514 1615 cum

1923 1652 2201 1722 superiore
2230 1667 2389 1722 quam
2421 1668 2488 1707 ex
2522 1652 2687 1707 Mario
2737 1652 3078 1708 Aventicensi
3107 1652 3514 1723 descripslmus.

1924 1748 2012 1803 Sic
2041 1750 2182 1806 enim
2212 1746 2303 1802 ille
2328 1766 2338 1799 :
2368 1744 2529 1801 Fiunt
2568 1746 2746 1818 igitur,
2780 1746 2968 1815 inquit,
3001 1745 3063 1799 ab
3088 1746 3303 1800 exordio
3327 1744 3510 1800 mundi

225 1836 280 1893 is
308 1838 424 1908 ipse
464 1845 610 1893 esset
640 1838 834 1894 Marius
877 1838 1248 1895 Aventicensis
1293 1853 1387 1895 seu
1426 1836 1823 1895 Lausannensis
1853 1823 1903 1885 Β
1929 1860 2087 1916 usque
2131 1843 2183 1896 in
2235 1840 2433 1895 Horam
2479 1848 2801 1911 prasentem,
2849 1838 2903 1893 id
2931 1847 3026 1905 est,
3069 1837 3303 1894 Heraclii
3348 1837 3438 1907 Η,
3467 1847 3516 1895 et

225 1932 535 2001 episcOpus.
568 1950 588 1985 ι
628 1931 896 1988 Hactenus
921 1933 1000 1987 vir
1029 1933 1293 1988 eruditus.

310 2022 395 2078 lll.
440 2023 517 2079 De
546 2024 735 2079 eodem
784 2024 1055 2080 Chronico
1086 2026 1247 2080 verba
1281 2024 1536 2080 facientes
1577 2024 1827 2081 Historias

232 2118 513 2174 litterariae
538 2118 753 2174 Gallica:
777 2128 1043 2189 auctores,
1079 2121 1251 2190 primo
1279 2118 1658 2191 advertunt(a)
1688 2121 1737 2173 in
1761 2133 1827 2175 eo

234 2211 391 2280 plura
422 2212 560 2266 scitu
590 2210 749 2281 digna
779 2226 1088 2280 occurrere,
1122 2228 1242 2284 qua:
1282 2214 1410 2269 alibi
1461 2214 1655 2269 frustra
1682 2230 1827 2285 quaa-

229 2313 456 2369 rantur;
482 2304 675 2361 deinde
702 2307 843 2362 illius
876 2309 1193 2378 scriptorem
1224 2308 1274 2361 in
1303 2310 1487 2363 mundi
1515 2310 1671 2364 annis
1700 2324 1827 2378 sup-

238 2396 488 2464 putandis
517 2413 631 2453 eam
664 2400 846 2457 iniisse
876 2401 1158 2467 rationem,
1190 2401 1274 2457 cui
1306 2402 1543 2471 pressius
1571 2402 1828 2473 deinceps

231 2488 449 2545 inhaesit
494 2493 779 2563 Gregorius
843 2494 1173 2550 Turonensis
1218 2512 1229 2549 :
1275 2495 1516 2565 illudque
1562 2504 1827 2565 prteterea

235 2584 541 2656 observant,
592 2588 814 2643 Marium
848 2589 899 2644 in
942 2604 1059 2643 eam
1091 2589 1436 2645 descendisse
1476 2590 1825 2658 sententiam,

236 2689 293 2735 ut
319 2681 640 2737 existimarit
669 2700 698 2735 a
729 2685 981 2755 principio
1006 2684 1186 2738 mundi
1208 2701 1366 2755 usque
1401 2685 1468 2737 ad
1499 2701 1690 2739 annum
1717 2685 1826 2751 pri—

234 2791 373 2827 munt
417 2776 710 2829 consulatus
745 2773 941 2829 Justim’
975 2777 1201 2849 junioris
1242 2776 1477 2847 Augusti,
1521 2776 1702 2829 indict.
1737 2774 1825 2841 15,

233 2863 285 2917 id
330 2870 441 2930 est,
494 2880 661 2932 usque
725 2865 790 2919 ad
849 2880 1047 2920 annum
1119 2865 1218 2921 567
1306 2881 1476 2921 annos
1525 2867 1831 2923 excurrisse

235 2970 595 3010 vuuccuvm.
637 2957 729 3012 His
783 2967 961 3013 autem
1006 2959 1230 3029 aliisque
1275 2959 1682 3024 animadversis,
1730 2960 1828 3015 ad-

235 3059 458 3106 monent
514 3050 567 3105 in
622 3065 861 3107 errorem
920 3052 1206 3123 aliquando
1253 3051 1418 3109 fuisse
1472 3052 1680 3123 lapsum
1734 3068 1830 3109 au-

235 3152 457 3201 etorcm.

311 3236 398 3291 IV.
442 3237 689 3294 Prmsulis
719 3240 887 3295 nostri
909 3239 1282 3296 Aventicensis
1309 3240 1579 3298 Chronico
1609 3244 1829 3315 subjici-

241 3337 329 3384 tur
357 3330 651 3399 appendix,
692 3332 758 3386 de
798 3348 900 3399 qua
952 3331 1067 3388 haec
1109 3332 1411 3390 Chiftletius
1439 3354 1449 3389 :
1478 3356 1495 3389 ‹
1526 3336 1677 3405 Quod
1708 3352 1829 3409 spe-

243 3431 354 3477 ctat
398 3424 461 3478 ad
506 3424 654 3479 Marii
697 3427 1046 3497 appendicem
1077 3443 1235 3498 quam
1284 3445 1352 3484 ex
1379 3430 1567 3485 iisdem
1598 3435 1833 3503 antiquis

244 3519 580 3575 membranis
611 3522 1008 3591 excerpsimus,
1040 3524 1369 3578 contractior
1393 3524 1479 3578 illa
1506 3525 1723 3596 quidem
1752 3536 1835 3583 est

242 3627 398 3682 quam
430 3613 719 3682 optandum
762 3624 928 3681 esset,
981 3629 1079 3669 nec
1107 3623 1311 3671 certum
1361 3616 1593 3672 auctoris
1624 3635 1833 3681 nomen

240 3704 483 3778 praefert.
529 3706 697 3763 Suum
744 3716 922 3763 tamen
969 3708 1201 3777 pretium
1235 3708 1453 3765 habebit
1480 3710 1619 3780 apud
1651 3713 1834 3769 erudi-

317 3848 394 3924 (rs)
422 3848 563 3924 ljist.
594 3846 748 3903 liuér.
769 3849 846 3924 _de
875 3849 926 3904 fa
956 3848 1172 3924 Franc.,
1209 3852 1314 3909 loc.
1346 3854 1443 3912 cit.
1475 3869 1596 3924 pag.
1632 3852 1757 3908 401.

317 3919 713 3996 (b)_ljui_nart.,
768 3920 821 3977 in
885 3922 1115 3993 append.
1169 3924 1236 3979 ad
1297 3919 1829 3996 Gregor."l‘urou.,

158 4028 194 4058 ο
244 4004 369 4064 pag.
405 3991 558 4064 L351.

320 4061 391 4134 (ε)
425 4061 675 4136 Fredeg.,
720 4062 921 4121 Chron.
973 4081 1093 4137 cap.
1134 4066 1227 4135 42,
1269 4083 1321 4137 p.
1368 4067 1496 4138 5‘23,
1534 4067 1664 4125 edit.
1699 4069 1835 4127 Gre-

1931 1936 2279 1994 Chlothacarii
2306 1935 2439 1999 regis
2470 1950 2662 1988 annum
2689 1932 2778 1998 40,
2809 1934 2932 1987 anni
2962 1947 3299 1988 vuocccxxtt.

2000 2051 2068 2106 ν.
2111 2050 2229 2106 Erit
2258 2050 2485 2104 fortasse
2510 2061 2607 2101 cur
2634 2046 2900 2119 quispiam
2934 2048 3158 2102 miretur
3192 2045 3518 2117 praetermis-

1930 2162 2049 2203 sum
2086 2160 2114 2200 a
2146 2142 2393 2199 Gerardo
2421 2142 2627 2197 Joanne
2658 2140 2869 2205 Vossio,
2903 2150 3096 2196 caetera
3142 2138 3517 2206 solertissime,

1932 2247 2174 2294 nostrum
2208 2235 2704 2305 chronographum,
2739 2234 2877 2288 haud
2901 2243 3049 2289 certe
3076 2234 3361 2302 imparem,
3382 2245 3520 2303 quo-

1932 2329 2091 2385 modo
2136 2327 2267 2384 mihi
2298 2325 2616 2397 persuadeo,
2649 2324 2935 2394 PrOSpero,
2967 2323 3163 2390 ldacio,
3208 2323 3517 2380 Marcellino

1930 2424 2134 2493 comiti,
2171 2421 2369 2479 Victori
2415 2419 2747 2488 Tununeusi,
2779 2418 2973 2475 Joanni
3011 2416 3322 2473 Biclariensi
3365 2416 3515 2471 aliis-

1930 2535 2056 2592 que,
2087 2518 2156 2575 de
2181 2517 2375 2588 quibus
2408 2515 2499 2571 ille
2528 2514 2691 2569 verba
2721 2514 2849 2568 facit
2879 2514 2930 2568 in
2958 2513 3108 2569 libris
3138 2511 3204 2567 de
3238 2510 3519 2586 Historicis

1930 2615 2159 2673 Latinis.
2192 2613 2375 2682 Neque
2417 2625 2545 2666 vero
2574 2608 2879 2679 hujusmodi
2921 2607 3139 2662 chasma
3168 2603 3308 2661 eoin
3354 2618 3519 2674 opere

1930 2706 2303 2778 complendum
2355 2703 2562 2759 curavit
2607 2701 2915 2757 Sandiusin
2967 2701 3077 2755 suis
3119 2697 3519 2770 Supplementis

1934 2801 2208 2858 Vossianis
2239 2797 2419 2869 :quod
2460 2805 2663 2863 tamen,
2712 2793 2896 2864 paucis
2929 2794 3072 2857 licet,
3105 2790 3354 2860 praestitit
3396 2787 3521 2843 llal-

1932 2893 2231 2954 lervordius
2262 2893 2365 2964 (d).
2399 2891 2637 2946 Miraaum
2668 2897 2932 2959 praetereo
2974 2887 3322 2955 Cavcumque
3360 2894 3521 2951 atque

1930 2990 2224 3055 Oudinum,
2256 2986 2345 3056 qui
2375 2984 2443 3039 de
2472 2991 2659 3037 nostro
2687 2979 2950 3049 scriptore
2981 2978 3117 3034 nihil
3144 2978 3287 3043 novi,
3326 2986 3522 3046 prater

1932 3100 1998 3141 ea
2027 3098 2145 3153 que
2191 3095 2254 3136 ex
2304 3073 2577 3132 Chifﬂetio
2623 3071 2981 3141 exscripsere,
3024 3069 3078 3124 in
3124 3067 3360 3124 medium
3391 3068 3521 3122 suffe-

1936 3187 2080 3236 runt.
2114 3177 2191 3234 Ad
2225 3174 2515 3231 editionem
2546 3181 2787 3225 nostram
2816 3166 2957 3238 quod
2998 3166 3212 3230 attinet,
3238 3179 3356 3220 eam
3396 3162 3521 3217 dili-

1934 3283 2125 3347 genter
2149 3270 2423 3339 exegimus
2452 3267 2517 3322 ad
2557 3278 2717 3321 unam
2762 3262 2904 3318 Petri
2938 3260 3207 3316 Francisci
3242 3258 3519 3323 Chil‘lletii,

1937 3370 2027 3443 qui
2057 3367 2206 3423 Marii
2235 3363 2541 3420 Cbronicon
2590 3374 2655 3414 ex
2686 3362 2998 3428 pervetusto
3029 3353 3229 3409 Codice
3257 3366 3361 3408 ms.
3410 3350 3524 3420 pri-

1940 3477 2057 3518 mus
2077 3460 2131 3515 in
2164 3459 2335 3515 lucem
2367 3453 2531 3511 edidit
2558 3452 2698 3507 inter
2728 3448 2973 3504 Historias
3017 3445 3342 3501 Francorum
3389 3443 3524 3498 scri-

1942 3528 2125 3628 pt'ores
2150 3559 2473 3616 coartaneos,
2508 3559 2670 3617 opera
2699 3549 2755 3598 et
2784 3541 2963 3597 studio
2999 3537 3231 3595 Andreas
3254 3538 3324 3591 du
3354 3534 3525 3591 Clténe

1942 3662 2084 3704 anno
2116 3645 2252 3701 i635
2279 3642 2505 3699 Lutetia:
2526 3636 2855 3696 Parisiorum
2878 3633 3174 3704 evulgatus.

1940 3855 2286 3929 got-ATqun'
2439 3919 2472 3929 .-
2515 3918 2529 3929 .
2567 3918 2599 3929 ..
2689 3917 2704 3929 .
2786 3914 2848 3929 υ..
2886 3921 2900 3929 .
2970 3912 2993 3929 1
3022 3910 3123 3929 -.ςμ
3228 3922 3326 3929 ..-..
3397 3904 3462 3929 ’σε

2013 3904 2393 3998 ζᾶίῇρἶᾇεὶνη
2438 3918 2625 3993 Spicil.
2672 3917 2742 3975 de
2786 3914 2927 3972 Hist.
2970 3910 3176 3979 Latin.,
3228 3922 3347 3981 pag.
3397 3904 3525 3974 759,

1940 3996 2081 4057 edit.
2105 3996 2317 4053 Fabric.

249 4208 3535 4268 Μ

1418 4556 1993 4621 Α’νΕΝΤιοΕΝειε
2042 4554 2398 4619 EPISCOPI

1229 4710 2518 4869 CHRONICON.

1740 4950 2096 4966 ﬂ

335 5047 508 5117 Usque
527 5045 609 5102 hic
632 5044 858 5117 Prosper
876 5058 1020 5116 {quis
1041 5052 1323 5116 sequuntur
1340 5040 1542 5097 Marius
1559 5040 1853 5114 spiswpus.
1885 5042 1938 5105 D
2034 5031 2512 5094 CONSTANTINO
2552 5028 2642 5086 ET
2678 5024 2866 5084 RUFO
2885 5066 2900 5093 ί

334 5141 567 5200 Consule
591 5153 750 5210 supra
778 5136 983 5209 scripto
1010 5136 1213 5194 levatus
1236 5145 1318 5191 est
1343 5134 1538 5190 Avitus
1564 5135 1854 5199 imperator

259 5237 315 5294 in
344 5235 545 5291 Gallias
571 5250 582 5286 :
606 5242 661 5287 et
706 5232 978 5302 ingressus
1008 5239 1094 5286 est
1123 5227 1491 5285 Theudoricus
1532 5242 1623 5283 rex
1651 5223 1853 5282 Gotho-

264 5346 384 5388 rum
418 5328 639 5386 Arelate
668 5341 789 5383 cum
828 5325 1082 5381 fratribus
1105 5324 1216 5381 suis
1242 5324 1294 5378 in
1318 5337 1469 5394 pace.

335 5419 591 5482 JOANNE
629 5420 716 5476 ετ
758 5416 1059 5475 vanam.
1808 5488 1813 5495 .

341 5518 435 5576 His
480 5514 791 5573 consulibus
839 5512 1079 5583 deiectus
1122 5520 1204 5568 est
1254 5512 1440 5567 Avitus
1486 5510 1779 5581 imperator
1822 5523 1853 5565 a

265 5611 561 5683 Maioriano
590 5619 645 5665 et
677 5609 949 5664 Ricimere
989 5606 1289 5673 Placentia,
1311 5614 1364 5662 et
1411 5605 1582 5663 factus
1622 5613 1706 5662 est
1746 5604 1861 5675 epi-

263 5718 463 5774 scopus
492 5703 546 5758 in
576 5703 817 5758 civitate.

2034 5126 2425 5187 mammam
2463 5125 2551 5182 ur
2590 5121 2860 5191 LEONE,

2034 5220 2362 5279 BICIMERE
2402 5218 2491 5276 ET
2530 5212 2891 5283 PATRICIO,

2033 5313 2273 5372 MAGNO
2311 5312 2399 5371 ET
2436 5306 2897 5369 APOLLONARE
2921 5303 3029 5382 [Ex
3066 5303 3217 5377 fastis
3254 5302 3551 5468 Διὲἰιιῗυ-

3391 5398 3438 5455 0
3465 5436 3481 5453 .

2035 5503 2133 5561 His
2154 5500 2466 5560 consulibus
2494 5498 2823 5572 Maiorianus
2845 5497 3138 5567 imperator
3170 5452 3553 5564 profectusdest

1961 5597 2027 5655 ad
2054 5597 2360 5669 Hispanias.

2038 5692 2116 5748 Eo
2140 5706 2281 5746 anno
2302 5699 2473 5761 captae
2498 5694 2623 5744 sunt
2650 5698 2815 5742 naves
2843 5697 2874 5740 a
2900 5680 3153 5740 Vandalis
3188 5680 3255 5738 ad
3282 5678 3501 5737 Elecem
3530 5693 3547 5744 ;

340 5797 419 5853 Eo
442 5810 587 5851 anno
639 5793 1051 5868 Burgundiones
1082 5803 1286 5863 partem
1333 5791 1521 5849 Galliae
1565 5804 1864 5861 occupave-
1962 5785 2112 5858 juxta
2140 5783 2465 5853 Carthagine
2489 5778 2785 5850 Spartaria.

270 5898 419 5958 runt,
450 5899 725 5959 terrasque
751 5902 873 5947 cum
906 5886 1077 5945 Gallis
1097 5887 1440 5945 senatoribus
1467 5884 1786 5942 diviserunt.

2035 5876 2373 5936 SEVEBINO
2413 5875 2499 5933 ET
2538 5870 2950 5933 DAGALAIFO.
