4042 6348
188 342 320 401 797

192 547 518 607 Ravennae.

291 643 554 716 θρίω-ἕω,
585 645 697 703 ind.
726 656 798 698 tv.

289 737 408 792 Hoc
458 737 679 793 consule
708 734 992 792 defunctus
1035 744 1118 792 est
1147 734 1515 792 Theudoricus
1569 750 1660 792 rex
1701 735 1807 792 Go-

195 829 436 885 thorum
459 831 512 886 in
536 830 668 886 urbe
683 829 959 896 Ravenna,
975 837 1027 886 et
1046 829 1250 885 levatus
1278 839 1360 886 est
1390 845 1484 886 rex
1506 831 1806 886 Atalaricus

197 939 392 994 nepos
415 927 550 995 ejus.

286 1015 541 1086 Malario,
571 1018 683 1074 ind.
717 1035 767 1077 v.

284 1112 590 1167 Justiniano
620 1129 679 1178 ιι,
710 1113 820 1168 ind.
850 1128 928 1167 νι.

287 1204 452 1259 Decio
472 1207 705 1277 jnniore,
740 1206 850 1259 ind.
881 1221 975 1259 vn.

288 1297 578 1368 Lampadio
609 1310 652 1354 et
686 1298 879 1364 Oreste,
910 1299 1019 1353 ind.
1053 1315 1166 1355 vm.

287 1392 361 1448 P.
395 1392 453 1448 ϐ.
486 1393 756 1462 Lampadii
785 1404 830 1447 et
862 1394 1077 1460 Orestis,
1107 1394 1218 1448 ind.
1248 1408 1324 1452 lx.

290 1482 426 1538 Item
456 1483 523 1538 P.
557 1485 615 1540 Ο.
654 1483 930 1556 Lampadii
957 1497 1002 1542 et
1036 1486 1251 1549 Orestis,
1285 1485 1394 1541 ind.
1427 1501 1482 1542 x.

287 1575 387 1630 His
417 1575 726 1632 consulibus
779 1576 1037 1649 Hypatius
1085 1579 1361 1648 patricius,
1416 1575 1682 1633 seditione
1713 1591 1806 1646 po-

202 1668 330 1740 puli
365 1668 657 1738 imperator
691 1669 897 1726 levatus
922 1711 937 1734 ,
971 1679 1023 1724 et
1059 1669 1212 1740 jussu
1243 1669 1534 1725 Justiniani
1577 1670 1804 1739 Augusti

205 1761 538 1818 interfectus
559 1771 662 1828 est,
691 1773 743 1818 et
765 1778 883 1816 cum
914 1777 979 1818 eo
1008 1762 1314 1831 Pompeius,
1340 1773 1392 1818 et
1423 1777 1560 1831 pene
1591 1764 1804 1836 triginta

203 1854 383 1912 millia
413 1853 690 1908 hominum
723 1855 774 1908 in
804 1857 948 1910 circo
977 1855 1156 1926 gladio
1191 1858 1362 1912 necati
1391 1867 1535 1913 sunt.

285 1948 584 2002 Iustiniano
618 1949 846 2019 Augusto
873 1964 934 2014 Il,
965 1951 1074 2002 ind.
1103 1967 1176 2004 xl.

291 2040 534 2096 Paullino
553 2044 791 2114 juniore,‘
810 2043 919 2096 ind.
953 2058 1047 2096 xtl.

287 2137 401 2193 Hoc
423 2137 644 2193 consule
668 2151 820 2208 reges
850 2137 1181 2202 Francorum
1209 2135 1608 2207 Chil‘debertus,
1637 2137 1804 2194 Chlo-

210 2233 390 2286 tarius
420 2242 474 2286 et
499 2231 906 2288 Theudebertus
931 2231 1296 2303 Burgundiatn
1328 2231 1675 2288 obtinuerunt
1700 2251 1714 2300 ;
1747 2242 1804 2289 et

209 2321 393 2394 iugata
425 2322 727 2379 Godomaro
757 2339 906 2391 rege.
935 2338 1158 2394 regnum
1191 2325 1358 2394 ipsius
1385 2325 1710 2380 diviserunt.

289 2415 368 2470 Eo
398 2430 538 2471 anno
583 2416 760 2471 Africa
804 2415 1046 2470 Romano
1089 2401 1317 2486 imperio
1347 2426 1465 2474 Dost
1514 2416 1798 2489 nonaginta

211 2513 270 2563 et
297 2507 433 2562 duos
463 2522 632 2564 annos
662 2524 756 2578 per
789 2508 1114 2564 Belesariuiu
1156 2509 1436 2578 patricium
1483 2510 1796 2577 reducitur;

212 2608 270 2654 et
302 2598 542 2655 Gelimer
591 2615 683 2655 rex
716 2600 1089 2656 'Vandalorum
1131 2602 1374 2672 captivus
1415 2602 1796 2660 Constantino-

211 2693 322 2765 poli
354 2692 657 2761 exhibetur,
692 2703 746 2750 et
785 2693 1086 2750 Justiniano
1110 2697 1350 2766 Augusto
1388 2711 1508 2750 cum
1541 2697 1798 2752 uxoribus

210 2794 265 2843 et
298 2786 566 2842 thesauris
591 2802 620 2840 a
650 2803 814 2857 supra
844 2789 1048 2862 scripto
1090 2790 1314 2861 patricio
1345 2801 1723 2860 praesentatur.

282 2879 564 2948 Belesario,
596 2882 706 2936 ind.
740 2898 854 2938 xm.

282 2972 395 3028 Hoc
425 2973 670 3041 consule,
702 2989 767 3030 eo
795 2989 936 3030 anno
963 2990 1069 3045 quo
1099 2978 1436 3034 consulatum
1466 2976 1636 3044 dedit,
1663 2975 1799 3034 Sici-

211 3063 338 3125 liam
371 3068 661 3138 ingressus,
692 3083 811 3124 eam
843 3068 1071 3138 imperio
1098 3067 1344 3127 Romano
1373 3071 1628 3128 restituit.

283 3162 349 3218 P.
383 3163 441 3221 C.
472 3163 748 3230 Belesarii,
783 3165 891 3219 ind.
928 3181 1035 3221 xlv.

280 3255 412 3312 Item
443 3255 511 3312 P.
543 3255 601 3312 C.
633 3255 912 3327 Belesarii,
944 3259 1052 3314 ind.
1085 3275 1173 3316 xv.

282 3347 506 3416 Joanne,
539 3349 649 3403 ind.
685 3365 721 3403 ι.

283 3439 394 3495 Hoc
416 3440 638 3497 consule
667 3440 1001 3496 Mediolanus
1028 3456 1057 3497 a
1083 3441 1274 3497 Gothis
1298 3449 1354 3499 et
1398 3441 1792 3514 Burgundioni-

213 3533 309 3591 bus
334 3534 550 3591 ell‘racta
583 3545 698 3602 est;
731 3536 905 3607 ibique
935 3547 1210 3594 senatores
1240 3547 1294 3595 et
1331 3541 1640 3596 sacerdotes
1669 3557 1792 3597 cum

214 3628 430 3699 reliquis
461 3629 692 3699 populis,
728 3630 889 3684 etiam
919 3630 971 3685 in
1021 3631 1130 3700 ipsa
1162 3641 1504 3686 sacrosancta
1555 3647 1669 3687 ioca
1703 3632 1791 3687 in-

217 3721 418 3796 terfecti
438 3729 592 3788 sunt;
611 3724 678 3777 ita
702 3732 759 3777 ut
775 3723 1033 3796 sanguine
1056 3737 1242 3780 eorum
1259 3725 1371 3795 ipsa
1387 3726 1575 3782 altaria
1598 3741 1794 3783 cruen-

215 3821 316 3869 tata
337 3814 462 3869 sint,

284 3906 530 3978 Appiana,
563 3907 673 3963 ind.
705 3923 765 3964 ιι.

284 3996 390 4055 Hoc
418 4002 636 4057 consule
664 4000 1078 4058 Theudebertus
1102 4018 1193 4059 rex
1224 4003 1555 4061 Francorum
1587 4007 1794 4064 italiam

213 4091 503 4165 Ingressus,
536 4093 803 4165 Liguriam
851 4092 1235 4165 Emiliamque
1281 4099 1614 4167 devastavit;
1650 4100 1795 4171 ejus—

217 4200 313 4256 que
340 4189 607 4244 exercitus
640 4187 741 4244 loci
776 4187 1082 4243 infirmitate
1110 4199 1360 4260 gravatus
1390 4193 1544 4248 valde
1593 4195 1796 4250 contri-

218 4277 424 4335 bulatus
451 4287 555 4337 est.

285 4370 507 4438 Iustino,
539 4372 649 4427 ind.
685 4387 764 4431 ιιι.

286 4462 394 4519 Hoc
415 4465 634 4520 consule
655 4463 808 4522 Persi
828 4465 1167 4524 Antiochiam
1189 4480 1553 4541 vastaverunt,
1586 4471 1800 4527 univer-

221 4570 433 4629 samque
463 4556 696 4630 Syriam,
732 4558 1140 4628 depOpuliintes.

1635 335 2046 396 Gll-RONICON.

284 457 388 514 His
419 457 729 515 consulibus
772 457 981 513 occisus
1026 464 1106 512 est
1156 417 1508 529 Svmmachus
1545 456 1803 528 patricius
1829 459 1882 517 Α
1982 454 2056 508 Eo
2081 470 2221 510 anno
2255 457 2473 513 Baduila
2507 473 2594 514 rex
2622 457 2920 516 Gothorum
2946 458 3116 515 Roma
3144 469 3297 532 capta
3328 458 3495 530 depo-

3387 340 3492 400 798

1913 548 2134 632 pulavit,
2160 550 2491 622 dejectisque
2522 554 2689 608 muris
2732 563 2937 624 partem
2971 553 3203 607 civitatis
3230 553 3490 608 incendit.

1980 642 2057 700 Eo
2086 658 2224 700 anno
2247 646 2538 714 resumptis
2567 646 2765 699 viribus
2789 645 3085 700 Belesarius
3110 647 3216 700 dux
3271 645 3495 700 Bonnam

1905 737 1970 792 ad
2004 737 2305 793 Romanum
2333 739 2625 792 dominium
2657 738 2952 794 revocavit.

1983 829 2051 884 Ρ.
2086 829 2146 886 C.
2184 831 2368 885 Basilii
2397 847 2531 884 anno
2555 847 2646 895 vn,
2682 832 2793 885 ind.
2825 845 2899 884 ιιι.

1983 923 2058 976 Eo
2088 938 2229 977 anno
2276 922 2679 978 Theudebertus
2730 938 2822 978 rex
2881 935 3104 992 magnus
3161 920 3491 976 Francorum

1907 1015 2084 1081 obiit;
2136 1023 2190 1070 et
2233 1014 2370 1071 sedit
2401 1015 2452 1069 iu
2506 1030 2669 1085 regno
2711 1013 2828 1085 ejus
2877 1012 3296 1069 Theudebaldus
3348 1011 3490 1065 ﬁlius

1909 1113 2095 1182 ipsius.

1983 1206 2060 1259 Eo
2109 1219 2250 1260 anno
2277 1204 2665 1260 Lanthacarius
2711 1203 2817 1258 dux
2874 1202 3202 1258 Francorum
3247 1198 3303 1252 in
3351 1194 3496 1252 bello

1909 1298 2152 1353 Romano
2183 1297 2509 1352 transfossus
2540 1296 2692 1350 obiit.
2885 1361 2894 1366 _

1983 1391 2049 1446 P.
2085 1390 2144 1446 Ο.
2181 1391 2367 1445 Basilii
2399 1406 2534 1443 anno
2563 1405 2680 1454 vni,
2714 1388 2824 1442 ind.
2857 1373 2952 1441 xu.

1984 1483 2049 1539 P.
2077 1484 2135 1538 C.
2171 1484 2353 1537 Basilii
2382 1501 2518 1538 anno
2544 1499 2616 1545 lx,
2653 1482 2765 1536 ind.
2799 1496 2916 1536 xm.

1984 1574 2050 1631 P.
2083 1574 2140 1630 C.
2179 1574 2363 1629 Basilii
2391 1593 2525 1629 anno
2552 1591 2606 1640 x,
2637 1576 2746 1630 ind.
2781 1591 2892 1630 xtv.

1982 1664 2047 1718 P.
2080 1666 2137 1721 C.
2165 1665 2350 1720 Basilii
2374 1683 2506 1720 anno
2539 1683 2612 1734 χι,
2647 1665 2756 1719 ind.
2791 1680 2883 1720 xv.

1983 1754 2048 1808 Ρ.
2078 1755 2138 1811 C.
2172 1755 2352 1811 Basilii
2380 1774 2514 1810 anno
2547 1773 2618 1810 xtl
2643 1801 2656 1824 ,
2685 1757 2794 1809 ind.
2827 1771 2888 1810 ιι.

1835 1847 1885 1908 Β
1983 1850 2096 1904 Hoc
2122 1865 2262 1904 anno
2297 1851 2510 1904 Baduila
2545 1866 2637 1905 rex
2671 1847 2969 1903 Gothorum
2999 1847 3067 1902 ab
3094 1843 3333 1902 exercitu
3381 1840 3491 1898 rei-

1908 1942 2135 2011 publicae
2163 1957 2252 2009 per
2282 1942 2558 1997 Narsetem
2589 1940 3012 1995 cliartulliarium
3047 1939 3353 1995 eunuchum
3403 1937 3486 1989 in-

1909 2036 2195 2100 terﬁcitur;
2230 2045 2280 2089 et
2313 2035 2439 2103 Teja
2474 2035 2678 2103 accepit
2706 2049 2926 2103 regnum
2954 2033 3092 2102 ejus.

1985 2126 2047 2184 P.
2079 2126 2138 2180 C.
2168 2125 2350 2180 Basilii
2378 2142 2511 2179 anno
2542 2140 2656 2190 xm,
2685 2124 2796 2176 ind.
2828 2139 2886 2177 ll.

1947 2222 2089 2277 'Hoc
2139 2238 2278 2275 anno
2324 2220 2453 2289 Teja
2506 2236 2599 2274 rex
2654 2218 2952 2273 Gothorum
3002 2233 3030 2271 a
3080 2230 3241 2287 supra
3286 2215 3492 2287 scripto

1904 2315 2072 2371 Narse
2102 2314 2434 2369 interficitur.

1977 2409 2044 2464 P.
2075 2410 2132 2465 C.
2159 2408 2344 2463 Basilii
2369 2424 2502 2461 anno
2534 2421 2645 2471 xlv,
2679 2407 2789 2459 ind.
2825 2421 2906 2460 ιιι.

1978 2503 2090 2558 Hoc
2119 2517 2262 2555 anno
2288 2499 2707 2554 Theudobaldus
2739 2513 2835 2553 rex
2873 2497 3206 2566 Francorum,
3231 2494 3402 2562 obiit,
3435 2501 3491 2548 et
3523 2549 3526 2552 .

1899 2600 2130 2658 obtinuit
2159 2613 2380 2669 regnum
2421 2596 2539 2667 ejus
2569 2592 2976 2650 Chlotliacarius
3003 2633 3019 2660 ,
3052 2599 3274 2663 patruus
3318 2589 3488 2661 patris

1900 2693 2038 2763 ejus.

1972 2786 2050 2841 Eo
2080 2798 2220 2838 anno
2252 2781 2553 2836 Cliramnus
2589 2793 2729 2834 unus
2755 2775 3120 2833 Chlothacarii
3144 2774 3306 2845 regis,
3339 2771 3488 2829 solli-

1899 2883 2098 2938 citante
2132 2879 2477 2936 Childeberto
2509 2886 2702 2948 patruo
2733 2890 2854 2945 suo,
2894 2875 2959 2929 ad
3003 2873 3180 2944 ipsum
3228 2871 3486 2927 latebram

1901 2975 2049 3120 6εέΙὲ
2079 3078 2221 3119 anno
2257 3061 2560 3120 Saxonibus
2601 3059 2989 3115 rebellantibus
3013 3099 3027 3124 ,
3075 3055 3486 3112 Chlothacarius

1901 3175 1996 3216 rex
2025 3176 2145 3216 cum
2178 3159 2326 3231 gravi
2356 3158 2592 3214 exercitu
2633 3165 2816 3211 contra
2867 3154 3013 3223 ipsos
3055 3149 3365 3216 dimicavit;
3398 3148 3489 3204 ubi

1823 3231 1872 3298 θ
1905 3253 2195 3308 multitudo
2227 3251 2553 3306 Francorum
2582 3258 2632 3304 et
2661 3249 2929 3305 Saxonum
2959 3244 3295 3311 ceciderunt;
3322 3241 3486 3299 Chlo-

1905 3345 2113 3400 tliarius
2146 3353 2322 3398 tamen
2353 3358 2443 3398 rex
2475 3343 2644 3396 victor
2669 3341 2932 3395 abscessit

1980 3441 2056 3496 Eo
2100 3448 2344 3510 tempore
2377 3439 2700 3493 Buccelenus
2745 3435 2851 3490 dux
2886 3433 3213 3490 Francorum
3249 3433 3300 3487 in
3346 3432 3488 3488 bello

1903 3535 2145 3592 Romano
2172 3550 2293 3589 cum
2325 3535 2470 3588 omni
2502 3533 2742 3588 exercitu
2777 3543 2876 3584 suo
2901 3527 3126 3584 interiit.

1974 3630 2041 3685 P.
2075 3629 2132 3683 C.
2165 3628 2348 3682 Basilii
2370 3643 2504 3681 anno
2529 3643 2616 3689 xv,
2644 3625 2755 3679 ind.
2791 3639 2861 3676 ιν.

1977 3725 2052 3778 Eu
2083 3738 2225 3777 anno
2257 3723 2446 3777 iterum
2497 3715 2881 3774 rebellantibus
2921 3710 3223 3768 Saxonibus
3264 3707 3488 3764 Chlota-

1905 3819 2014 3874 rius
2047 3831 2140 3870 rex
2195 3830 2423 3885 pugnam
2457 3812 2633 3876 dedit;
2665 3809 2848 3878 ibique
2895 3807 3123 3861 maxima
3165 3815 3287 3873 pars
3315 3798 3487 3856 Saxoé

1903 3928 2026 3966 nutu
2060 3910 2272 3965 cecidit.

1976 4003 2054 4055 Eo
2082 4014 2224 4054 anno
2277 3997 2464 4053 Franci
2499 4002 2661 4049 totam
2706 3989 3078 4060 Thoringiam,
3112 4000 3207 4058 pro
3237 3998 3304 4042 eo
3343 3980 3486 4055 quod

1901 4110 2021 4152 cum
2054 4092 2361 4148 Saxonibus
2387 4089 2780 4158 conjuraverat,
2809 4087 3178 4139 vastaverunt.

1977 4187 2108 4256 Ipsis
2138 4186 2330 4240 diebus
2356 4183 2656 4236 tihramnus
2685 4178 2912 4232 collecto
2937 4174 3180 4231 exercitu
3209 4171 3486 4241 regionem

1906 4279 2070 4350 patris
2099 4280 2177 4332 sui
2210 4277 2468 4334 devastat.

1979 4375 2053 4428 Eo
2084 4387 2224 4426 anno
2246 4369 2511 4425 exercitus
2543 4366 2868 4422 Francorum
2890 4360 3201 4430 reipublicae
3229 4357 3487 4411 Romana;

1904 4467 2194 4523 exercitum
2229 4464 2491 4530 vastavit,
2524 4471 2682 4530 atque
2703 4458 2992 4528 ell‘ugatum
3022 4450 3340 4518 devastavit,
3363 4461 3484 4504 cum

1907 4561 2011 4615 illis
2040 4569 2094 4615 et
2123 4559 2324 4612 divitiis
2368 4556 2552 4610 multis
2581 4552 2847 4607 abductis.

294 4653 367 4708 Eo
394 4667 535 4709 anno
566 4653 868 4710 Belesarius
901 4657 1154 4725 patricius
1187 4656 1430 4728 Wittegis
1462 4673 1639 4733 regem
1691 4661 1797 4716 Go-
1823 4639 1878 4701 Β
1978 4655 2056 4708 Eo
2098 4669 2239 4707 anno
2287 4649 2562 4706 exercitus
2608 4644 2911 4733 reipublicae
2958 4636 3248 4733 τοδιιωβξίε
3271 4635 3492 4733 firmus

225 4744 451 4810 thorum,
483 4745 549 4800 de
584 4745 834 4802 Ravenna
881 4748 1148 4816 captivum
1177 4749 1465 4804 abductum
1492 4792 1507 4816 ,
1540 4751 1802 4807 Constan-

228 4837 438 4910 tinopoli
471 4851 592 4894 cum
644 4853 816 4896 uxore
852 4847 906 4898 et
934 4842 1218 4910 thesauris,
1253 4841 1462 4900 Justino
1491 4852 1512 4880 ³
1559 4843 1802 4915 Augusto

230 4931 582 5000 prmsentavit.

295 5022 506 5089 Basilio,
537 5024 649 5078 ind.
677 5039 752 5078 ιν.

295 5115 360 5172 Ρ.
389 5118 448 5172 C.
477 5116 664 5172 Basilii
686 5135 821 5174 anno
850 5134 889 5188 t,
923 5120 1038 5176 ind.
1073 5135 1123 5176 v.

301 5209 368 5265 Ρ.
395 5207 456 5266 C.
486 5207 672 5266 Basilii
695 5227 831 5267 anno
859 5225 920 5279 ιι,
943 5215 1052 5267 ind.
1082 5228 1156 5269 vs.

297 5299 363 5355 Ρ.
389 5301 448 5355 C.
477 5299 664 5356 Basilii
693 5319 827 5357 anno
854 5319 931 5369 ιιι,
967 5306 1074 5358 ind.
1106 5319 1196 5360 vn.

297 5391 361 5452 P.
390 5393 452 5450 C.
478 5394 662 5450 Basilii
691 5413 826 5451 anno
856 5412 929 5465 tv,
955 5399 1068 5453 ind.
1098 5414 1215 5454 vni.

306 5489 370 5544 P.
404 5488 463 5544 ϐ.
490 5489 675 5544 Basilii
703 5508 839 5545 anno
866 5507 920 5558 v,
954 5493 1062 5546 ind.
1093 5507 1167 5548 lx.

302 5579 372 5652 Ρῗ
393 5581 458 5654 (ἶ.
481 5582 672 5653 Basilii
691 5601 831 5648 mna
853 5599 930 5652 vt,
956 5585 1068 5640 ὺιά.
1095 5601 1152 5642 x.

309 5673 418 5731 Hoc
449 5692 590 5734 anno
621 5676 844 5749 Vigilius
875 5693 1011 5748 papa
1038 5677 1315 5734 Romanus
1341 5676 1807 5750 Constantinopoli

239 5773 553 5846 imperavit.

1909 4757 2112 4818 partem
2147 4744 2332 4814 Italiae,
2365 4757 2520 4812 quam
2549 4729 2958 4794 Theudebertus
2983 4747 3078 4790 rex
3125 4729 3488 4801 adquisierat,

1906 4838 2202 4907 occupavit.

1980 4931 2047 4985 P.
2080 4931 2137 4985 C.
2166 4927 2353 4982 'Basilii
2383 4941 2519 4980 anno
2542 4938 2651 4991 χιι,
2679 4921 2790 4976 ind.
2818 4936 2871 4975 v.

1980 5022 2046 5077 P.
2081 5021 2139 5078 C.
2167 5020 2350 5074 Basilii
2373 5033 2510 5072 anno
2543 5030 2673 5081 xvn,
2700 5015 2810 5068 ind.
2841 5027 2917 5067 vr.

1983 5121 2093 5176 Hoc
2123 5131 2265 5173 anno
2285 5113 2661 5170 Clilldebertus
2685 5123 2782 5164 rex
2813 5105 3146 5162 Francorum
3172 5098 3405 5185 transiit,
3436 5108 3491 5156 et

1914 5212 2142 5269 obtinuit
2174 5221 2398 5280 regnum
2424 5206 2541 5275 ejus
2563 5202 2874 5259 Chlotarius
2902 5213 3023 5265 rex,
3055 5196 3218 5252 frater
3243 5193 3385 5265 ejus.

1982 5303 2048 5359 P.
2083 5302 2142 5358 C.
2170 5300 2350 5355 Basilii
2381 5313 2518 5356 anno
2542 5311 2692 5360 xvtn,
2726 5294 2834 5348 ind.
2863 5306 2958 5347 vss.

1985 5397 2051 5452 P.
2077 5397 2137 5452 C.
2162 5393 2347 5451 Basilii
2367 5409 2500 5450 anno
2525 5406 2636 5457 ιιι,
2666 5389 2777 5444 ind.
2804 5402 2919 5442 vlli.

1987 5493 2102 5548 Hoc
2131 5504 2290 5554 anno,
2313 5487 2606 5546 serenitate
2634 5481 2789 5546 coeli,
2811 5481 2953 5540 inter
2973 5474 3160 5533 stellas
3186 5470 3494 5544 splendidas

1914 5587 2200 5645 obscurata
2230 5590 2315 5642 est
2345 5581 2468 5638 luna
2503 5591 2616 5660 xvs2
2649 5584 2711 5640 ut
2733 5573 2820 5636 vix
2854 5568 3098 5638 conspici
3122 5577 3322 5638 posset.

1989 5679 2064 5736 Eo
2093 5690 2233 5736 anno
2259 5673 2561 5734 Chramnus
2594 5659 2716 5737 iusst
2736 5671 3074 5730 sacramenta
3097 5675 3220 5734 qua
3246 5659 3383 5730 patri
3406 5659 3497 5715 de-

1912 5774 2090 5836 derat,
2123 5769 2191 5824 ad
2224 5767 2507 5824 Britannos
2531 5763 2683 5832 petiit
2711 5777 2724 5814 :
2750 5770 2804 5820 et
2825 5757 3055 5822 moliens
3079 5768 3306 5830 sanum
3329 5751 3499 5827 patris

298 5913 326 5968 β
347 5906 450 5986 §ic
472 5907 601 5967 edit.
635 5907 917 5970 mendose.
959 5907 1218 5969 Rescribe
1243 5905 1562 5977 Justiniano.
1606 5910 1783 5990 Atque
1821 5913 1894 5973 ita
1922 5911 2050 5988 legit
2076 5906 2270 5982 Pagius
2297 5905 2364 5964 ad
2386 5919 2584 5962 annum
2614 5901 2739 5972 540,
2771 5900 2799 5976 §
2827 5901 2906 5975 ll.
