4042 6348
636 277 739 333 799

1710 270 1926 341 MAR",
1963 268 2236 330 AVENTIl

2292 268 2463 328 BNSIS
2492 268 2826 340 EPISCOPI,
3779 288 3844 341 Ml

636 387 889 448 invadere
916 432 932 458 ,
982 386 1243 447 adversus
1296 388 1475 460 ipsum
1523 401 1645 445 cum
1690 384 1963 442 Britannis
2005 398 2221 441 movere
2248 383 2615 447 Amultitudo
2670 384 3009 456 captivon
3056 385 3230 459 gentis
3258 387 3428 459 ipsius
3474 393 3742 449 venundata
3780 413 3842 453 tsi-

636 498 800 539 ausus
828 490 936 550 est,
983 483 1264 554 multaque
1306 482 1420 538 loca
1466 479 1699 552 graviter
1734 477 2083 550 depraedavit.
2142 477 2225 532 Ad

638 573 795 646 cujus
843 573 1106 630 insaniam
1162 573 1557 644 reprimendum
1614 582 1763 643 pater
1813 584 1933 626 cum
1985 571 2227 626 exercitu

2400 479 2551 533 Anno
2580 493 2630 533 tv
2652 494 2794 534 cons.
2824 478 3017 536 Justini
3038 485 3153 552 iun.
3179 482 3333 554 Aug.,
3363 484 3481 539 ind.
3508 500 3581 541 ιιι.

2403 570 2516 627 Hoc
2564 586 2705 628 anno
2738 573 2955 628 morbus
3002 574 3234 641 validus,
3265 590 3384 632 cum
3420 578 3672 646 proﬂuvio
3708 586 3845 641 ventris

646 669 949 740 properavit
974 686 989 736 ;
1012 678 1068 727 et
1094 670 1377 725 interiecto
1405 666 1602 724 comite
1634 667 2036 733 Britannorum,
2059 663 2230 719 Chra—
2330 672 2385 720 et
2400 664 2633 733 Variola,
2664 663 2867 724 Italiam
2897 665 3232 739 Galliamque
3275 669 3437 724 valde
3471 670 3668 739 afﬂixit,
3694 684 3737 730 et
3767 682 3841 731 ani-

648 778 833 818 mnum
859 762 1035 818 vivum
1064 762 1227 832 cepit,
1254 760 1633 831 incensumque
1661 775 1783 815 cum
1804 773 1971 815 uxore
1995 766 2050 815 et
2080 756 2222 823 liliis,

643 855 810 914 totius
839 856 1074 929 regionis
1103 854 1293 911 incidit
1330 853 1617 910 excidium.

714 948 782 1004 P.
809 947 868 1004 C.
892 947 1071 1003 Basilii
1089 963 1223 1003 anno
1248 962 1339 1013 xx,
1371 946 1481 1001 ind.
1506 961 1581 1001 ιι.

716 1042 830 1099 Hoc
860 1058 1000 1098 anno
1025 1042 1437 1097 Chlothacarius
1464 1055 1554 1096 rex
1586 1047 1830 1095 mortuus
1856 1048 1971 1105 est;
2002 1045 2057 1093 et
2095 1034 2231 1093 divi-

641 1144 828 1196 serunt
847 1149 1068 1207 regnum
1095 1133 1212 1204 ejus
1240 1132 1334 1189 lilii
1366 1132 1537 1200 ipsius
1558 1177 1572 1200 ,
1610 1132 1657 1186 id
1684 1141 1767 1187 est
1786 1174 1799 1198 ,
1829 1131 2183 1189 Charibertus
2210 1174 2226 1202 ,

644 1229 1092 1296 Guntecramnus,
1124 1226 1422 1296 Hilpericus
1452 1233 1509 1281 et
1547 1223 1869 1296 Sigibertus.

717 1320 786 1375 P.
818 1318 877 1375 C.
912 1318 1099 1373 Basilii
1125 1320 1262 1372 antro
1290 1333 1403 1384 xxt,
1431 1316 1539 1369 ind.
1572 1332 1641 1387 ι..

713 1412 786 1467 Ρ.
808 1412 870 1467 C.
900 1410 1087 1467 Basilii
1112 1427 1252 1466 anno
1283 1425 1415 1479 xxn,
1439 1409 1554 1464 ind.
1588 1425 1661 1464 ιι.

723 1505 837 1561 Hoc
862 1520 1005 1561 anno
1032 1519 1188 1561 mons
1220 1504 1429 1559 validus
1457 1502 1895 1573 Tauretuneusis,
1930 1503 1982 1559 in
2012 1502 2233 1559 territo-

643 1599 724 1655 rio
753 1596 1022 1666 Vallensi,
1056 1598 1125 1653 ita
1150 1598 1332 1653 subito
1362 1598 1489 1667 ruit,
1525 1606 1581 1651 ut
1623 1607 1854 1652 castrum
1904 1596 1988 1652 cui
2030 1596 2236 1652 vicinus

644 1702 782 1758 erat,
816 1703 869 1748 et
900 1692 1048 1747 vicos
1075 1706 1198 1747 cum
1226 1692 1476 1747 omnibus
1506 1691 1703 1747 ibidem
1742 1691 2101 1746 habitantibus
2130 1706 2230 1762 op-

2330 760 2491 817 malia
2515 758 2714 818 bubula
2743 774 2837 831 per
2868 760 2986 817 loca
3014 776 3176 831 supra
3206 762 3406 834 scripta
3440 765 3663 823 maxime
3694 770 3846 825 interie-

2333 860 2481 908 Tum.

2411 944 2489 999 Eo
2519 957 2661 999 anno
2692 953 2937 1000 mortuus
2960 952 3042 1001 est
3065 944 3253 1002 Celsus
3279 947 3564 1017 patricius.

2404 1036 2555 1090 Anno
2581 1050 2614 1090 v
2639 1051 2783 1091 cons.
2811 1033 3012 1091 Justiui
3026 1036 3150 1107 jun.
3175 1038 3334 1109 Aug.,
3356 1039 3471 1093 ind.
3508 1055 3576 1095 tv.

2407 1128 2522 1184 Hoc
2552 1143 2693 1183 anno
2723 1127 2940 1184 infanda
2975 1129 3264 1186 inﬁrmitas
3285 1142 3449 1203 atque
3477 1133 3721 1204 glandula,
3751 1141 3848 1208 cujus

2334 1235 2531 1277 nomen
2560 1229 2643 1277 est
2672 1221 2904 1291 pustula,
2936 1220 2991 1276 in
3035 1236 3198 1292 supra
3229 1223 3391 1280 dictis
3439 1226 3727 1297 regionibus
3746 1229 3848 1286 inun-

2336 1314 2648 1371 tnerabilem
2683 1315 2937 1384 populum
2962 1315 3286 1373 devastavit.

2413 1406 2562 1461 Anno
2592 1420 2642 1460 Vl
2675 1422 2819 1462 cons.
2850 1404 3045 1462 Justini
3063 1409 3193 1480 jun.
3226 1411 3386 1481 Aug.,
3421 1408 3539 1466 ind.
3568 1427 3617 1464 v.

2409 1499 2522 1556 Hoc
2550 1515 2693 1557 anno
2718 1500 2990 1557 Albuenus
3018 1518 3116 1558 rex
3157 1501 3629 1574 Langobardorum
3653 1521 3677 1560 a
3700 1508 3799 1571 suis.
3819 1512 3849 1565 id

2337 1604 2444 1661 εει,
2481 1592 2745 1663 Hilmegis
2774 1609 2896 1649 cum
2929 1594 3174 1666 reliquis,
3203 1595 3580 1653 consentiente
3610 1613 3749 1655 uxore
3776 1615 3847 1667 sua.

2341 1685 2659 1742 interfectus
2688 1696 2803 1752 est;
2828 1695 2883 1743 et
2912 1700 3072 1758 supra
3103 1688 3334 1758 scriptus
3363 1688 3636 1760 Hilmegis,
3657 1705 3849 1748 comante

646 1783 973 1855 pressisset;
1007 1792 1062 1839 et
1087 1783 1260 1837 lacum
1291 1783 1342 1838 in
1371 1782 1705 1853 longitudine
1733 1799 1795 1837 ιι
1821 1782 2067 1851 millium,
2096 1792 2150 1839 et
2176 1784 2251 1839 la-
2276 1787 2326 1852 Β
2352 1779 2495 1836 dicta
2524 1794 2693 1836 uxore
2725 1780 2891 1851 ipsius
2919 1795 3079 1849 quam
3110 1781 3210 1838 sibi
3241 1782 3293 1837 iu
3325 1783 3709 1841 matrimonium
3738 1789 3849 1843 soci:-

646 1877 873 1937 titudine
916 1894 986 1933 xx
1035 1878 1283 1945 millium,
1334 1878 1403 1932 ila
1451 1887 1618 1933 totum
1646 1878 1835 1944 movit,
1878 1887 1937 1933 ut
1983 1893 2234 1950 egressus

647 1977 879 2040 utraque
907 1970 1021 2040 ripa
1054 1968 1202 2026 vicos
1232 1969 1634 2039 antiquissimos
1666 1985 1786 2025 eum
1834 1970 2140 2028 hominibus
2181 1982 2236 2028 et

646 2061 929 2133 pecoribus
968 2070 1265 2128 vastasset;
1299 2062 1459 2117 etiam
1512 2062 1678 2117 multa
1724 2073 2067 2120 sacrosancta
2120 2066 2237 2120 loca

647 2167 770 2212 cum
800 2154 880 2210 eis
905 2156 1267 2211 servientibus
1302 2154 1632 2223 demolisset,
1662 2163 1717 2210 et
1739 2165 1955 2224 pontem
1992 2155 2235 2212 Genava-

644 2261 790 2315 cum,
816 2247 1043 2303 molinas
1072 2257 1127 2304 et
1150 2248 1393 2304 homines
1425 2249 1646 2318 pervitn
1671 2247 1897 2319 dejecit;
1946 2257 1999 2306 et
2020 2247 2231 2304 Genava

644 2340 864 2397 civitate
892 2355 1144 2411 egressus
1181 2341 1358 2412 plures
1390 2341 1636 2396 homines
1670 2339 1961 2398 interfecit.

723 2433 786 2490 P.
812 2433 875 2489 C.
902 2434 1086 2490 Basilii
1112 2452 1249 2490 anno
1277 2450 1428 2505 xxut,
1456 2436 1565 2490 ind.
1597 2451 1689 2491 ιιι.

722 2523 789 2580 Ρ.
821 2524 879 2581 C.
912 2524 1096 2581 Basilii
1118 2543 1253 2581 anno
1279 2542 1425 2594 xxtv,
1458 2526 1568 2580 ind.
1600 2542 1716 2582 xm.

719 2619 833 2675 lloc
879 2635 1020 2676 anno
1050 2619 1295 2677 monachi
1327 2622 1675 2691 Agaunenses
1724 2619 2017 2677 iracundiae
2047 2622 2237 2692 spiritu

648 2712 890 2782 incitati,
924 2716 1095 2770 noctis
1128 2726 1369 2786 tempore
1399 2716 1709 2788 episcopum
1741 2731 1898 2771 suum
1929 2716 2236 2787 Agricolam

648 2821 771 2866 cum
796 2808 962 2875 clero,
993 2819 1047 2864 et
1065 2810 1210 2865 cives
1234 2809 1326 2881 qui
1350 2824 1473 2865 cum
1508 2808 1624 2879 ipso
1655 2817 1828 2879 erant,
1867 2809 2118 2866 occidere
2148 2810 2236 2865 ni-

650 2910 847 2970 tentes,
875 2902 1093 2958 domum
1117 2903 1361 2960 ecclesiae
1390 2901 1721 2977 effregerunt
1745 2920 1759 2958 :
1782 2914 1835 2960 et
1872 2902 1996 2958 dum
2028 2903 2238 2974 cpisco-

648 3010 776 3069 pum
803 3011 958 3053 suum
990 2998 1170 3056 clerici
1210 2998 1295 3055 vel
1331 2998 1477 3055 cives
1516 2998 1800 3056 defensare
1842 2998 2021 3054 conati
2067 3006 2193 3053 sunt
2216 3036 2233 3063 ,

648 3091 885 3163 graviter
908 3091 977 3148 ab
1007 3091 1139 3162 ipsis
1164 3092 1445 3149 monachis
1472 3092 1741 3149 vulnerati
1772 3101 1919 3148 sunt.

720 3186 802 3243 Eo
828 3201 970 3244 anno
998 3187 1203 3243 transiit
1229 3186 1596 3258 Magnacarius
1627 3187 1734 3243 dux
1765 3185 2116 3243 Francorum.

720 3281 789 3337 Ρ.
820 3281 881 3339 C.
911 3282 1097 3338 Basilii
1118 3300 1254 3339 anno
1278 3299 1412 3351 xxv,
1442 3284 1553 3338 ind.
1590 3298 1705 3339 χιιι.

723 3374 837 3434 Hoc
857 3389 998 3431 anno
1022 3376 1237 3447 signum
1261 3377 1514 3447 apparuit
1539 3379 1591 3432 in
1616 3377 1757 3433 coelo
1788 3390 1880 3447 per
1905 3376 2022 3431 dies
2049 3391 2177 3430 ιιι.

723 3470 801 3526 Eo
825 3485 966 3527 anno
992 3479 1234 3528 mortuus
1260 3479 1344 3525 est
1371 3469 1701 3526 Justinianus
1728 3472 2017 3539 Augustus,
2047 3478 2101 3525 et
2139 3483 2235 3524 su-

648 3564 819 3637 scepit
840 3564 1089 3623 Justinus
1115 3578 1284 3635 nepos
1311 3563 1482 3635 ipsius
1523 3564 1830 3634 imperium.

722 3656 803 3713 Eo
842 3670 986 3713 anno
1021 3655 1193 3713 hiems
1222 3655 1590 3712 valentissima
1631 3652 1766 3723 fuit,
1798 3663 1855 3711 ut
1882 3654 2117 3726 quinque
2144 3663 2238 3710 aut

648 3766 713 3808 eo
755 3749 987 3822 amplius
1038 3749 1313 3810 mensibus
1361 3758 1580 3820 propter
1623 3747 1761 3804 nivis
1813 3748 2231 3818 magnitudinem

648 3850 786 3901 terra
829 3842 999 3899 videri
1048 3857 1153 3899 non
1213 3851 1392 3913 posset
1433 3859 1448 3898 :
1486 3842 1710 3914 ipsaque
1753 3840 2021 3912 asperitas
2069 3838 2234 3896 multa

649 3936 904 3993 animalia
926 3936 1159 3992 necavit.

725 4030 804 4084 Eo
826 4043 971 4085 anno
1001 4027 1300 4085 Sindewala
1326 4026 1519 4084 Erolus
1559 4027 1899 4100 tyrannidem
1923 4027 2235 4100 assumpsit,

650 4128 705 4180 et
731 4129 764 4178 a
792 4120 996 4178 Narseo
1037 4120 1259 4190 patricio
1288 4120 1599 4176 interiectus
1627 4130 1732 4177 est.

719 4216 873 4269 Anno
884 4215 1048 4284 primo
1060 4214 1356 4269 consulatus
1374 4211 1569 4269 Justini
1584 4214 1811 4287 junioris
1831 4214 1994 4285 Aug.,
2017 4212 2131 4268 ind.
2146 4227 2234 4268 xv.

721 4309 765 4365 A
794 4307 1059 4379 principlo
1089 4308 1273 4364 mundi
1298 4322 1466 4379 usque
1495 4308 1563 4365 ad
1595 4309 1739 4365 hunc
1781 4308 2062 4366 consulem
2102 4308 2240 4364 ﬁunt

656 4403 777 4459 anni
810 4417 1171 4459 vuoccuvut.

722 4496 868 4550 Anno
890 4510 926 4550 ιι
951 4511 1097 4549 cons.
1129 4491 1323 4549 Justini
1338 4495 1459 4565 jun.
1484 4495 1645 4566 Aug.,
1670 4494 1782 4551 ind.
1815 4508 1855 4550 ι.

2338 1880 2508 1945 verat,
2531 1883 2588 1930 et
2615 1873 2763 1931 omni
2793 1876 3068 1942 thesauro,
3103 1884 3208 1932 tam
3231 1877 3373 1948 quod
3398 1877 3468 1933 de
3496 1876 3741 1935 Pannonia
3756 1884 3848 1936 exhi-

2340 1966 2567 2035 buerat,‘
2598 1983 2758 2038 quam
2811 1968 2953 2037 quod
3004 1968 3073 2025 de
3121 1969 3269 2025 Italia
3322 1982 3743 2043 congregaverat,
3775 1988 3847 2028 cum

2339 2072 2492 2136 parte
2519 2064 2808 2130 exercitus,
2844 2063 3112 2119 Ravenna:
3142 2063 3456 2135 reipublicze
3484 2080 3546 2122 se
3577 2066 3774 2122 tradidit.

2412 2157 2563 2210 Anno
2592 2170 2667 2211 vu
2697 2172 2840 2211 cons.
2870 2155 3066 2211 Jastini
3086 2157 3209 2228 jun.
3240 2156 3403 2230 Aug.,
3433 2158 3543 2212 ind.
3577 2175 3644 2212 vi.

2411 2246 2525 2303 Hoc
2577 2262 2719 2303 anno
2766 2246 2875 2303 dux
2925 2246 3432 2320 Langobardorum,
3490 2249 3689 2306 nomine
3731 2249 3841 2315 Cleb,

2338 2342 2482 2413 genti
2514 2341 2682 2414 ipsius
2731 2358 2824 2399 rex
2853 2341 3135 2397 ordinatus
3167 2350 3268 2405 est,
3303 2350 3359 2398 et
3388 2342 3571 2413 plures
3592 2342 3787 2398 seniores
3815 2353 3845 2397 et

2343 2435 2645 2492 mediocres
2676 2436 2741 2493 ab
2767 2435 2886 2504 ipso
2918 2435 3183 2492 interfecti
3206 2444 3353 2490 sunt.

2411 2530 2489 2586 Eo
2532 2547 2674 2586 anno
2709 2530 2969 2587 mearius
2996 2530 3103 2585 dux
3139 2528 3473 2585 Francorum
3520 2529 3664 2600 obiit,
3690 2538 3735 2584 et
3754 2528 3843 2582 ordi-

2340 2632 2495 2680 uatus
2519 2631 2604 2679 est
2630 2620 3027 2678 Theodol‘ridus
3057 2621 3111 2677 in
3142 2620 3317 2676 locum
3341 2619 3464 2691 ejus
3490 2620 3610 2676 dux.

2410 2720 2556 2773 Αἰηο
2586 2732 2677 2773 vnt
2700 2734 2840 2772 cons.
2866 2715 3062 2771 lustini
3078 2716 3199 2787 juu.
3229 2714 3391 2787 Aug.,
3420 2714 3531 2770 ind.
3559 2727 3648 2768 vn.

2411 2812 2524 2869 Hoc
2559 2827 2701 2868 anno
2720 2810 2917 2869 Clebus
2944 2825 3039 2868 rex
3071 2808 3554 2879 Langobardorum
3582 2825 3611 2864 a
3637 2821 3841 2881 puerosuo

2339 2906 2659 2963 interiectus
2688 2914 2791 2962 est.

2409 2998 2489 3054 Eo
2514 3012 2655 3054 anno
2682 2999 2875 3054 iterum
2901 2998 3237 3070 Langobardi
3262 3004 3315 3057 in
3343 3002 3499 3058 Valle
3527 2998 3723 3071 ingressi
3749 3002 3840 3059 sunt

2337 3102 2393 3149 et
2417 3094 2608 3151 Clusas
2655 3093 3025 3163 obtinuerunt,
3072 3106 3128 3152 et
3160 3098 3212 3152 in
3260 3099 3592 3156 monasterio
3617 3102 3842 3151 sanctomm

2255 3190 2304 3256 ο
2335 3187 2737 3244 Acaunensium
2768 3190 2957 3246 diebus
2985 3191 3167 3249 multis
3212 3192 3620 3255 habitaverunt;
3646 3196 3692 3244 et
3720 3193 3840 3257 postea

2341 3281 2396 3335 in
2426 3281 2616 3338 Baccis
2640 3296 2874 3354 pugnam
2897 3293 3082 3339 contra
3112 3288 3412 3342 exercitum
3443 3286 3734 3344 Francorum
3752 3292 3841 3333 com-

2340 3374 2622 3443 miserunt,
2648 3376 2737 3433 ubi
2761 3391 2899 3446 pene
2914 3378 2979 3434 ad
2999 3377 3268 3450 integrum
3300 3380 3569 3436 interfecti
3598 3370 3837 3442 sunt,p1uti

2340 3468 2461 3539 fuga
2508 3468 2742 3526 liberati.
2777 3468 2883 3525 Sed
2933 3479 2987 3525 et
3021 3471 3186 3526 Mauri
3231 3480 3287 3529 et
3356 3472 3481 3529 alia;
3507 3476 3692 3542 gentes,
3730 3463 3791 3533 qui
3810 3461 3841 3516 in

2341 3564 2618 3621 Provincia
2666 3580 2855 3622 eorum
2910 3565 3116 3638 ingredi
3167 3574 3641 3639 praesumpserant,
3678 3559 3730 3614 ab
3760 3553 3838 3626 ιβιδ

2344 3656 2568 3713 Francis
2601 3656 2797 3714 devicti
2824 3667 2950 3713 sunt

2412 3744 2560 3802 Anno
2588 3764 2640 3804 ιι
2666 3765 2812 3804 cons.
2843 3747 3042 3803 Justini
3060 3752 3184 3820 jun.
3221 3750 3381 3821 Aug.,
3435 3751 3548 3804 ind.
3577 3762 3677 3803 vm.

2411 3840 2558 3894 Anno
2588 3856 2619 3894 x
2641 3856 2782 3893 cons.
2812 3838 3147 3912 Justinijun.
3180 3840 3340 3911 Aug.,
3373 3841 3491 3898 iud.
3522 3856 3590 3897 Ix.

2412 3930 2524 3986 Hoc
2554 3945 2696 3986 anno
2719 3931 3024 4001 Sigibertus
3047 3948 3139 3989 rex
3174 3932 3529 4001 Francorum,
3559 3932 3724 3988 bellum
3752 3938 3836 3981 con-

2338 4029 2421 4079 tra
2449 4022 2667 4078 fratrem
2699 4039 2855 4078 suum
2881 4023 3208 4095 Hilpericutu
3232 4034 3448 4094 movet;
3471 4036 3649 4083 etcum
3670 4017 3837 4085 euutjant

2342 4115 2604 4172 inclusum
2640 4117 2882 4186 haberet,
2912 4127 2967 4173 et
3000 4118 3069 4174 de
3098 4118 3218 4186 ejus
3239 4118 3617 4177 interiectione
3643 4114 3834 4183 cogitaret.

2338 4209 2408 4266 ab
2437 4209 2740 4266 hominibus
2761 4209 3053 4281 Chilperici
3082 4227 3176 4283 per
3199 4212 3443 4270 lraudem
3486 4210 3749 4270 interiectus
3767 4208 3835 4257 est:

2340 4312 2397 4359 et
2422 4308 2662 4374 suscepit
2686 4318 2910 4373 regnum
2934 4303 3054 4375 ejus
3082 4303 3462 4363 Chilbebertus
3491 4305 3618 4362 ﬁlius
3642 4298 3780 4371 ipsius-

2411 4398 2563 4452 Auuo
2591 4412 2642 4451 ιι
2672 4412 2814 4451 cons.
2847 4394 3040 4451 Justini
3060 4400 3186 4469 jun.
3216 4397 3383 4471 Aug.,
3413 4400 3522 4454 iud.
3556 4413 3634 4463 x..

2414 4489 2493 4546 Eo
2534 4505 2675 4544 anno
2706 4487 2899 4543 mortui
2945 4498 3072 4544 sunt
3121 4490 3249 4560 regii
3278 4501 3445 4564 atque
3491 4490 3666 4565 egregii
3709 4478 3833 4538 adole-

729 4588 841 4645 lloc
869 4601 1010 4643 anno
1032 4586 1229 4644 Narses
1259 4603 1323 4644 ex
1367 4589 1653 4659 praeposito
1699 4597 1755 4644 et
1799 4598 2022 4659 patricio
2050 4631 2064 4657 ,
2116 4598 2237 4660 post
2264 4597 2319 4659 ι)
2341 4592 2574 4649 sceutes,
2622 4580 2995 4641 Chlotacarius
3025 4593 3079 4638 et
3105 4580 3516 4656 Chlodomeris,
3548 4583 3630 4640 ﬁlii
3670 4570 3832 4634 Guutltc'

656 4692 832 4739 tantos
864 4690 1160 4752 prostratos
1185 4691 1464 4754 tyrannos,
1496 4681 1548 4737 id
1573 4691 1657 4737 est
1681 4682 1957 4739 Baduilam
1981 4693 2033 4738 et
2053 4683 2238 4755 Tejam

583 4828 589 4837 ,
655 4788 809 4845 reges
842 4774 1137 4830 Gothorum
1158 4816 1173 4840 ,
1206 4782 1261 4828 et
1285 4764 1639 4829 Buccelenum
1669 4773 1858 4829 ducem
1883 4772 2234 4841 Francorum,

656 4879 754 4919 nec
783 4879 888 4919 non
915 4873 968 4920 et
996 4863 1357 4921 Sindewalem
1384 4865 1636 4931 Erolum;
1664 4864 2016 4922 Mediolanum
2048 4866 2129 4920 vel
2161 4882 2236 4922 re-

656 4954 827 5027 liquas
854 4955 1102 5013 civitates
1119 4972 1253 5028 quas
1284 4954 1444 5013 Gothi
1474 4957 1876 5026 destruxerant,
1902 4960 2245 5017 laudabiliter

655 5055 952 5117 reparatas,
979 5047 1047 5105 de
1076 5048 1191 5117 ipsa
1218 5048 1371 5106 Italia
1394 5064 1425 5106 a
1455 5065 1616 5123 supra
1646 5051 1850 5123 scripto
1878 5054 2119 5126 Augusto
2146 5069 2245 5113 re—

656 5146 835 5196 motus
846 5169 850 5174 -
863 5146 966 5196 est.

730 5258 878 5313 Anno
906 5272 965 5312 ιιι
995 5273 1137 5315 cons.
1159 5256 1353 5316 Justini
1376 5262 1497 5333 jun.
1529 5262 1690 5334 Aug.,
1722 5264 1836 5320 ind.
1862 5279 1922 5321 ιι.

606 5435 613 5451 τ
730 5367 843 5425 Hoc
869 5384 1011 5427 anno
1030 5371 1303 5430 Alhoenus
1330 5389 1423 5430 rex
1448 5372 1923 5443 Langobardorum
1953 5393 2075 5433 cum
2099 5378 2247 5435 omni

575 5507 579 5510 .
657 5463 891 5519 exercitu
920 5467 1233 5536 relinquens
1262 5476 1423 5538 atque
1443 5470 1698 5526 incedens
1719 5471 2072 5539 Pannoniam,
2092 5489 2242 5531 suam

658 5552 913 5625 patriam,
946 5570 1066 5610 cum
1097 5552 1433 5625 mulieribus,
1482 5561 1567 5616 vel
1597 5561 1744 5616 omni
1794 5562 1992 5633 populo
2019 5578 2139 5631 suo,
2188 5576 2247 5621 ut

598 5635 605 5653 '
656 5640 773 5701 fera
794 5644 1004 5703 Italiam
1030 5650 1344 5721 occupavit:
1376 5650 1558 5724 ibique
1579 5652 1668 5709 alii
1699 5653 1908 5724 morbo,
1944 5656 2035 5712 alii
2083 5656 2243 5726 fatue,

663 5738 905 5793 nonnulli
949 5740 1130 5810 gladio
1159 5743 1464 5813 interempti
1498 5753 1645 5801 sunt.
1694 5745 1772 5801 Eo
1825 5760 1969 5804 anno
1997 5749 2160 5806 etiam
2190 5749 2247 5808 in

664 5824 886 5883 ﬁnitima
920 5829 1037 5886 loca
1064 5830 1355 5890 Galliarum
1386 5834 1595 5905 ingredi
1622 5850 2085 5909 praesumpserunt
2108 5884 2124 5912 ,
2158 5844 2248 5902 ubi

2345 4677 2553 4751 gramni
2583 4675 2747 4747 regis.

2422 4770 2563 4824 Anno
2588 4785 2661 4825 xu
2686 4785 2829 4824 cons.
2858 4766 3052 4823 Justini
3069 4770 3189 4838 jun.
3221 4770 3385 4843 Aug.,
3417 4771 3528 4826 ind.
3560 4784 3625 4824 xt.

2420 4861 2532 4917 Hoc
2578 4876 2723 4919 anno
2751 4861 3028 4919 Meroveus
3080 4862 3219 4919 lilius
3259 4862 3513 4935 Hilperici
3540 4858 3664 4931 regis
3693 4848 3834 4909 οοιὶδιδ

2345 4964 2448 5012 est.

2421 5070 2567 5125 Anno
2598 5085 2695 5125 xm
2724 5086 2864 5126 cons.
2897 5068 3093 5126 Justini
3114 5070 3236 5141 jun.
3264 5068 3427 5143 Aug.,
3455 5072 3560 5125 ind.
3586 5078 3666 5120 ιιι.

2421 5169 2532 5227 Hoc
2557 5185 2700 5226 anno
2734 5170 2844 5228 duo
2891 5171 3169 5239 Germani,
3225 5168 3477 5230 Salonius
3500 5179 3552 5226 et
3586 5149 3830 5231 Sagittarius:

2344 5262 2583 5335 episcopi
2632 5280 2663 5319 a
2690 5265 2898 5337 synodo
2943 5281 3061 5336 quas
3095 5263 3406 5322 Gabalonno
3428 5262 3636 5323 collecta
3658 5248 3827 5337 cur"?

2351 5334 2580 5413 diversis
2627 5334 3054 5416 criminibus-ab
3101 5357 3445 5429 episcopatus
3476 5357 3658 5412 honore
3693 5334 3826 5406 del“

2351 5459 2497 5507 Sunt.

2423 5567 2502 5623 Eo
2542 5582 2687 5623 anno
2715 5580 2958 5627 mortuus
2984 5581 3069 5627 est
3097 5570 3340 5629 Justinus
3386 5574 3653 5644 Augustus,
3675 5563 3722 5614 el
3746 5554 3828 5605 Μ’

2348 5660 2516 5718 cessit
2542 5661 2791 5719 Tiberius
2812 5663 2866 5718 in
2897 5665 3015 5720 loco
3047 5665 3184 5736 ejus.

2422 5753 2570 5807 Anno
2602 5769 2619 5807 ι
2645 5770 2787 5810 cons.
2818 5753 3007 5810 Tiberii
3032 5755 3356 5815 Constantini
3380 5753 3610 5831 Augusti,
3632 5742 3715 5803 Νι

2428 5847 2503 5902 Eo
2534 5864 2694 5914 auus,
2721 5863 2907 5907 mense
2932 5850 3185 5925 Octobre,
3229 5855 3301 5912 ita
3329 5854 3381 5911 in
3408 5826 3621 5913 vinem
3637 5826 3821 5907 1W
