4042 6348
212 415 317 472 80!

1647 407 2012 466 APPENDIX.

3335 473 3344 476 _
3399 407 3503 463 eos

208 531 508 588 Rhodanus
538 531 848 596 exundavit,
879 537 936 587 ut
963 528 1147 601 copias
1178 528 1435 586 messium
1474 529 1797 600 denegaret;
1830 537 1878 594 Α
1906 532 2026 603 gina
2075 529 2241 595 obiit;
2293 539 2510 601 propter
2539 530 2691 600 cujus
2736 529 3018 586 transitum
3066 527 3328 584 interfecti
3375 535 3502 584 sunt

201 634 268 682 et
292 625 427 680 intra
480 624 684 680 Italiam
736 625 812 678 ita
861 623 1005 678 ﬂuvii
1035 621 1472 690 exundaveruut,
1507 630 1565 678 ut
1604 621 1800 677 damna

201 719 461 790 agricola:
488 725 818 790 paterentur.

285 813 436 864 Anno
464 826 499 866 ιι
521 825 663 864 cons.
694 809 880 886 Tiberii
912 807 1238 864 Constantini
1262 810 1512 881 Augusti,
1541 809 1654 863 ind.
1689 825 1800 863 xw.

290 904 362 959 Ea
397 903 712 973 indictione,
761 918 943 959 mense
970 903 1295 973 Septembri,
1329 902 1687 972 Austregildis
1719 917 1802 958 re-

1911 625 2016 679 duo
2046 623 2266 687 medici,
2299 622 2548 678 Nicolaus
2577 631 2630 677 et
2658 622 2915 678 Donatus.

1985 714 2062 769 Eo
2092 730 2232 769 anno
2261 715 2584 769 Mummolus
2612 715 2868 784 patricius
2900 730 3020 770 cum
3053 728 3222 770 uxore
3259 723 3314 768 et
3354 711 3501 784 flliie,

1911 819 1962 864 et
1995 809 2334 866 multitudine
2384 809 2599 865 familiae
2646 825 2708 864 ac
2738 809 2939 864 divitiis
2987 810 3188 876 multis,
3224 809 3276 865 iu
3323 822 3500 864 marca

1912 899 2242 958 Cltildeberti
2273 902 2432 972 regis,
2462 902 2512 955 id
2544 910 2646 966 est,
2680 901 2963 966 Aviniouc,
2995 901 3231 973 confugit

1470 1232 2278 1342 APPENDIX

826 1467 935 1528 AD
977 1464 1254 1535 MAR“,
1304 1457 1888 1524 AVENTICENSIS
1931 1456 2323 1534 EPISCOPI,
2364 1457 2865 1537 CHRONICON,

1262 1623 1551 1667 wc'ronr;
1596 1619 1872 1678 IGNOTO,
1915 1620 2034 1665 εει)
2078 1624 2502 1678 PERANTIQUO.

292 1848 472 1918 Usque
506 1844 594 1900 hic
624 1841 827 1900 Marius
855 1843 1166 1913 episcOpus.

288 1943 437 1998 Anno
467 1955 524 1994 Ill
556 1938 743 1992 Tiberii
775 1938 933 2009 Aug.,
964 1938 1076 1990 iud.
1109 1952 1198 1990 xv.

292 2036 439 2089 Anno
467 2049 517 2086 tv
547 2031 738 2086 Tiberii
769 2030 930 2100 Αηςι.ν
959 2030 1070 2096 ind,
1105 2045 1142 2083 ι.

289 2105 436 2181 Auno
465 2141 495 2179 v
526 2123 717 2177 Tiberii
748 2122 907 2192 Aug.,
941 2121 1051 2174 ind.
1082 2136 1139 2175 Il.

290 2223 434 2273 Anno
464 2234 514 2271 γι
547 2216 736 2271 Tiberii
761 2215 916 2286 Aug.,
946 2213 1055 2266 ind.
1083 2227 1159 2268 ιιι.

289 2313 436 2366 Anno
470 2326 540 2365 vu
568 2309 758 2363 Tiberii
787 2309 945 2378 Aug.,
977 2306 1092 2360 ind.
1121 2320 1192 2360 tv.

290 2404 449 2461 Gothi
473 2403 573 2459 sub
603 2399 951 2471 Ermcngildo
976 2396 1293 2471 Leubegildi
1324 2397 1465 2469 regis
1490 2397 1599 2454 filio
1618 2396 1815 2469 ,bifaric

208 2497 396 2562 divisi,
427 2509 608 2551 mutua
635 2495 786 2552 caede
815 2503 1112 2552 vastantur.

292 2588 596 2644 Indictione
629 2605 682 2642 v.

289 2683 575 2738 Mauricius
599 2682 754 2737 annis
786 2696 874 2736 xxr
905 2681 1069 2738 Suevi
1115 2695 1147 2737 a
1191 2679 1518 2751 Leubegildo
1561 2693 1688 2750 rege
1715 2679 1810 2736 ob-

211 2776 389 2842 lenti,
409 2774 603 2831 Gothis
635 2773 1016 2844 subjiciuntur.

294 2867 589 2924 Indictione
618 2883 687 2922 vt.

293 2960 456 3018 Gothi
487 2959 750 3016 Recarido
779 2975 908 3032 rege
937 2961 1278 3029 intendente,
1329 2975 1360 3016 a
1409 2960 1515 3018 tidc
1538 2960 1816 3025 catholica

216 3063 587 3111 revertuntur.

291 3149 493 3205 Avates
520 3147 780 3208 adversus
811 3146 1083 3205 Romanos
1110 3147 1457 3217 dimicantes,
1489 3160 1618 3206 auro
1647 3149 1817 3222 magis

220 3259 379 3315 quam
413 3243 556 3299 ferro
585 3241 877 3312 pelluntur.

295 3336 502 3393 Phocas
528 3350 699 3391 annos
730 3350 805 3391 Ix.
840 3333 949 3391 Iste
975 3335 1240 3393 seditione
1261 3336 1477 3394 militari
1522 3338 1820 3410 imperator

219 3433 416 3499 factus,
440 3417 754 3487 Mauricium
771 3432 1069 3500 Augustqu
1101 3432 1473 3503 nobiliumque
1496 3431 1816 3488 multos.....

221 3527 370 3600 1mg.
403 3527 712 3600 interfecit].

1991 1840 2159 1912 Hujus
2190 1851 2436 1916 tempore
2465 1844 2613 1900 Persi
2643 1844 3006 1900 (ialcidoniam
3042 1858 3207 1916 usque
3247 1860 3504 1917 pervene-

1917 1943 2062 1990 runt.

1989 2022 2128 2080 Huni
2161 2042 2373 2083 murum
2422 2029 2639 2100 longum
2685 2031 3162 2102 interrumpentes,
3191 2041 3246 2088 et
3270 2031 3338 2088 ad
3365 2047 3500 2090 mm-

1922 2116 2006 2169 nia
2058 2116 2550 2190 Constantinopolis
2601 2123 3043 2193 peraccedentes,
3077 2140 3198 2179 eum
3249 2126 3506 2194 praedicto

1845 2205 2262 2309 Bimperatore,
2313 2222 2500 2269 mutuo
2548 2216 2600 2269 in
2648 2231 2803 2271 muro
2831 2225 3008 2273 stante
3049 2215 3232 2290 [Forte
3277 2214 3504 2288 stantes]

1917 2303 2289 2371 collocuntur;
2323 2308 2410 2377 qui
2440 2319 2716 2378 acceptum
2762 2312 2830 2366 ab
2856 2325 2921 2367 eo
2954 2311 3098 2380 pacis
3129 2311 3384 2381 pretium,
3435 2312 3505 2369 ad

1921 2404 2134 2466 tempus
2167 2400 2444 2455 recedunt.

1993 2491 2095 2547 Per
2118 2493 2256 2549 idem
2286 2506 2498 2566 tempus
2519 2496 2694 2553 divisa
2717 2498 2767 2552 in
2793 2499 2964 2555 tribus
2980 2500 3110 2554 olim
3135 2502 3313 2572 regnis
3337 2502 3502 2559 Fran-

1920 2587 2020 2652 cia,
2054 2589 2105 2642 in
2140 2605 2243 2644 uno
2274 2606 2302 2643 τι
2337 2592 2554 2660 praefato
2589 2608 2717 2663 rege
2751 2593 3079 2649 Francorum
3107 2611 3332 2666 regnum
3363 2612 3496 2652 con-

1911 2679 2188 2750 jungitur;
2237 2692 2394 2754 atque
2442 2695 2796 2756 persequente
2847 2687 3182 2744 Theuderico
3225 2704 3351 2759 rege
3386 2704 3507 2759 ger-

1917 2787 2135 2827 manum
2179 2787 2332 2829 suum
2365 2777 2765 2833 Austrasiorum
2799 2794 2976 2849 regem
3026 2780 3458 2837 Theudebertutn
3487 2823 3502 2848 ,

1918 2863 2195 2922 vincentes
2225 2865 2418 2923 Franci
2464 2871 2516 2923 in
2558 2869 2921 2937 Burgundiam
2954 2879 3233 2928 moventes
3275 2874 3504 2929 Austra-

1917 2959 2047 3027 sios,
2077 2959 2144 3014 ad
2175 2971 2477 3018 extremum
2512 2965 2685 3033 ipsum
2705 2965 3037 3022 occiderunt.
3070 2968 3178 3023 Nec
3220 2983 3391 3033 mora,
3427 2970 3506 3023 vi-

1917 3061 2032 3107 ctor
2079 3053 2449 3110 Theodericus
2481 3055 2656 3111 Mettis
2684 3072 2804 3112 cum
2855 3058 3103 3126 obiisset,
3137 3059 3420 3129 Sigoberto
3452 3062 3511 3114 ll-

1917 3142 1991 3198 lio
2023 3145 2244 3213 parvulo
2272 3161 2394 3201 eum
2440 3147 2556 3201 avia
2587 3160 2682 3202 sua
2726 3147 3069 3216 Bruniliilde,
3097 3165 3324 3220 regnum
3368 3151 3510 3207 male

1919 3247 2236 3308 usurpatum
2266 3239 2511 3311 reliquit;
2540 3241 2629 3310 qui
2657 3243 2866 3297 vivente
2896 3243 3072 3297 adhuc
3101 3259 3359 3313 germano
3387 3259 3511 3312 suo,

1921 3343 2171 3404 nepotem
2199 3349 2353 3389 suum
2385 3335 2450 3390 ad
2476 3345 2680 3406 petram
2705 3336 2758 3392 in
2785 3337 2922 3392 albis
2953 3337 3078 3393 elidi
3107 3338 3292 3408 jussit.

1996 3447 2101 3504 Per
2126 3447 2266 3504 idem
2293 3459 2506 3519 tempus
2528 3449 2652 3504 victi
2680 3448 2772 3504 filii
2794 3449 2875 3504 sui
2899 3466 2924 3502 a
2952 3465 3080 3521 rege
3111 3449 3330 3521 praefato
3352 3450 3510 3507 Chloo

1924 3539 2128 3597 tacario
2168 3541 2480 3611 capiuntur;
2513 3556 2576 3597 ac
2619 3541 2835 3613 praefata
2882 3543 3084 3614 regina,
3126 3543 3510 3612 praedictorum

299 3621 466 3692 Hujus
498 3631 737 3692 tempore
762 3620 988 3676 Parisini
1015 3629 1071 3677 et
1102 3620 1286 3678 Veneti
1316 3637 1415 3692 per
1432 3621 1708 3677 Orientem
1733 3635 1814 3677 vet

1924 3633 2064 3702 avia,
2094 3635 2164 3689 ab
2189 3649 2254 3690 eo
2284 3644 2458 3704 capta,
2489 3633 2812 3705 diversoque
2845 3650 3124 3704 pinnarum
3151 3651 3350 3707 genere
3371 3636 3513 3692 aftli-

222 3713 516 3787 Egyptum
564 3711 721 3771 civile
752 3715 948 3771 bellum
981 3715 1203 3779 faciunt,
1237 3731 1299 3771 ac
1343 3730 1402 3770 se
1454 3725 1635 3771 mutua
1668 3715 1818 3770 caede

221 3819 592 3884 prosternunt.
645 3809 839 3866 Praelia
888 3825 1104 3880 quoque
1161 3810 1444 3865 Persarum
1497 3811 1816 3878 gravissima

218 3905 480 3960 adversus
511 3904 901 3973 rempublicam
937 3903 1268 3967 excitantur,
1293 3917 1320 3955 a
1353 3903 1548 3973 quibus
1591 3901 1818 3957 Romani

219 3997 438 4057 fortiter
461 3997 734 4066 debellati,
766 3999 1028 4069 plurimas
1061 3997 1368 4068 provincias
1407 4007 1459 4052 et
1487 3996 1660 4066 ipsam
1692 3994 1819 4052 llie-

217 4092 555 4164 rosolymam
585 4091 899 4149 amiserunt.

299 4186 576 4243 Heraclius
605 4187 792 4258 quinto
822 4185 1035 4255 imperii
1068 4186 1152 4241 sui
1203 4185 1328 4241 dum
1367 4184 1602 4257 fungitur
1643 4199 1818 4251 anno,

225 4279 509 4336 Sisebotus
532 4279 828 4336 Gothorum
855 4295 950 4335 rex
975 4280 1027 4334 in
1056 4279 1254 4348 Spania
1284 4281 1540 4349 plurimas
1564 4279 1821 4335 Romana:

225 4371 433 4429 militia
463 4372 645 4438 urbes,
693 4381 890 4444 quarto
920 4373 1068 4443 regni
1103 4373 1183 4428 sui
1227 4372 1328 4427 sibi
1374 4372 1624 4428 bellando
1653 4371 1822 4443 subji-

227 4467 337 4533 cit;
363 4474 418 4524 et
445 4465 657 4523 Ju‘dmos
683 4469 763 4522 sui
791 4468 950 4538 regni
974 4469 1236 4536 subditos,
1253 4480 1446 4538 praeter
1468 4483 1560 4522 cos
1583 4469 1670 4540 qui
1698 4469 1818 4538 fuga

226 4560 361 4631 lapsi
379 4546 510 4616 (sunt
535 4561 600 4616 ad
626 4559 884 4626 Francos,
915 4561 981 4616 ad
1012 4561 1209 4617 Christi
1243 4561 1401 4616 fidem
1432 4563 1716 4617 cinvertit.

302 4651 469 4723 Hujus
506 4654 844 4724 imperatoris
892 4655 1240 4724 temporibus,
1276 4655 1339 4707 ad
1394 4669 1555 4724 isque
1599 4651 1813 4723 imperii

227 4747 313 4802 sui
341 4762 536 4803 annum
586 4741 672 4815 Μ,
723 4757 779 4804 et
808 4746 1131 4804 Clilotacarii
1164 4748 1532 4818 gloriosissimi
1583 4748 1816 4803 Franco-

227 4857 348 4897 rum
381 4843 636 4914 principis
669 4844 817 4915 regni
848 4842 932 4899 sui
962 4859 1162 4899 annum
1192 4842 1281 4911 40,
1310 4846 1474 4898 multa
1507 4843 1816 4914 reipublicae

231 4926 495 5003 partibus,
520 4935 716 5008 ubique
764 4951 900 5009 pene
928 4952 958 4992 a
1003 4936 1232 4994 diversis
1260 4936 1510 5007 gentibus
1537 4935 1823 5008 dispendia

229 5026 378 5085 illata
405 5028 573 5087 fuere.

1924 3729 2241 3795 cta,deinde
2265 3729 2470 3783 camelo
2500 3728 2766 3795 imposita,
2800 3727 2982 3783 multis
3011 3729 3122 3783 suis
3147 3730 3513 3798 spectaculum

1927 3824 2151 3893 praebuit
2198 3843 2208 3875 :
2266 3832 2533 3893 postremo
2586 3823 2915 3877 ferocissimo
2948 3820 3128 3894 [Forte
3174 3822 3516 3896 ferocissimi]

1925 3919 2175 3987 colligata
2207 3917 2430 3988 pedibus
2460 3917 2583 3987 equi
2615 3926 2788 3988 tergo,
2821 3925 3119 3972 extremum
3150 3917 3396 3985 Spiritum
3421 3931 3516 3973 ex-

1929 4010 2147 4065 halavit.
2185 4010 2454 4081 Cujusque
2494 4009 2749 4079 deinceps
2791 4010 3172 4079 corpusculum
3224 4009 3517 4065 incenden-

1931 4114 2011 4160 tes
2042 4105 2249 4174 populi,
2281 4104 2588 4174 sepulcrum
2628 4102 2764 4172 iguis
2796 4101 2925 4168 fuit;
2981 4103 3046 4157 ad
3097 4103 3351 4172 deinceps
3376 4101 3518 4171 judi-

1927 4200 2067 4252 cium
2102 4205 2384 4267 paternum
2409 4195 2528 4251 sine
2573 4195 2945 4252 misericordia
2973 4197 3025 4249 in
3053 4211 3311 4266 germano
3338 4203 3393 4250 et
3426 4210 3518 4251 ne-

1930 4303 2051 4362 pote
2077 4291 2345 4362 quondam
2375 4290 2581 4357 datum,
2616 4291 2669 4344 in
2699 4289 2820 4345 filiis
2850 4288 3202 4356 redundavit;
3238 4305 3441 4360 eosque
3483 4302 3513 4343 a

1927 4386 2266 4456 quibusdam,
2292 4393 2347 4438 ut
2370 4383 2541 4450 aiunt,
2575 4385 2952 4454 interemptos,
2987 4382 3354 4438 monarchiam
3382 4397 3519 4452 prae-

1925 4496 2260 4551 nuncupatus
2291 4495 2381 4536 rex
2432 4480 2485 4534 iu
2516 4479 2687 4534 tribus
2714 4479 2892 4549 regnis
2937 4477 3204 4542 obtinuit;
3237 4490 3397 4546 quam
3438 4473 3519 4530 fe-

1922 4573 2098 4628 liciter
2142 4574 2496 4644 religioseque
2522 4573 2850 4643 gubernans,
2895 4584 3036 4625 nunc
3075 4583 3197 4623 cum
3243 4565 3513 4638 prioribus

1925 4670 2072 4739 regni
2102 4669 2182 4723 sui
2216 4683 2354 4722 anno
2383 4665 2450 4721 40
2475 4667 2636 4721 vitam
2671 4666 2837 4720 ducit.

1999 4785 2157 4840 Fiunt
2209 4783 2368 4854 igitur
2417 4783 2485 4836 ab
2536 4779 2758 4837 exordio
2803 4776 2988 4834 mundi
3032 4792 3204 4844 usque
3255 4777 3309 4831 in
3356 4788 3520 4832 teram

1931 4885 2276 4948 praesentem,
2310 4875 2360 4929 id
2392 4881 2496 4942 est,
2552 4871 2619 4927 Ui
2651 4873 2882 4928 l‘leraclii
2914 4881 2969 4928 et
3009 4868 3334 4928 Ghlotacarii
3380 4866 3526 4938 regis

1931 4988 2128 5028 annum
2151 4972 2242 5040 40,
2265 4971 2392 5026 anni
2423 4983 2762 5026 vuocccxxu.
