4042 6348
211 348 325 405 805

1488 349 1555 408 IN
1591 350 1849 413 MATTH.
1887 352 2042 412 CAP.
2084 350 2177 413 Vl.

3389 354 3492 412 806

203 480 388 529 neque
416 478 761 521 concauam?
792 480 843 518 IN
872 477 1111 531 IO'RRBA,
1140 480 1208 519 ετ
1238 481 1414 522 rues
1443 482 1648 525 VESTIR
1691 468 1796 526 uti;
1824 472 1878 536 Α
1903 454 2147 543 insuper,
2180 472 2386 544 etquod
2413 488 2517 528 non
2539 474 2729 544 petisti,
2753 473 2884 528 dabo
2911 474 3019 543 tibi,
3054 475 3256 530 diuitias
3290 476 3491 541 stccult',

202 572 395 615 usus
418 566 604 614 rssctr
626 570 771 614 rem.
786 557 1018 615 Dederat
1033 563 1490 631 comparationem
1502 565 1575 621 de
1590 567 1797 636 majore

199 651 280 705 ad
311 650 607 716 minorem;
638 651 708 705 de
728 652 908 706 anima
941 653 1005 707 ad
1032 666 1251 724 corpus,
1287 663 1343 711 et
1369 656 1440 712 de
1485 660 1693 714 minore
1730 659 1798 715 ad

202 743 711 816 nniorem,deesca
733 746 799 801 ad
820 747 1090 815 animam;
1122 762 1266 805 nunc
1288 748 1566 807 iterumde
1592 754 1801 810 minore

197 838 275 894 ad
306 837 568 909 majorem
608 839 706 893 'dat
756 842 1249 911 comparationem,
1282 843 1351 898 de
1379 844 1687 901 volucribus
1732 846 1798 903 ad

196 934 484 990 Immineat
510 944 632 991 cum
658 934 792 991 dicit
821 954 833 987 :
868 935 1125 1008 Respicite
1144 937 1383 992 volatilia
1404 938 1545 995 ‘caeli.
1571 939 1797 1008 Quidam

195 1027 447 1083 volatilia
474 1028 596 1085 creti
640 1030 1199 1103 angelos-intelligere
1232 1030 1430 1097 voluit,
1471 1042 1691 1103 propter
1732 1035 1797 1089 il-

196 1118 299 1176 lud
329 1137 343 1176 :
382 1119 607 1191 Volauit,
640 1121 812 1192 inquit
840 1122 1127 1193 propheta,
1173 1122 1243 1176 ad
1271 1136 1353 1177 me
1394 1134 1528 1178 unus
1564 1124 1629 1177 de
1660 1140 1801 1179 sera-

201 1214 357 1281 phin.
388 1213 473 1280 qui
498 1229 600 1267 non
623 1213 879 1268 laborant.
919 1212 1045 1269 [deo
1074 1213 1287 1284 quidem
1317 1214 1526 1271 visione
1552 1216 1647 1271 Del
1676 1228 1800 1287 pa“-

194 1304 480 1371 l’ruuutur,
503 1306 718 1360 dicente
746 1305 905 1361 Petro
929 1307 1174 1376 apostolo
1198 1323 1214 1361 ε
1243 1298 1311 1361 In
1331 1324 1481 1377 quem
1506 1308 1799 1365 desiderant

192 1394 378 1467 angeli
415 1396 725 1468 prospicere.
765 1397 871 1454 Sed
915 1411 1249 1467 nequaquam
1281 1397 1355 1452 ita
1388 1398 1796 1469 intelligendum

1903 565 2020 618 auri
2044 572 2093 617 et
2123 565 2340 636 argenti.
2374 564 2481 621 Sed
2506 565 2562 621 in
2602 566 2749 620 omni
2774 566 3115 622 multitudine
3153 566 3489 635 divitiarum,

1902 666 1958 715 et
1980 657 2238 715 varietate
2279 660 2509 715 vestium
2546 674 2655 714 non
2677 666 2764 715 est
2808 670 3116 731 coopertus,
3162 660 3302 717 sicut
3328 677 3491 718 utinm

1902 763 1968 804 es
1986 748 2125 812 istis,
2147 747 2463 805 subauditur
2483 749 2610 805 liliis
2632 750 2766 819 agri.
2792 750 2907 805 Non
2930 751 3075 807 enim
3096 754 3355 818 sericum,
3386 767 3491 810 nec

1904 856 2093 911 regum
2137 854 2392 912 purpura,
2444 856 2543 899 nec
2568 845 2778 913 pictura
2818 845 3108 899 textricum
3141 854 3319 915 potest
3343 844 3493 902 flori-

1901 932 2003 990 bus
2029 936 2356 1005 comparari.
2389 935 2527 1004 Quid
2554 937 2697 992 enim
2719 938 2791 991 ita
2822 937 2977 992 rubet
2998 948 3057 993 at
3086 940 3242 993 rosa?
3264 940 3391 1010 quid
3416 940 3492 995 ita

1901 1026 2097 1082 candet
2118 1036 2179 1081 ut
2206 1027 2417 1082 lilimn?
2468 1028 2627 1083 viola:
2671 1043 2800 1084 vero
2848 1043 3107 1101 purpura,
3141 1030 3288 1086 nullo
3336 1045 3493 1103 stipe.

1902 1122 2009 1173 rari
2034 1118 2267 1185 murice,
2306 1120 2585 1176 neniarum
2609 1121 2778 1191 magis
2803 1137 2961 1189 quam
2990 1137 3304 1178 sermonum
3342 1122 3491 1193 judi-

1904 1213 2049 1266 cium
2090 1222 2193 1268 est.
2244 1212 2396 1269 Fecit
2428 1214 2576 1269 enim
2608 1213 2861 1269 Salomon
2890 1228 3013 1269 vasa
3040 1230 3205 1269 aures
3247 1214 3300 1269 in
3329 1215 3497 1275 domu

1905 1304 2142 1373 Domini,
2175 1306 2317 1362 velut
2368 1306 2431 1361 ad
2478 1306 2789 1376 dignitatem
2822 1308 3043 1377 regiam.
3080 1307 3184 1363 Sed
3226 1317 3280 1363 et
3320 1309 3494 1379 [ercu-

1903 1395 2011 1450 lum
2041 1397 2165 1466 fecit
2191 1396 2441 1453 Solomon
2468 1399 2534 1452 de
2555 1398 2711 1471 lignis
2736 1397 2957 1471 Setltim,
2979 1398 3342 1471 columnasque
3372 1401 3493 1471 fecit

192 1501 310 1558 est,
340 1500 398 1546 ut
426 1496 588 1546 homo
616 1493 789 1547 malus
819 1493 888 1545 sit
908 1491 1046 1560 apud
1079 1491 1247 1546 Deum
1271 1506 1433 1563 quam
1466 1493 1659 1563 angeli.
1689 1492 1796 1549 Sed
1900 1486 2165 1559 irgenteas
2191 1532 2207 1557 ,
2267 1506 2531 1545 ascensum
2576 1506 2918 1562 purpureum,
2967 1492 3352 1547 reclinatorium
3398 1507 3493 1545 au-

188 1582 398 1639 melius
430 1592 513 1638 est
552 1593 608 1637 ut
636 1582 994 1649 intelligamus
1042 1583 1279 1637 volatilia
1322 1584 1466 1650 cteli,
1520 1598 1647 1639 aves
1676 1599 1795 1654 qua;
1896 1580 2046 1633 i‘eum
2075 1580 2245 1635 medio
2270 1580 2506 1636 claritate
2533 1584 2811 1637 constravit
2850 1590 3059 1655 propter
3106 1584 3241 1653 ﬁlias
3280 1582 3493 1639 Jerusa-

188 1674 1010 1748 perbuncaeremjdiscurrunt,
1040 1676 1270 1731 auderet
1298 1684 1427 1730 aves
1457 1675 1579 1731 cmi
1597 1690 1798 1731 vocan-
1894 1673 2020 1727 leas.
2059 1672 2347 1729 Ferculum
2388 1674 2532 1730 enim
2579 1683 2821 1730 sanctam
2851 1674 3123 1745 signiﬁcat
3166 1673 3487 1744 Ecclesiam,

188 1777 319 1825 tur:
338 1784 443 1825 non
462 1768 1797 1839 laborantnequemetunt,sedrostro,etungeibns
1894 1764 2169 1820 cunnum:
2191 1780 2324 1822 vero
2344 1778 2562 1823 sanctos
2589 1766 2862 1833 doctores,
2896 1768 3035 1824 sicut
3076 1767 3143 1822 de
3170 1768 3491 1838 quibusdam

189 1871 513 1934 pascuntur.
565 1860 622 1918 Si
669 1860 840 1930 inquit
869 1861 1105 1916 volatilia
1155 1862 1299 1927 cmli,
1353 1876 1581 1932 quorum
1619 1861 1796 1941 anima
1825 1886 1875 1949 Β
1902 1869 2091 1911 eorum
2122 1856 2327 1911 dictum
2354 1865 2483 1914 est:
2526 1856 2755 1913 Iacobus
2793 1867 2840 1913 et
2874 1857 3094 1927 Cepbas,
3134 1867 3182 1913 et
3206 1858 3491 1926 Iohannes,

192 1972 327 2012 cum
356 1970 586 2026 corpore
617 1954 861 2020 moritur,
900 1954 1038 2010 Deus
1068 1955 1145 2010 sic
1176 1955 1363 2024 pascit,
1397 1964 1598 2024 quanto
1622 1955 1791 2027 magis

189 2060 300 2103 γης
329 2047 417 2115 qui
444 2047 515 2101 ad
546 2046 837 2117 imaginem
870 2045 962 2100 Dei
984 2044 1111 2100 facti
1143 2046 1272 2100 estis
1296 2044 1436 2099 illis?
1468 2043 1629 2100 Ratio
1648 2045 1792 2101 enim

188 2141 321 2199 hac
342 2144 447 2197 non
472 2141 542 2196 ad
568 2141 1009 2196 numerositatem
1034 2166 1053 2204 -,
1092 2139 1185 2195 sed
1230 2140 1295 2195 ad
1339 2141 1794 2209 conparationem

188 2233 553 2305 intolligerrda
595 2240 699 2291 est.
744 2232 805 2290 Si
852 2233 921 2287 ad
968 2242 1258 2289 numerum
1313 2232 1618 2315 intelligas,
1672 2234 1796 2301 pius

187 2338 329 2388 Iunt
352 2327 589 2384 volatilia
612 2328 733 2383 εωΙί
754 2342 914 2398 quam
939 2327 1186 2381 homines
1203 2344 1217 2391 ;
1234 2325 1327 2381 sed
1341 2326 1405 2381 ad
1418 2327 1793 2395 quantitavem,

188 2428 261 2477 et
297 2419 755 2490 computationem
800 2418 888 2474 est
942 2417 1350 2487 intelligendo-In
1401 2418 1547 2488 quod
1590 2416 1728 2474 dicit
1778 2435 1794 2477 :

188 2512 387 2572 Nouus
416 2518 512 2568 vos
541 2524 696 2567 uicis
724 2516 927 2567 muns
953 2520 1102 2566 usus
1127 2511 1305 2567 suis?
1326 2510 1383 2565 id
1432 2519 1517 2566 est
1541 2511 1798 2567 tectiores

190 2611 259 2663 et
286 2606 564 2663 cbairiores
586 2606 738 2671 estis,
770 2612 826 2659 ‘et
856 2604 975 2673 plus
1006 2604 1225 2670 valetis;
1274 2605 1365 2659 illa
1396 2604 1544 2660 enim
1577 2604 1623 2658 si
1662 2603 1796 2659 iussa

190 2700 366 2756 fuerit
382 2699 581 2765 anima,
596 2708 795 2768 corpus
814 2697 1075 2753 interibit.
1100 2698 1275 2752 Homo
1297 2698 1525 2753 moritur
1545 2710 1794 2767 corpore,

189 2791 379 2848 anina
404 2790 475 2845 ad
526 2789 762 2845 caelestis
807 2791 999 2845 tendit.
1054 2790 1192 2845 Deus
1239 2792 1384 2845 enim
1436 2791 1790 2859 omnipotens

189 2899 311 2941 non
342 2882 586 2935 homines
607 2888 830 2950 propter
855 2894 1001 2945 aves,
1032 2883 1125 2935 sed
1156 2896 1285 2936 aves
1302 2891 1523 2952 propter
1548 2883 1795 2937 homines

194 2976 349 3040 fecit,
383 2984 435 3028 et
472 2980 703 3043 propter
761 2972 1005 3027 homines
1057 2977 1203 3028 venit
1259 2976 1309 3029 in
1358 2976 1648 3045 mundum,
1688 2988 1797 3032 non

196 3074 429 3138 propter
454 3078 603 3131 aves,
650 3080 784 3135 quos
813 3074 866 3119 et
909 3078 1037 3120 caro
1078 3066 1253 3135 prmio
1297 3068 1450 3134 emit,
1482 3069 1622 3123 sicut
1662 3069 1801 3124 scri-

201 3169 359 3230 ptum
382 3168 464 3213 est
488 3174 503 3214 :
535 3156 715 3226 Empti
745 3158 882 3212 enim
902 3158 1022 3211 estis
1038 3158 1204 3228 pretio
1224 3174 1433 3229 magno.
1460 3161 1596 3228 Qnis
1612 3175 1794 3215 aurs:

1902 1949 1988 2018 qui
2039 1942 2342 2004 videbantur
2388 1951 2640 2007 columna:
2694 1966 2821 2007 esse.
2881 1952 3152 2007 Ascensus
3194 1964 3493 2021 purpureus

1900 2046 2116 2095 sanctos
2142 2039 2411 2110 signiﬁcat
2429 2041 2770 2098 conlessares
2786 2082 2805 2109 ,
2826 2042 3221 2098 reclinatorium
3244 2057 3488 2113 aureum,

1900 2130 2135 2186 divinam
2156 2133 2502 2202 sapientiam.
2535 2133 2611 2189 De
2638 2148 2740 2203 qua
2761 2133 2887 2188 alibi
2911 2150 2927 2188 :
2960 2132 3253 2188 Thesaurns
3280 2133 3487 2188 deside-

1899 2228 2099 2292 rabitis,
2128 2230 2399 2300 requiescit
2421 2246 2563 2285 more
2592 2231 2862 2303 sapientis.
2890 2229 3039 2287 Filiae
3083 2231 3385 2289 Jerusalem
3416 2236 3489 2289 sl-

1901 2322 2155 2393 guilicant
2192 2322 2402 2379 animas
2426 2334 2662 2379 sanctas.
2702 2323 2958 2392 Quamvis
2988 2323 3131 2379 enim
3160 2326 3244 2380 sic
3264 2325 3492 2381 decora-

1901 2420 1987 2469 tus
2014 2413 2201 2470 fuisset
2222 2414 2500 2482 Salamon,
2532 2424 2710 2471 tamen
2743 2431 3013 2486 nunquam
3048 2416 3217 2486 potuit
3257 2415 3336 2472 sic
3364 2430 3493 2472 can-

1900 2507 2085 2562 didum
2111 2508 2311 2564 habere
2331 2510 2709 2564 vestimentum
2734 2518 2793 2564 ut
2822 2519 2903 2565 est
2937 2509 3124 2578 lilium,
3161 2523 3262 2566 nec
3284 2525 3495 2580 purpu-

1899 2615 2051 2658 reum
2078 2602 2221 2657 sicut
2238 2603 2401 2668 viola,
2423 2617 2524 2657 nec
2544 2606 2855 2659 coccineum
2885 2602 3024 2657 sicut
3050 2616 3196 2658 rosa.
3223 2602 3492 2671 Spiritua-

1905 2697 2032 2753 liter
2072 2713 2171 2769 per
2221 2698 2387 2753 lilium
2437 2699 2767 2769 signiﬁcatur
2821 2700 3121 2769 virginitas,
3179 2715 3274 2769 per
3327 2700 3499 2756 violas

1902 2781 2263 2859 canitiem,
2294 2806 2392 2862 per
2440 2806 2594 2847 rosas
2642 2804 2925 2864 martyres.
2986 2794 3238 2848 Salomon
3268 2808 3502 2864 namque

1900 2882 2261 2953 virginitatem
2288 2898 2392 2941 non
2420 2884 2633 2952 habuit,
2678 2885 2778 2941 sed
2823 2886 2984 2941 etiam
3013 2900 3111 2940 cor
3140 2886 3258 2957 ejus
3298 2886 3497 2957 depra-

1900 2984 2079 3029 vatum
2102 2987 2184 3031 est
2208 2991 2312 3046 per
2338 2977 2615 3033 mulieres.

1973 3068 2029 3122 St
2074 3082 2256 3123 mea
2308 3084 2482 3124 renus
2513 3084 2636 3127 AGBI
2662 3084 2801 3133 quon
2830 3084 2991 3126 nouit:
3020 3082 3139 3134 ssr,
3171 3085 3240 3123 er
3268 3084 3398 3125 cnss
3444 3085 3497 3125 tu

1901 3178 2167 3220 CLIBANUI
2208 3176 2497 3230 utrrtron,
2530 3163 2671 3218 Deus
2705 3178 2788 3219 sic
2818 3178 3027 3219 vss'rrr.
3061 3162 3159 3218 llic
3185 3172 3371 3233 aperte
3405 3162 3501 3218 da-

204 3266 452 3307 mmu
506 3254 764 3306 contritus
820 3263 1022 3304 rorcsr
1081 3264 1333 3305 anticus
1390 3267 1458 3305 so
1518 3266 1798 3308 srs'runtut
1825 3294 1872 3356 ρ
1908 3264 1993 3309 tur
2041 3254 2267 3324 intelligi
2296 3253 2421 3324 quia
2466 3252 2712 3323 superius
2767 3269 2928 3309 omne
2983 3268 3156 3325 genus
3211 3253 3497 3310 herbarum

205 3359 346 3403 sunt
373 3359 603 3400 euanuit
630 3342 814 3397 mu?
844 3341 1033 3397 Nullus
1063 3343 1206 3397 enim
1246 3342 1315 3397 ad
1342 3352 1606 3399 staturam
1645 3361 1798 3400 suam

210 3437 449 3495 cubitum
478 3451 643 3490 unum
675 3434 913 3506 adjicere
944 3435 1113 3501 valet;
1166 3436 1275 3490 imo
1303 3450 1403 3492 nec
1434 3452 1597 3492 unum
1630 3438 1800 3509 capil-

208 3531 325 3588 lum
370 3531 564 3600 capitis
591 3530 767 3585 album
811 3530 990 3584 facere
1030 3540 1125 3584 aut
1158 3531 1398 3601 nigrum.
1451 3532 1632 3588 Danda
1687 3544 1805 3589 erat

212 3624 543 3695 comparatio
568 3624 635 3679 de
652 3623 978 3679 vestimento
1008 3624 1075 3678 ad
1105 3638 1323 3695 corpus,
1351 3625 1491 3680 sicut
1518 3635 1571 3680 et
1600 3626 1668 3681 de
1690 3628 1805 3682 ani-

207 3731 299 3774 ma
330 3716 448 3772 data
478 3725 612 3772 erat.
646 3715 800 3783 Quod
827 3714 957 3769 dicit
1003 3715 1306 3771 istiusmodi
1352 3725 1433 3772 est
1461 3734 1477 3770 :
1528 3718 1603 3772 illi
1639 3719 1807 3775 reline

206 3812 362 3879 quite
390 3824 573 3865 curam
597 3808 687 3880 qni
710 3809 842 3865 fecit
865 3818 1160 3873 staturam;
1194 3809 1281 3875 qui
1313 3809 1457 3863 enim
1480 3823 1677 3879 corpus
1700 3824 1805 3880 qua

207 3903 383 3958 voluit
439 3917 690 3958 mensura
747 3902 1049 3967 constituit,
1094 3901 1304 3955 scilicet
1357 3917 1517 3970 quam
1565 3902 1803 3973 longum.

207 4010 374 4066 quam
408 3995 565 4051 breve
596 4003 759 4059 esset,
794 3994 982 4063 utique
1009 3992 1151 4062 quod
1183 3992 1361 4047 minus
1386 4007 1471 4048 ess
1505 3992 1674 4060 dabit,
1703 3994 1807 4050 sci-

210 4090 343 4145 licet
368 4088 738 4144 indumentum
770 4098 825 4142 et
857 4096 1241 4156 tegumentum.
1282 4085 1384 4153 Qui
1417 4086 1558 4142 enim
1601 4089 1805 4155 majora

218 4180 475 4249 contulit,
508 4196 604 4233 nec
634 4194 735 4233 non
764 4180 1043 4245 utriusque
1065 4186 1120 4232 et
1163 4176 1372 4232 minora
1404 4178 1697 4247 praestabit.

284 4275 660 4329 Coxsmsnnu
691 4287 832 4327 LlLlA
883 4287 1003 4328 AGRI
1046 4285 1295 4335 quonooo
1341 4286 1642 4337 casscunr,
1698 4286 1801 4327 non

220 4383 523 4433 LABORANT,
570 4382 742 4431 neque
771 4382 934 4421 near.
979 4365 1092 4420 Hoc
1130 4365 1248 4420 loco
1272 4380 1383 4420 non
1412 4365 1719 4435 specialiter
1744 4365 1810 4421 li-

214 4464 371 4525 lium.
416 4462 516 4517 sed
561 4475 749 4516 omnes
794 4459 991 4515 herbas
1034 4458 1419 4530 intelligamus,
1466 4474 1587 4529 quae
1634 4459 1812 4517 hieme

214 4555 468 4611 arefacta:
502 4553 772 4619 videntur,
807 4559 1001 4607 ascite
1028 4550 1253 4607 diversis
1282 4549 1505 4606 tioribus
1532 4552 1810 4607 adornan-

1903 3346 2370 3417 comprebendere
2420 3346 2594 3401 voluit
2639 3363 2757 3401 cum
2787 3347 2957 3403 dicit:
2992 3347 3056 3403 Si
3101 3357 3271 3403 autem
3321 3352 3499 3417 fenum

1904 3441 2019 3512 agri
2045 3440 2186 3511 quod
2212 3438 2364 3493 hodie
2385 3447 2481 3509 est,
2513 3449 2563 3494 et
2586 3454 2709 3494 cras
2738 3440 2791 3494 in
2816 3440 3073 3494 clibanum
3116 3440 3357 3494 mittitur.
3391 3440 3501 3495 Ho-

1904 3532 1993 3589 die
2019 3547 2120 3603 pro
2150 3529 2405 3599 praesenti
2440 3540 2681 3601 tempore
2727 3532 2930 3600 posuit,
2978 3544 3097 3586 cras
3148 3544 3244 3597 pro
3286 3530 3497 3597 loturo;

1905 3635 1967 3681 ut
1993 3636 2076 3682 est
2104 3626 2237 3681 illud
2282 3625 2447 3681 Jacob
2474 3641 2488 3679 :
2541 3625 2680 3681 Cass
2709 3640 2973 3680 sxsuoier
3003 3641 3073 3680 tu:
3096 3639 3334 3679 JUSTITIA
3360 3637 3495 3682 Μελ.

1906 3716 1977 3772 Et
2001 3716 2220 3773 Samuel
2266 3715 2403 3771 dixit
2427 3714 2495 3770 ad
2546 3714 2714 3771 Saul:
2748 3714 2874 3769 Cras
2906 3723 2982 3783 tu,
3014 3724 3060 3770 et
3103 3714 3199 3779 ﬁlii
3248 3716 3344 3780 tui,
3389 3731 3469 3769 me

1906 3822 2024 3861 cum
2052 3807 2215 3861 eritis.
2261 3806 2487 3874 QUANTO
2528 3821 2683 3860 unus
2714 3820 2810 3858 vos
2841 3820 3043 3859 titulus
3076 3804 3253 3860 noui?
3294 3796 3498 3874 Repre-

1909 3901 2165 3957 benditur
2196 3900 2329 3955 lides
2350 3899 2741 3969 apostolorum,
2773 3898 2852 3953 vel
2886 3897 3217 3966 Judaeorum,
3262 3897 3351 3968 qui
3384 3913 3501 3953 mo-

1908 3996 2085 4051 dicam
2139 3993 2339 4051 habent
2398 3992 2579 4049 lideni.
2641 3991 2844 4047 Nours
2888 4006 3026 4048 suco
3074 4006 3331 4046 SOLLlClTl
3377 4005 3502 4046 esss:

1910 4103 2213 4145 DICEN'I‘ES:
2256 4087 2393 4155 Quid
2455 4100 2879 4153 MANDUCABIIIIS,
2924 4100 3033 4140 sur
3086 4101 3207 4150 omo
3257 4099 3501 4151 stantius,

1911 4196 2015 4237 sur
2044 4195 2146 4244 ouo
2174 4178 2513 4235 orentsuos?
2537 4177 2613 4234 De
2647 4192 2791 4243 esca,
2816 4189 2868 4232 et
2900 4179 3220 4233 vestimento
3249 4177 3500 4247 superius

1910 4272 2322 4330 sollicitudinem
2350 4272 2568 4341 tulerat,
2603 4270 2669 4326 de
2701 4282 2824 4340 potu
2856 4271 3159 4326 reticuerat.
3210 4269 3501 4339 Recapitu-

1910 4370 2075 4427 lando
2121 4369 2345 4425 subdit:
2408 4367 2589 4423 Nolite
2639 4368 2848 4423 solliciti
2894 4384 2999 4422 esse
3046 4367 3312 4422 dicentes:
3364 4366 3505 4433 Quid

1911 4464 2334 4520 manducabimus
2361 4472 2451 4517 aut
2479 4463 2604 4533 quid
2632 4462 2897 4517 bibemus?
2923 4470 3011 4515 aut
3035 4478 3136 4531 quo
3172 4458 3506 4527 aperiemur?

1912 4556 2233 4613 subauditur
2285 4555 2582 4625 exquisitas
2631 4554 2848 4623 epulas;
2908 4561 2999 4606 aut
3057 4552 3181 4622 quid
3235 4552 3502 4618 bibemus,

214 4656 326 4703 tur.
356 4651 553 4717 Agrum
581 4644 835 4699 mundum
866 4644 1024 4698 istum
1056 4641 1446 4712 intelligamus;
1471 4643 1540 4698 de
1573 4659 1680 4714 quo
1704 4645 1809 4700 Do—
1836 4697 1891 4758 Β
1913 4658 2043 4720 quot
2067 4657 2267 4718 genera
2298 4647 2606 4716 potionum;
2658 4652 2751 4697 aut
2802 4657 2909 4713 quo
2956 4643 3285 4712 Operiemur,
3335 4644 3503 4699 vcsti-

219 4756 247 4758 η
280 4756 288 4758 ,
506 4737 832 4758 ,μημμιςμ
883 4736 1150 4758 .___m_._
1297 4734 1522 4758 _____,,.,,_
1580 4735 1765 4758 1ιῖ,,.,
2044 4752 2080 4758 -_
2416 4737 2645 4758 __-..---
2732 4736 2855 4758 .._-
3112 4751 3303 4758 -______

216 4754 396 4796 minus
418 4743 469 4792 in
506 4737 792 4807 Evangelio
822 4753 834 4790 :
866 4736 1000 4807 Ager
1018 4737 1153 4791 enim
1195 4745 1268 4789 est
1296 4734 1544 4790 mundus.
1576 4735 1692 4791 Non
1721 4736 1804 4791 la-

219 4832 412 4888 borant
444 4833 495 4885 in
524 4830 740 4895 litando,
780 4844 877 4883 nec
905 4829 957 4883 in
990 4828 1246 4893 texendo,
1280 4842 1377 4883 nec
1410 4828 1568 4883 telam
1594 4828 1810 4884 ordien-

218 4925 310 4989 do,
335 4925 426 4979 scd
467 4925 554 4979 Dei
590 4922 921 4993 providentia
951 4931 1219 4978 crescunt.
1258 4922 1392 4978 Dico
1424 4939 1604 4978 aurs!
1641 4939 1806 4989 vosts,

219 5032 447 5081 QUONIAH
479 5032 578 5071 NEC
607 5018 857 5071 SALOION
895 5031 944 5069 ΙΝ
975 5028 1105 5071 οωκι
1132 5030 1324 5071 ϐιοηιλ
1371 5030 1466 5069 ευΑ
1499 5029 1809 5070 οοορειιτυε

225 5124 324 5166 ss'r
346 5124 496 5165 SICUT
522 5124 665 5163 unum
691 5124 757 5162 ex
785 5122 934 5163 ts'rts.
977 5108 1115 5174 Quid
1156 5109 1427 5179 estquod,
1478 5116 1555 5163 tot
1596 5108 1813 5178 regibus

220 5200 623 5271 praetermissis,
664 5200 753 5268 qui
799 5209 925 5254 ante
971 5199 1339 5266 Salomonem,
1388 5200 1472 5256 vel
1514 5210 1639 5273 post
1686 5216 1811 5257 eum

223 5294 461 5360 luerunt,
505 5292 755 5348 omnibus
809 5292 984 5362 ipsum
1034 5295 1299 5364 praetulit?
1349 5309 1542 5365 nempe
1594 5304 1812 5365 propter

221 5387 559 5459 sapientiam,
602 5386 689 5442 vel
733 5385 971 5454 divitias,
1004 5401 1070 5442 eo
1099 5386 1241 5459 quod
1277 5387 1528 5443 omnibus
1575 5387 1801 5458 sapien-

222 5483 348 5549 tior,
378 5482 460 5538 vel
489 5480 649 5537 ditior
679 5478 860 5550 fuerit,
888 5479 1108 5537 dicente
1153 5481 1257 5536 sibi
1306 5480 1419 5538 Deo
1451 5498 1464 5537 :
1513 5481 1649 5549 Quia
1702 5498 1806 5537 non

224 5574 397 5646 petisti
422 5574 512 5630 tibi
535 5573 741 5629 divitias
770 5574 886 5628 auri
914 5584 961 5628 et
983 5572 1205 5642 argenti,
1227 5589 1317 5629 nec
1343 5574 1449 5630 dies
1484 5576 1690 5643 multos,
1714 5590 1803 5629 rte-

225 5684 325 5738 que
351 5670 552 5723 animas
604 5668 936 5724 inimicorum
986 5678 1231 5733 tuorum;
1261 5676 1350 5723 sed
1395 5670 1698 5740 sapientiam
1744 5667 1813 5721 ad

224 5760 617 5817 discernendum
634 5764 823 5816 bonum
838 5770 885 5817 et
908 5761 1011 5816 mal
1017 5778 1122 5828 um,
1140 5762 1387 5829 eccedetli
1410 5762 1498 5815 tibi
1512 5761 1817 5833 sapientiam

194 5842 700 5911 'atldiscerneudum
714 5856 901 5910 bonum
927 5866 974 5911 et
1003 5856 1348 5923 malum,ecce
1373 5855 1490 5910 dedi
1516 5856 1603 5909 tibi
1626 5854 1820 5923 sapien-

228 5946 356 6004 tiam
382 5956 437 6002 ut
467 5948 535 6003 sis
582 5949 787 6020 sapiens
831 5964 985 6019 super
1031 5966 1201 6005 omnes
1246 5950 1333 6020 qui
1373 5952 1582 6020 fuerunt
1610 5954 1726 6002 ante
1755 5954 1821 6003 te.

1915 4752 2091 4798 menta
2151 4740 2357 4797 scilicet
2416 4737 2674 4809 pretiosa.
2732 4736 2857 4791 Hac
2912 4752 3076 4791 onum
3106 4751 3305 4792 cenrss
3338 4753 3505 4801 moun-

1914 4850 2077 4889 nunr.
2110 4833 2256 4898 llzcc,
2283 4847 2399 4902 quae
2426 4828 2674 4899 superius
2699 4828 2841 4884 dicta
2870 4838 3014 4896 sunt,
3047 4830 3252 4885 scilicet
3282 4832 3505 4885 mandu-

1914 4941 2059 4991 care,
2092 4926 2296 4989 bibere,
2334 4924 2651 4979 vestimenta
2684 4921 2919 4991 pretiosa
2950 4921 3123 4987 indui,
3171 4924 3347 4978 omnia
3378 4924 3499 4990 ista,

1916 5028 1970 5073 et
2002 5018 2082 5072 bis
2111 5015 2333 5081 similia,
2384 5022 2569 5084 gentes
2608 5012 2958 5083 quaesierunt,
3000 5024 3119 5083 qua:
3168 5024 3319 5069 erant
3373 5016 3505 5068 sicut

1917 5126 2078 5181 equus
2104 5120 2149 5163 et
2173 5108 2365 5171 mulus,
2396 5108 2579 5178 quibus
2609 5124 2711 5160 non
2741 5112 2815 5161 est
2858 5106 3161 5176 intellectus,
3192 5107 3505 5179 ignorantes

1924 5202 2226 5257 Dominum.
2260 5199 2387 5255 Scrr
2428 5213 2551 5253 satis
2601 5198 2787 5253 Parua
2814 5213 3016 5253 vasus
3063 5214 3349 5268 αοειεετιε,
3386 5202 3507 5263 outll

1918 5309 2004 5351 nis
2029 5307 2257 5349 ountsus
2288 5305 2568 5347 inotcerts.
2592 5284 2847 5345 Nonnulli
2873 5290 3082 5347 fuerunt
3107 5292 3193 5361 qui
3223 5291 3465 5347 dicerent
3490 5309 3505 5348 :

1917 5388 1975 5446 Si
1999 5388 2142 5443 Deus
2168 5400 2329 5442 omne
2359 5382 2503 5457 quod
2536 5381 2692 5439 nobis
2722 5383 3088 5439 necessarium
3121 5392 3202 5438 est
3227 5385 3348 5451 scit,
3381 5384 3507 5454 quid

1917 5479 2215 5548 indigemus
2256 5479 2305 5533 ei
2337 5474 2559 5547 petere?
2588 5473 2689 5530 scit
2713 5474 2856 5530 enim
2908 5474 2997 5529 ille
3026 5474 3239 5540 omnia;
3271 5476 3507 5531 attamen

1916 5575 2177 5640 petendus
2203 5577 2286 5625 est
2313 5579 2369 5625 et
2398 5567 2691 5639 rogandus.
2724 5565 2861 5621 Dicit
2886 5568 3028 5621 enim
3068 5566 3187 5636 ipse
3214 5582 3226 5619 :
3260 5562 3427 5622 Petita
3460 5567 3512 5623 et

1916 5664 2199 5736 accipietis,
2221 5663 2436 5734 quierite
2456 5671 2504 5717 et
2548 5661 2834 5715 invenietis.
2863 5658 3161 5716 Laboribus
3198 5662 3359 5717 etiam
3398 5666 3513 5717 tua-

1922 5773 2088 5813 nuum
2117 5764 2422 5811 nostrarum
2468 5752 2652 5809 vivere
2692 5750 2985 5820 debemus;
3030 5754 3154 5825 quia
3199 5754 3371 5825 primo
3409 5754 3510 5810 ho-

1923 5850 2053 5909 tnini
2082 5850 2283 5905 dictum
2312 5856 2396 5903 est
2426 5866 2437 5901 :
2471 5844 2539 5901 In
2575 5847 2763 5901 sudore
2812 5845 2980 5901 vultus
3023 5849 3097 5902 tui
3126 5849 3334 5903 vesceris
3378 5850 3512 5919 pane

1927 5955 2034 5998 tuo.
2062 5944 2318 6010 Qunam:
2342 5956 2521 5996 AU'I'EI
2546 5956 2742 5995 rniuru
2772 5955 2980 5999 REGNUI
3023 5942 3119 5998 DEI
3150 5958 3511 6001 ETJUSTITIAI
