4042 6348
576 409 677 463 807

1980 421 2400 482 LUCULENTII

3762 429 3868 484 808

574 548 697 589 stus
717 575 733 601 ,
762 547 833 590 ιτ
862 548 978 591 tua
1002 547 1166 591 cuitu
1196 550 1538 592 ADJICIEN'HIB
1578 550 1746 592 VOBIS.
1780 535 2020 607 Regnum
2070 538 2163 594 Dei
2189 543 2242 603 Α
2268 539 2598 597 remunerari
2627 553 2948 596 mereamur.
2981 540 3050 597 Et
3079 541 3251 597 omnia
3283 540 3393 595 hac
3442 539 3760 609 adjiciantur
3780 557 3866 596 so-

573 627 755 683 multis
786 627 959 684 modis
988 629 1268 701 accipitur,
1322 630 1414 686 sed
1466 630 1551 687 hic
1594 639 1687 685 aut
1730 630 1847 686 Filii
1898 630 2016 696 Dei,
2067 641 2160 687 aut

571 718 848 789 Scriptura
872 735 1022 777 sacra
1054 721 1368 792 intelligitur
1386 738 1609 794 regnum
1637 722 1754 790 Dei,
1782 724 1924 794 quod
1947 731 2158 780 utrum-
2182 762 2185 765 ι

569 827 932 883 quequazrere
958 813 1231 870 debemus.
1265 814 1385 870 Filii
1409 815 1524 883 Dei,
1550 814 1686 872 sieut
1709 817 1837 872 dicit
1858 815 2114 888 propheta
2141 835 2155 873 :

574 904 799 972 Quwrite
839 904 1135 974 Dominum,
1185 917 1231 962 et
1270 908 1667 978 conﬁrmamini,
1714 909 1929 979 quwrite
1971 910 2156 978 faciem

569 994 681 1064 ejus
717 1014 934 1067 semper.
972 998 1064 1054 Vel
1106 999 1381 1069 Scriptura
1431 1014 1605 1068 sacra,
1638 1016 1796 1072 quam
1848 1003 2074 1074 legendo
2102 1014 2156 1061 et

570 1092 981 1160 perscrutanda,
1012 1093 1254 1150 invenire
1284 1109 1589 1165 possumus,
1630 1096 1863 1167 qualiter
1890 1098 2153 1167 justitiam

568 1190 911 1255 etpratcepta
933 1185 1051 1256 ejus
1099 1187 1483 1255 custodiamus,
1533 1189 1617 1245 vel
1663 1189 1893 1261 qualiter
1921 1190 1990 1244 ab
2038 1193 2156 1262 ipso

2262 632 2371 697 bis;
2400 632 2603 689 scilicet
2626 635 2872 703 superius
2902 635 3043 691 dicta
3062 634 3383 707 adjiciantur
3413 633 3595 689 vobis.
3621 632 3745 689 Non
3769 635 3867 690 da-

2264 723 2461 781 buntur
2491 724 2647 792 dixit,
2691 726 2784 782 sed
2816 726 3167 797 adjicientur;
3196 729 3319 799 quia
3342 724 3610 801 quidquid
3654 725 3709 780 in
3731 741 3867 796 pr:-

2262 820 2398 875 senti
2430 819 2737 889 accipimus,
2771 820 2876 878 vile
2902 831 2982 879 est
3005 823 3073 877 ad
3103 824 3565 893 comparationem
3598 836 3867 891 superno-

2264 929 2381 969 rum
2408 915 2777 984 prtemiorum;
2808 928 2861 973 et
2882 916 3006 973 ideo
3036 918 3181 988 prius
3207 918 3295 973 illa
3335 934 3457 990 qua:
3498 918 3714 989 majora
3742 926 3868 974 sunt

2263 1007 2491 1077 petenda
2519 1017 2665 1077 sunt,
2697 1008 2903 1064 scilicet
2928 1025 3151 1081 regnum
3176 1011 3292 1078 Dei,
3316 1021 3371 1068 et
3394 1010 3607 1082 iustitia
3639 1010 3782 1079 ejus,
3814 1018 3867 1063 ut

2260 1098 2362 1155 ista
2400 1115 2518 1170 qua
2548 1102 2848 1157 necessaria
2869 1112 2995 1158 sunt
3022 1105 3233 1176 corpori
3262 1104 3606 1176 adjiciantur,
3642 1103 3867 1174 insuper

2262 1199 2317 1247 et
2335 1195 2537 1263 majora
2566 1193 2781 1252 dentur.

566 1331 3861 1360 Mm

2138 1458 2300 1586 ΙΙ.

566 1616 784 1724 Lectio
822 1662 1023 1726 sancti
1051 1661 1384 1743 Evangelii
1418 1663 1773 1726 secundum
1810 1661 2125 1743 Joannem
2170 1660 2191 1738 (
2221 1657 2405 1743 1,29)
2442 1677 2461 1743 :
2496 1661 2600 1743 Irt_
2629 1658 2741 1721 illo
2804 1661 3284 1743 temporeoidit
3322 1663 3605 1726 Joannes
3654 1665 3859 1727 Iesum

1119 1763 1158 1805 a
1181 1738 1500 1809 Nazareth
1536 1744 1873 1806 venientem
1903 1739 1983 1802 ad
2013 1759 2098 1816 se,
2133 1746 2189 1801 et
2219 1738 2379 1801 dicit
2405 1741 2462 1802 ci
2490 1760 2512 1800 :
2542 1741 2708 1803 Ecce
2736 1738 2958 1821 Agnus
2996 1741 3108 1803 Dei
3139 1785 3158 1818 ,
3193 1752 3313 1805 etc.

1801 1883 2079 1943 IIOMILIA
2123 1894 2147 1922 ⁸
2189 1880 2625 1939 LUCULENTII.

638 2033 805 2090 Recte
873 2033 1060 2090 beatus
1101 2034 1335 2091 Joannes
1405 2047 1598 2104 agnum
1678 2031 1909 2101 appellat
1972 2030 2154 2087 Jesum
2191 2028 2236 2091 Β
2261 2037 2466 2077 carnem
2493 2018 2618 2076 Filii
2639 2020 2882 2089 hominis,
2910 2030 2958 2077 et
2997 2022 3221 2079 biberitis
3257 2027 3561 2097 sanguinem
3592 2028 3733 2097 ejus,
3766 2047 3861 2088 ac;

565 2125 660 2180 Dei
706 2124 941 2192 Filium;
1001 2140 1168 2196 agnus
1222 2127 1362 2182 enim
1403 2126 1525 2197 quia
1571 2125 1848 2180 innocens.
1913 2125 2016 2178 Iste
2067 2131 2151 2179 est

558 2231 729 2289 agnus
761 2219 827 2274 de
869 2235 974 2289 quo
1015 2208 1181 2275 multo
1230 2228 1354 2276 ante
1393 2219 1599 2275 dixerat
1642 2217 1843 2272 Isaias:
1891 2215 2159 2287 Tanquam

560 2310 665 2365 ovis
688 2312 757 2364 ad
808 2313 1112 2367 occisionem
1137 2313 1318 2367 ductus
1344 2322 1442 2377 est,
1492 2319 1539 2366 et
1595 2310 1727 2364 sicut
1783 2324 1942 2378 agnus
1979 2323 2158 2362 coram

556 2403 800 2458 tondente
822 2419 875 2458 se
903 2407 1235 2470 obmutescet,
1281 2412 1329 2457 et
1383 2418 1485 2457 non
1527 2402 1727 2474 aperuit
1758 2417 1812 2455 os
1860 2415 2031 2455 suum.
2084 2400 2159 2456 De

555 2509 660 2564 quo
691 2510 828 2567 agno
856 2496 1090 2553 Joannes
1122 2497 1177 2551 in
1209 2495 1567 2567 Apocalypsi:
1611 2495 1787 2566 Agnus
1826 2493 1914 2563 qui
1962 2494 2156 2547 occisus

553 2597 627 2642 est
649 2606 681 2643 a
709 2591 847 2645 vobis
878 2608 908 2644 a
937 2592 1301 2646 constitutione
1342 2588 1558 2655 mundi;
1599 2589 1723 2658 quia
1750 2601 1919 2657 agnus
1947 2587 2156 2643 occisus

554 2689 638 2736 est
671 2682 723 2736 in
753 2681 907 2748 Abel,
946 2682 1166 2738 oﬂertus
1215 2679 1325 2753 [Ita
1353 2679 1506 2749 Cod.J
1556 2678 1609 2734 in
1650 2678 1816 2745 Isaac,
1852 2677 2156 2733 immolatus

554 2772 608 2830 in
640 2773 906 2846 Egypto;
937 2777 1059 2846 quia
1085 2778 1200 2845 ipse
1225 2777 1279 2831 in
1308 2773 1563 2830 mundum
1585 2773 1811 2829 veniens
1834 2772 2152 2843 adimplevit

554 2864 613 2922 in
641 2863 865 2924 veritate
908 2868 1162 2940 quidquid
1211 2876 1336 2922 ante
1365 2867 1431 2923 de
1470 2882 1536 2922 eo
1566 2882 1661 2937 per
1706 2866 1904 2937 ﬁguras
1948 2866 2151 2921 dictum

475 2971 486 2983 ’
553 2967 639 3023 vel
679 2974 886 3038 gestum
933 2962 1130 3029 luerat,
1174 2975 1295 3016 cum
1347 2969 1762 3029 vesperascente
1809 2960 2010 3016 mundo
2053 2974 2151 3031 pro

553 3044 707 3118 nobis
733 3062 785 3115 in
814 3073 905 3114 ara
934 3056 1109 3113 crucis
1134 3065 1218 3112 est
1248 3054 1574 3122 immolatus,
1608 3056 1869 3125 Apostolo
1890 3054 2105 3111 dicente
2134 3073 2146 3110 :

552 3153 759 3211 Etenim
788 3153 982 3225 pascha
1023 3159 1255 3205 nostrum
1284 3148 1578 3203 immolatus
1609 3157 1685 3203 est
1713 3148 1967 3206 Christus.
2002 3150 2148 3206 Ecca

553 3245 728 3304 Aenus
770 3247 888 3301 DEI.
931 3245 1068 3301 Ecce
1101 3242 1362 3313 particula
1404 3241 1716 3298 adverbium
1745 3252 1829 3300 est
1857 3244 2150 3299 ostenden-

552 3344 658 3400 tis:
690 3340 980 3413 quia-enim
1024 3340 1210 3395 beatus
1250 3338 1484 3393 Joannes
1529 3336 1684 3393 oculo
1717 3336 1948 3402 videbat,
1980 3336 2148 3407 digito

2267 2112 2510 2169 habebitis
2538 2114 2690 2169 vitam
2718 2115 2770 2169 in
2819 2115 2976 2169 vobis.
3028 2114 3093 2171 Et
3142 2116 3387 2173 iterum:
3434 2118 3539 2185 Qui
3589 2122 3861 2177 mandarat

2263 2221 2468 2262 carnem
2494 2223 2678 2273 meam,
2710 2216 2758 2261 et
2786 2206 2905 2262 bibit
2927 2208 3231 2279 sanguinem
3260 2226 3449 2278 meum,
3478 2212 3538 2265 in
3560 2229 3643 2268 me
3676 2226 3859 2280 manet,

2262 2311 2310 2357 et
2339 2318 2431 2373 ego
2449 2320 2502 2357 ιη
2528 2319 2607 2360 eo.

2332 2396 2440 2452 Sed
2469 2397 2639 2468 quaeri
2678 2406 2853 2467 potest
2899 2412 2995 2454 cur
3050 2397 3147 2454 Dei
3194 2397 3361 2454 Filius
3412 2399 3478 2454 ad
3532 2399 3863 2474 baptismum

2261 2503 2444 2547 venire
2481 2492 2683 2557 voluit,
2711 2506 2833 2548 cum
2877 2508 2983 2549 non
3014 2493 3237 2549 haberet
3265 2503 3569 2564 peccatum,
3605 2498 3756 2568 quod
3786 2499 3858 2554 illi

2260 2598 2483 2640 necesse
2509 2582 2695 2640 fuisset
2737 2584 2992 2656 expiare!
3033 2584 3190 2641 Certe
3228 2587 3355 2656 quia
3406 2585 3577 2643 futuri
3628 2601 3789 2644 erant
3814 2591 3861 2645 in

2260 2678 2500 2736 Ecclesia
2525 2679 2900 2735 catechumeni
2951 2680 3362 2737 excellentiores
3389 2696 3617 2753 genere,
3646 2687 3740 2756 qui
3773 2685 3859 2741 de-

2256 2773 2541 2846 dignantur
2572 2775 2755 2830 venire
2794 2774 2860 2829 ad
2904 2774 3250 2844 baptismum,
3277 2774 3525 2832 dicentes
3570 2778 3716 2847 apud
3776 2794 3861 2834 se-

2256 2870 2554 2938 metipsos:
2584 2866 2697 2922 lloc
2723 2882 2841 2922 sum
2865 2875 3181 2936 accepturus
3223 2867 3366 2937 quod
3409 2867 3576 2923 habet
3603 2869 3734 2924 ille?
3764 2885 3859 2940 ego

2257 2962 2451 3017 melior
2480 2970 2600 3016 sum
2631 2961 2722 3016 illo
2749 2969 2805 3016 et
2834 2959 2926 3016 illo
2973 2960 3159 3025 lidele;
3205 2970 3261 3015 ut
3306 2960 3503 3015 horum
3549 2963 3857 3033 superbiam

2255 3054 2547 3126 frangeret,
2580 3055 2763 3111 venire
2811 3053 3065 3127 dignatus
3095 3062 3179 3110 est
3217 3054 3282 3107 ad
3327 3055 3663 3124 baptismum
3694 3061 3854 3125 servi,

2252 3151 2403 3220 quasi
2434 3151 2712 3219 alloquens
2738 3149 3139 3219 superbiean
3167 3149 3312 3205 dicat
3341 3167 3357 3207 :
3409 3150 3551 3220 Quid
3601 3159 3661 3209 te
3698 3154 3855 3209 extol-

2253 3242 2354 3298 lis?
2401 3242 2528 3311 quid
2561 3254 2611 3298 te
2642 3243 2929 3299 extendis?
2968 3253 3169 3314 quanta
3226 3254 3491 3315 potestate
3543 3258 3631 3305 est
3686 3260 3854 3321 gratia

2253 3339 2381 3393 tua?
2410 3346 2604 3409 quanta
2633 3337 2987 3393 excellentia?
3031 3337 3279 3408 Nunquid
3331 3340 3508 3412 major
3548 3355 3709 3413 potes
3736 3360 3855 3400 esse

550 3434 888 3503 ostendebat,
936 3444 1079 3490 recte
1128 3433 1382 3490 dicebat:
1432 3431 1565 3486 Ecce
1617 3432 1791 3505 Agnus
1833 3431 1947 3486 Dei.
2007 3432 2141 3487 Dicti
2182 3448 2228 3512 ρ
2260 3447 2414 3503 quam
2446 3446 2531 3487 me
2575 3431 2685 3505 [Ita
2735 3430 2922 3502 Cod.]?
2968 3430 3024 3486 Si
3076 3446 3176 3503 ego
3222 3432 3347 3489 veni
3400 3434 3467 3489 ad
3525 3436 3849 3506 baptismum

550 3542 674 3587 sunt
722 3539 778 3587 et
822 3528 1052 3601 apostoli
1097 3529 1242 3600 agni,
1292 3528 1520 3583 Domino
1567 3526 1823 3583 dicente:
1873 3528 2004 3582 Ecce
2054 3544 2143 3600 ego

550 3625 695 3679 mitto
721 3640 807 3679 vos
835 3623 965 3677 sicut
1000 3638 1160 3693 agnos
1189 3621 1322 3677 inter
1353 3623 1520 3691 lupos.
1555 3620 1697 3677 Bene
1723 3621 1865 3692 agni,
1912 3619 2031 3691 quia
2064 3621 2145 3675 in-

550 3724 827 3782 nocentes,
850 3712 971 3784 quia
993 3713 1267 3781 simplices
1286 3730 1300 3779 ;
1322 3712 1434 3768 veri
1452 3712 1592 3767 enim
1622 3714 1743 3783 agni
1769 3713 1940 3767 instar
1962 3711 2110 3785 [Cod.
2126 3755 2140 3781 ,

549 3823 679 3865 vero
704 3822 844 3877 agno
882 3803 1125 3878 inserat],
1157 3806 1225 3862 de
1265 3820 1371 3875 quo
1395 3805 1641 3876 superius
1678 3804 1931 3859 diximus.
1960 3805 2142 3875 Agnus

549 3914 666 3959 erat
710 3911 764 3959 et
803 3902 1060 3969 Joannes,
1118 3904 1241 3973 quia
1298 3912 1349 3959 et
1405 3904 1519 3974 ipse
1571 3905 1826 3959 innocens
1884 3913 2141 3975 quantum

546 3995 813 4052 Christus.
840 3996 1039 4053 Omnes
1067 3995 1207 4052 enim
1225 4011 1343 4051 cum
1371 4006 1584 4068 peccato
1613 3997 1907 4063 nascimur,
1931 3996 2141 4052 dicente

547 4088 807 4159 propheta
840 4106 853 4143 :
890 4088 1331 4159 ln‘iniquitalibus
1358 4099 1631 4160 conceptus
1662 4106 1796 4145 sum.
1832 4088 1994 4145 Solus
2048 4088 2140 4145 ille

546 4183 667 4239 sine
694 4194 910 4253 peccato
943 4184 1112 4248 venit,
1145 4184 1289 4237 solus
1323 4184 1531 4237 macula
1567 4184 1769 4253 peccati
1800 4183 1995 4238 caruit.
2038 4181 2140 4237 Ve-

548 4279 629 4335 nit
672 4279 811 4334 enim
862 4281 916 4333 in
946 4279 1278 4333 similitudine
1321 4281 1487 4333 carnis
1536 4280 1750 4349 peccati,
1800 4287 1974 4333 tamen
2023 4279 2140 4333 sine

547 4378 791 4442 peccato.
839 4370 942 4439 Qui
968 4379 1233 4443 peccatum
1264 4387 1363 4426 non
1395 4372 1536 4441 fecit,
1567 4387 1659 4426 nec
1685 4371 1918 4425 inventus
1946 4379 2018 4425 est
2046 4371 2140 4424 do-

544 4464 622 4519 lus
649 4466 699 4518 in
731 4481 817 4519 ore
838 4470 971 4538 ejus.
1006 4465 1234 4521 Carnem
1264 4464 1561 4532 assumpsit
1597 4465 1664 4520 de
1705 4464 1898 4532 Adam,
1947 4480 2137 4536 pecca-

546 4563 654 4613 tum
704 4575 808 4617 non
864 4560 1172 4629 assumpsit.
1204 4559 1270 4615 Et
1298 4559 1421 4614 ideo
1450 4560 1574 4629 quia
1606 4575 1712 4615 non
1745 4560 2033 4630 assumpsit
2065 4560 2134 4616 de

545 4665 728 4711 nostra
760 4671 934 4711 massa
968 4664 1262 4726 peccatum,
1304 4653 1420 4725 ipse
1460 4662 1543 4711 est
1568 4655 1656 4725 qui
1691 4654 1829 4710 tollit
1857 4663 2134 4727 peccatum

545 4757 809 4805 nostrum.
858 4749 966 4806 Sed
1010 4749 1140 4805 dicit
1167 4750 1395 4820 aliquis,
1428 4749 1553 4821 quid
1596 4749 1750 4804 nobis
1798 4749 2018 4821 prodest
2048 4750 2135 4805 ille

2246 3524 2415 3591 servi,
2450 3534 2506 3579 ut
2551 3524 2857 3595 dedignaris
2886 3523 3074 3581 venire
3114 3524 3182 3580 ad
3232 3525 3560 3596 baptismum
3596 3531 3851 3587 Domini?

2249 3615 2341 3671 Ve!
2369 3624 2515 3670 certe
2549 3614 2802 3684 baptizari
2827 3614 3014 3681 voluit,
3046 3625 3104 3669 ut
3147 3617 3399 3673 omnibus
3425 3620 3583 3689 aquis
3608 3622 3848 3676 sanctili-

2245 3708 2510 3765 cationem
2540 3708 2693 3764 daret
2733 3719 2787 3765 et
2814 3709 3265 3780 puriﬁcationem.
3299 3711 3425 3769 Sive
3449 3714 3617 3769 etiam
3664 3727 3722 3771 ut
3750 3717 3847 3773 γε.

2247 3804 2344 3859 teri
2387 3806 2731 3859 Testamento
2774 3805 2934 3859 tinem
2966 3806 3139 3869 daret,
3186 3817 3239 3863 et
3285 3807 3491 3865 Novum
3542 3811 3844 3868 inchoaret.

2246 3897 2363 3968 Ipse
2392 3900 2531 3954 enim
2565 3899 2750 3954 tandiu
2781 3899 2883 3955 sub
2925 3901 3039 3972 lege
3092 3901 3209 3968 fuit,
3262 3905 3498 3973 quandiu
3545 3906 3843 3977 baptizatus

2243 3990 2347 4061 legi
2374 3990 2578 4047 Veteris
2600 3992 2930 4048 Testamenti
2962 3994 3142 4061 linem,
3174 4003 3229 4050 et
3252 3997 3437 4066 gratia:
3465 4001 3643 4053 sancti
3676 4000 3845 4055 Evan-

2242 4084 2366 4155 gelii
2393 4084 2605 4139 initium
2637 4084 2810 4139 daret.
2846 4085 3116 4156 Baptizari
3150 4088 3339 4153 voluit,
3372 4096 3432 4142 ut
3477 4104 3703 4147 omnem
3750 4094 3841 4147 hu-

2244 4180 2525 4236 militatem
2554 4181 2798 4237 doceret.
2848 4180 3022 4250 Unde,
3072 4182 3213 4236 sicut
3244 4183 3334 4237 alii
3364 4183 3551 4239 dicunt
3574 4187 3843 4257 cvangeli-

2240 4280 2359 4340 διε,
2390 4288 2510 4328 cum
2542 4273 2749 4328 veniret
2787 4273 2854 4326 ad
2888 4272 3146 4328 Joannem
3176 4291 3228 4328 ut
3248 4260 3260 4273 ’
3284 4276 3641 4346 baptizaretur
3668 4279 3731 4333 ab
3765 4296 3841 4346 eo,

2239 4362 2316 4419 ait
2345 4363 2420 4419 illi
2446 4362 2674 4419 Joannes
2708 4380 2728 4419 :
2756 4363 2837 4418 Tu
2866 4365 2934 4419 ad
2976 4382 3055 4419 me
3098 4367 3238 4420 cenis
3267 4367 3569 4437 baptizari?
3606 4386 3706 4443 ego
3734 4389 3766 4425 a
3801 4383 3843 4427 te

2240 4458 2393 4514 debeo
2424 4458 2694 4530 baptizari.
2720 4459 2787 4515 Et
2818 4458 3073 4517 Dominus
3094 4461 3141 4515 ei
3170 4477 3185 4514 :
3215 4461 3343 4517 Sine
3378 4454 3542 4518 modo
3571 4466 3843 4537 impleatur

2239 4554 2402 4609 omnis
2457 4554 2673 4613 iustitia.
2722 4552 2860 4622 Quid
2907 4562 2992 4609 est
3038 4554 3323 4625 impleatur
3366 4558 3545 4615 omnis
3602 4561 3838 4630 jusntia,

2241 4648 2344 4703 nisi
2385 4647 2676 4717 impleatur
2734 4648 2910 4703 omnis
2977 4647 3315 4705 humilitas?
3383 4654 3462 4707 Ac
3525 4655 3572 4707 si
3637 4655 3839 4710 dicat:

2241 4741 2371 4797 Mori
2439 4741 2600 4810 veni,
2656 4740 2912 4811 baptizari
2958 4756 3062 4797 non
3119 4744 3257 4799 veni.
3329 4743 3460 4800 Mori
3519 4745 3697 4803 habeo
3747 4764 3840 4819 pro

544 4843 724 4910 Agnus
753 4841 884 4897 Dei?
936 4840 1067 4897 Ecce
1096 4859 1259 4912 agnus
1288 4840 1406 4907 Dei,
1440 4858 1554 4897 ecce
1596 4842 1685 4911 qui
1736 4841 1869 4896 tollit
1921 4851 2128 4912 peccata
2156 4844 2209 4908 ι)
2235 4836 2576 4907 hominibus,
2647 4838 2906 4909 baptizari
2936 4844 3065 4895 ’non
3116 4840 3289 4897 habeo
3356 4857 3453 4911 pro
3507 4842 3837 4901 hominibus.

544 4932 743 4988 mundi.
776 4933 917 4988 Tulit
945 4946 1220 5003 peccatum
1252 4935 1453 5001 mundi,
1480 4935 1603 5006 quia
1626 4935 1772 5005 signa
1796 4945 1852 4991 et
1880 4935 2134 4993 miracula

540 5024 766 5095 iaciens,
790 5041 965 5083 caecos
992 5027 1331 5096 illuminavit,
1365 5037 1605 5083 mortuos
1651 5028 1951 5084 suscitavit.
1986 5030 2137 5085 lnsu-

542 5135 641 5190 per
693 5121 775 5175 cui
826 5118 1039 5176 volebat
1087 5119 1447 5191 potentialiter
1491 5120 1740 5175 diccbat:
1797 5119 2135 5176 Dimittuntur

489 5198 500 5208 ’
543 5213 635 5269 tibi
675 5223 883 5286 peccata
932 5221 1040 5268 tua.
1092 5212 1234 5267 Tulit
1282 5212 1441 5268 etiam
1500 5222 1719 5283 peccata
1768 5213 1975 5281 mundi,
2010 5228 2129 5269 cum

545 5303 785 5373 pendens
814 5305 866 5359 in
893 5319 1074 5372 cruce,
1107 5312 1293 5375 aperto
1333 5304 1498 5361 latere
1527 5307 1795 5362 emanavit
1826 5308 2044 5378 sanguis
2073 5319 2131 5364 et

541 5411 699 5468 aqua.
734 5397 867 5453 llinc
894 5397 962 5454 de
989 5413 1053 5453 co
1076 5397 1265 5454 Petrus
1300 5397 1431 5455 dicit
1460 5415 1473 5454 :
1508 5396 1731 5454 Peccata
1757 5410 1930 5455 nostra
1953 5410 2128 5469 pertu-

539 5486 601 5545 lit
623 5493 674 5544 in
706 5506 921 5560 corpore
949 5507 1042 5545 suo
1083 5507 1236 5559 super
1267 5491 1487 5562 lignum.
1531 5491 1696 5548 Tollit
1735 5492 1970 5563 quotidie
2004 5508 2129 5561 pec-

538 5591 661 5640 cata
694 5583 876 5639 mundi
910 5599 1004 5654 per
1028 5584 1488 5655 participationem
1512 5586 1755 5655 corporis
1778 5595 1832 5641 et
1852 5586 2130 5657 sanguinis

537 5677 643 5732 sui.
674 5675 878 5733 Ferunt
905 5679 1045 5734 enim
1076 5680 1199 5747 quia
1228 5679 1364 5735 sicut
1386 5679 1633 5750 stipulam
1666 5680 1933 5735 consumit
1968 5680 2128 5750 ignis,

539 5767 619 5821 sic
650 5767 855 5824 minora
902 5779 1120 5840 peccata
1168 5785 1262 5840 per
1310 5770 1774 5842 participationem
1807 5773 2047 5842 corporis
2075 5783 2132 5829 et

542 5858 816 5926 sanguinis
844 5861 982 5929 ejus.
1008 5862 1124 5931 lpsc
1156 5863 1296 5917 enim
1329 5864 1458 5918 dicit
1487 5881 1501 5919 :
1540 5864 1660 5919 Nisi
1702 5868 2127 5922 manducaveritis

623 5981 647 6010 ⁸
690 5971 762 6029 Ita
794 5974 961 6031 Codd.
994 5992 1007 6030 :

2247 4931 2311 4986 Et
2376 4938 2523 4986 certe
2603 4931 2881 5003 suscipere
2945 4932 3130 4989 debuit
3206 4934 3530 5005 baptismum
3606 4952 3638 4992 a
3704 4938 3841 4995 bono

2241 5038 2437 5090 servo,
2497 5024 2588 5095 qui
2671 5027 2976 5097 passionem
3041 5026 3277 5098 suscepit
3339 5043 3365 5082 ι
3432 5030 3590 5086 malis
3646 5036 3840 5089 servis.

2242 5117 2337 5174 Hic
2366 5132 2462 5173 EST
2490 5134 2557 5172 ne.
2598 5134 2699 5183 quo
2725 5134 2872 5175 mm
2898 5135 2914 5175 :
2960 5119 3098 5175 Posr
3145 5136 3217 5175 με
3244 5136 3405 5177 vsmr
3440 5137 3552 5189 vin,
3582 5140 3676 5188 om
3703 5143 3838 5182 aurs

2220 5210 2312 5265 ’διε
2339 5227 2534 5269 sacros
2562 5228 2673 5269 usr.
2707 5213 2807 5270 Ubi
2838 5214 2939 5269 hoc
2965 5213 3173 5270 dixerat
3200 5213 3437 5271 Joannes
3466 5217 3536 5272 de
3566 5217 3837 5275 Domino!

2239 5303 2326 5359 ubi
2357 5303 2716 5375 interrogatus
2752 5320 2781 5359 a
2811 5304 3179 5361 sacerdotibus
3208 5313 3264 5360 et
3314 5306 3490 5361 levitis‘
3533 5311 3752 5379 negarit
3781 5327 3836 5367 se

2234 5411 2356 5453 esse
2381 5396 2674 5463 Christum,
2706 5396 2898 5468 Eliam,
2943 5407 3104 5468 atque
3130 5396 3470 5469 prophetam.
3518 5400 3708 5458 Adhuc
3731 5403 3834 5459 illis

2234 5491 2745 5560 percunctantibus:
2793 5491 2930 5558 Quid
2976 5508 3098 5563 ergo
3139 5492 3417 5563 baptisas?
3460 5493 3505 5547 si
3551 5503 3609 5547 tu
3654 5512 3753 5549 non
3781 5514 3832 5551 es

2236 5583 2488 5651 Christus,
2513 5599 2675 5654 neque
2698 5581 2867 5651 Eleas,
2883 5600 3042 5653 neque
3060 5593 3310 5656 prapneta
3327 5585 3709 5656 ;responditet
3729 5589 3827 5643 ait:

2235 5675 2347 5750 Ego
2388 5676 2586 5748 ὀαρῑὶιο
2624 5679 2677 5731 in
2724 5694 2879 5749 aqua,
2924 5677 3123 5732 medius
3170 5687 3342 5733 autem
3403 5670 3622 5735 vestrum
3670 5684 3825 5748 stetit,

2232 5792 2384 5844 quem
2429 5790 2513 5829 vos
2570 5774 2794 5828 nescitis.
2849 5774 2957 5830 Ilnc
2999 5774 3174 5845 ipsum
3222 5775 3543 5845 recapitulat
3600 5777 3821 5831 dicens:

2241 5866 2362 5921 Post
2404 5884 2482 5921 me
2509 5869 2639 5922 venit
2662 5870 2738 5921 vir
2765 5867 2853 5939 qui
2881 5876 2999 5924 ante
3039 5882 3118 5924 me
3144 5868 3311 5938 factus
3338 5880 3431 5925 est.
3460 5868 3641 5925 Virum
3684 5880 3823 5925 reetc
3849 5864 3852 5867 Α

1052 5979 1210 6035 modo
1258 5992 1626 6049 commentum;
1676 5985 1836 6042 modo
1880 5984 2127 6054 humilia;
2166 5988 2326 6044 modo
2348 5993 2613 6057 expositio.
