4042 6348
104 555 233 618 809

1487 550 1551 608 ΙΝ
1588 550 1779 609 JOAN.
1816 546 1971 607 CAP.
2012 543 2055 603 Ι.

3304 534 3411 593 810

105 677 386 749 appellat,
426 674 497 730 de
536 674 655 743 ipso
700 674 844 729 enim
912 674 1167 745 propheta
1216 673 1347 728 dicit
1389 690 1402 725 :
1437 671 1572 727 Ecce
1619 674 1715 741 vir,
1746 665 2035 738 Agamus
2061 662 2228 717 illum.
2276 660 2345 716 Et
2387 658 2645 714 Dominus
2696 652 2825 713 dicit
2850 655 3192 749 discipulis:
3230 655 3412 715 Estote

114 770 323 826 Oriens
365 785 546 824 nomen
576 772 708 841 ejus.
740 768 868 824 Post
907 784 993 823 me
1036 770 1204 837 venit,
1252 770 1340 838 qui
1382 770 1721 838 postmodum

112 876 293 919 natus
321 871 423 918 est.
458 862 736 917 Praecessit
764 863 903 917 enim
935 861 1123 918 beatas
1145 861 1377 917 Joannes
1402 862 1495 916 Dei
1531 861 1718 915 Filium

111 957 179 1012 in
212 954 591 1025 conceptione,
622 955 672 1008 in
708 954 1001 1019 nativitate,
1055 955 1106 1010 in
1150 954 1558 1021 passione..Qui
1604 964 1724 1008 ante

111 1064 209 1101 me
230 1046 399 1116 factus
424 1055 519 1109 est,
560 1044 611 1099 id
641 1056 722 1101 est
750 1048 1002 1116 prmlatus
1030 1055 1111 1100 est
1142 1046 1291 1111 milii,
1325 1063 1448 1110 ouut
1474 1062 1628 1103 PRIOR
1649 1062 1722 1101 ut:

113 1154 305 1194 ERAT:
333 1139 473 1207 prior
501 1154 580 1190 me
622 1148 729 1192 erat
778 1138 902 1207 quia
940 1139 993 1191 in
1027 1139 1279 1207 principio
1332 1152 1439 1193 erat
1470 1137 1716 1206 Verbum,

112 1240 172 1285 et
212 1228 440 1283 Verbum
467 1239 577 1285 erat
605 1232 745 1300 apud
774 1230 959 1293 Deum,
988 1241 1035 1285 et
1057 1230 1195 1284 Deus
1223 1241 1331 1285 erat
1360 1232 1503 1301 apud
1534 1231 1721 1299 Deum,

115 1332 173 1379 et
230 1323 372 1378 Deus
413 1335 519 1378 erat
559 1324 782 1379 verbum.
838 1324 990 1379 Prior
1023 1324 1237 1389 Joanni,
1262 1325 1411 1394 prior
1436 1337 1489 1381 et
1519 1325 1717 1394 Marize,

115 1414 252 1485 ipse
280 1416 421 1471 enim
446 1414 575 1470 fecit
602 1415 843 1481 Mariam,
868 1424 921 1469 et
950 1418 1061 1485 ipse
1084 1425 1239 1472 natus
1261 1427 1343 1473 est
1365 1433 1458 1487 per
1478 1417 1719 1472 Mariam.

116 1506 291 1562 Prior
316 1509 513 1563 etenim
563 1518 617 1563 et
646 1509 789 1563 omni
824 1516 1107 1575 creaturae,
1157 1511 1295 1564 sicut
1342 1510 1455 1577 ipse
1499 1510 1628 1565 dicit
1672 1512 1723 1565 in

119 1598 408 1669 Sapientia
437 1618 449 1653 :
487 1599 737 1653 Dominus
766 1600 989 1671 possedit
1019 1618 1098 1655 me
1126 1603 1180 1655 in
1206 1601 1355 1656 initio
1376 1603 1574 1655 viarum
1601 1618 1724 1656 sua-

117 1708 271 1757 rum,
297 1701 566 1761 antequam
590 1692 867 1762 quidquam
889 1696 1079 1760 faceret
1098 1711 1129 1746 a
1158 1693 1436 1762 principio.
1475 1695 1571 1749 Et:
1601 1695 1729 1749 Ante

120 1784 409 1854 luciferum
451 1785 603 1855 genui
651 1795 714 1839 te.
754 1786 826 1838 Er
872 1800 974 1841 nco
1014 1800 1305 1841 sesamum
1350 1802 1490 1853 sunt;
1536 1803 1633 1841 seu
1663 1802 1731 1842 ur

120 1890 540 1930 IAIIFESTETUR
571 1890 621 1929 IN
644 1875 832 1931 ISRAEL
851 1916 867 1940 ,
901 1892 1211 1932 PROPTEREA
1236 1893 1358 1932 V’ENI
1385 1892 1485 1932 EGO
1522 1893 1572 1933 IN
1595 1894 1731 1933 IUN-

122 1982 242 2022 nuu
270 2011 286 2036 ,
310 1984 361 2022 tu
388 1984 525 2031 aqua
567 1983 870 2023 BAPTIZANS.
904 1969 974 2025 Ut
1013 1970 1450 2025 maniiestaretur
1489 1972 1541 2026 in
1570 1970 1733 2027 Israel

1822 757 2097 829 prudentes
2159 754 2287 809 sicut
2356 759 2637 821 serpentes,
2705 756 2751 803 et
2815 746 3069 818 simplices
3116 747 3248 802 sicut
3325 765 3413 805 co-

1825 850 2027 905 lumbus.

1899 966 1973 1019 E'r
2002 979 2102 1020 eoo
2126 976 2417 1018 NBSCIEBAII
2449 975 2576 1015 sunt.
2608 957 2749 1026 Quid
2773 966 2857 1013 est
2885 957 3022 1028 quod
3053 957 3180 1013 dicit
3210 960 3415 1015 nescie-

1822 1058 1946 1115 bam
1976 1056 2136 1113 eum?
2161 1071 2281 1111 cum
2303 1055 2411 1123 jam
2446 1062 2521 1109 tot
2547 1061 2603 1107 et
2625 1061 2767 1107 tanta
2791 1052 3098 1107 testimonia
3123 1053 3413 1122 perhibue-

1825 1159 1946 1216 rat;
1975 1148 2085 1218 jam
2116 1150 2259 1202 enim
2289 1146 2455 1216 digito
2504 1143 2816 1199 ostenderat
2863 1157 3008 1209 eum,
3055 1142 3164 1212 jam
3213 1144 3419 1199 dixerat

1826 1256 1939 1296 ecce
1964 1240 2142 1312 Agnus
2174 1238 2289 1293 Dei.
2322 1238 2376 1291 Si
2403 1236 2543 1291 enim
2579 1235 2852 1291 nesciebat
2882 1249 3028 1299 eum,
3052 1235 3322 1305 quomodo
3350 1235 3417 1290 ad

1825 1345 1886 1387 se
1914 1330 2147 1385 venienti
2182 1338 2237 1383 ut
2260 1329 2619 1393 baptizaretur
2646 1327 2857 1381 dicebat
2882 1344 2894 1381 :
2928 1325 3008 1380 Tu
3032 1326 3099 1379 ad
3128 1343 3207 1380 me
3237 1327 3376 1382 venis
3394 1327 3420 1380 .7

1827 1438 1921 1495 ego
1946 1438 1977 1475 α
2004 1434 2048 1475 te
2077 1422 2232 1476 debeo
2262 1421 2530 1490 baptizari.
2562 1419 2665 1475 Sed
2716 1418 3117 1490 intelligendum
3164 1428 3251 1475 est
3296 1421 3418 1489 quia

1830 1512 2029 1582 aliquid
2064 1513 2115 1567 in
2146 1528 2213 1568 eo
2240 1527 2347 1566 non
2383 1519 2626 1575 noverat,
2655 1519 2710 1566 et
2735 1509 2932 1582 aliquid
2959 1519 3202 1565 noverat.
3249 1508 3424 1565 Nove-

1830 1613 1915 1659 rat
1947 1603 2254 1669 Dominum,
2282 1612 2506 1658 noverat
2535 1602 2630 1657 Dei
2662 1601 2853 1657 Filium
2876 1644 2891 1668 ,
2918 1602 3013 1659 sed
3039 1602 3275 1658 nondum
3324 1617 3423 1657 no-

1833 1708 1987 1753 verat
2013 1707 2327 1768 potestatem
2365 1697 2668 1765 baptizandi
2697 1695 2798 1751 sibi
2847 1695 3129 1751 Dominum
3183 1703 3423 1752 retentu-

1835 1805 1977 1857 rum,
2026 1802 2080 1845 et
2124 1791 2176 1845 in
2226 1791 2494 1845 neminem
2534 1803 2813 1845 servorum
2861 1789 3265 1844 translaturum.
3313 1788 3426 1845 lloc

1838 1888 2063 1935 noverat
2088 1888 2144 1934 et
2175 1880 2275 1933 hoc
2304 1879 2487 1933 didicit
2515 1894 2609 1948 per
2635 1877 2956 1935 columbam.
3005 1878 3060 1934 Si
3087 1880 3228 1935 enim
3277 1878 3427 1935 daret
3476 1914 3477 1917 η

1841 1970 2000 2024 alicui
2029 1979 2369 2039 potestatem,
2402 1968 2626 2025 forsitan
2656 1970 2818 2040 aliqui
2848 1970 3109 2041 eligerent
3158 1970 3257 2025 sibi
3306 1985 3428 2026 san-

120 2062 287 2129 dicit,
318 2064 367 2119 id
398 2074 479 2120 est
522 2065 622 2135 ipsi
653 2066 850 2135 populo
877 2065 1061 2122 Israel.
1096 2068 1381 2137 Propterea
1417 2066 1613 2122 missus
1644 2075 1727 2120 est
1759 2072 1806 2131 Β
1831 2062 2028 2119 ctiores
2051 2062 2196 2117 viros
2226 2077 2257 2117 a
2286 2061 2479 2132 quibus
2510 2060 2927 2130 baptizarentur.
2958 2061 3065 2117 Sed
3089 2061 3203 2117 sive
3232 2062 3424 2129 bonus,

121 2153 371 2210 Joannes
398 2154 450 2210 in
480 2170 615 2227 aqua
651 2156 947 2227 baptizans,
986 2167 1044 2212 ut
1087 2157 1455 2213 manilestaret
1504 2157 1597 2213 Dei
1641 2157 1730 2211 Fi-

121 2246 266 2302 lium
295 2249 489 2319 populo
519 2249 706 2314 Israel,
737 2250 859 2321 quia
912 2252 1156 2307 occultus
1186 2252 1455 2318 veniebat,
1502 2261 1557 2305 ut
1586 2250 1673 2305 vix
1700 2264 1732 2305 a

122 2328 321 2413 paucis
347 2343 431 2399 vel
458 2358 487 2398 a
507 2344 653 2399 nullo
676 2346 925 2415 cognosci
954 2347 1236 2414 potuisset.
1256 2344 1408 2401 Unde
1431 2344 1547 2414 ipse
1568 2343 1732 2399 Joan-

126 2449 236 2492 nes
263 2437 389 2493 alibi
422 2438 495 2492 ait
526 2456 540 2491 :
575 2436 688 2510 Ego
720 2439 917 2510 baptizo
944 2439 998 2491 in
1030 2456 1188 2508 aqua,
1229 2437 1428 2491 medius
1457 2447 1626 2491 autem
1652 2453 1737 2491 ve-

130 2538 303 2583 strum
332 2538 432 2584 stat
478 2547 626 2598 quem
674 2547 758 2585 vos
803 2533 1028 2585 nescitis.
1061 2534 1209 2599 Aqua
1241 2530 1609 2584 tantummodo
1637 2528 1736 2583 ba-

128 2620 395 2689 ptizabat,
444 2630 661 2688 peccata
721 2620 992 2677 dimittere
1041 2638 1147 2676 non
1199 2629 1444 2688 poterat,
1490 2620 1628 2674 sicut
1682 2626 1739 2673 et

132 2713 305 2769 modo
328 2714 635 2769 sacerdotes
656 2714 707 2767 in
741 2714 977 2769 Ecclesia
1010 2713 1231 2768 faciunt.
1258 2712 1498 2781 Corpora
1527 2710 1738 2779 tingunt

135 2822 299 2877 aqua,
329 2817 581 2862 cieterutn
616 2807 794 2880 [Cod.,
838 2805 1056 2876 caetera]
1088 2812 1305 2876 peccata
1348 2804 1530 2860 nullus
1556 2802 1738 2858 dimit-

138 2911 260 2958 tere
293 2910 489 2972 potest,
520 2901 620 2954 nisi
645 2901 793 2954 solus
826 2900 986 2953 Deus.

213 3000 295 3054 Εἰ·
326 3013 691 3054 τεετικοκιιῖθι
716 3013 1002 3052 Ρειιιίιθυιτ
1031 2996 1293 3063 Joannes,
1333 3011 1454 3059 eum
1484 3009 1589 3048 vtnt
1616 2992 1737 3048 Spl-

143 3105 312 3147 nt’ruu
362 3102 797 3143 osscesoeureu.
846 3088 999 3143 Alius
1050 3086 1377 3151 evangelista
1419 3084 1568 3149 dicit,
1616 3084 1741 3152 quia

149 3182 436 3253 baptizatus
484 3181 735 3236 Dominus
795 3181 1064 3249 confestim
1104 3178 1335 3233 ascendit
1374 3178 1436 3231 ab
1485 3193 1641 3246 aqua,
1697 3185 1744 3231 et

150 3293 265 3333 ecce
292 3278 456 3347 aperti
484 3286 603 3329 sunt
633 3277 677 3328 ei
706 3275 842 3340 caeli,
861 3284 907 3328 et
933 3274 1058 3328 vidit
1091 3272 1345 3342 Spiritum
1370 3272 1515 3341 quasi
1543 3270 1741 3324 colum-

150 3370 269 3425 bam
303 3367 704 3431 descendentem,
735 3374 779 3420 et
828 3366 1016 3420 mansit
1051 3380 1204 3433 super
1246 3379 1381 3417 eum.
1417 3358 1747 3431 Aperiuntur
1787 3416 1791 3422 λ

1835 2156 1948 2213 sive
1970 2158 2141 2212 malus
2171 2155 2405 2225 baptizet
2428 2158 2483 2212 in
2541 2154 2842 2211 ministerio
2890 2154 2943 2209 in
2991 2162 3293 2225 potestate;
3343 2154 3431 2209 hic

1834 2252 1980 2307 enim
2031 2249 2121 2319 qui
2153 2248 2403 2319 baptizat,
2462 2250 2574 2304 sive
2622 2247 2854 2312 adulter,
2909 2247 3022 2303 sive
3066 2258 3268 2315 castus,
3316 2247 3432 2303 sive

1835 2345 2078 2399 ebriosus
2106 2344 2361 2413 bapttzet,
2397 2342 2483 2397 hic
2506 2353 2591 2398 est
2618 2341 2710 2413 qui
2736 2342 2987 2412 baptizat.
3017 2342 3139 2397 Sive
3160 2340 3430 2408 columba,

1836 2438 1950 2493 sive
2002 2436 2194 2492 tnilvus
2245 2437 2500 2506 baptizet,
2552 2436 2639 2492 hic
2681 2445 2765 2492 est
2807 2436 2895 2506 qui
2940 2435 3194 2507 baptizat.
3244 2434 3435 2493 Petrus

1839 2529 2096 2598 baptizet,
2128 2528 2325 2583 Paulus
2351 2530 2606 2599 baptizet,
2638 2528 2805 2584 ludas
2839 2529 3094 2599 baptizet,
3119 2529 3208 2583 hic
3234 2528 3435 2600 estqui

1840 2622 2096 2689 baptizat,
2128 2624 2217 2692 qui
2253 2632 2471 2692 peccata
2503 2622 2747 2689 dimittit,
2779 2623 2868 2692 qui
2902 2621 3158 2690 Spiritum
3190 2630 3435 2678 sanctum

1842 2715 2025 2772 tribuit
2051 2759 2065 2783 ,
2120 2716 2210 2786 qui
2241 2716 2520 2785 discipulis
2550 2717 2661 2771 suis
2688 2716 2820 2771 dicit
2852 2734 2864 2768 :
2897 2715 3124 2771 Joannes
3167 2717 3439 2787 baptizavit

1841 2824 1997 2878 aqua,
2028 2825 2114 2863 vos
2142 2817 2312 2862 autem
2337 2808 2663 2877 baptizemini
2696 2807 2896 2877 Spiritu
2942 2817 3140 2863 sancto.
3184 2808 3295 2863 Hoc
3344 2802 3473 2864 ne?

1845 2901 2049 2958 sciebat
2078 2903 2144 2956 de
2172 2902 2398 2956 Domino
2432 2902 2621 2956 beatus
2649 2899 2901 2957 Joannes.
2927 2908 2981 2955 et
3010 2899 3114 2954 hoc
3132 2899 3321 2955 didicit
3345 2914 3440 2969 per

1844 2995 2169 3050 columbam.
2202 2993 2312 3047 Sen
2340 3009 2426 3057 om
2458 3009 2529 3047 us
2562 3007 2703 3047 utsrr
2730 3008 3024 3047 manune
3054 3008 3103 3047 tu
3136 3007 3294 3059 ΑρυΑ,
3327 3006 3441 3047 IPSE

1846 3104 1962 3143 ιιιιιι
1989 3104 2142 3143 nntrr
2176 3105 2189 3143 :
2219 3087 2395 3143 SUPER
2424 3101 2565 3148 quau
2598 3099 2804 3139 VIDEBIS
2831 3084 3089 3140 Srtatruu
3119 3099 3442 3140 DESCENDBN-

1848 3198 1957 3238 TI!
1998 3197 2065 3236 ΕΤ
2088 3196 2375 3237 IANBNTEII
2401 3194 2564 3234 SUPFB
2597 3194 2726 3242 BUII,
2776 3193 2863 3233 HIC
2906 3192 3004 3233 EST
3050 3192 3139 3241 QUI
3184 3193 3443 3234 Βητιιλτ

1848 3293 1901 3332 IN
1922 3276 2139 3332 Srtnrru
2171 3289 2370 3330 sancro
2399 3289 2468 3328 er
2496 3287 2639 3328 ncnc.
2673 3272 2737 3327 Et
2764 3270 3126 3327 testimonium
3174 3271 3442 3340 perhibuit

1849 3372 2083 3426 Joannes
2146 3370 2374 3425 dicens:
2419 3370 2560 3435 Qun
2601 3383 2689 3423 mc
2748 3381 2845 3423 usr
2893 3366 3072 3422 Ftuus
3120 3366 3241 3422 ῡιι.
3294 3366 3443 3424 Vidit

152 3462 276 3519 cali
314 3460 582 3531 baptisato
611 3459 857 3526 Domino,
883 3468 937 3513 et
964 3456 1243 3513 descendit
1270 3456 1503 3526 Spiritus
1524 3462 1742 3509 sanctus
1773 3454 1819 3518 C
1848 3461 2037 3516 beatus
2058 3460 2290 3514 Joannes
2324 3460 2492 3514 caelos
2526 3467 2740 3529 apertos
2767 3470 2929 3527 super
2967 3456 3272 3522 Dominum,
3306 3456 3443 3513 vidit

151 3568 318 3624 super
337 3570 481 3622 eum,
511 3565 562 3608 ut
589 3553 744 3609 nobis
765 3550 1215 3618 dareturintelligi
1245 3549 1367 3619 quia
1381 3548 1557 3602 omnis
1588 3545 1749 3599 homo

156 3656 442 3718 antequam
487 3645 691 3714 veniat,
720 3644 786 3701 ad
820 3644 1140 3713 baptismum
1170 3640 1370 3694 aditum
1404 3638 1552 3708 regni
1590 3634 1753 3691 coele-

156 3740 257 3799 stis
282 3740 521 3794 clausum
552 3738 712 3792 habet
744 3744 963 3807 propter
1004 3733 1265 3804 originale
1314 3739 1612 3800 peccatum.
1657 3725 1753 3781 sed

161 3834 220 3889 in
251 3833 513 3903 baptismo
559 3829 831 3901 egreditur
874 3829 1091 3898 spiritus
1130 3826 1324 3890 malus,
1355 3832 1409 3878 et
1446 3820 1633 3891 incipit
1661 3820 1754 3873 ha-

158 3924 331 3983 bitare
380 3924 617 3994 Spiritus
675 3931 913 3986 sanctus,
970 3920 1184 3974 dicente
1237 3912 1533 3984 Apostolo:
1594 3910 1755 3967 Scitis

159 4018 281 4089 quia
303 4016 544 4087 templum
573 4014 669 4069 Dei
691 4014 813 4070 estis
833 4028 945 4081 vos,
966 4019 1014 4065 et
1056 4008 1286 4078 Spiritus
1316 4016 1527 4060 sanctus
1556 4002 1755 4055 habitat

160 4111 223 4166 in
246 4109 401 4163 vobis.
434 4108 608 4164 Habes
639 4106 741 4162 hoc
781 4106 836 4160 in
886 4106 1003 4158 loco
1046 4110 1213 4155 totam
1246 4097 1564 4153 Trinitatem
1597 4108 1750 4150 com-

165 4200 502 4273 prehensam.
538 4199 697 4255 Pater
721 4197 932 4252 auditur
961 4195 1012 4249 in
1041 4206 1199 4256 voce,
1232 4188 1400 4245 Filius
1432 4188 1485 4242 in
1515 4186 1752 4251 nomine,

166 4293 391 4364 Spiritus
415 4302 631 4348 sanctus
656 4291 1055 4346 demonstratur
1086 4286 1136 4340 in
1183 4282 1452 4337 columba.
1492 4279 1597 4334 Sed
1630 4276 1755 4347 quid

171 4394 257 4443 est
281 4386 507 4456 Spiritus
534 4392 775 4453 sanctus,
824 4396 930 4437 non
962 4382 1073 4450 jam
1114 4377 1337 4432 alterius
1365 4374 1480 4429 avis
1508 4370 1757 4427 similitu-

173 4479 296 4536 dine
322 4479 672 4535 demonstrari
697 4475 886 4541 voluit,
925 4475 1031 4529 nisi
1057 4488 1085 4527 a
1116 4470 1386 4526 columba.
1432 4470 1588 4523 Certe
1634 4465 1757 4536 quia

174 4572 412 4629 columba
442 4570 670 4641 simplex
699 4579 782 4623 est
809 4566 1030 4634 animal,
1073 4573 1233 4634 atque
1281 4579 1311 4618 a
1362 4560 1579 4616 malitiae
1629 4558 1759 4613 faece

178 4667 422 4724 alienum.
458 4664 527 4721 Ut
554 4661 805 4719 ostendat
834 4663 956 4731 quia
1004 4659 1179 4714 nullus
1211 4657 1311 4711 nisi
1340 4654 1569 4723 simplex
1600 4650 1761 4706 fuerit

178 4754 412 4822 eliectus,
440 4754 696 4824 Spiritum
733 4759 977 4807 sanctum
1021 4748 1266 4815 accipere
1307 4753 1501 4813 potest.
1532 4742 1757 4809 Quidam

1855 3553 2117 3621 Spiritum
2150 3560 2393 3607 sanctum
2414 3550 2830 3606 descendentem
2849 3549 2905 3603 in
2929 3549 3198 3604 columba.
3227 3549 3445 3606 Audivit

1855 3660 2042 3700 vocem
2073 3646 2245 3700 Patris
2272 3645 2540 3701 dicentem
2568 3660 2581 3696 :
2613 3641 2715 3697 Hic
2740 3652 2815 3696 est
2846 3640 3014 3696 Filius
3040 3657 3183 3695 meus
3203 3642 3445 3697 dilectus.

1856 3735 1922 3789 Et
1948 3736 2068 3790 ideo
2089 3735 2299 3790 dicebat
2331 3753 2345 3787 :
2381 3735 2489 3791 Eoo
2517 3749 2650 3798 vrnt,
2701 3749 2766 3787 er
2796 3746 3152 3788 TRSTIIIONIUII
3179 3747 3450 3803 renutant,

1856 3830 1977 3897 quia
2008 3828 2090 3880 hic
2113 3837 2185 3882 est
2210 3825 2380 3881 Filius
2405 3827 2515 3881 Dei.
2541 3826 2647 3882 Sed
2670 3824 2961 3880 notandum
2984 3834 3087 3890 est,
3112 3824 3254 3896 quod
3283 3823 3448 3878 dicit:

1860 3919 2031 3989 Super
2055 3935 2204 3989 quem
2231 3919 2419 3973 videris
2452 3918 2708 3989 Spiritum
2734 3918 3123 3971 descendentem
3147 3928 3195 3971 et
3235 3932 3449 3972 manen-

1860 4025 1960 4071 tem
1986 4032 2139 4084 super
2166 4031 2299 4070 eum.
2333 4014 2422 4070 Sic
2447 4013 2590 4068 enim
2636 4013 2915 4089 descendit
2960 4013 3193 4083 Spiritus
3234 4021 3453 4070 sanctus

1860 4127 2023 4182 super
2054 4111 2334 4166 Dominum
2366 4108 2717 4178 baptizatum,
2752 4118 2810 4162 ut
2840 4123 3109 4177 nunquam
3142 4108 3211 4164 ab
3237 4122 3305 4164 eo
3334 4108 3451 4164 dis-

1860 4206 2091 4263 cederet.
2126 4204 2335 4260 Nullum
2377 4204 2518 4259 enim
2547 4203 2669 4260 iecit
2695 4213 2995 4273 peccatum,
3021 4217 3117 4258 nro
3141 4219 3247 4273 quo
3286 4202 3353 4259 ab
3381 4216 3449 4259 eo

1860 4300 2137 4356 discedere
2167 4300 2460 4355 debuisset.
2492 4297 2596 4354 Sed
2630 4312 2732 4351 non
2760 4296 2965 4352 diceret
2986 4306 3275 4350 manentem
3297 4312 3450 4364 super

1861 4409 1997 4458 eum,
2015 4391 2157 4447 nisia
2173 4392 2373 4446 sanctis
2397 4390 2681 4460 aliquoties
2702 4388 3022 4454 discederet,
3045 4397 3138 4442 aut
3155 4402 3250 4458 per
3284 4387 3453 4441 malas

1862 4486 2210 4559 COgitationes
2229 4527 2245 4554 ,
2277 4493 2369 4539 aut
2394 4500 2487 4553 per
2509 4482 2643 4538 mala
2665 4497 2849 4552 opera.
2876 4480 3143 4549 Scriptum
3168 4487 3250 4534 est
3269 4476 3409 4531 enim
3434 4496 3450 4533 :

1864 4582 2092 4653 Spiritus
2119 4589 2325 4635 sanctus
2348 4578 2636 4648 disciplina:
2655 4574 2859 4645 e/fugiet
2887 4574 3084 4641 ﬁctum.
3117 4571 3180 4625 Et
3210 4569 3403 4625 iterum
3437 4586 3450 4622 :

1867 4674 2129 4729 Perversae
2150 4672 2285 4726 enim
2305 4656 2634 4740 cogitationes
2662 4673 2899 4736 separant
2945 4680 2978 4716 a
3026 4660 3171 4729 Deo;
3221 4677 3327 4717 non
3371 4670 3457 4717 est

1865 4768 2007 4822 enim
2023 4766 2183 4820 homo
2202 4777 2363 4831 super
2380 4771 2579 4816 terram
2601 4758 2691 4828 qui
2711 4756 2873 4812 faciat
2888 4756 3111 4821 bonum,
3133 4762 3190 4810 et
3209 4769 3313 4809 non
3337 4768 3457 4824 pec-

184 4850 319 4907 enim
344 4850 394 4903 in
424 4848 569 4902 corvi
603 4844 782 4915 specie
811 4842 1067 4912 Spiritum
1098 4847 1343 4894 sanctum
1385 4836 1632 4904 accipere
1660 4846 1755 4888 vo—
1785 4836 1837 4897 ι)
1859 4867 1964 4915 cel.
1998 4858 2147 4914 Sic“,
2174 4854 2447 4923 apostolus
2474 4851 2604 4907 die“
2637 4867 2652 4906 ε
2687 4850 2749 4905 δέ
2776 4849 3056 4903 dixerimus
3103 4848 3226 4919 quia
3277 4863 3458 4917 ρεεοα,

187 4942 413 5007 luerunt,
440 4941 577 4995 sicut
603 4937 699 4993 fuit
724 4937 909 4993 Simon
926 4949 1133 5004 magus,
1157 4932 1246 5001 qni
1275 4930 1477 4984 sanctis
1509 4925 1766 4996 apostolis

187 5034 451 5105 pecuniam
480 5030 674 5087 obtulit
702 5029 889 5084 dicens
917 5046 927 5079 :
966 5026 1093 5079 Dare
1130 5024 1253 5078 mihi
1282 5023 1415 5074 hanc
1444 5028 1761 5089 potestatem,

188 5138 244 5183 ut
286 5129 455 5199 cuique
503 5142 683 5180 manus
726 5126 1037 5194 imposuero,
1083 5121 1303 5193 accipiat
1344 5118 1597 5190 Spiritum
1636 5134 1760 5170 san-

193 5216 337 5277 ctum.
383 5222 572 5276 Emere
602 5216 841 5284 volebat,
871 5214 1012 5287 quod
1052 5214 1271 5269 charins
1318 5209 1675 5273 venundaret,
1709 5216 1765 5262 et

196 5315 309 5371 ideo
336 5314 535 5369 audivit
561 5328 591 5367 a
621 5311 784 5367 Petro
812 5326 828 5364 :
855 5308 1086 5363 Pecunia
1115 5315 1205 5360 tua
1232 5312 1395 5357 tecum
1415 5303 1480 5357 sit
1508 5303 1560 5356 in
1585 5300 1760 5372 perdi-

199 5411 341 5475 tione,
364 5410 482 5477 quia
510 5406 810 5462 existimasti
850 5406 1042 5459 donum
1085 5399 1183 5456 Dei
1213 5399 1441 5471 pecuniis
1492 5397 1775 5470 possideri.

203 5499 313 5555 Non
331 5502 420 5556 erit
449 5499 539 5553 tibi
570 5514 712 5569 pars,
762 5511 923 5567 neque
940 5510 1048 5550 sors
1084 5493 1137 5546 in
1184 5506 1416 5545 sermone
1460 5492 1578 5545 isto.
1628 5490 1769 5558 Ergo

205 5590 286 5661 qui
314 5592 563 5662 Spiritum
592 5597 835 5651 sanctum
868 5587 1115 5653 accipere
1154 5580 1449 5646 desiderat,
1475 5581 1529 5633 in
1562 5579 1770 5635 colum-

206 5689 299 5759 ba,
320 5690 368 5746 id
396 5700 478 5747 est
506 5691 560 5745 in
588 5686 949 5757 simplicitate,
977 5682 1125 5736 illum
1156 5691 1397 5748 quaerere
1418 5675 1599 5731 debet.
1634 5674 1768 5727 Pro-

208 5789 315 5855 pter
334 5780 460 5837 illud
485 5781 628 5853 quod
658 5780 919 5851 scriptum
955 5779 1039 5835 est
1066 5789 1079 5827 :
1130 5769 1198 5826 In
1238 5768 1564 5839 simplicitate
1594 5765 1763 5821 cordis

434 6079 709 6144 Pauor.
754 6072 1016 6139 LXXII.

1872 4963 1978 5007 tum
2012 4966 2113 5004 non
2144 4947 2404 5015 habemus,
2431 4962 2524 4999 nos
2551 4946 2688 5015 ipsos
2718 4944 3023 5007 seducimus,
3074 4951 3123 4997 et
3169 4942 3353 4996 veritas
3403 4944 3460 4998 in

1870 5044 2013 5099 nobis
2042 5057 2143 5095 non
2170 5048 2264 5095 est.
2298 5039 2365 5093 Et
2393 5039 2586 5093 iterum
2610 5052 2623 5089 τ
2652 5034 2717 5089 In
2735 5035 2907 5089 multis
2931 5028 3236 5103 offendimus
3262 5050 3458 5089 omnes.

1870 5136 2139 5192 Caeterum
2172 5147 2333 5203 super
2364 5130 2649 5185 Dominum
2679 5128 3002 5198 baptizatum
3034 5128 3197 5191 venit,
3226 5135 3287 5181 ut
3306 5126 3372 5181 ab
3393 5140 3460 5181 eo

1869 5242 2139 5299 nunquam
2167 5224 2486 5281 discederet.
2518 5222 2581 5276 Et
2610 5220 2730 5276 ideo
2760 5219 2813 5274 in
2835 5219 2950 5274 solo
2999 5218 3138 5272 Filio
3180 5216 3281 5271 sibi
3307 5229 3459 5270 com-

1872 5325 2072 5396 placuit
2093 5323 2269 5388 Pater,
2298 5320 2437 5375 sicut
2464 5316 2632 5373 dicit:
2664 5314 2742 5369 Tu
2771 5310 3023 5369 es‘Filius
3053 5327 3195 5365 meus
3220 5309 3456 5375 dilectus,

1871 5418 1926 5472 in
1952 5426 1999 5470 te
2027 5412 2352 5485 complacuit.
2400 5410 2466 5465 Et
2515 5406 2815 5479 propheta:
2863 5402 3067 5457 Iuravit
3118 5400 3366 5455 Dominus
3411 5414 3462 5454 ei

1872 5526 1976 5564 non
2006 5505 2262 5579 paenitebit
2290 5520 2426 5558 eum.
2463 5503 2537 5556 De
2567 5496 2883 5553 mortalibus
2912 5506 3039 5548 vero
3067 5493 3323 5561 scriptum
3376 5498 3461 5545 est

1874 5600 2156 5654 Dominum
2186 5597 2384 5652 dixisse
2411 5612 2425 5650 :
2460 5589 2687 5663 poenitet
2702 5586 2846 5643 enim
2870 5597 2958 5640 me
2976 5581 3168 5639 fecisse
3187 5580 3461 5638 hominem

1874 5707 2036 5765 super
2065 5701 2285 5748 terram.
