4042 6348
572 403 2712 436 ῌ--ο-ῇ--α--ῌ-ρ-ά--ιῲ--η-

2740 414 3756 439 M

2152 559 2367 688 IV.

566 773 788 839 Lectio
814 772 1113 853 Epistolas
1147 772 1311 833 beati
1349 769 1522 853 Pauli
1560 770 1829 849 apostoli
1864 772 1937 830 ad
1985 772 2307 853 Romanos
2358 769 2501 846 (xu,
2537 772 2598 847 6)
2629 760 2972 845 :‘Fratres,
3006 773 3289 836 habentes
3330 775 3707 837 donationem
3732 796 3801 838 se-

490 862 503 875 ‘
874 851 884 853 ⁷
1351 851 1624 914 cundum
1654 854 1923 930 gratiam
1942 896 1956 921 ,
1992 868 2125 930 quae
2155 851 2302 913 data
2334 860 2423 912 est
2450 853 2650 926 vobis,
2685 854 3061 934 (li/ferentes.
3398 857 3429 895 ⁸

1761 996 2189 1051 COMMENTUM
2231 996 2663 1056 LUCULENTII.

648 1131 857 1186 Donum
897 1144 1001 1185 non
1048 1144 1112 1185 ex
1163 1137 1389 1193 nostro,
1436 1128 1530 1182 sed
1566 1143 1629 1182 ex
1672 1128 1923 1181 donantis
1966 1128 2163 1196 pendet
2189 1132 2241 1190 Α
2269 1136 2385 1182 tuas
2431 1136 2760 1187 wternitates.
2811 1136 2912 1200 QUI
2966 1150 3322 1190 exnonrnrn
3374 1149 3427 1191 tu
3479 1154 3803 1199 IXKOMANDO.

579 1228 824 1283 arbitrio.
855 1226 962 1282 Sed
994 1226 1311 1281 donationes
1342 1239 1457 1293 qua:
1486 1222 1772 1286 donantur,
1806 1237 1940 1292 quas
1981 1223 2031 1275 in
2078 1237 2163 1276 se-

572 1320 864 1389 quentibus
895 1318 1185 1388 Apostolus
1215 1325 1557 1371 enumeratus
1602 1325 1714 1378 est,
1754 1314 1999 1383 superius
2046 1328 2165 1381 per-

566 1417 743 1471 tinent
782 1415 871 1470 ubi
908 1414 1162 1470 dixerat:
1209 1411 1275 1465 In
1326 1428 1427 1465 uno
1482 1427 1694 1479 corpore
1733 1413 1895 1464 multa
1940 1411 2162 1464 membra

575 1508 855 1573 habemus;
879 1518 935 1563 et
957 1520 1104 1564 recte
1128 1505 1447 1561 donationes
1470 1515 1750 1571 vocantur,
1780 1507 1900 1575 quia
1929 1506 2164 1575 desuper

574 1602 773 1658 dantur
806 1619 818 1654 :
870 1600 1033 1655 Omne
1076 1601 1209 1655 enim
1241 1600 1419 1652 datum
1450 1601 1696 1669 optimum
1727 1609 1770 1651 et
1799 1616 1946 1653 omne
1975 1600 2164 1653 donum

572 1695 860 1765 perfectum
890 1695 953 1747 de
982 1709 1186 1746 sursum
1216 1703 1312 1747 est.
1350 1690 1413 1746 Et
1442 1691 1570 1745 illud
1618 1691 1763 1745 Pauli
1791 1708 1805 1743 :
1842 1693 1980 1757 Quid
2026 1694 2161 1746 enim

566 1789 725 1843 habes
746 1788 882 1858 quod
905 1804 1007 1840 non
1029 1787 1303 1854 accepisti,
1334 1795 1381 1838 et
1407 1786 1449 1838 si
1473 1785 1732 1855 accepisti,
1756 1786 1877 1853 quid
1901 1786 2161 1854 gloriaris,

565 1881 716 1951 quasi
735 1895 835 1933 non
856 1878 1150 1947 acceperis?
1174 1878 1241 1931 Et
1262 1887 1407 1931 recte
1430 1877 1559 1931 dicit
1588 1894 1601 1931 :
1629 1891 1903 1931 secunouu
1930 1892 2163 1933 GRATIAI

566 1987 686 2038 qua;
711 1986 849 2026 ous
876 1984 972 2025 ssr
996 1985 1164 2032 vonts,
1189 1984 1589 2035 ntrrsnanres;
1614 1970 1738 2039 quia
1760 1981 2019 2039 quantum
2044 1986 2164 2039 gra-

566 2065 643 2120 tia
666 2064 837 2120 sancti
860 2063 1092 2133 Spiritus
1116 2061 1337 2127 tribuit,
1370 2070 1574 2116 tantum
1608 2063 1727 2132 quis
1756 2064 1993 2131 accepit,
2027 2063 2165 2117 sicut

567 2158 819 2230 superius
856 2157 1103 2213 dixerat:
1152 2156 1438 2227 Unicuique
1457 2139 1603 2210 ’ἥσω
1644 2154 1781 2210 Deus
1823 2156 1994 2209 divisit
2023 2172 2159 2209 men-

566 2266 743 2306 suram
773 2250 918 2319 ﬁdei.
953 2248 1071 2304 Non
1119 2250 1262 2303 enim
1300 2248 1526 2318 quilibet
1571 2249 1670 2301 huc
1711 2257 1801 2302 aut
1848 2247 1977 2301 illud
2024 2247 2163 2316 quod

565 2346 681 2401 Vult
711 2344 935 2414 accipit,
970 2342 1067 2399 sed
1096 2344 1268 2413 gratia
1296 2342 1471 2397 sancti
1499 2341 1736 2411 Spiritus
1769 2342 1839 2396 illi
1872 2341 2051 2411 largiri
2078 2341 2163 2395 di-

565 2446 781 2509 gnatur.
815 2437 885 2491 Et
914 2436 1049 2492 bene
1078 2435 1391 2490 differentes
1412 2477 1426 2499 ,
1461 2435 1585 2504 quia
1614 2434 1792 2489 diﬁert
1816 2448 1920 2487 una
1943 2432 2165 2488 donatio

2274 1222 2418 1278 Inter
2455 1224 2652 1279 docere
2692 1236 2747 1282 et
2786 1228 3059 1282 exhortari
3102 1228 3204 1283 hoc
3252 1232 3527 1287 interest:
3568 1234 3717 1304 major
3749 1246 3805 1292 est

2274 1316 2365 1384 qni
2399 1319 2557 1372 docet
2588 1334 2745 1387 quam
2778 1324 2866 1389 qui
2898 1322 3254 1388 exhortatur;
3300 1326 3502 1380 docere
3543 1344 3638 1380 non
3678 1340 3806 1398 potest

2272 1408 2373 1462 nisi
2406 1410 2474 1464 sit
2504 1410 2695 1466 doctus
2723 1454 2735 1473 .
2770 1414 2893 1481 quia
2926 1416 3015 1483 qui
3051 1432 3155 1470 non
3190 1416 3349 1471 fuerit
3391 1418 3670 1488 discipulus
3704 1426 3806 1477 reri-

2273 1502 2435 1568 tatis,
2469 1503 2573 1557 erit
2614 1506 2870 1575 magister
2900 1509 3127 1563 erroris.
3172 1508 3465 1564 Exhortari
3509 1526 3628 1565 vero
3665 1528 3805 1570 omnes

2273 1608 2567 1661 possumus
2601 1596 2763 1650 dante
2798 1597 2939 1666 Deo,
2973 1600 3064 1667 qui
3093 1600 3289 1655 bonum
3320 1611 3591 1670 operatur,
3620 1614 3668 1658 et
3689 1616 3809 1660 cate-

2275 1701 2365 1742 ros
2408 1688 2474 1742 ad
2524 1693 2884 1761 peragendum
2930 1693 3185 1749 hortatur.
3232 1696 3367 1751 Hinc
3414 1698 3684 1767 Apostolus
3714 1700 3805 1755 dicit

2275 1780 2341 1834 ad
2375 1782 2550 1835 Titum
2582 1800 2595 1837 :
2626 1782 2757 1838 Haec
2785 1785 2985 1851 loquere
3016 1798 3066 1841 et
3108 1792 3397 1847 exhartare.
3436 1791 3503 1845 Et
3533 1792 3751 1846 Dominus
3770 1795 3806 1847 in

2279 1871 2579 1940 Evangelio
2608 1893 2620 1929 :
2656 1877 2744 1931 Sic
2775 1876 2939 1932 luceat
2973 1880 3064 1934 tua:
3092 1892 3252 1936 vestra
3284 1899 3465 1937 coram
3494 1885 3746 1939 hominibus
3767 1898 3804 1940 st

2270 1966 2473 2020 videant
2507 1984 2671 2035 Opera
2722 1980 2883 2023 vestra
2928 1972 3079 2041 bona,
3122 1984 3167 2026 et
3196 1976 3492 2045 gloriﬁcent
3536 1976 3715 2031 Patrem
3746 1994 3805 2032 u-

2273 2071 2434 2114 strum
2464 2063 2553 2131 qui
2582 2063 2634 2115 in
2666 2064 2803 2118 (telis
2832 2075 2924 2119 est.

2343 2152 2443 2220 QUI
2494 2169 2708 2209 TRIBUIT
2767 2171 2816 2209 nt
2867 2170 3260 2215 SIMPLICITATB.
3310 2158 3389 2213 De
3432 2158 3805 2228 eleetuosynariis

2276 2244 2445 2315 dicit,
2496 2249 2584 2317 qui
2636 2250 2917 2319 egentibus
2968 2252 3269 2306 necessaria
3328 2254 3587 2321 prmbent.
3635 2252 3803 2323 Propter

2272 2337 2399 2393 illud
2436 2357 2449 2394 :
2498 2338 2627 2395 Cum
2673 2342 2857 2395 videris
2910 2344 3133 2409 nudum,
3185 2345 3329 2415 aperi
3376 2362 3527 2414 eum,
3573 2355 3615 2399 et
3653 2360 3802 2397 tamen

2221 2502 2227 2507 ἱ
2275 2440 2415 2485 tuam
2447 2449 2509 2486 ne
2536 2434 2843 2504 despexeris.
2875 2434 3027 2499 Quod
3059 2436 3147 2505 qui
3179 2436 3302 2491 facit
3324 2479 3339 2500 ,
3374 2452 3496 2492 cum
3526 2436 3799 2507 simplicitate

565 2532 640 2588 ab
668 2534 797 2587 alia.
824 2532 936 2603 Ego
967 2531 1111 2586 enim
1145 2530 1317 2585 habeo
1346 2529 1491 2599 quod
1519 2529 1654 2582 alius
1676 2544 1783 2583 non
1811 2527 2005 2593 habet,
2029 2537 2082 2582 et
2111 2536 2168 2581 tu
2201 2536 2249 2597 Β
2277 2526 2436 2580 debet
2469 2524 2679 2590 facere,
2708 2541 2813 2581 non
2840 2543 2960 2582 cum
2994 2528 3226 2600 irrugata
3260 2530 3418 2585 facie.
3453 2530 3671 2584 Hilarem
3696 2531 3799 2583 enim

566 2626 734 2681 habes
760 2625 903 2695 quod
928 2626 1034 2694 ego
1065 2638 1226 2678 careo
1251 2664 1265 2689 ,
1294 2633 1350 2678 et
1380 2624 1470 2677 ille
1500 2622 1639 2677 alius
1675 2622 1835 2676 habet
1879 2624 2018 2691 quod
2064 2637 2164 2678 nec

570 2736 675 2793 ego
723 2735 824 2775 nec
866 2728 921 2775 tu
965 2719 1248 2773 habemus.
1292 2717 1381 2770 Sic
1420 2715 1604 2770 diﬁ‘ert
1643 2731 1745 2771 una
1775 2716 1844 2770 ab
1867 2715 1972 2769 alia
1999 2716 2166 2771 dona-

567 2816 736 2873 tione.
769 2814 875 2867 Alii
907 2813 1059 2867 datur
1085 2828 1175 2882 per
1219 2810 1477 2881 Spiritum
1518 2826 1681 2863 sermo
1724 2810 2020 2881 sapientiae,
2067 2812 2160 2864 alii

572 2922 741 2962 sermo
772 2905 1018 2958 scientitz.
1051 2902 1241 2957 Nullus
1268 2902 1447 2956 omnia
1479 2901 1638 2956 habet
1670 2901 1770 2955 nisi
1817 2904 1931 2971 ipse
1970 2903 2119 2957 solus
2143 2944 2159 2969 ,

566 3014 733 3069 super
760 3012 917 3067 quem
966 2994 1295 3066 septiformis
1322 2994 1551 3064 Spiritus
1588 2994 1888 3065 requievit,
1931 2995 2014 3049 cui
2057 3010 2161 3049 non

570 3090 641 3145 ad
685 3103 992 3145 mensuram
1036 3088 1128 3142 dat
1168 3087 1303 3141 Deus
1348 3085 1629 3157 Spiritum.
1669 3084 1934 3142 Caeterum
1980 3087 2164 3143 ﬁdeles

570 3187 714 3243 inter
743 3199 932 3241 omnes
963 3183 1163 3240 habent
1200 3182 1397 3239 omnia.

644 3281 773 3335 SIVE
798 3293 1098 3335 PIOPHETIA
1124 3292 1402 3332 secuuouu
1430 3292 1701 3332 BA'I‘IONEII
1742 3291 1903 3332 rtost.
1934 3276 2051 3331 Jam
2079 3276 2163 3330 in-

577 3372 707 3443 cipit
756 3385 1075 3427 enumerare
1122 3370 1440 3425 donationes
1487 3386 1607 3440 quae
1646 3369 1786 3433 sint,
1826 3368 2001 3439 primo
2046 3368 2165 3424 loco

572 3479 784 3536 ponens
826 3462 1185 3533 prophetiam.
1231 3462 1519 3530 Protihetia
1564 3461 1761 3516 dicitur
1802 3476 1921 3531 quae
1958 3476 2064 3515 non
2105 3460 2159 3515 in

575 3556 831 3627 praesenti
878 3555 1106 3621 videtur,
1151 3554 1246 3610 sed
1290 3555 1341 3609 in
1389 3556 1573 3610 futuro
1604 3554 1895 3623 protendit.
1932 3555 1998 3609 Et
2027 3555 2166 3610 bene

572 3649 743 3714 dixit,
774 3650 1049 3704 secundum
1092 3651 1341 3702 rationem
1372 3649 1522 3716 ﬁdei,
1554 3647 1677 3718 quia
1710 3647 1842 3703 ﬁdes
1871 3649 2014 3702 illam
2040 3663 2167 3718 pro-

569 3745 783 3802 meruit.
817 3743 948 3798 Nam
977 3742 1064 3796 lex
1095 3740 1177 3796 vel
1214 3739 1497 3810 pr0phetia
1529 3741 1821 3794 secundum
1866 3739 2023 3794 ﬁdem
2064 3738 2164 3793 da-

570 3847 681 3905 tur,
707 3838 832 3907 quia
861 3846 1118 3907 quantum
1150 3835 1269 3904 quis
1304 3832 1463 3890 habet
1494 3832 1651 3889 ﬁdem
1673 3870 1689 3901 ,
1721 3841 1926 3887 tantum
1972 3833 2166 3904 accipit

2271 2618 2503 2672 datorem
2533 2619 2702 2689 diligit
2735 2618 2919 2685 Deus;
2951 2631 3004 2675 et
3044 2623 3087 2676 si
3132 2622 3357 2676 hilarem
3404 2623 3601 2693 diligit,
3645 2623 3797 2676 tristem

2274 2713 2394 2768 sine
2425 2712 2587 2767 dubio
2616 2713 2747 2769 odit.
2786 2715 2847 2768 Et
2881 2714 3004 2769 alibi
3034 2732 3047 2767 :
3080 2713 3144 2768 In
3172 2717 3312 2768 omni
3358 2718 3483 2770 dato
3524 2717 3711 2769 hilarem
3742 2718 3798 2781 {ac

2275 2808 2475 2859 vultum
2502 2817 2668 2861 tuum.
2704 2807 2797 2862 Vel
2828 2823 2949 2862 cum
2981 2809 3324 2878 simplicitate
3365 2810 3494 2864 facit
3514 2852 3527 2877 ,
3558 2824 3620 2864 ne
3643 2807 3793 2862 laudem

2272 2912 2515 2969 capietur
2544 2903 2612 2956 ab
2649 2902 2983 2957 hominibus.
3018 2903 3083 2957 Et
3113 2914 3330 2973 promer
3361 2904 3493 2959 illud
3520 2922 3531 2955 :
3564 2903 3673 2957 Cum
3710 2901 3799 2969 facit

2270 2995 2613 3064 elemosynam
2634 3034 2650 3061 ,
2682 2996 2873 3050 nesciat
2902 2996 3112 3049 sinistra
3144 3007 3250 3049 tua.
3281 2997 3386 3063 Qu
3416 3012 3617 3053 PR£EST
3644 3012 3685 3049 ix
3714 3008 3796 3049 sct-

2277 3103 2604 3143 Ltcrruonve.
2650 3089 2724 3143 De
2762 3089 2847 3144 his
2888 3089 3055 3158 dicit,
3100 3092 3189 3159 qui
3232 3104 3472 3161 praesunt
3505 3092 3553 3145 in
3580 3089 3795 3146 Ecclesia.

2271 3180 2364 3250 qui
2397 3180 2574 3234 locum
2608 3181 2903 3251 magisterii
2934 3184 3238 3251 accipiunt,
3268 3183 3527 3238 admonet
3557 3190 3608 3235 ut
3638 3176 3794 3235 slliciti

2273 3274 2383 3328 sint
2419 3289 2579 3345 supra
2610 3290 2826 3346 gregem
2856 3276 2959 3331 sibi
2990 3278 3335 3331 commissum
3358 3319 3373 3341 ,
3414 3292 3480 3332 ne
3514 3276 3682 3345 aliquis
3711 3284 3795 3339 pro-

2272 3375 2393 3435 pter
2420 3364 2539 3436 ejus
2568 3368 2813 3422 inertiam
2840 3377 3060 3437 pereat,
3092 3378 3146 3425 et
3172 3370 3390 3424 dicatur
3422 3372 3469 3425 ei
3500 3388 3513 3423 :
3545 3368 3793 3436 Sanguinem

2271 3459 2386 3529 ejus
2414 3462 2477 3512 de
2503 3476 2655 3513 manu
2686 3471 2771 3514 tua
2798 3462 3072 3531 requiram.
3117 3461 3262 3529 Quos
3306 3462 3451 3517 idem
3490 3462 3713 3515 admonet
3740 3454 3795 3508 di-

2271 3564 2439 3605 cens:
2473 3551 2729 3605 Attendite
2755 3551 2896 3607 vobis
2939 3564 2985 3606 et
3028 3555 3259 3608 universo
3307 3556 3478 3626 gregi.
3522 3554 3581 3608 Et
3618 3552 3794 3606 iterum:

2272 3642 2481 3698 Pascite
2506 3646 2594 3714 qui
2626 3648 2676 3698 in
2708 3646 2843 3701 vobis
2873 3656 2943 3700 est
2977 3664 3178 3718 gregem
3223 3647 3334 3701 Dei.
3380 3649 3482 3716 Qtn
3522 3657 3793 3706 utssnsrun,

2272 3750 2323 3788 IN
2354 3751 2680 3791 HILARITA'I'E
2707 3736 2886 3794 facere
2909 3740 3089 3807 debet,
3110 3741 3259 3811 juxta
3280 3743 3551 3812 praefatam
3574 3743 3791 3795 rationem.

2271 3826 2369 3881 Vel
2398 3829 2487 3897 qui
2520 3828 2775 3885 nescienti
2812 3831 3021 3887 litteras
3051 3832 3269 3899 imbuit,
3314 3851 3439 3890 cum
3486 3834 3716 3889 hilaritate
3739 3828 3793 3882 la-

568 3949 603 3989 a
635 3934 889 3998 Domino,
922 3930 1137 3985 Christo
1166 3929 1417 3984 dicente:
1454 3928 1600 3983 Sicut
1641 3927 1942 3992 credidisti,
1977 3927 2067 3996 ﬁat
2099 3927 2164 3980 ti-
2194 3932 2239 3994 (ς
2270 3933 2395 3974 cere
2426 3920 2615 3986 debet,
2649 3922 2788 3977 sicut
2819 3923 3022 3977 dictum
3054 3935 3137 3980 est
3165 3940 3179 3979 :
3232 3924 3297 3978 In
3329 3928 3472 3980 omni
3500 3928 3610 3980 dato
3634 3925 3791 3977 hilarem

579 4025 653 4079 bi.
689 4023 754 4078 Et
784 4042 797 4078 :
834 4022 894 4079 Si
929 4022 1050 4077 bene
1076 4022 1354 4075 habueritis
1392 4021 1545 4087 ﬁdem
1585 4028 1641 4073 ut
1679 4036 1897 4089 granum
1932 4020 2161 4090 sinapis,

579 4114 815 4170 diceretis
844 4114 964 4169 huic
985 4112 1179 4167 monti:
1197 4111 1405 4197 .Tollere
1432 4121 1478 4166 et
1506 4113 1706 4166 mittere
1729 4112 1781 4165 in
1807 4112 1955 4175 mari,
1987 4111 2165 4166 obedi-

574 4218 652 4263 ret
682 4208 841 4261 vobis.
883 4207 945 4261 Et
978 4207 1029 4260 in
1064 4206 1245 4261 Veteri
1276 4205 1619 4261 Testamento
1648 4205 1875 4275 legimus
1905 4204 2162 4273 quosdam

574 4315 674 4369 per
716 4298 875 4353 ﬁdem
926 4298 1037 4352 Deo
1088 4297 1393 4366 placuisse;
1448 4297 1587 4350 sicut
1629 4296 1923 4364 Abraham,
1949 4295 2018 4351 de
2058 4310 2166 4367 quo

576 4390 835 4461 scriptum
866 4401 947 4446 est
978 4410 990 4443 :
1028 4388 1258 4446 Credidit
1286 4389 1543 4444 Abraham
1576 4389 1717 4455 Deo,
1749 4398 1795 4443 et
1829 4399 2060 4458 putatum
2092 4400 2166 4443 est

577 4483 659 4538 illi
688 4484 755 4538 ad
778 4485 1061 4556 justitiam.
1091 4482 1198 4538 Sed
1229 4483 1398 4551 magis
1441 4483 1493 4536 in
1537 4480 1708 4536 Novo.
1753 4480 1886 4535 SIVE
1928 4496 2166 4536 IIINISTE-

579 4590 705 4629 ntust
738 4574 753 4646 Ῐ
784 4576 937 4641 Cod,
969 4574 1353 4647 mysterium];
1386 4591 1437 4629 IN
1477 4589 1851 4629 MINISTRANDO.
1904 4574 1978 4628 De
2005 4575 2164 4628 minio

576 4668 707 4724 stris
737 4667 990 4723 Ecclesia:
1020 4669 1184 4734 dicit,
1218 4670 1425 4724 scilicet
1450 4669 1785 4736 diaconibus,
1821 4670 2163 4723 sttbdiaconi-

577 4759 711 4823 bus,
746 4772 798 4815 et
825 4763 1034 4817 caeteris
1063 4763 1341 4818 ordinibus
1362 4806 1375 4829 ,
1408 4778 1525 4832 qua:
1554 4764 1642 4832 qui
1673 4763 1896 4833 accipit,
1941 4762 2167 4819 ﬁdeliter

578 4863 636 4909 et
662 4853 893 4909 sollicite
913 4869 1171 4909 exercere
1198 4855 1360 4909 debet
1380 4898 1391 4919 ,
1420 4864 1639 4925 propter
1664 4855 1792 4909 illud
1820 4872 1835 4909 :
1866 4856 1994 4921 Quis
2016 4865 2166 4926 putas

574 4954 651 5001 est
678 4946 850 5015 ﬁdelis
885 4948 1205 5015 dispensator
1231 4959 1276 5001 et
1307 4950 1529 5017 prudens
1549 4992 1564 5017 ,
1596 4966 1743 5016 quem
1773 4953 2029 5005 constituit
2055 4952 2169 5006 Do-

578 5038 749 5094 minus
778 5056 901 5095 suus
931 5057 1084 5110 super
1127 5042 1380 5112 familiam
1424 5044 1617 5096 suam?
1660 5044 1723 5098 Et
1764 5044 1808 5098 si
1851 5045 1970 5111 quis
2012 5046 2170 5101 mini-

580 5139 749 5199 strat,
784 5140 1035 5202 tanquam
1074 5148 1137 5187 ex
1185 5132 1385 5186 virtute
1426 5149 1586 5201 quam
1632 5133 1970 5188 administrat
2002 5134 2165 5191 Deus.

580 5224 709 5280 SIVE
748 5240 836 5289 om
880 5240 1051 5280 noces
1090 5240 1140 5280 IN
1184 5240 1468 5281 noenum.
1520 5225 1597 5280 De
1639 5226 1947 5282 doctoribus
1978 5228 2168 5283 Eccle-

2270 4012 2354 4081 [ac
2383 4016 2575 4067 vultum
2604 4024 2771 4068 tuum.
2797 4016 3054 4071 DILECTIO
3075 4032 3189 4072 SINE
3218 4034 3591 4074 SIIULATIONE.
3619 4018 3792 4084 Fingere

2274 4106 2627 4177 reprohorum
2659 4118 2777 4175 est,
2811 4112 2901 4180 qui
2936 4111 3125 4169 timent
3154 4129 3220 4168 ne
3248 4115 3532 4185 puniantur
3558 4132 3570 4181 ;
3598 4112 3787 4180 diligere,

2273 4196 2539 4265 ﬁliorum,
2581 4211 2633 4253 et
2679 4201 2801 4256 ideo
2845 4204 2988 4258 nulla
3022 4204 3201 4259 ﬁnctio
3244 4208 3405 4262 debet
3447 4222 3559 4263 esse
3595 4207 3641 4259 in
3681 4198 3788 4256 Chri-

2276 4293 2477 4348 stiano.
2510 4293 2660 4350 Multi
2687 4296 2945 4352 videntur
2970 4298 3194 4368 diligere
3225 4302 3373 4368 foris,
3406 4302 3616 4357 interius
3642 4294 3790 4351 machi-

2281 4398 2479 4443 nantur
2507 4390 2705 4445 malum
2741 4408 2756 4445 :
2784 4407 3010 4461 quorum
3042 4405 3224 4464 typum
3256 4396 3394 4452 Joab
3428 4397 3614 4462 tenuit,
3641 4394 3711 4463 qui
3734 4402 3786 4443 te-

2279 4495 2411 4534 nens
2436 4497 2596 4537 manu
2629 4500 2723 4538 sua
2754 4495 2993 4540 mentum
3025 4490 3258 4556 Amasm,
3300 4490 3486 4546 deﬁxit
3522 4491 3716 4560 gladium
3751 4484 3787 4536 in

2275 4587 2518 4631 ventrem
2576 4577 2713 4646 ejus.
2769 4578 2842 4633 De
2886 4579 3080 4633 talibus
3123 4581 3379 4650 scriptum
3411 4593 3489 4639 est
3519 4602 3529 4636 :
3562 4579 3786 4637 Simulator

2272 4684 2358 4722 ore
2386 4668 2577 4740 decipit
2608 4672 2827 4724 amicum
2853 4689 3024 4726 suum.
3058 4674 3122 4728 Et
3154 4675 3434 4733 Psalntism
3464 4695 3477 4731 :
3516 4676 3642 4731 Vana
3670 4665 3783 4724 tacui

2272 4773 2391 4815 sunt
2436 4765 2783 4835 unusquisque
2826 4766 2893 4819 ad
2941 4768 3233 4836 proximum
3273 4786 3444 4825 suum.
3495 4772 3554 4824 Et
3596 4770 3775 4822 iterum:

2276 4856 2378 4921 Qui
2408 4858 2682 4928 loquuntur
2714 4876 2893 4928 pacem
2923 4877 3040 4917 cum
3066 4866 3298 4934 proximo
3343 4882 3465 4929 suo,
3508 4864 3629 4916 mala
3661 4867 3782 4912 autem

2272 4962 2391 5002 sunt
2417 4950 2472 5002 in
2504 4951 2739 5004 cordibus
2767 4967 2965 5008 eorum.
3012 4956 3117 5011 Sed
3153 4956 3252 5011 viri
3287 4956 3568 5012 Christiani
3595 4948 3777 5008 dilectio-

2275 5056 2341 5095 ne
2365 5084 2379 5109 ,
2417 5042 2553 5097 sicut
2585 5043 2693 5097 dixi
2716 5088 2730 5112 ,
2764 5060 2870 5100 non
2902 5046 3154 5103 simulata
3195 5048 3391 5103 debent
3428 5064 3569 5115 esse,
3593 5045 3670 5100 sed
3693 5054 3780 5096 cum

2272 5135 2601 5192 exhibitione
2629 5138 2835 5207 operis,
2862 5152 3079 5223 promer
3109 5142 3237 5196 illud
3262 5159 3278 5196 :
3306 5143 3406 5210 Qui
3435 5143 3598 5197 viderit
3622 5140 3778 5207 fratrem

2273 5246 2422 5286 suum
2465 5237 2811 5289 necessitatem
2854 5238 3157 5307 patientem,
3190 5248 3233 5291 et
3265 5241 3502 5294 clauserit
3525 5238 3685 5292 viscera
3713 5242 3779 5283 tu

587 5318 685 5372 site
715 5318 873 5386 dicit,
904 5321 994 5388 qui
1025 5320 1384 5375 ministerium
1418 5322 1813 5390 praedicationis
1845 5331 2170 5392 acceperunt
2195 5328 2249 5387 D
2277 5322 2340 5377 ab
2371 5340 2429 5377 eo
2451 5365 2466 5389 ,
2498 5328 2754 5394 quomodo
2783 5328 3013 5384 charitas
3042 5329 3141 5383 Dei
3169 5342 3339 5385 manet
3369 5333 3421 5385 in
3446 5332 3543 5386 e02

585 5410 772 5467 ﬁdeles
801 5413 978 5481 servi,
1005 5423 1059 5468 et
1104 5429 1209 5468 non
1240 5414 1579 5468 abscondunt
1629 5416 1765 5484 quod
1819 5424 2165 5484 acceperunt.

582 5503 853 5573 Scriptum
901 5516 983 5561 est
1028 5508 1221 5562 enim:
1274 5508 1547 5577 Sapientia
1592 5509 1923 5575 abscondita,
1971 5520 2019 5564 et
2060 5510 2168 5566 the-

580 5612 767 5651 saurus
808 5598 1034 5663 invisus,
1075 5615 1190 5666 quia
1227 5600 1428 5654 utilitas
1467 5600 1520 5653 in
1560 5601 1834 5668 utrisque?
1874 5603 1939 5655 Et
1980 5602 2166 5657 Daniel

581 5689 709 5744 dicit
738 5706 752 5740 :
790 5687 941 5745 Docti
970 5692 1235 5762 fulgebunt
1270 5703 1322 5746 ut
1352 5696 1597 5763 splendor
1623 5696 1972 5764 ﬁrmamenti;
2005 5706 2052 5751 et
2082 5698 2169 5769 qui

582 5778 651 5831 ad
669 5780 929 5850 justitiam
960 5783 1200 5836 erudiunt
1229 5783 1479 5854 plurimos
1499 5826 1514 5852 ,
1548 5788 1675 5841 sicut
1700 5787 1863 5841 stella:
1891 5792 1943 5842 in
1986 5806 2167 5861 perpe-

2345 5418 2613 5473 Onttztt'res
2666 5435 2845 5475 ntust
2878 5462 2895 5488 ,
2965 5438 3329 5478 Abiu-383N188
3392 5438 3533 5479 nouo.
3595 5417 3775 5473 Odium

2274 5516 2503 5581 malum,
2547 5516 2599 5570 id
2641 5526 2722 5571 cst
2760 5517 3069 5583 diabolum,
3113 5518 3180 5573 de
3219 5534 3327 5588 quo
3357 5519 3592 5573 Dominus
3613 5509 3713 5565 dicit
3734 5504 3769 5556 in

2275 5604 2605 5677 Evangelio:
2641 5606 2812 5663 Malus
2853 5609 3005 5663 homo
3045 5610 3460 5677 superseminavit
3497 5606 3705 5663 simiam
3734 5594 3775 5649 θη

2276 5700 2441 5752 medio
2471 5702 2624 5754 tritici
2650 5745 2663 5767 ,
2700 5712 2745 5756 et
2774 5702 2933 5767 abiit,
2964 5712 3009 5755 et
3041 5701 3171 5754 venit
3210 5701 3400 5767 malus,
3423 5711 3467 5754 et
3503 5694 3665 5768 rapuit.
3700 5689 3772 5747 M-

2274 5793 2522 5850 Iuerentes
2548 5796 2709 5864 bono,
2754 5797 2806 5851 id
2850 5806 2931 5853 est
2971 5794 3223 5865 Christo,
3268 5795 3499 5853 dicentes
3529 5803 3631 5848 cum
3669 5784 3775 5845 Psal-
