4042 6348
253 358 356 417 817

1425 354 1492 411 ΙΝ
1537 354 1687 412 CAP.
1734 349 1825 407 XII
1867 349 1957 405 AD
2000 351 2342 411 ROMANOS.

3417 350 3536 439 818‘

251 475 412 530 mista
442 490 455 528 :
491 469 622 528 Mihi
651 482 819 528 autem
848 474 1112 529 adhaerere
1140 472 1249 529 Deo
1280 474 1466 528 bonum
1495 481 1592 527 est.
1626 470 1830 526 Aliter:
1862 469 1911 527 A
1940 471 2106 536 detur,
2148 487 2251 526 non
2291 480 2366 526 est
2404 486 2518 541 spes
2541 511 2555 537 ,
2596 470 2691 528 sed
2720 460 2980 542 qure'non
3003 469 3237 526 videtur.
3265 469 3323 525 ln
3354 467 3535 527 omni-

250 567 367 622 odit
397 567 596 620 malum
620 607 635 632 ,
667 566 717 620 id
746 575 826 621 est
849 566 979 620 vitia
1004 575 1056 620 et
1086 572 1325 635 peccata.
1360 563 1713 619 Adhterentcs
1742 561 1838 615 bo-

251 671 359 721 no,
392 657 680 712 virtutibus
710 657 1073 726 spiritualibus
1094 699 1111 726 ,
1142 672 1276 727 quas
1319 665 1597 711 enumerat
1643 652 1840 709 Paulus

256 748 449 803 dicens
475 766 489 804 :
520 748 747 802 Fructus
773 759 845 802 est
872 750 1104 820 spiritus,
1135 748 1378 814 charitas,
1411 747 1679 819 gaudium,
1707 760 1839 814 pars.

253 839 540 908 patientia,
572 849 628 893 et
669 848 863 894 cetera
907 840 988 894 his
1030 840 1246 894 similia.
1292 839 1408 894 Non
1455 839 1596 893 enim
1645 836 1845 891 sufﬁcit

251 930 407 987 odire
436 932 635 986 malum
658 973 672 997 ,
708 931 814 986 nisi
844 946 876 987 e
903 933 1177 987 contrario
1205 932 1545 986 adltzereatur
1572 931 1735 986 bono.
1765 928 1844 986 De

252 1040 366 1097 quo
406 1025 687 1079 Psalmista
732 1025 898 1080 dicit:
949 1025 1164 1079 Declina
1205 1044 1237 1079 a
1274 1026 1410 1079 malo
1436 1034 1483 1078 et
1511 1027 1594 1095 [ac
1630 1024 1840 1076 bonum.

254 1126 397 1181 Ante
427 1132 576 1179 certe
605 1124 804 1178 malum
834 1123 983 1178 odire
1010 1122 1271 1178 debemus
1303 1121 1612 1189 hominem,
1642 1118 1846 1173 scilicet

253 1230 363 1272 non
394 1227 639 1270 naturam
670 1215 809 1285 ejus,
841 1214 937 1270 sed
967 1215 1173 1269 vitium.
1200 1212 1350 1269 Sicut
1381 1214 1470 1268 ille
1508 1211 1735 1267 faciebat
1757 1211 1846 1280 qui

255 1309 509 1365 dicebat:
540 1306 757 1377 Iniquos
800 1309 919 1363 odio
960 1309 1139 1363 habui.
1188 1310 1487 1365 Adhaerere
1534 1309 1677 1362 bono
1723 1321 1845 1376 pro-

255 1412 373 1475 pter
406 1404 533 1459 illud
564 1406 582 1457 :'
611 1404 740 1459 Cum
769 1413 948 1457 sancto
977 1414 1185 1458 sanctus
1219 1406 1339 1458 eris.
1375 1402 1693 1457 CHARITATE
1720 1412 1849 1454 ras-

257 1509 580 1552 TERNITA'I‘IS
629 1510 847 1550 tnvtcsu
894 1510 1229 1551 DILIGENTES.
1275 1493 1351 1548 lbi
1402 1502 1484 1547 est
1528 1493 1669 1547 enim
1721 1506 1850 1546 vera

257 1585 600 1651 fraternitas,
630 1586 722 1641 ubi
752 1593 836 1641 est
864 1599 991 1639 vera
1035 1584 1302 1648 charitas,
1350 1593 1403 1638 et
1448 1582 1571 1637 ideo
1613 1581 1844 1636 invicem

257 1676 481 1746 diligere
506 1676 793 1742 debemus,
829 1675 1043 1730 dicente
1101 1674 1365 1729 Domino:
1404 1673 1473 1726 In
1515 1671 1612 1726 hoc
1648 1686 1845 1742 cogno-

256 1776 398 1823 scent
430 1783 605 1821 omnes
632 1768 753 1837 quia
779 1769 879 1820 mei
903 1768 1023 1821 estis
1046 1766 1313 1833 discipuli,
1333 1766 1376 1819 si
1405 1764 1731 1819 dilectionem
1756 1763 1852 1815 ha-

1945 561 2043 616 bus
2072 564 2215 616 enim
2249 577 2368 631 quas
2399 563 2631 631 patimur
2658 572 2875 633 propter
2901 577 3049 633 spem
3092 561 3330 633 gaudere
3366 561 3536 619 debe-

1946 667 2095 720 mus,
2133 663 2386 709 monente
2411 654 2577 708 Jacob
2608 654 2894 722 apostolo:
2930 654 3095 708 Omne
3138 651 3383 722 gaudium
3423 652 3535 705 eri-

1943 746 2145 799 stimate
2176 762 2290 813 vos,
2328 746 2513 815 {ratres
2553 748 2683 812 mei,
2728 763 2845 800 cum
2882 746 2937 799 in
2976 745 3131 799 variis
3170 744 3538 798 tentationibus

1944 840 2246 897 incideritis.
2273 840 2379 909 Spe
2400 840 2698 912 gaudentes,
2725 856 2774 894 IN
2802 854 3192 895 TRIBULATIONE
3219 852 3535 893 PATIENTES.

1948 932 2024 987 De
2064 933 2259 1003 gaudio
2300 934 2441 989 enim
2486 934 2600 1003 spei
2647 934 2837 989 tolerat
2880 932 3281 997 tribulationes,
3326 932 3539 985 scilicet

1950 1024 2119 1079 multo
2150 1024 2352 1093 majora
2382 1039 2502 1080 esse
2531 1040 2652 1093 qua:
2681 1041 2775 1095 pro
2806 1026 2911 1080 illis
2940 1024 3197 1095 promissa
3238 1032 3363 1077 sunt
3404 1037 3540 1091 prae-

1950 1121 2077 1175 mia.
2111 1119 2175 1174 Et
2210 1120 2331 1175 ideo
2362 1120 2414 1174 iu
2442 1120 2692 1174 omnibus
2720 1118 3153 1173 tribulationibus
3179 1114 3415 1186 gaudere
3443 1114 3540 1168 de-

1950 1215 2175 1279 bemus,
2223 1222 2441 1284 propter
2485 1212 2656 1267 illud:
2701 1210 2849 1266 Beati
2887 1212 2975 1281 qui
3016 1209 3420 1281 persecutionem
3447 1224 3541 1277 pa-

1953 1306 2150 1362 tiuntur
2174 1316 2384 1377 prapter
2402 1306 2683 1379 justitiam.
2713 1305 2779 1360 Et
2810 1307 3000 1361 iterum
3023 1322 3036 1358 :
3068 1303 3129 1359 Si
3153 1303 3278 1375 quid
3306 1301 3543 1371 patimini

1952 1411 2159 1471 propter
2176 1400 2464 1469 justitiam,
2497 1399 2649 1453 beati.

2023 1490 2282 1546 ORATIONI
2317 1506 2624 1545 INSTANTES.
2671 1490 2982 1546 Necessaria
3021 1498 3104 1545 est
3137 1488 3295 1544 valde
3333 1486 3543 1553 oratio,

1954 1583 2074 1651 quia
2106 1590 2161 1635 ut
2194 1581 2466 1636 tribulatio
2498 1582 2665 1650 possit
2694 1581 2944 1648 tolerari,
2989 1580 3237 1649 precibus
3291 1588 3375 1635 est
3413 1578 3546 1633 insi-

1954 1673 2223 1728 stendum.
2276 1674 2496 1729 Praestat
2541 1675 2685 1729 enim
2728 1674 2879 1729 vobis
2906 1674 3159 1729 auxilium
3202 1674 3254 1728 in
3294 1670 3547 1727 adversis

1958 1766 2133 1821 oratio
2175 1766 2410 1822 assidua.
2458 1768 2524 1821 Et
2565 1767 2687 1822 ideo
2732 1767 2977 1837 praecipit
3015 1767 3241 1822 orationi
3272 1767 3542 1821 insistere.

256 1859 461 1912 bueritis
490 1860 557 1911 ad
585 1858 818 1911 invicem.
846 1855 1135 1913 Sciendum
1175 1865 1258 1911 est
1295 1856 1438 1911 enim
1482 1855 1603 1924 quia
1647 1853 1841 1908 fratres
1873 1853 1921 1913 B
1955 1860 2023 1915 Et
2051 1860 2307 1914 Dominus
2338 1861 2390 1914 in
2421 1861 2751 1932 Evangelio:
2785 1860 2939 1916 Orate
2978 1878 3042 1915 ne
3078 1862 3170 1931 ﬁat
3216 1862 3343 1933 fuga
3380 1870 3549 1916 vestra

256 1950 455 2007 uterini
484 1949 535 2004 in
569 1959 771 2005 tantum
800 1964 860 2005 se
882 1950 1149 2019 diligunt,
1181 1957 1237 2002 ut
1264 1962 1399 2002 unus
1426 1961 1523 2015 pro
1552 1945 1657 1999 alio
1689 1945 1851 1998 morti

254 2058 320 2099 se
347 2043 539 2098 tradat.
588 2043 653 2096 Et
683 2044 727 2097 si
759 2041 832 2097 illi
860 2050 1067 2095 tantum
1108 2054 1167 2094 se
1206 2039 1469 2108 diligunt,
1513 2044 1711 2105 quanto
1741 2048 1854 2089 ma-

259 2140 342 2210 gis
373 2139 684 2209 spirituales
721 2154 779 2192 se
809 2137 1008 2191 debent
1046 2133 1311 2205 diligere!
1355 2133 1554 2188 Omnes
1595 2132 1736 2184 enim
1768 2143 1853 2183 re-

256 2230 465 2302 dempti
498 2232 551 2286 in
583 2228 798 2285 Christo
825 2228 1021 2283 fratres
1052 2243 1267 2291 sumus,
1317 2226 1546 2280 Domino
1591 2221 1805 2276 dicente
1835 2238 1848 2273 :

263 2324 456 2380 Omnes
506 2325 642 2380 enim
684 2340 772 2377 vos
822 2327 1007 2391 fratres
1060 2322 1198 2375 estis.
1246 2319 1322 2373 De
1362 2332 1463 2387 qua
1510 2315 1844 2370 fraternitate

263 2427 485 2474 sanctus
519 2416 681 2472 David
712 2416 880 2471 dicit:
912 2413 1045 2468 Ecce
1072 2429 1225 2483 quam
1264 2412 1454 2464 bonum
1491 2417 1538 2462 et
1578 2424 1731 2477 quam
1762 2408 1855 2476 ju-

259 2512 524 2577 cundum,
571 2510 800 2563 habitare
832 2510 1019 2580 fratres
1048 2508 1102 2560 in
1131 2504 1328 2559 unum!
1371 2503 1591 2558 Houone
1634 2514 1852 2554 mvrcsu

243 2611 709 2671 ‘runveutsmcs,
755 2604 808 2658 id
854 2612 936 2657 est
978 2599 1404 2655 antevenicntes.
1458 2596 1656 2651 Omnes
1707 2596 1853 2647 enim

265 2713 368 2753 nos
395 2698 622 2752 invicem
650 2696 873 2765 diligere
902 2694 1161 2749 debemus
1202 2699 1255 2747 et
1288 2692 1494 2745 honore
1525 2688 1844 2758 praevenire,

259 2799 486 2861 propter
532 2788 703 2843 illud:
748 2786 877 2841 Cum
916 2797 1125 2841 uocatus
1166 2786 1323 2856 {ueris
1364 2784 1432 2838 ad
1468 2783 1708 2854 nuptias,
1750 2797 1857 2835 non

259 2879 555 2935 discumbas
583 2882 636 2933 in
666 2880 899 2948 proximo
928 2879 1058 2931 loco.
1094 2877 1233 2931 Dicit
1266 2886 1318 2930 et
1347 2875 1471 2931 alibi
1500 2875 1640 2929 idem
1668 2891 1679 2927 :
1716 2873 1857 2927 Alter

259 2974 482 3030 alterius
505 2989 662 3027 onera
683 2979 882 3043 portate
900 3012 915 3034 ,
941 2980 987 3024 et
1012 2970 1085 3023 sic
1120 2967 1465 3038 adimplebitis
1510 2967 1668 3036 legem
1695 2965 1848 3019 Chri-

262 3067 356 3123 sti.
378 3065 494 3120 Non
516 3066 657 3120 enim
691 3062 855 3118 debes
884 3070 1196 3131 exspectare
1225 3070 1282 3115 ut
1324 3061 1442 3129 quis
1472 3066 1522 3112 te
1555 3061 1701 3126 prius
1729 3056 1854 3112 dili-

263 3168 391 3229 gat,
423 3157 515 3212 sed
549 3166 602 3210 tu
637 3156 813 3226 potius
856 3170 977 3210 eum
1019 3154 1183 3208 debes
1222 3153 1519 3223 praevenire
1561 3151 1853 3219 diligendo,

1956 1955 2116 2008 hieme
2144 1954 2219 2007 vel
2249 1953 2477 2008 sabbato.
2512 1955 2573 2008 Et
2603 1955 2792 2010 Petrus
2820 1973 2832 2009 :
2871 1954 3096 2027 Vigilate
3124 1957 3295 2025 itaque
3322 1964 3548 2023 orantes,

1957 2047 2095 2100 omni
2138 2056 2383 2114 tempore.
2430 2045 2883 2102 Necess‘trnteus
2927 2061 3239 2102 sauc'ronuu
3283 2061 3551 2101 connum-

1958 2154 2182 2194 csures.
2218 2139 2513 2206 Dupliciter
2542 2122 2763 2211 intelligi
2794 2151 2999 2210 potest,
3030 2143 3239 2197 scilicet
3278 2153 3337 2197 ut
3376 2143 3551 2198 sancti

1958 2231 2300 2297 tribulantur,
2337 2231 2413 2285 sic
2454 2247 2574 2285 cum
2619 2232 2725 2286 illis
2764 2233 3212 2301 contribulemur,
3240 2246 3461 2305 propter
3482 2235 3550 2291 il-

1959 2321 2047 2377 lud
2074 2338 2088 2376 :
2120 2322 2184 2378 Si
2218 2324 2467 2393 fuerimus
2494 2325 2621 2379 socii
2650 2328 2947 2394 passionum
2967 2366 2982 2393 ,
3031 2329 3183 2383 simul
3226 2339 3273 2383 et
3311 2345 3552 2386 resurre-

1959 2415 2142 2469 ctionis
2170 2418 2384 2469 erimus.
2421 2416 2487 2469 Et
2513 2416 2641 2472 illud
2674 2436 2685 2469 :
2718 2417 2946 2472 Scientes
2984 2419 3212 2473 eamdem
3254 2421 3551 2490 passionem

1958 2508 2002 2561 ei
2024 2548 2038 2574 ,
2059 2524 2171 2577 qua:
2198 2507 2250 2560 in
2279 2508 2473 2562 mundo
2499 2521 2602 2576 est,
2634 2525 2763 2564 vera:
2792 2510 3103 2577 fraternitati
3129 2512 3261 2577 ﬁeri.
3289 2511 3382 2567 Vel
3404 2519 3553 2568 certe

1960 2600 2025 2654 ad
2084 2599 2241 2653 fidem
2290 2600 2569 2655 venientes
2604 2643 2616 2664 ,
2671 2600 2917 2656 inﬁdeles
2961 2616 3148 2657 eorum
3194 2602 3551 2658 substantiam

1961 2693 2313 2762 diripiebant,
2362 2707 2495 2762 quos
2537 2693 2679 2750 idem
2730 2694 3022 2764 Apostolus
3061 2692 3280 2749 laudat:
3322 2693 3464 2748 Nam
3502 2701 3553 2751 et

1959 2787 2113 2840 uincti
2140 2787 2395 2854 compassi
2425 2788 2543 2841 estis
2566 2829 2581 2853 ,
2615 2796 2663 2841 et
2705 2787 2941 2856 rapinam
2984 2788 3232 2842 bonorum
3275 2797 3555 2842 uestrorum

1962 2899 2078 2935 cum
2110 2882 2298 2953 gaudio
2341 2882 2659 2949 suscepistis.
2700 2881 2963 2936 Hortabat
2990 2890 3015 2919 ι
3058 2893 3283 2937 caeteros
3324 2883 3556 2951 Aposto-

1961 2973 2045 3027 lus
2073 2991 2085 3025 :
2122 2973 2483 3027 liccat-domini
2514 2977 2734 3043 fratrum
2764 2973 2919 3047 [Cod.
2943 3015 2958 3041 ,
2991 2972 3266 3045 fratribus]
3292 2974 3381 3043 qui
3411 2983 3557 3027 erant

1962 3067 2014 3120 in
2041 3065 2357 3119 Jerusalem.
2390 3065 2539 3118 Sicut
2569 3073 2693 3119 tunc
2716 3106 2731 3130 ,
2765 3067 2835 3118 ita
2862 3074 2915 3119 et
2942 3080 3111 3131 nunc,
3146 3065 3557 3120 necessitatibus

1964 3167 2273 3212 sanctorum
2306 3156 2809 3211 communicandum
2840 3173 2853 3221 ;
2885 3156 2986 3211 hoc
3015 3166 3099 3212 est
3128 3156 3183 3211 in
3207 3158 3347 3223 cibo,
3378 3165 3432 3211 et
3462 3170 3556 3227 po-

266 3251 391 3321 quia
420 3252 465 3306 si
499 3260 550 3305 te
580 3249 718 3303 alim
750 3248 897 3318 prior
925 3246 1147 3317 diligat,
1179 3244 1290 3315 iam
1322 3260 1426 3299 non
1460 3254 1564 3297 tam
1610 3259 1857 3314 magnam
1890 3253 1936 3317 (ζ
1970 3260 2021 3306 ιιι
2046 3295 2060 3319 ,
2092 3260 2146 3305 ει
2178 3252 2517 3314 vestimento,
2544 3260 2599 3305 et
2627 3250 2678 3304 in
2711 3250 2957 3306 omnibus
2989 3267 3109 3319 qua:
3136 3250 3339 3321 indiget
3368 3252 3554 3308 frater.

268 3342 436 3396 habes
464 3340 789 3395 mercedem.
827 3338 889 3393 Si
923 3338 1057 3392 enim
1085 3337 1262 3408 diligis
1289 3352 1373 3390 eos
1399 3336 1489 3407 qui
1517 3344 1563 3389 te
1592 3334 1813 3405 diligunt
1839 3378 1854 3403 ,

266 3449 420 3502 quam
446 3432 728 3486 mercedem
759 3430 965 3485 habebis
990 3431 1013 3483 ?
1036 3445 1207 3485 nonne
1237 3430 1425 3483 ethnici
1454 3432 1551 3483 hoc
1581 3430 1776 3495 faciunt
1799 3430 1824 3482 ?

340 3528 751 3583 SOLLICITUDINE
798 3540 899 3581 non
950 3539 1109 3580 ptent.
1169 3525 1429 3594 Superius
1475 3523 1726 3589 dixerat,
1770 3522 1859 3592 qui

271 3629 453 3692 prwest
480 3620 533 3674 in
561 3619 937 3683 sollicitudine;
964 3627 1017 3672 et
1048 3617 1153 3685 hic,
1179 3616 1527 3670 sollicitudine
1554 3631 1657 3669 non
1700 3615 1858 3689 pigri.

273 3713 532 3784 Superius
553 3714 936 3777 admonuerat,
966 3711 1051 3766 hic
1082 3725 1273 3765 omnes
1304 3710 1569 3763 hortatur.
1600 3707 1704 3762 Sed
1732 3708 1859 3777 quid

272 3813 359 3861 est
385 3805 525 3875 quod
554 3804 714 3860 dicit:
743 3803 1106 3859 Sollicitudine
1132 3819 1232 3856 non
1259 3802 1393 3872 pigri
1412 3840 1428 3867 ,
1456 3816 1577 3855 cum
1604 3800 1862 3855 Dominus

271 3897 442 3955 dicat:
462 3898 640 3954 Nolite
657 3898 865 3952 solliciti
887 3899 1034 3951 esse?
1059 3896 1129 3951 Et
1148 3897 1261 3965 ipse
1283 3896 1407 3950 alibi
1434 3912 1447 3947 :
1476 3893 1631 3947 Nihil
1652 3894 1863 3948 solliciti

270 3992 410 4048 sitis.
438 3990 496 4046 In
528 3992 613 4047 his
638 3992 779 4047 enim
808 4006 928 4062 qua:
956 3990 1049 4045 Dei
1082 3998 1239 4055 sunt,
1270 4004 1391 4059 quae
1432 3990 1626 4042 animm
1669 4002 1860 4043 neces-

272 4084 414 4140 saria
457 4096 614 4152 sunt,
647 4100 753 4140 non
797 4084 964 4155 pigri,
1010 4098 1117 4138 non
1163 4083 1375 4138 solliciti
1417 4097 1537 4139 esse
1580 4082 1859 4151 debemus,

272 4177 483 4234 scilicet
514 4178 565 4231 in
590 4175 832 4248 jejuniis,
866 4178 918 4230 itt
946 4175 1140 4244 vigiliis
1160 4217 1174 4243 ,
1205 4184 1261 4232 et.
1288 4177 1561 4244 oratione,
1596 4186 1649 4229 et
1681 4176 1762 4229 his
1792 4175 1865 4230 si-

275 4270 513 4326 milibus.
546 4269 812 4325 Caeterum
847 4271 915 4324 de
948 4268 1269 4323 trausitoriis
1308 4278 1362 4321 et
1396 4268 1611 4322 caducis
1650 4266 1865 4322 solliciti

270 4377 396 4418 esse
423 4378 531 4416 non
560 4362 841 4417 debemus.
876 4363 1094 4417 SPIBITU
1127 4376 1469 4425 navemus;
1496 4360 1549 4414 id
1580 4371 1659 4414 est
1685 4362 1866 4415 calen-

277 4465 389 4520 tes,
421 4464 639 4526 propter
668 4456 797 4510 illud
826 4474 837 4510 :
868 4454 1077 4509 Utinam
1102 4456 1323 4526 [rigidus
1351 4470 1483 4509 esses
1512 4464 1602 4506 aut
1632 4454 1865 4508 calidus!

272 4551 364 4606 sed
392 4551 515 4620 quia
537 4550 739 4621 tepidus
766 4566 849 4615 es,
880 4549 1123 4616 incipiam
1154 4557 1199 4601 te
1238 4562 1463 4601 evomere
1504 4562 1567 4600 ea:
1605 4564 1690 4600 ore
1728 4562 1863 4602 meo.

1965 3344 2063 3410 Qui
2092 3345 2226 3398 enim
2253 3345 2481 3398 habuerit
2512 3343 2850 3398 substantiam
2879 3346 3089 3411 mundi,
3133 3354 3181 3399 et
3220 3346 3400 3400 viderit
3442 3347 3558 3416 fra-

1963 3449 2088 3493 trem
2115 3455 2264 3492 suum
2293 3440 2641 3494 necessitatem
2668 3438 2941 3506 patientem
2960 3479 2974 3503 ,
3006 3447 3051 3491 et
3083 3438 3325 3492 clauserit
3364 3438 3558 3492 viscera

1963 3548 2059 3585 sua
2089 3531 2150 3584 ab
2175 3547 2235 3585 eo
2255 3572 2271 3598 ,
2298 3532 2557 3602 quomodo
2586 3530 2811 3584 charitas
2845 3528 2941 3586 Dei
2973 3538 3143 3585 manet
3170 3532 3224 3584 in
3246 3532 3344 3586 eo?
3369 3532 3559 3588 Hosn-

1964 3639 2268 3679 TALITATEM
2314 3638 2636 3678 sparsuras.
2669 3622 2855 3691 Magna
2886 3624 3052 3678 virtus
3084 3631 3165 3677 est
3191 3624 3555 3694 hospitalitas.

1965 3715 2069 3770 Per
2099 3716 2233 3770 hanc
2263 3716 2477 3785 quidam
2524 3718 2836 3783 placuerunt
2884 3716 3029 3781 Deo,
3072 3716 3278 3787 angelis
3320 3716 3556 3787 hospitio

1966 3805 2200 3874 receptis
2226 3822 2240 3863 :
2274 3807 2413 3859 sicut
2438 3806 2709 3860 Abraham
2738 3805 2822 3859 vel
2850 3806 3016 3873 Loth,
3063 3784 3167 3876 qui?
3195 3784 3435 3877 piopterv
3456 3810 3554 3864 ho-

1968 3898 2313 3967 spitalitatem
2343 3897 2410 3952 de
2437 3897 2670 3953 Sodoma
2698 3899 2910 3954 liberari
2945 3912 3274 3955 meruerunt.
3298 3901 3553 3973 Legimus

1971 3988 2113 4044 enim
2157 3989 2297 4059 quod
2352 4006 2456 4044 non
2504 3990 2676 4044 solum
2724 3992 3001 4048 venientes
3045 3994 3404 4064 suscipiebat,
3454 3995 3554 4051 sed

1969 4082 2213 4137 trahebat
2244 4099 2257 4147 ;
2290 4082 2430 4137 unde
2459 4092 2513 4138 et
2541 4085 2766 4153 angelos
2795 4086 2843 4138 in
2880 4099 2978 4139 suo
3005 4085 3237 4156 hospitio
3276 4089 3556 4157 suscipere

1969 4176 2179 4229 meruit.
2216 4176 2311 4230 ilic
2339 4176 2497 4231 datur
2524 4177 2782 4247 intelligi,
2814 4179 2936 4247 quia
2967 4176 3208 4249 hospites
3249 4195 3355 4236 non
3378 4182 3555 4237 solum

1969 4270 2447 4337 iuvitaudi,verum
2472 4270 2629 4326 etiam
2665 4271 2908 4326 trahendi
2940 4282 3084 4327 sunt.
3114 4273 3251 4329 Inter
3280 4273 3560 4343 suscipere

1972 4359 2234 4428 hospitem
2276 4372 2329 4414 et
2372 4361 2786 4429 hospitalitatem
2830 4364 3058 4426 sectari,
3103 4364 3264 4418 multa
3304 4364 3560 4421 distantia

1972 4464 2073 4507 est.
2114 4453 2262 4507 Multi
2296 4454 2532 4524 hospites
2560 4454 2625 4509 ad
2672 4471 2731 4510 se
2769 4457 3048 4510 venientes
3089 4458 3421 4525 suscipiunt,
3460 4456 3560 4514 sed

1970 4558 2076 4597 non
2126 4553 2210 4599 est
2252 4546 2354 4598 hoc
2382 4546 2794 4614 hospitalitatem
2825 4548 3036 4601 sectari.
3071 4545 3175 4600 Sed
3205 4548 3291 4615 qui
3321 4548 3560 4604 circum-

276 4642 335 4698 ln
372 4642 564 4713 tepidis
595 4642 739 4698 enim
768 4652 1057 4695 nauseatur
1087 4640 1343 4693 Dominus
1364 4679 1379 4705 ,
1412 4638 1462 4692 in
1487 4637 1695 4707 frigidis
1726 4638 1863 4706 iuju-
1891 4641 1945 4703 1)
1969 4645 2097 4690 eunt
2146 4636 2291 4689 vicos
2332 4645 2386 4690 et
2433 4637 2666 4704 plateas,
2700 4637 2894 4691 invitos
2929 4639 3198 4693 trahentes
3228 4640 3466 4708 hospites
3493 4640 3563 4696 ad

274 4737 412 4792 riam
460 4736 682 4806 patitur,
726 4735 779 4789 in
825 4733 1153 4788 ferventibus
1196 4731 1477 4786 inhabitat.
1518 4729 1683 4785 Judas
1724 4731 1867 4783 enim

277 4828 406 4901 quia
435 4829 643 4891 tepidus
684 4835 837 4893 erat,
881 4825 1121 4880 evomuit
1156 4839 1279 4878 eum
1322 4824 1484 4877 Deus.
1533 4822 1678 4877 Sicut
1724 4821 1868 4875 enim

276 4935 559 4977 succensae
607 4919 728 4974 ollae
769 4934 873 4973 non
921 4919 1354 4986 appropinquant
1396 4929 1631 4980 muscus,
1675 4913 1871 4982 tepida:

277 5029 408 5070 vero
456 5012 871 5082 superinsedunt
924 5008 1056 5082 (Ita
1088 5010 1203 5063 cod.
1238 5007 1291 5078 ),
1336 5008 1412 5063 sic
1459 5009 1545 5077 qui
1600 5005 1871 5061 ferventes

277 5111 404 5158 sunt
430 5103 483 5156 in
515 5103 610 5157 illo
640 5103 759 5173 igne
780 5145 796 5171 ,
831 5101 899 5156 de
929 5115 1034 5170 quo
1064 5099 1321 5154 Dominus
1352 5099 1479 5153 dicit
1507 5116 1518 5150 :
1552 5095 1731 5170 Ignem
1758 5099 1869 5152 ueni

277 5196 478 5249 mittere
524 5196 576 5248 in
620 5204 842 5258 terram,
874 5201 922 5246 et
961 5192 1082 5261 quid
1125 5192 1239 5245 volo
1285 5190 1382 5245 nisi
1422 5197 1477 5242 ut
1518 5190 1871 5243 accendatur?

279 5289 384 5343 illis
435 5287 863 5357 appropinquare
920 5302 1024 5339 non
1080 5284 1284 5339 audent
1336 5282 1556 5351 maligni
1607 5282 1866 5351 spiritus,

282 5378 524 5447 tepidum
558 5393 687 5434 vero
717 5377 969 5432 illudunt.
1003 5375 1071 5431 Et
1103 5375 1221 5430 ideo
1272 5375 1326 5428 in
1368 5375 1508 5429 bono
1549 5389 1715 5443 opere
1762 5388 1868 5429 non

282 5472 479 5540 tepidi,
533 5472 628 5527 sed
675 5470 949 5528 ferventes
1000 5485 1121 5525 esse
1160 5469 1436 5525 debemus.
1493 5468 1699 5524 Doutuo
1746 5484 1872 5523 ssu-

284 5576 515 5618 VIBNTES
540 5606 554 5631 ,
590 5561 643 5617 id
670 5572 750 5619 cst
777 5563 891 5631 ejus
923 5561 1203 5632 praeceptis
1232 5561 1565 5615 obedientes.
1600 5561 1704 5615 Sre
1735 5576 1866 5617 csu-

281 5670 510 5713 nsu'rss.
539 5655 647 5726 Spe
672 5657 867 5728 gaudet
891 5657 982 5727 qui
1016 5671 1123 5711 non
1160 5655 1377 5726 reSpicit
1418 5671 1479 5710 ea
1524 5672 1643 5725 qua:
1685 5654 1867 5721 videt,

242 5790 247 5797 .
287 5746 386 5804 sed
417 5749 652 5804 futurum
685 5759 958 5818 exspectat
985 5748 1257 5821 gaudium.
1289 5747 1420 5820 Spes
1459 5748 1594 5803 enim
1636 5764 1751 5819 qua:
1792 5748 1867 5801 vi-

1975 4728 2191 4782 domum
2222 4741 2370 4781 suam
2394 4772 2407 4796 ,
2440 4729 2529 4781 isti
2563 4737 2685 4781 sunt
2709 4738 3006 4785 sectatores
3030 4729 3424 4798 hospitalitatis;
3456 4732 3564 4789 Ha-

1974 4819 2165 4873 bemus
2220 4820 2361 4871 enim
2414 4817 2670 4887 scriptum
2714 4820 2854 4889 quod
2902 4822 3007 4877 duo
3056 4822 3302 4892 discipuli
3351 4823 3565 4880 Domini

1976 4924 2097 4962 euut
2130 4908 2195 4962 ad
2232 4908 2521 4977 hospitium
2554 4922 2842 4981 cogentes,
2890 4912 2942 4966 in
2985 4913 3245 4969 fractiwne
3285 4918 3436 4985 panis
3471 4932 3563 4972 co-

1975 5013 2238 5070 gnoscere
2268 5012 2606 5068 meruerunt,
2653 5019 2809 5071 quem
2851 5020 2944 5073 per
2984 5015 3152 5060 totum
3199 5008 3431 5078 spatium
3474 5010 3567 5064 iti-

1980 5092 2124 5145 neris
2172 5107 2276 5146 non
2327 5105 2709 5162 cognoverant.
2762 5097 3029 5167 Scriptum
3080 5111 3164 5155 est
3208 5104 3391 5156 enim:
3438 5102 3567 5158 Non

1978 5185 2240 5238 auditores
2270 5186 2395 5255 legis
2417 5188 2551 5258 justi
2581 5199 2703 5241 sunt
2734 5192 2871 5260 apud
2909 5190 3107 5260 Deum,
3133 5195 3223 5247 sed
3251 5202 3297 5247 et
3341 5194 3567 5263 factores

1979 5276 2102 5349 legis
2137 5280 2582 5352 justiﬁcabuntur.
2636 5282 2769 5337 Hinc
2812 5282 3073 5339 Dominus
3119 5285 3170 5337 iu
3223 5285 3330 5338 ﬁne
3377 5287 3563 5343 dicet:

1984 5371 2182 5442 Hospes
2214 5374 2313 5442 fui,
2346 5382 2391 5425 et
2423 5377 2716 5443 suscepistis
2745 5393 2844 5431 me.

2050 5465 2380 5520 BENEDICITB
2405 5482 2856 5530 PERSEQUENTIBUS
2878 5484 2991 5536 VOS,
3019 5484 3338 5526 BENEDICITB
3371 5488 3439 5527 ΕΤ
3464 5487 3565 5529 N0-
3614 5504 3621 5509 ί

1976 5573 2096 5611 ure
2127 5573 2488 5614 ωΑιεοιειιιε.
2534 5561 2709 5629 Ipsum
2753 5570 2833 5615 est
2858 5562 2996 5630 quod
3032 5570 3086 5616 ct
3119 5562 3372 5618 Dominus
3395 5564 3565 5623 dicit:

1985 5648 2141 5703 Orate
2169 5666 2262 5723 pro
2299 5651 2707 5722 persequentibus
2742 5662 2788 5706 et
2825 5654 3253 5709 calumniantibus
3304 5671 3408 5711 vos.
3455 5656 3571 5718 Hoc

1979 5744 2123 5799 enim
2146 5752 2201 5799 et
2230 5745 2345 5813 ipse
2368 5744 2515 5814 prior
2552 5743 2698 5812 fecit,
2741 5744 2956 5815 quando
2984 5744 3039 5803 in
3071 5760 3231 5803 cruce
3261 5761 3359 5822 pro
3391 5748 3567 5814 cruci-

361 5891 387 5920 ἰ
429 5882 506 5938 Ita
539 5883 700 5940 etiam
740 5886 928 5943 Cicero
966 5901 1063 5955 pro
1099 5885 1294 5942 Archia
1322 5885 1495 5941 Class.
1542 5885 1671 5952 AA,
1713 5891 1753 5939 t.
1785 5882 1861 5953 ll,
1902 5896 2026 5956 pag.
2054 5876 2182 5938 248.
