4042 6348
551 425 658 485 819

1972 416 2387 478 LUCULENTll

3643 422 3652 428 ’
3726 415 3823 473 320

550 539 842 610 ﬂuentibus
887 551 946 594 se
973 538 1183 609 rogavit
1209 537 1446 600 Patrem,
1470 536 1692 592 dicens:
1723 535 1903 603 Pater,
1932 537 2137 606 ignosce
2165 544 2216 595 Α
2245 534 2438 587 talibus
2487 530 2718 587 ﬂendum
2767 543 2870 599 est,
2921 534 3045 605 quia
3097 530 3355 600 scriptum
3381 539 3468 586 est
3495 545 3514 582 :
3563 511 3712 588 Beati
3738 534 3821 604 qui

551 632 678 697 illis,
711 649 812 686 non
843 632 976 686 enim
1007 632 1171 684 sciunt
1194 630 1316 700 quid
1345 631 1561 701 faciunt.
1614 631 1763 686 Sicut
1791 639 1843 684 et
1887 645 1983 685 nos
2032 628 2134 682 ini-

532 724 707 781 .micis
729 724 923 778 nostris
954 723 1150 778 bonum
1182 723 1358 792 potius
1383 738 1539 791 quam
1573 723 1768 776 m'.|utn
1795 721 2016 776 reddere
2044 724 2135 774 de-

551 814 763 876 bemus.
800 824 1015 884 propter
1039 813 1166 870 illud
1197 815 1337 882 quod
1369 823 1547 868 monet
1593 813 1785 867 Petrus
1813 833 1826 868 :
1865 813 1985 869 Non
2012 816 2132 868 red-

553 905 731 959 dentes
759 904 951 958 malum
998 920 1093 976 pro
1123 907 1280 969 malo,
1341 921 1431 958 nec
1481 906 1805 958 maledictum
1852 921 1945 974 pro
1977 906 2135 959 male-

553 996 716 1061 dicto,
759 996 848 1049 sed
893 1011 920 1048 e
967 997 1226 1048 contrario
1275 996 1640 1049 benedicentes.
1685 996 1829 1049 Multi
1883 1005 2008 1051 sunt
2046 996 2136 1064 qui

551 1102 662 1144 non
694 1087 1036 1154 maledicunt,
1072 1087 1165 1142 sed
1193 1102 1223 1142 e
1264 1091 1481 1158 regione
1530 1086 1874 1140 benedicunt.
1921 1089 2008 1142 lsu
2036 1088 2134 1142 im-

550 1176 702 1250 plent
728 1179 948 1246 apostoli
976 1178 1124 1232 Pauli
1179 1188 1500 1247 prmeeptum
1529 1197 1541 1232 :
1586 1177 1844 1232 Caunum:
1873 1195 1975 1233 cui:
2005 1195 2137 1238 cau-

553 1284 832 1336 DIN‘HBUS,
875 1284 1046 1327 usus
1084 1287 1188 1325 cuu
1241 1288 1546 1327 FLENTIBUS.
1595 1272 1883 1326 Evidenter
1914 1288 2138 1342 percun-

552 1361 805 1418 ctaudurn
851 1373 934 1417 est
971 1378 1093 1417 cum
1136 1366 1327 1433 quibus
1381 1365 1740 1433 gaudendum,
1775 1382 1894 1420 cum
1947 1368 2136 1435 quibus

550 1451 624 1507 sit
643 1450 900 1508 ﬂendum.
929 1454 1044 1510 Νοη
1075 1468 1153 1510 est
1176 1459 1510 1527 gaudendum
1542 1475 1660 1512 cum
1686 1459 1768 1512 bis
1794 1457 1882 1529 qui
1906 1461 2140 1529 gaudent

549 1543 607 1600 in
636 1537 1200 1615 acquisitione‘rerum
1235 1553 1627 1621 temporalium,
1673 1552 1724 1606 in
1752 1554 1900 1623 copia
1931 1557 2043 1610 auri
2085 1567 2139 1611 et

551 1638 781 1708 argenti,
813 1649 866 1694 et
907 1639 959 1692 in
1012 1652 1292 1697 venustate
1321 1645 1622 1704 mulierum.
1676 1645 1728 1699 in
1764 1648 2137 1715 procreatinne

550 1715 804 1802 ﬁliorum,
830 1730 918 1799 qui
938 1730 1184 1784 laetantur
1211 1749 1329 1789 cum
1356 1733 1493 1788 male
1524 1733 1770 1801 fecerint,
1793 1747 1846 1790 et
1868 1741 2140 1795 exsultant

552 1821 612 1878 in
639 1825 803 1879 rebus
832 1825 1097 1894 pessimis.
1125 1827 1256 1881 Cum
1287 1828 1374 1882 his
1424 1830 1614 1884 talibus
1644 1846 1748 1885 non
1791 1843 1868 1886 est
1901 1835 2136 1904 gauden-

2237 627 2428 696 lugent,
2456 627 2695 690 quoniam
2725 627 2823 698 ipsi
2864 627 3284 680 consolabuntur.
3329 621 3522 681 Melius
3557 632 3629 676 est
3662 624 3734 676 ire
3758 623 3821 676 ad

2236 718 2445 772 domum
2475 721 2657 785 luctus,
2691 734 2844 788 quam
2873 719 2940 772 ad
2968 718 3174 772 domum
3196 714 3395 787 gaudii,
3435 715 3655 768 convivii
3682 715 3820 767 exul-

2239 811 2392 864 tantis
2425 810 2601 882 [Cod.,
2629 811 2728 863 cibi
2757 807 2952 880 tantis].

2314 905 2522 960 lnlrsuu
2554 917 2763 958 INVICBI
2795 914 3145 957 scarus-rus.
3199 897 3323 954 llaec
3351 896 3620 956 sententia
3652 895 3705 949 in
3742 909 3827 950 su-

2235 999 2459 1074 perﬁcie
2487 996 2768 1052 obscurior
2798 994 3010 1050 videtur
3038 991 3282 1056 caeteris;
3332 998 3574 1043 attamen
3605 988 3828 1058 idipsum

2238 1091 2470 1146 invicem
2522 1090 2724 1143 sentire
2753 1086 3036 1151 debemus,
3093 1083 3236 1154 quod
3260 1083 3471 1165 variare
3525 1097 3635 1135 non
3695 1081 3832 1146 licet,

2240 1187 2448 1241 scilicet
2497 1181 2639 1253 quod
2687 1181 2856 1248 sentis
2897 1179 2964 1236 de
2997 1180 3174 1244 Patre,
3209 1177 3311 1232 hoc
3337 1177 3402 1232 de
3425 1173 3585 1241 Filio,
3622 1175 3728 1229 hoc
3772 1173 3832 1228 de

2241 1276 2444 1345 Spiritu
2473 1284 2681 1330 sancto.
2731 1274 2883 1329 Sicut
2926 1272 3093 1326 habes
3145 1272 3196 1325 in
3231 1269 3436 1344 psalmo
3471 1288 3482 1320 :
3520 1265 3587 1320 In
3630 1271 3832 1337 pacein

2241 1371 2486 1439 idipsum,
2519 1368 2836 1424 obdormiam
2865 1373 2909 1420 et
2935 1365 3271 1436 requiescam.
3322 1359 3505 1416 Potest
3556 1360 3724 1414 aliter
3754 1359 3831 1412 in-

2243 1461 2434 1530 telligi,
2464 1458 2605 1530 quod
2637 1457 2771 1514 dicit
2796 1457 3027 1525 idipsum
3051 1496 3065 1520 ,
3094 1454 3299 1509 scilicet
3319 1463 3375 1507 ut
3407 1447 3694 1506 unanimes
3739 1466 3834 1503 una

2242 1556 2517 1610 Voluutute
2541 1554 2732 1619 simus,
2763 1551 2896 1606 sicut
2919 1552 2985 1605 de
3027 1547 3294 1624 primuiva
3326 1546 3568 1602 Ecclesia
3593 1543 3652 1599 in
3694 1535 3834 1599 Acti-

2241 1647 2341 1702 bus
2373 1647 2779 1718 apostolorum:
2812 1641 2939 1698 Erat
2967 1645 3074 1697 illis
3119 1659 3206 1696 cor
3231 1658 3389 1694 unum
3422 1649 3468 1693 et
3497 1639 3677 1692 anima
3718 1654 3835 1692 una.

2247 1740 2314 1796 Ut
2340 1741 2606 1794 unanimes
2649 1755 2752 1794 uno
2807 1754 2893 1793 ore
2944 1738 3290 1806 honori/iretis
3339 1735 3503 1792 Deum
3534 1745 3580 1821 et
3633 1734 3838 1814 Patrem

2244 1830 2456 1886 Domini
2498 1831 2658 1884 nostri
2688 1827 2814 1883 Jcsu
2841 1827 3046 1884 Christi.
3088 1827 3178 1882 Vel
3205 1836 3352 1888 certe
3386 1826 3455 1881 de
3483 1825 3835 1883 tribulationi-

557 1913 705 1982 dum,
753 1916 871 1986 quia
902 1918 969 1972 de
1011 1919 1093 1973 his
1134 1921 1386 1990 scriptum
1414 1930 1532 1976 est:
1572 1921 1658 1976 Va:
1683 1926 1818 1978 vobis
1847 1928 1934 1997 qui
1962 1929 2140 1982 ridetis
2169 1907 2217 1970 Β
2245 1923 2346 1979 bus
2377 1922 2597 1994 intelligi
2643 1930 2819 1992 potest
2847 1921 2901 1976 in
2929 1920 3304 1990 compatiendo
3329 1919 3561 1986 caeteris,
3586 1923 3732 1976 sicut
3756 1937 3836 1976 su-

554 2024 693 2091 nune
716 2001 738 2061 !
762 2010 881 2078 quia
914 2001 1144 2082 lugebitis
1162 2023 1207 2067 et
1235 2015 1441 2084 flebitis.
1466 2016 1569 2071 Sed
1615 2033 1737 2071 cum
1772 2018 1874 2074 illis
1903 2029 1985 2075 est
2011 2036 2141 2091 gau-

525 2081 792 2156 dendum
826 2104 913 2174 qui
944 2081 1176 2174 gaudent
1207 2081 1304 2177 pro
1349 2123 1445 2178 spe
1491 2110 1610 2164 vitm
1657 2123 1890 2177 aeternae,
1947 2081 2140 2182 quibus

552 2192 683 2246 dicit
712 2193 1004 2250 Dominus:
1056 2195 1305 2267 Gaudete,
1336 2202 1456 2270 quia
1488 2205 1696 2256 no‘lnina
1741 2213 1905 2259 vestra
1946 2206 2140 2276 scripta

553 2293 670 2337 sunt
702 2287 753 2338 in
785 2288 926 2341 caelo.
963 2285 1059 2342 Vel
1091 2306 1210 2343 cum
1239 2291 1316 2345 eis
1353 2293 1442 2361 qui
1474 2293 1522 2346 in
1564 2294 2025 2361 persecutionibus
2060 2312 2141 2365 po-

552 2373 641 2429 siti
695 2378 944 2444 gaudent,
997 2389 1240 2444 tenentes
1296 2385 1528 2453 apostoli
1582 2385 1767 2440 Jacobi
1814 2400 2137 2458 przrceptum

548 2463 638 2537 qui
667 2465 801 2521 dicit
831 2487 844 2526 :
882 2470 996 2523 0m:
1019 2489 1044 2524 e
1071 2474 1317 2541 gaudium
1347 2478 1628 2530 existimate
1654 2495 1771 2545 vos,
1796 2483 1983 2547 fratres
2020 2483 2136 2546 mei,

550 2559 735 2610 cumin
758 2561 909 2614 variis
941 2564 1299 2641 tentationibus
1321 2568 1621 2627 incideritis.
1649 2569 1865 2624 'l‘alibus
1885 2571 2139 2628 Dominus

551 2648 728 2732 dicit:
772 2648 968 2705 Iterum
1019 2655 1195 2707 videbo
1245 2673 1350 2724 vos,
1406 2669 1454 2712 et
1502 2662 1740 2732 gaudebit
1775 2679 1863 2717 cor
1898 2676 2135 2719 vestrum.

551 2730 816 2794 Flentium
871 2759 1084 2813 quoque
1137 2761 1242 2800 neu
1302 2763 1419 2802 cum
1474 2730 1580 2806 illis
1611 2756 1810 2824 estqui
1857 2755 2040 2811 dolent
2087 2760 2137 2812 in

551 2830 841 2886 aruissiune
871 2849 1071 2898 rerum,
1099 2837 1149 2890 in
1175 2848 1349 2894 morte
1381 2855 1687 2910 parentum,
1738 2845 1833 2901 sed
1880 2865 1998 2902 cum
2033 2852 2140 2906 illis

525 2918 682 2973 'ﬂere
710 2919 989 2990 debemus,
1024 2926 1112 2993 qui
1137 2930 1348 2998 prOpria
1401 2943 1615 3001 peccata
1663 2933 1968 3005 deplorant,
1998 2954 2142 2994 con-

549 3015 697 3068 versi
745 3015 1040 3097 ad'ﬁdem,
1098 3021 1240 3088 quod
1288 3025 1532 3091 nequiter
1580 3037 1804 3098 egerunt
1852 3031 2136 3093 dellentes.

551 3105 689 3165 sicut
714 3109 801 3164 ille
833 3107 1060 3166 faciebat
1089 3114 1178 3182 qui
1208 3114 1419 3170 dicebat
1447 3135 1460 3170 :
1496 3117 1605 3191 Ego
1645 3123 1781 3174 enim
1829 3140 1944 3176 sunt
1990 3125 2141 3178 mini-

547 3216 662 3286 mus
688 3206 1056 3272 apostolorum,
1109 3208 1196 3274 qui
1223 3225 1327 3262 non
1353 3226 1468 3264 sum
1517 3211 1700 3282 dignus
1730 3218 1902 3270 vocari
1930 3227 2138 3286 aposto-

549 3281 654 3360 lus,
697 3300 936 3365 quoniam
959 3309 1249 3368 persecutus
1276 3317 1391 3356 sum
1429 3281 1716 3360 Ecclesium
1746 3306 1862 3364 Dei.
1893 3281 2024 3364 Cum
2053 3312 2134 3366 his
2163 3295 2210 3366 (ἶ

2243 2033 2380 2089 pra:
2415 2016 2656 2072 Gaudere
2699 2032 2814 2070 cum
2843 2017 3206 2088 gaudentibus,
3231 2019 3356 2088 flere
3395 2032 3512 2070 cum
3555 2015 3835 2090 ﬂentibus:

2242 2111 2287 2166 si
2309 2111 2432 2182 quid
2454 2112 2648 2180 patitur
2688 2127 2845 2164 unum
2895 2110 3198 2178 membrum,
3243 2110 3633 2180 compatiuntur
3674 2113 3836 2162 omnia

2243 2203 2470 2258 membra
2502 2219 2520 2256 :
2549 2213 2594 2258 et
2624 2203 2668 2258 si
2717 2204 2967 2274 fuerimus
2997 2203 3124 2256 socii
3159 2203 3438 2273 passionis,
3465 2203 3628 2257 simul
3659 2211 3706 2256 et
3731 2216 3836 2255 cos-

2242 2298 2508 2352 solutionis
2533 2296 2742 2350 erimus.
2775 2293 2888 2350 Non
2931 2312 3070 2351 sura
3117 2311 3419 2362 SAPIENTES,
3465 2311 3566 2351 suo
3621 2311 3835 2350 ntllLu

2245 2406 2640 2446 BESPICIINTES.
2691 2390 2823 2456 Quia
2852 2390 3082 2468 superbis
3122 2390 3256 2446 Deus
3305 2391 3514 2454 resistit,
3559 2391 3835 2443 humilibus

2242 2496 2416 2540 autem
2443 2483 2532 2537 dat
2563 2484 2804 2554 gratiam.
2832 2482 2901 2537 Et
2926 2483 3050 2538 alibi
3074 2483 3331 2552 scriptum
3375 2491 3457 2536 est
3485 2498 3500 2534 :
3537 2484 3662 2552 quia
3692 2471 3833 2534 radis

2242 2579 2470 2632 omnium
2494 2577 2752 2631 malorum
2782 2585 2856 2632 est
2887 2577 3144 2644 superbia.
3172 2577 3240 2632 Et
3279 2576 3561 2632 Psalmista
3599 2596 3612 2629 :
3647 2578 3767 2630 Alta
3803 2591 3832 2627 α

2245 2671 2392 2742 longe
2421 2671 2674 2740 agnoscit,
2714 2668 2764 2722 id
2788 2678 2868 2726 est
2894 2668 3224 2740 superbiam.
3260 2668 3325 2724 Et
3356 2668 3478 2724 ideo
3524 2668 3686 2738 juxta
3714 2682 3833 2737 apo-

2240 2763 2361 2817 stoli
2395 2762 2536 2817 Petri
2577 2773 2932 2833 praeceptum,
2987 2761 3258 2816 humiliari
3312 2776 3412 2816 nos
3460 2761 3725 2818 debemus
3769 2764 3818 2816 in

2240 2868 2530 2925 conspectu
2561 2855 2677 2912 Dei.
2713 2855 2972 2912 Dominus
3011 2855 3154 2910 enim
3201 2855 3280 2910 sic
3324 2854 3401 2910 ait
3433 2870 3449 2908 :
3479 2854 3655 2926 Super
3692 2869 3832 2925 quem

2242 2951 2574 3017 requiescam,
2600 2949 2698 3003 nisi
2727 2963 2880 3018 super
2923 2948 3167 3002 humilem
3197 2956 3246 3001 et
3273 2947 3522 3022 quietum,
3552 2956 3602 3000 et
3624 2957 3833 3008 tremen-

2243 3050 2342 3095 tem
2370 3041 2516 3094 verba
2546 3040 2706 3094 mea?
2737 3040 2842 3093 Et:
2878 3037 3068 3094 Discite
3096 3056 3129 3094 α
3163 3055 3242 3092 me
3265 3040 3389 3109 quia
3439 3038 3577 3093 mitis
3621 3055 3737 3093 sum
3791 3045 3832 3106 et

2242 3133 2450 3190 humilis
2493 3134 2667 3188 sorde.
2697 3132 2955 3206 Superbia
3005 3132 3074 3188 de
3101 3131 3311 3202 angelis
3361 3131 3638 3189 daemones
3687 3132 3830 3198 fecit,

2244 3226 2518 3282 humilitas
2542 3223 2674 3281 vero
2702 3226 2772 3281 de
2814 3223 3122 3280 hominibus
3150 3223 3390 3297 angelos.

554 3441 561 3463 ,
2771 3441 2776 3444 .
3239 3451 3242 3454 _
3303 3451 3306 3456 ,

2119 3579 2273 3708 V.

524 3790 765 3858 Lectio
811 3789 1111 3870 Epistulae
1157 3792 1327 3853 beati
1372 3791 1549 3855 Pauli
1595 3791 1870 3871 apostoli
1903 3792 2336 3935 addRoman‘os
2386 3797 2552 3876 (xu.
2585 3795 2733 3858 16H
2769 3796 3050 3870 Fratres,
3093 3791 3292 3859 nolite
3333 3809 3456 3860 esse
3496 3790 3826 3873 prudentes

1847 3890 1968 3935 anu
2049 3892 2248 3935 vosme
2282 3895 2451 3935 80308

1847 3890 2014 3950 apud
2049 3890 2451 3952 vosmetipsos

1725 3995 2165 4054 CDMMENTUM
2203 3999 2638 4056 LUOULENTII.

622 4135 890 4203 Superiori
921 4123 1152 4202 capitulo
1180 4135 1391 4189 dixerat
1419 4152 1432 4189 :
1469 4132 1590 4188 Non
1620 4135 1728 4188 alta
1755 4135 2035 4205 sapientes,
2085 4136 2136 4190 id

546 4211 629 4286 est
654 4227 904 4299 superba.
937 4221 1165 4283 Subdit:
1218 4216 1420 4284 Noun:
1463 4244 1588 4282 esse
1633 4245 1947 4283 enuniamss
1999 4244 2132 4285 aruo

543 4315 917 4377 vosusrlpsos.
951 4319 1090 4373 Duas
1121 4317 1365 4374 novimus
1415 4317 1742 4388 prudentias,
1776 4320 1866 4373 Dei
1916 4331 1966 4373 et
2016 4319 2130 4383 dia-

2243 4133 2339 4202 dit,
2367 4131 2502 4191 ﬁlius
2525 4145 2607 4194 est
2633 4123 2788 4204 Adae;
2811 4137 2904 4208 qui
2927 4133 3122 4205 bonum
3153 4154 3252 4211 pro
3273 4139 3439 4206 bono,
3470 4133 3614 4193 lilius
3636 4147 3719 4193 est
3743 4138 3833 4193 ho-

2238 4229 2427 4294 minis;
2451 4230 2540 4300 qui
2567 4231 2762 4284 malum
2812 4245 2906 4299 pro
2931 4221 3094 4297 bono,
3131 4227 3269 4284 ﬁlius
3300 4240 3382 4286 est
3430 4227 3630 4286 diaboli
3656 4249 3667 4282 :
3697 4231 3835 4285 sicut

2236 4321 2404 4377 Judaei
2429 4323 2620 4392 quibus
2644 4322 2900 4377 Dominus
2921 4321 3099 4376 multa'
3117 4321 3253 4376 bona
3279 4338 3443 4400 opera
3473 4324 3711 4377 ostendit
3744 4337 3837 4391 pro

539 4411 670 4478 ltili,
707 4414 887 4468 eurnis
914 4421 968 4469 et
1019 4411 1260 4481 spiritus.
1314 4405 1387 4466 De
1419 4409 1700 4479 prudentia
1734 4411 1823 4465 Dei
1844 4409 1988 4466 idem
2018 4412 2134 4481 ipse
2161 4483 2190 4485 _
2231 4415 2424 4485 quibus
2457 4414 2773 4469 occiderunt
2802 4430 2945 4469 eum.
2973 4413 3036 4469 Et
3069 4415 3190 4469 ideo
3231 4411 3325 4469 lilii
3352 4413 3551 4470 diaboli
3580 4409 3835 4485 appellati

539 4503 668 4561 dl°eit
701 4524 713 4559 :
744 4503 918 4567 Estote
957 4505 1234 4572 prudentes
1264 4505 1395 4558 sicut
1447 4517 1721 4572 serpentes.
1751 4502 1825 4556 De
1851 4505 2124 4571 prudentia
2155 4483 2209 4543 D
2232 4483 2379 4573 sunt,
2411 4507 2638 4561 Domino
2661 4507 2737 4562 eis
2758 4506 2971 4563 dicente
2996 4526 3009 4562 ε
3037 4499 3142 4563 Vos
3165 4525 3228 4562 ex
3252 4519 3394 4590 patre
3419 4483 3671 4564 diaboli"
3692 4511 3834 4564 estis.

538 4598 716 4655 carnis
745 4597 881 4652 idem
928 4597 1204 4667 apostolus
1232 4595 1400 4650 dicit:
1456 4593 1740 4650 Prudentia
1771 4597 1941 4649 carnis
1987 4612 2122 4650 mors

537 4701 651 4758 est;
677 4701 767 4747 et:
802 4685 889 4744 Va:
918 4690 1004 4757 qui
1030 4689 1280 4758 sapientes
1309 4688 1430 4741 estis
1458 4688 1512 4740 in
1540 4685 1703 4741 oculis
1734 4690 1933 4752 vestris,
1963 4700 2012 4740 et
2040 4703 2126 4741 co-

539 4801 656 4844 ram
700 4781 1066 4852 nobismetipsis
1099 4781 1373 4850 prudentes
1392 4778 1412 4831 !
1439 4777 1501 4832 Et
1543 4776 1833 4832 notandum
1864 4777 1988 4846 quia
2018 4794 2124 4834 non

536 4877 672 4933 dixit
714 4879 942 4944 tantum,
975 4876 1132 4929 nolite
1167 4891 1276 4930 esse
1318 4877 1630 4940 prudentes;
1678 4876 1772 4930 sed
1827 4889 1948 4930 cum
1980 4875 2126 4932 onmi

538 4969 946 5036 additamenta,
998 4968 1136 5039 apud
1175 4969 1528 5036 vosmetipsos.
1581 4967 1732 5036 Apud
1776 4969 2121 5038 semetipsum

543 5063 781 5135 prudens
803 5075 882 5117 est
911 5064 1000 5117 ille
1016 5061 1107 5131 qui
1136 5061 1315 5116 ulcisci
1340 5077 1397 5116 se
1422 5062 1533 5115 vult
1553 5061 1618 5116 de
1644 5061 1859 5124 initnico
1889 5077 2007 5128 suo,
2033 5063 2121 5134 qui

533 5153 875 5213 maledicenti
911 5169 971 5208 se
995 5153 1343 5219 remaledicit,
1369 5154 1753 5223 percutientem
1780 5168 1837 5208 se
1872 5156 2120 5223 percutit.

531 5251 630 5305 llic
655 5249 775 5302 talis
804 5247 943 5318 apud
973 5249 1322 5316 semetipsum
1355 5246 1597 5315 prudens.
1615 5257 1722 5300 est.
1752 5245 1859 5300 Nos
1885 5245 2122 5315 pruden-

530 5341 659 5393 tiam
695 5339 887 5393 animas
915 5348 1102 5394 tenere
1138 5331 1417 5403 debemus,
1451 5345 1507 5390 ut
1549 5337 1814 5405 possimus
1864 5339 2120 5392 resistere

531 5435 675 5486 melo
701 5449 714 5497 ς
747 5431 1082 5498 prudentiam
1110 5433 1288 5485 carnis
1318 5442 1674 5501 nequaquam,
1702 5439 1870 5485 utnos
1896 5429 2121 5485 ulcisca-

533 5541 671 5577 mur.
692 5523 854 5579 NULLI
877 5541 1053 5578 MALL'M
1069 5539 1168 5577 PRO
1191 5541 1330 5578 uano
1346 5524 1860 5579 nsooeu'rss.Nullus
1877 5536 2118 5578 nostrum

530 5617 728 5671 malum
762 5634 861 5688 pro
886 5619 1024 5670 malo
1043 5615 1269 5670 reddere
1292 5617 1547 5672 debemus
1571 5614 1797 5690 [debet],
1823 5617 1914 5670 sed
1945 5619 2118 5686 potius

511 5711 631 5780 pro
661 5711 800 5763 malo
828 5709 1027 5764 bonum
1054 5727 1066 5760 :
1097 5720 1313 5780 pt'bpter
1333 5710 1462 5765 illud
1490 5730 1500 5764 :
1531 5710 1686 5764 Orate
1704 5726 1798 5781 pro
1821 5725 2116 5780 persequen-

529 5795 666 5856 tibus
687 5812 734 5855 et
756 5802 1178 5856 calumniantibus
1207 5821 1310 5857 vos.
1345 5805 1445 5870 Qui
1476 5805 1672 5857 malum
1708 5818 1806 5872 pro
1835 5804 1975 5856 malo
1997 5801 2117 5857 red-

2232 4601 2333 4668 Qui
2365 4617 2494 4655 vero
2536 4599 2773 4655 reddidit
2813 4601 3011 4655 bonttm
3067 4617 3161 4669 pro
3207 4599 3373 4666 malo,
3408 4593 3548 4656 ﬁlius
3580 4594 3667 4655 est
3717 4601 3836 4668 Dei,

2230 4694 2320 4764 qui
2342 4709 2440 4764 pro
2469 4689 2668 4747 Judaais
2697 4685 3132 4762 cruciﬁgentibus
3163 4693 3339 4747 oravit
3384 4675 3569 4747 dicens
3597 4708 3613 4746 :
3652 4674 3835 4760 Pater,

2228 4785 2432 4858 ignosce
2451 4786 2580 4851 illis,
2603 4785 2726 4855 quia
2751 4787 2983 4840 nesciunt
3007 4786 3146 4857 quod
3182 4779 3405 4857 faciunt.
3458 4783 3838 4840 Pnovmssrrs

2227 4892 2363 4932 noua
2390 4893 2491 4932 non
2517 4893 2729 4931 nurum
2760 4891 2933 4931 couau
2962 4873 3098 4943 Duo,
3128 4890 3227 4930 san
3257 4892 3425 4931 ετιΑιι
3461 4891 3644 4932 cortu
3676 4892 3834 4931 onm-

2227 4986 2325 5025 nus
2377 4980 2682 5024 noumtsus.
2729 4965 2784 5023 ld
2822 4979 2906 5024 est
2960 4966 3220 5024 facientes
3268 4971 3428 5035 bona,
3477 4967 3832 5025 ostendentes

2226 5063 2449 5132 bonum,
2503 5071 2789 5133 Operantes
2841 5061 3078 5130 bonum,
3138 5077 3242 5118 non
3292 5071 3348 5117 ut
3395 5059 3464 5116 ab
3513 5061 3830 5118 hominibus

2226 5153 2413 5211 laudes
2439 5153 2750 5223 captemini,
2785 5162 3001 5222 propter
3050 5151 3181 5207 illud
3213 5170 3226 5206 :
3258 5152 3520 5207 Attendite
3557 5169 3626 5207 ne
3669 5153 3832 5226 justi-

2226 5247 2349 5299 tiam
2379 5233 2598 5299 vestram
2643 5245 2849 5314 faciatis
2891 5259 3066 5300 coram
3112 5244 3422 5322 hominibus,
3451 5253 3510 5298 ut
3549 5243 3830 5298 videamini

2223 5335 2285 5392 ab
2312 5340 2420 5403 eis;
2444 5335 2538 5392 sed
2569 5346 2787 5408 propter
2817 5335 3316 5392 intentionem‘viue
3359 5347 3600 5416 teter-ne,
3636 5335 3725 5391 vel
3775 5345 3829 5390 ut

2223 5432 2433 5486 caeteris
2464 5431 2995 5501 bonumexemplum
3037 5429 3409 5496 ostendamus,
3458 5425 3691 5484 Domino
3746 5428 3825 5482 ὥς

2223 5509 2378 5578 Cente
2410 5541 2420 5574 :
2449 5521 2541 5578 Sic
2568 5521 2734 5576 luceat
2772 5523 2862 5576 tua:
2892 5531 3054 5576 vestra
3099 5537 3272 5577 coram
3302 5522 3619 5589 hominibus,
3667 5533 3726 5575 ut
3756 5521 3817 5574 esi

2223 5616 2372 5667 deant
2402 5631 2557 5684 Opera
2581 5624 2746 5668 vestra
2771 5613 2924 5682 bona,
2953 5625 3004 5669 et
3028 5613 3317 5690 gloriﬁcent
3351 5612 3566 5670 Patrem
3597 5627 3823 5670 vestrum

2221 5707 2308 5775 qui
2355 5709 2407 5760 in
2446 5707 2599 5762 caelis
2630 5717 2724 5761 est.
2761 5704 2830 5763 Et
2859 5705 2989 5761 illud
3036 5707 3322 5776 Apostoli:
3374 5704 3820 5761 Conversationem

2221 5809 2439 5852 vestram
2461 5799 2597 5852 inter
2627 5806 2798 5869 gentes
2821 5797 3062 5853 habentes
3088 5797 3294 5870 bonam,
3325 5808 3380 5853 ut
3406 5800 3461 5854 in
3480 5815 3540 5855 eo
3557 5799 3699 5870 quod
3731 5795 3817 5851 des

605 5925 634 5956 ι
675 5916 751 5970 De
777 5925 930 5985 patre
950 5917 1149 5971 diaboli
1176 5917 1434 5972 videndus
1456 5927 1538 5972 est
1568 5918 1789 5973 Photius
1810 5918 1865 5972 in
1896 5913 2378 5986 Amplnilbtthianis.
