4042 6348
293 343 397 401 εει

1460 339 1527 395 IN
1564 338 1715 396 CAP.
1757 336 1881 395 XIII
1916 336 2008 394 AD
2050 336 2395 396 ROMANOS.

3471 334 3580 397 82%

291 461 516 512 tractant
543 455 609 510 de
621 454 764 510 vobis
781 464 1023 527 tanquam
1068 456 1132 510 tte
1168 457 1607 525 matelactoribus,
1636 472 1700 511 ea:
1742 457 1888 512 bonis
1912 458 1968 521 Δ
1994 458 2132 510 mola
2162 459 2398 513 asinaria
2427 459 2481 513 in
2506 459 2641 514 collo
2670 463 2806 533 ejus,
2831 465 2879 513 et
2907 458 3231 530 demergatur
3276 459 3334 515 iu
3360 461 3579 530 profun-

291 549 532 619 operibus
547 560 633 603 vos
661 550 1060 617 considerantes,
1091 550 1377 621 gloriﬁcent
1409 550 1684 605 Dominum
1722 552 1779 606 in
1805 552 1887 606 die

292 636 620 699 oisitatiohis.
644 644 903 699 Omnibus
951 644 1255 700 hominibtts
1281 644 1433 706 dicit;
1486 644 1711 708 iudicis,
1747 645 1883 699 Bar-

292 739 439 793 baris
460 745 515 793 et
535 736 775 809 Scythis,
804 736 1028 803 Gracia,
1076 732 1307 803 Latinis,
1334 747 1390 792 et
1428 737 1683 792 omnibus
1710 736 1883 791 muni-

291 853 385 902 no,
429 834 627 889 bonum
676 828 983 903 eaetnptutn
1032 826 1319 889 ostendere
1364 832 1665 897 debemus;
1710 838 1885 885 coram

295 930 425 993 Deo,
455 934 511 983 ut
546 927 623 983 illi
644 928 982 998 placeamus;
1013 926 1189 982 cordus
1214 926 1533 991 hominibus;
1553 933 1612 980 ut
1638 939 1736 981 nos
1764 924 1885 980 imi-

288 1030 495 1074 tentur.“

363 1114 421 1169 St
451 1127 594 1168 rtem
622 1127 847 1177 rorss'r,
873 1126 1010 1176 quos
1054 1129 1121 1168 sx
1150 1128 1303 1168 voats
1342 1125 1460 1179 εει-ε
1504 1123 1611 1168 σοι
1656 1126 1886 1169 oumsus

289 1220 577 1260 noututaus
596 1219 770 1261 race-
811 1220 1107 1261 nsscs'ras.
1154 1205 1423 1272 Quantum
1471 1205 1522 1259 in
1573 1205 1733 1261 nobis
1777 1213 1883 1273 est,

288 1312 412 1352 cum
437 1297 687 1353 omnibus
716 1298 1021 1353 hominibus
1047 1314 1231 1368 pacem
1276 1298 1474 1354 habere
1503 1299 1788 1363 debemus,
1831 1308 1887 1355 et

287 1390 473 1447 dicere
497 1408 620 1448 cum
663 1392 985 1447 Psalmista:
1028 1390 1159 1446 Cum
1195 1391 1276 1447 his
1297 1395 1386 1464 qui
1415 1394 1633 1447 oderunt
1685 1407 1882 1463 pacem,

288 1502 434 1541 eram
459 1486 730 1558 pacificus.
778 1484 887 1542 Sed
937 1486 1055 1541 haec
1098 1486 1333 1541 humana
1391 1485 1655 1557 fragilitas
1703 1486 1887 1541 dicere

288 1580 431 1634 solet
460 1598 473 1633 :
515 1579 801 1646 Quomodo
828 1592 1015 1648 pacem
1038 1578 1240 1637 habere
1269 1582 1482 1651 possunt
1525 1594 1652 1636 cum
1696 1594 1767 1637 eo
1794 1581 1885 1650 qui

290 1682 383 1726 me
410 1672 788 1741 persequitur,
832 1673 927 1742 qui
974 1671 1106 1726 mihi
1149 1686 1237 1728 res
1284 1687 1431 1728 meas
1482 1671 1701 1727 aufert?
1745 1671 1886 1727 Audi

288 1764 544 1819 eumdem
576 1764 875 1833 apostolum
919 1765 1187 1820 dicean
1222 1782 1237 1820 :
1273 1766 1490 1821 Ditectto
1521 1766 1745 1837 proximi
1768 1781 1883 1819 mo-

1993 549 2117 602 dum
2145 550 2325 604 maris.
2362 549 2505 621 Ergo
2527 551 2602 605 illi
2646 549 2780 605 ultio
2820 552 3149 607 reservanda
3203 562 3306 621 est,
3355 555 3445 624 qui
3506 559 3578 611 ita

1988 644 2133 697 novit
2163 644 2345 699 ulcisci
2375 644 2596 714 injurias
2624 654 2950 700 sanctorum.

2056 733 2166 790 διο
2187 749 2235 789 $1
2275 749 2557 790 ssuutaatr
2588 750 2824 792 Iututcus
2852 751 3013 805 ruas,
3054 752 3175 796 etas
3221 754 3403 796 ιιιυι.
3454 738 3576 796 Non

1986 824 2186 880 sufﬁcit
2228 827 2383 882 alicui
2426 826 2622 881 malum
2670 842 2765 896 pro
2811 828 2955 884 malo
2986 845 3090 884 non
3120 830 3371 897 reddere,
3404 832 3510 887 nisi
3538 847 3571 887 e

1986 921 2259 976 contrario
2288 937 2396 975 non
2421 920 2633 977 dederit
2658 922 2745 976 vel
2795 923 3044 978 tribuerit
3090 940 3153 980 ea
3182 941 3301 995 qua:
3336 927 3574 997 indiget;

1988 1020 2211 1081 propter
2242 1012 2367 1067 illud
2392 1028 2405 1067 :
2431 1012 2532 1079 Qui
2548 1013 2783 1068 habuerit
2825 1014 3166 1071 substantiam
3198 1018 3399 1079 mundi.
3429 1028 3480 1073 et
3500 1020 3579 1072 ai-

1987 1106 2117 1161 derit
2143 1107 2357 1178 fratrem
2378 1124 2530 1161 suum
2566 1124 2770 1163 necesse
2796 1109 3003 1175 habere,
3048 1118 3096 1163 et
3124 1111 3363 1165 clauserit
3383 1112 3577 1167 uiscera

1985 1217 2079 1256 sua
2114 1201 2179 1255 ab
2204 1218 2288 1267 eo,
2327 1203 2587 1273 quomodo
2634 1202 2861 1258 charitas
2906 1202 3003 1259 Dei
3042 1214 3213 1259 manet
3240 1206 3297 1259 in
3339 1222 3395 1259 eo
3424 1206 3449 1258 7
3508 1205 3575 1260 Et

1988 1297 2296 1366 specialiter
2334 1297 2503 1352 verbo
2557 1296 2960 1366 praedicationis
3004 1298 3372 1368 unusquisque
3416 1307 3576 1368 prout

1989 1390 2132 1445 valet
2173 1390 2485 1458 proximum
2535 1389 2716 1445 cibare
2758 1390 2941 1446 debet.
2988 1390 3101 1445 Hoc
3149 1406 3274 1445 sunt
3321 1404 3575 1454 FAOIENS,

1987 1497 2257 1539 annonas
2311 1499 2445 1539 tctus
2490 1498 2758 1540 concauus
2809 1499 2977 1540 suasa
3027 1499 3197 1539 cum
3248 1498 3387 1539 usus.
3442 1484 3580 1539 Sunt

1988 1578 2235 1634 nonnulli
2264 1579 2355 1646 qui
2383 1594 2445 1631 ea
2493 1578 2794 1635 intentione
2834 1579 3015 1633 cibant
3044 1579 3292 1633 inimicos
3334 1590 3484 1645 suos,
3518 1587 3577 1631 ut

1989 1673 2257 1728 carbones
2296 1673 2457 1743 ignis,
2508 1676 2608 1728 hoc
2646 1682 2730 1728 est
2777 1688 2986 1743 pinnas,
3017 1672 3125 1727 illis
3162 1672 3427 1743 ingerent.
3472 1671 3577 1738 Qui

1989 1765 2134 1821 enim
2159 1765 2338 1820 taliter
2358 1766 2505 1821 cibat
2525 1767 2608 1821 vel
2634 1774 2782 1834 potat
2814 1766 3087 1822 inimicum
3112 1780 3292 1833 suum,
3322 1780 3426 1820 non
3451 1780 3574 1819 eum

256 1902 257 1905 η
289 1856 401 1911 tum
427 1872 529 1910 non
556 1866 818 1925 operatur.
841 1856 1132 1925 (laterum,
1158 1859 1206 1913 si
1229 1860 1347 1928 quis
1382 1873 1644 1929 paganus,
1693 1858 1739 1912 si
1770 1858 1891 1929 quis
1916 1849 1970 1913 Β
1995 1858 2172 1927 diligit
2200 1860 2340 1913 sicut
2368 1873 2446 1914 se.
2478 1860 2585 1915 Sed
2617 1874 2722 1914 non
2757 1859 2935 1914 taliter
2959 1859 3141 1915 cibare
3170 1859 3251 1915 vel
3280 1869 3467 1928 potare
3486 1858 3579 1912 de-

290 1954 687 2019 s'ehismaticus,
720 1953 905 2023 siquis
951 1954 1256 2022 bzereticus,
1284 1957 1352 2009 de
1395 1954 1479 2009 via
1508 1955 1752 2009 veritatis
1791 1955 1885 2008 de-

290 2045 447 2100 visre
462 2047 597 2111 vult,
630 2060 814 2114 pacem
842 2056 966 2101 eum
990 2047 1069 2102 eis
1102 2047 1301 2102 habere
1330 2056 1439 2101 non
1467 2058 1751 2116 possumus
1786 2059 1888 2101 nec

288 2140 574 2195 debemus.
599 2139 709 2194 Sed
735 2140 927 2195 melius
944 2142 1027 2195 est
1051 2142 1362 2209 permittere
1378 2142 1689 2197 scandalum
1716 2141 1885 2205 nasci,

288 2246 461 2302 quam.
505 2240 563 2285 ut
608 2232 807 2287 veritas
846 2230 1051 2287 Christi
1106 2233 1458 2301 relinquatur.
1510 2232 1777 2289 Cancrum
1832 2232 1889 2286 in

290 2323 403 2379 illis
433 2328 677 2379 naturam
717 2324 969 2393 diligere,
996 2322 1184 2385 vitium
1234 2324 1388 2378 odire
1442 2325 1724 2380 debemus.
1776 2324 1889 2378 Non

290 2422 645 2470 vos-srtrsos
675 2418 1072 2481 harenosa-ras,
1098 2429 1415 2480 casatsstut,
1442 2416 1491 2470 id
1516 2426 1600 2471 est
1622 2416 1889 2471 ulciscen-

293 2518 400 2564 tes.
458 2508 649 2563 Nullus
694 2510 838 2563 enim
891 2518 1134 2564 nostrum
1192 2510 1536 2579 semetipsum
1596 2508 1891 2564 defendere

289 2600 475 2666 debet,
502 2609 722 2670 propter
744 2600 869 2655 illud
899 2618 914 2655 :
943 2601 1009 2657 Si
1054 2603 1171 2673 quis
1200 2611 1246 2655 te
1272 2603 1575 2672 percusserit
1600 2602 1652 2654 in
1683 2604 1892 2656 dextera

289 2694 540 2759 maxilla,
570 2694 738 2763 prwbe
764 2694 811 2747 ei
832 2702 879 2746 et
898 2692 1141 2748 alterum.
1176 2696 1244 2750 Et
1270 2712 1284 2748 ;
1312 2694 1471 2749 Orate
1490 2711 1582 2763 pro
1600 2710 1894 2766 persequen-

291 2792 431 2846 tibus
469 2799 521 2843 et
571 2791 1001 2845 calumniantibus
1040 2804 1149 2845 vos.
1212 2791 1426 2846 Duobus
1474 2790 1674 2845 etenim
1720 2792 1893 2846 modis

294 2894 476 2938 Lucus
506 2894 608 2937 tu;
630 2882 759 2937 dare
788 2882 1069 2947 debentes,
1096 2882 1300 2937 scilicet
1320 2889 1541 2937 autvuon
1565 2881 1889 2951 resistendo,

294 2978 390 3026 aut
413 2980 567 3026 certe
610 2972 880 3040 fugiendo.
920 2972 1123 3025 Locum'
1159 2972 1253 3025 ira:
1301 2974 1433 3028 dare
1472 2972 1734 3028 debemus
1784 2988 1891 3028 non

300 3062 627 3128 resistendo,
661 3078 766 3118 non
790 3062 1236 3129 remaledicendo,
1262 3079 1372 3118 non
1394 3064 1762 3133 repugnando,
1785 3080 1891 3121 non

301 3157 638 3220 reluctando,
666 3156 817 3227 juxta
848 3157 1129 3226 praefatum
1156 3158 1540 3213 teSIimouium'.
1567 3157 1768 3213 Locum
1801 3160 1896 3215 ira:

1991 1951 2185 2006 bemus
2216 1951 2496 2007 inimicum
2540 1961 2799 2016 nostrum,
2829 1951 2924 2007 sed
2958 1953 3133 2022 potius
3182 1961 3241 2006 ut
3287 1967 3408 2005 eum
3448 1964 3579 2005 con-

1991 2052 2264 2099 vertantus
2289 2044 2353 2098 ad
2384 2058 2505 2100 nos.
2555 2044 2623 2100 Ut
2651 2047 2740 2115 qui
2771 2056 2897 2100 ante
2947 2060 3046 2100 nos
3096 2059 3296 2100 exesos
3328 2044 3579 2109 habebat,

1993 2134 2218 2206 incipiat
2244 2137 2492 2207 diligere.
2524 2138 2625 2205 Qui
2671 2138 2851 2193 taliter
2878 2138 3052 2208 diligit
3094 2137 3367 2191 inimicum
3400 2150 3580 2198 suum,

1994 2230 2262 2284 carbones
2312 2230 2449 2299 ignis
2490 2231 2566 2284 illi
2607 2239 2863 2300 congeret
2919 2244 3081 2297 super
3121 2240 3304 2296 caput,
3357 2226 3458 2281 hoc
3500 2236 3584 2281 est

1997 2339 2239 2380 amorem
2270 2325 2574 2380 cltaritatis.
2618 2326 2895 2381 Carboucs
2934 2325 3077 2379 enim
3126 2324 3343 2384 mortui,
3385 2322 3431 2375 si
3460 2322 3584 2376 vivo

1998 2418 2423 2488 coniungantur,
2453 2420 2635 2473 solent
2658 2419 2903 2474 accendi.
2935 2418 3022 2473 Sic
3048 2425 3104 2471 ct
3136 2417 3182 2470 is
3211 2418 3301 2485 qui
3329 2426 3456 2469 ante
3485 2430 3585 2469 nos

1996 2526 2193 2565 exosus
2228 2511 2481 2574 habebat,
2514 2512 2558 2563 si
2606 2496 2800 2566 viderit
2844 2526 2903 2566 se
2943 2502 3089 2579 diligi
3122 2526 3150 2561 τι
3182 2508 3365 2573 nobis,
3397 2505 3587 2576 incipit

1997 2611 2053 2658 et
2080 2604 2193 2669 ipse
2219 2603 2441 2671 diligere
2474 2617 2591 2657 nos.
2644 2603 2915 2672 Scriptum
2962 2602 3106 2658 enim
3137 2611 3221 2656 est
3246 2617 3262 2654 :
3287 2598 3419 2654 Cum
3457 2614 3584 2653 san-

1998 2707 2077 2753 cto
2117 2708 2325 2753 sanctus
2370 2699 2490 2753 eris.
2520 2698 2583 2752 Hi
2631 2705 2757 2752 sunt
2799 2695 3061 2750 carbones
3106 2694 3173 2749 de
3216 2693 3411 2763 quibus
3458 2690 3588 2746 dicit

1997 2793 2256 2861 propheta
2290 2807 2306 2846 :
2337 2790 2505 2848 {labes
2552 2792 2795 2845 carbones
2820 2791 2988 2861 ignis,
3042 2788 3161 2843 sede
3208 2787 3473 2854 superbos,
3526 2785 3582 2839 hi

1998 2894 2143 2938 erant
2173 2886 2262 2937 tibi
2291 2886 2345 2937 in
2384 2885 2727 2955 adjutorium.
2750 2882 2924 2951 Caput
2948 2896 3077 2938 vero
3103 2880 3233 2937 illud
3283 2878 3586 2950 intelligere

2000 2977 2283 3045 debemus,
2339 2980 2406 3033 de
2460 2994 2568 3047 quo
2618 2977 2877 3031 Dominus
2927 2978 2979 3031 in
3032 2973 3324 3045 Evangelia
3354 2988 3368 3027 :
3397 2971 3586 3025 Levate

2001 3071 2173 3137 capita
2200 3080 2383 3132 vestra,
2418 3071 2669 3139 quoniam
2703 3068 3135 3137 appmpinquabit
3173 3065 3457 3133 redemptio
3501 3078 3586 3115 ve-

1962 3208 1971 3215 ,
2001 3168 2129 3213 stra.
2157 3159 2290 3213 ΝΟΜ
2318 3172 2460 3214 νικοι
2503 3174 2537 3213 Α
2582 3174 2747 3224 MALO,
2799 3171 2897 3211 3E0
2924 3170 3081 3210 VINCB
3109 3171 3158 3208 ΙΝ
3200 3169 3335 3208 BONO
3378 3167 3583 3206 IALUM.

302 3250 433 3305 dare
461 3250 719 3304 debentes
749 3249 1027 3319 fugiendo,
1058 3250 1194 3304 sicut
1225 3258 1279 3305 et
1317 3249 1433 3319 ipse
1463 3250 1721 3305 Dominus
1744 3252 1891 3318 fecit,
1921 3243 1971 3308 C
2001 3255 2139 3313 Noli
2159 3257 2292 3311 uinci
2319 3270 2350 3307 a
2374 3254 2536 3319 malo,
2564 3252 2617 3306 id
2647 3261 2730 3308 est
2759 3252 2826 3305 ab
2852 3266 2917 3305 eo
2955 3250 3043 3318 qui
3081 3258 3132 3302 te
3156 3246 3491 3316 per~cquitur
3527 3254 3584 3298 et

302 3343 393 3414 qui
443 3342 699 3414 fugiendo
748 3359 812 3398 ex
843 3343 1082 3415 Egypto
1110 3345 1382 3399 declinare
1422 3346 1610 3401 voiuit.
1661 3349 1722 3399 Et
1766 3347 1893 3401 alibi

302 3450 425 3491 cum
442 3436 682 3504 lapidare
698 3452 819 3491 eum
837 3438 1058 3503 vellent,
1082 3438 1363 3493 abscondit
1376 3453 1441 3494 se
1453 3439 1521 3493 .tb
1536 3440 1637 3506 eis,
1657 3441 1893 3510 quando,

304 3529 444 3584 sicut
473 3530 602 3584 dicit
633 3530 1003 3598 Evangeliutn,
1064 3530 1288 3585 tulerunt
1317 3531 1519 3601 lapides
1566 3545 1617 3583 ut
1662 3534 1897 3602 jacerent

304 3623 363 3678 in
386 3639 522 3689 eum,
552 3620 704 3677 Iesus
731 3632 903 3678 autem
931 3624 1193 3678 abscondit
1224 3641 1276 3679 se
1323 3634 1370 3680 et
1407 3625 1562 3678 exivit
1587 3624 1649 3676 de
1687 3626 1895 3695 templo.

306 3718 378 3773 Et
403 3718 470 3774 de
500 3733 565 3771 eo
590 3718 845 3786 scriptum
877 3720 1103 3789 estquia
1134 3719 1283 3789 carpit
1310 3717 1464 3772 Jesus
1505 3719 1672 3787 facere
1717 3728 1763 3770 et
1806 3720 1900 3770 du-

304 3826 441 3864 eere.
474 3808 776 3891 Meliusoest
808 3811 952 3864 enim
1006 3811 1254 3878 fugiendo
1310 3810 1484 3864 loeutn
1534 3810 1688 3875 dare,
1739 3824 1898 3878 quant

304 3905 536 3971 superbe
576 3902 844 3957 manendo
888 3901 1124 3958 residere
1147 3902 1263 3974 [pro
1288 3900 1580 3973 resistere].
1626 3903 1751 3957 Μιω
1783 3919 1901 3958 vm-

306 4010 525 4061 mc'ntt,
555 4011 657 4053 sco
681 4011 1011 4061 assultu“,
1061 4010 1205 4050 DICI'I’
1253 3995 1510 4050 DOIIMJS.
1546 3995 1636 4050 Sic
1674 4012 1735 4052 se
1773 3997 1902 4053 dicit

310 4088 568 4143 Dominus
618 4086 867 4156 iniuriam
944 4092 1249 4143 sanctorum
1299 4087 1690 4143 vindicaturum
1748 4092 1902 4160 quasi

306 4195 484 4237 suam.
539 4180 612 4235 Et
658 4180 779 4235 ideo
828 4180 1007 4235 nullus
1060 4188 1302 4235 nostrum
1350 4180 1589 4251 seipsum
1632 4182 1906 4239 vindicare

307 4273 490 4339 debet,
516 4274 641 4345 quia
666 4273 925 4329 habemus
977 4274 1205 4328 ultorem
1235 4272 1403 4327 Deum
1452 4274 1543 4343 qui
1574 4284 1786 4329 nostras
1818 4276 1903 4330 in-

308 4362 477 4436 iurias
493 4364 643 4435 quasi
666 4372 795 4420 scas
814 4364 1179 4419 vindicaturus
1206 4375 1311 4420 est.
1336 4364 1441 4432 Qui
1463 4379 1557 4434 per
1579 4367 1904 4435 prophetam

310 4457 483 4513 dicit:
520 4460 805 4531 Quin-agit
832 4476 949 4527 sos,
973 4460 1231 4530 quodqui
1277 4462 1441 4530 tergit
1482 4461 1738 4530 pupillam
1772 4464 1909 4517 oculi

313 4552 437 4606 mei.
467 4552 537 4607 Et
563 4554 617 4608 in
674 4553 1010 4625 Evangelia:
1055 4553 1157 4619 Qui
1182 4553 1609 4610 scaudaiisaeerit
1652 4574 1810 4612 unum
1845 4575 1917 4613 e1.-

315 4642 400 4700 his
426 4646 653 4713 pusittis,
681 4647 848 4717 quiin
867 4661 947 4701 tlte
976 4646 1213 4712 credunt,
1234 4654 1431 4716 oportet
1481 4657 1539 4701 ut
1566 4652 1910 4719 suspendotur

319 4818 680 4850 ——-

2001 3355 2154 3409 odit:
2178 3351 2223 3405 si
2251 3359 2303 3405 te
2334 3348 2568 3402 similem
2593 3343 2697 3400 sibi
2727 3342 2932 3408 fecerit,
2963 3341 3133 3395 victus
3157 3354 3215 3393 es
3258 3339 3325 3391 ab
3356 3352 3440 3391 eo.
3476 3334 3582 3391 Sed

2001 3448 2146 3501 vince
2174 3444 2227 3496 in
2266 3439 2653 3505 bonomatum,
2702 3438 2753 3491 id
2786 3446 2869 3492 est
2900 3437 2951 3491 in
2987 3432 3243 3504 patientia
3272 3433 3427 3486 vince
3475 3427 3593 3499 ejus

2003 3538 2285 3594 malitiam.
2317 3533 2489 3587 Aliter
2514 3550 2526 3583 ε
2556 3530 2683 3584 Noti
2704 3530 2836 3583 vinci
2859 3546 2893 3581 α
2922 3527 3077 3591 malo,
3111 3525 3162 3577 id
3187 3534 3269 3579 est
3297 3540 3323 3577 a
3353 3521 3593 3586 diabolo,

2003 3635 2072 3689 de
2102 3648 2211 3703 quo
2242 3631 2295 3684 in
2332 3628 2624 3699 Evangelio
2652 3626 2911 3693 scriptum
2942 3631 3047 3684 est,
3074 3620 3215 3689 quod
3244 3617 3413 3673 malus
3439 3616 3594 3671 homo

2003 3724 2425 3795 supersemtnavit
2465 3720 2721 3773 zizaniam
2763 3718 2817 3770 in
2847 3716 3017 3770 medio
3043 3714 3201 3767 tritici
3238 3722 3286 3767 et
3328 3712 3476 3766 abiit.
3526 3710 3596 3767 Et

2005 3818 2134 3874 illud
2164 3836 2176 3869 :
2204 3818 2301 3869 Aut
2331 3814 2486 3883 facite
2514 3812 2748 3865 arborem
2777 3809 2971 3861 malam
3016 3818 3061 3861 et
3096 3807 3293 3876 fructus
3330 3806 3446 3877 ejus
3482 3820 3594 3859 ma-

2008 3914 2121 3977 los;
2160 3923 2268 3979 quo
2318 3906 2634 3975 intelligitur
2675 3901 2921 3957 diabolus
2964 3908 3020 3956 et
3060 3901 3197 3954 mala
3246 3897 3365 3969 ejus
3407 3912 3593 3968 opera.

2004 4003 2188 4057 Bonus
2214 4010 2393 4054 autem
2424 3997 2706 4053 Christus:
2733 3993 2874 4049 unde
2908 3993 3143 4049 dicitur:
3175 3992 3277 4045 Aut
3319 3990 3474 4060 facite
3503 4004 3596 4043 ar-

2009 4097 2181 4151 borem
2205 4095 2387 4148 bonam
2406 4100 2455 4145 et
2478 4090 2679 4162 fructus
2698 4090 2812 4160 ejus
2832 4088 3011 4142 bonos.
3038 4086 3113 4141 De
3142 4098 3251 4154 quo
3277 4083 3332 4139 in
3353 4083 3557 4152 psalmo
3577 4095 3601 4137 :

2011 4189 2147 4244 lilii
2170 4197 2343 4241 autem
2368 4184 2630 4238 adiutare
2671 4181 2776 4234 Deo
2806 4180 2994 4234 bonum
3037 4188 3131 4232 est.
3173 4174 3240 4229 Ia
3273 4176 3406 4229 bono
3452 4175 3599 4229 uince

2010 4284 2229 4349 malum,
2260 4279 2313 4334 in
2343 4278 2559 4333 Christo
2584 4275 2879 4331 diabolum.
2925 4276 3032 4329 Aut
3078 4280 3226 4327 certe
3256 4270 3363 4325 noli
3389 4268 3526 4323 uinci
3563 4284 3600 4322 α

2011 4377 2170 4443 malo,
2202 4375 2254 4431 id
2280 4384 2363 4431 est
2391 4390 2423 4428 a
2453 4382 2700 4443 peccato,
2728 4371 2796 4425 ab
2817 4384 2983 4440 opere
3010 4368 3209 4423 carnis.
3241 4364 3349 4421 Sed
3376 4365 3520 4417 uince
3544 4363 3604 4417 in

2012 4470 2145 4524 bona
2174 4468 2388 4537 malum,
2421 4467 2477 4522 id
2505 4476 2591 4521 est
2640 4465 2692 4519 in
2735 4463 2909 4520 [ructu
2938 4460 3182 4530 spiritus.
3219 4458 3293 4511 De
3322 4469 3431 4524 quo
3458 4453 3599 4509 idem

2013 4560 2289 4632 apostolus
2334 4558 2511 4614 dicit:
2542 4553 2772 4609 Fructus
2817 4564 2993 4607 autem
3029 4550 3246 4618 spiritus
3292 4553 3391 4601 est.
3445 4543 3603 4598 Vince

2018 4655 2241 4721 malum,
2266 4653 2319 4709 id
2344 4660 2431 4708 est
2466 4661 2770 4722 peccatum,
2801 4642 3177 4701 mortiﬁcando
3204 4654 3370 4710 opera
3398 4636 3602 4696 carnis.

1877 4952 2078 5083 VI.

320 5170 537 5235 Lectio
564 5142 861 5253 Epistolm
894 5150 1059 5237 beati
1085 5138 1269 5235 Iiauli
1294 5158 1564 5252 apostoli
1584 5167 1673 5253 ad
1691 5150 2015 5253 Romanos
2039 5168 2208 5253 (xui,
2232 5164 2294 5247 8)
2320 5189 2348 5253 εΔ
2365 5148 2656 5239 Fratres,
2684 5144 3284 5244 neminiquidquorn
3314 5154 3607 5240 debeatis,

1526 5248 1653 5309 nisi
1686 5254 1763 5308 ut
1791 5248 2055 5311 invicem
2088 5247 2399 5326 diligatis.

1506 5396 1945 5455 COMMENTUM
1982 5396 2423 5453 LUCULENTII.

401 5500 660 5585 Superius
683 5508 1035 5569 admunucia’t
1054 5506 1341 5583 Apostolus
1367 5513 1634 5568 Rou'tanos
1662 5511 1914 5567 omnibus
1944 5516 2249 5576 D'LIGATIS.
2285 5510 2395 5566 Hoc
2424 5506 2607 5580 ipsum
2623 5516 2678 5563 et
2706 5507 2967 5562 Dominus
3000 5504 3179 5561 facere
3208 5503 3449 5573 precipit
3482 5517 3608 5558 cum

328 5604 567 5665 debitum
589 5609 910 5678 persolvere,
926 5607 1144 5663 dicens:
1169 5606 1383 5661 Reddite
1404 5606 1640 5660 omnibus
1667 5604 1913 5673 debitum,

326 5702 414 5759 cui
431 5705 675 5759 tributum
696 5705 959 5768 tributum,
984 5706 1065 5758 cui
1087 5704 1333 5757 honorem
1362 5686 1629 5767 honorem,
1659 5703 1744 5756 cui
1765 5700 1917 5755 timo-

329 5812 436 5851 rem
471 5797 697 5852 timorem
717 5842 731 5867 ,
764 5801 847 5852 cui
874 5797 1090 5868 rectigal
1127 5796 1371 5867 vectigal;
1404 5794 1543 5851 nune
1571 5796 1837 5851 subittfeft
1865 5806 1917 5851 el

337 5892 504 5947 dicit:
528 5892 723 5948 NEIIM
748 5909 1018 5957 QUtDQliAII
1040 5906 1322 5959 DEBEATIS,
1355 5906 1455 5947 NISI
1481 5906 1547 5946 υτ
1588 5906 1803 5947 ικνιοειι
1841 5906 1919 5945 ot-

2018 5608 2193 5664 dicit:
2226 5598 2443 5660 Reddite
2491 5614 2606 5672 qua
2644 5609 2761 5657 sunt
2818 5598 3037 5655 Cwsaris
3089 5597 3319 5666 Cwsari,
3388 5606 3437 5651 et
3495 5612 3611 5666 quia

2026 5709 2146 5753 sunt
2177 5698 2270 5753 Dei
2296 5697 2425 5751 Deo.
2460 5695 2554 5749 Est
2574 5694 2717 5748 enint
2745 5692 2984 5747 debitum
3016 5691 3161 5760 quod
3189 5691 3259 5745 ita
3306 5691 3614 5759 persolvere

2026 5794 2283 5850 debemus
2309 5811 2321 5844 :
2353 5794 2403 5847 id
2428 5799 2509 5847 est
2532 5791 2575 5844 si
2594 5786 2785 5859 aliquis
2807 5804 2905 5842 nos
2927 5788 3061 5841 laesit
3084 5789 3166 5841 vel
3199 5787 3482 5857 injuriatus
3507 5798 3612 5852 est,

2031 5887 2131 5943 huc
2154 5886 2399 5941 debitum
2423 5882 2753 5955 persolvere,
2782 5892 2839 5937 ut
2863 5882 2999 5936 ultra
3031 5881 3228 5935 malum
3251 5895 3351 5951 pro
3381 5882 3484 5934 hoc
3508 5895 3614 5936 non
