4042 6348
560 218 667 279 823

2013 176 2416 290 mediisin

2282 0 2357 95 ρ

2254 116 2280 149 ’9

3732 202 3844 259 εει

556 336 1006 406 respondeamus.
1036 339 1103 396 Ut
1142 340 1311 396 iibere
1360 340 1652 397 audeamus
1701 341 1881 397 dicere
1928 342 1978 395 in
2022 354 2142 393 nra-
2170 344 2219 399 Α
2248 338 2395 389 dunt.
2427 333 2538 389 Nox
2572 347 2775 389 rthuu
2812 319 3167 389 resrtuoutuu
3192 346 3340 388 DlCl-ZS
3365 348 3381 388 :
3403 330 3659 387 similiter
3684 326 3851 384 intel-

555 430 707 488 tione
734 432 1009 487 Dominica
1038 452 1051 486 :
1080 434 1294 491 Dimitte
1316 438 1459 490 nobis
1481 437 1651 489 debita
1672 447 1869 503 nostra,
1898 437 2029 491 sicut
2051 452 2144 489 nos

558 527 865 581 dimittimus
922 527 1237 585 debitoribus
1312 531 1521 584 nostris.
1572 529 1724 597 Quod
1802 530 1891 583 ille
1956 543 2145 583 servus

554 618 736 674 lacere
794 619 982 684 noluit,
1028 620 1112 675 cui
1168 637 1196 675 a
1240 620 1457 677 domino
1509 621 1729 676 dimissa
1786 632 1912 676 sunt
1956 622 2141 677 decem

552 712 725 767 millia
782 713 1001 782 talenta,
1057 723 1113 769 et
1166 715 1282 784 ipse
1334 730 1595 771 conservo
1641 724 1855 770 centum
1894 715 2143 770 denarios

555 808 729 863 noluit
751 805 1045 863 dimittere.
1074 808 1169 862 Est
1205 808 1350 863 aliud
1395 810 1657 877 debitum,
1711 809 1921 866 scilicet
1949 826 2141 881 pecca-

555 905 690 961 tum,
725 898 866 968 quod
897 900 967 953 ita
1001 900 1305 968 persolvere
1334 900 1616 966 debemus,
1657 913 1706 956 ιιι
1741 903 1876 957 ultra
1908 904 1973 957 ad
2009 905 2141 959 illud

555 1006 660 1045 non
718 990 1023 1048 redeamus.
1081 993 1156 1050 De
1201 1010 1309 1065 quo
1351 995 1460 1049 alio
1515 996 1633 1051 loco
1689 997 1829 1051 idem
1864 998 2141 1067 apostolus

551 1083 684 1137 dicit
711 1100 724 1136 :
755 1085 1016 1139 Debitores
1063 1102 1241 1140 sumus
1284 1104 1382 1141 non
1411 1089 1575 1155 carni,
1608 1099 1661 1141 ut
1690 1090 1972 1143 secundum
2015 1106 2135 1143 car-

550 1191 664 1230 nem
690 1177 932 1233 vivamus.
966 1179 1032 1233 Et
1058 1188 1140 1233 est
1169 1178 1431 1245 debitum,
1462 1181 1607 1250 quod
1637 1183 1709 1236 ita
1739 1183 1949 1237 solvere
1977 1183 2139 1238 debe-

551 1283 690 1334 mus,
724 1278 784 1324 ut
820 1285 1033 1340 semper
1066 1280 1385 1339 teneamus;
1410 1275 1481 1328 ita
1516 1285 1720 1342 tenere,
1756 1284 1812 1329 ut
1867 1277 2139 1332 soivamus

545 1376 759 1433 semper
787 1381 799 1415 :
826 1364 1039 1420 scilicet
1075 1364 1333 1433 Charitas,
1380 1382 1538 1436 quam
1589 1383 1801 1437 semper
1832 1370 2044 1424 solvere
2083 1378 2138 1424 et

545 1467 760 1524 semper
786 1464 971 1511 tenere
1000 1456 1283 1513 debemus.
1316 1458 1428 1513 Hoc
1469 1460 1718 1528 estquod
1750 1461 1901 1525 dicit,
1944 1462 2139 1515 nemini

543 1549 825 1619 quidquam
880 1550 1128 1618 debeatis,
1180 1553 1279 1606 nisi
1327 1565 1378 1606 ut
1430 1554 1643 1607 invicem
1694 1555 1944 1623 diligatis.
2001 1557 2135 1623 Quia

543 1656 815 1711 nunquam
841 1657 869 1695 a
903 1643 1191 1699 dilectione
1216 1646 1442 1713 proximi
1476 1661 1691 1701 cessare
1722 1646 2137 1717 debemus,.sci-

2252 425 2520 496 ligendum
2566 434 2673 491 est,
2707 426 2829 490 quia
2860 427 2948 495 qni
2992 425 3210 479 fratrem
3248 423 3429 493 diligit
3454 436 3597 478 sicut
3639 435 3851 478 seritat-

2249 520 2445 588 ipsum,
2477 530 2665 575 contra
2694 534 2815 575 eum
2843 518 3038 575 falsum
3069 518 3434 574 testimonium
3461 516 3710 587 proferre
3729 530 3846 573 non

2249 621 2452 682 potest;
2487 622 2706 684 pr0pter
2736 613 2863 668 illud
2895 611 3037 682 quod
3085 610 3347 682 scriptum
3375 620 3459 666 est
3488 629 3501 663 :
3532 609 3723 665 Falsus
3766 623 3846 665 tc-

2204 746 2205 749 η
2246 707 2339 761 stis
2361 722 2464 760 non
2510 706 2605 760 erit
2648 706 2951 777 impunitus.
2981 705 3131 761 Sicut
3156 718 3254 760 nec
3298 703 3371 758 illi
3403 704 3515 759 duo
3536 718 3697 760 senes
3721 703 3844 760 fue-

2247 808 2391 864 runt,
2421 800 2509 869 qui
2539 809 2723 854 contra
2749 798 3050 855 Susannam
3078 799 3271 854 falsum
3295 798 3555 853 dixerunt
3584 798 3837 853 testium.

2246 898 2413 951 nium.
2449 897 2513 952 Et
2542 896 2594 950 in
2647 896 2897 964 passione
2941 894 3150 950 Domini
3180 902 3237 952 et
3280 895 3332 949 in
3372 894 3520 949 beati
3565 893 3835 963 Stephani

2246 988 2471 1057 legimus
2498 987 2659 1042 falsos
2691 996 2853 1044 testes
2880 988 3137 1053 adfuisse,
3166 1002 3400 1059 quorum
3444 988 3633 1043 nullus
3664 992 3840 1057 impu-

2245 1082 2391 1137 nitus
2428 1096 2548 1137 csse
2580 1081 2772 1150 potuit.

2315 1179 2427 1234 Non
2458 1192 2805 1235 coxcurtsces
2850 1194 2959 1234 tuan
2998 1193 3214 1235 nostin
3244 1196 3355 1236 τοι.
3390 1181 3543 1238 Sicut
3587 1182 3839 1251 superius

2243 1272 2500 1339 diximus,
2532 1274 2601 1326 ita
2634 1273 3041 1342 intelligendum
3071 1283 3173 1329 est.
3206 1274 3311 1330 Sed
3352 1286 3436 1330 est
3482 1276 3622 1331 alter
3653 1280 3837 1345 proxi-

2242 1380 2383 1431 mus,
2431 1364 2679 1421 videlicet
2724 1364 2983 1421 Dominus
3028 1364 3184 1422 Jesus
3234 1366 3503 1432 Christus,
3561 1370 3657 1438 qui
3710 1383 3837 1423 cum

2241 1469 2383 1513 esset
2414 1457 2555 1513 Deus
2585 1468 2787 1525 noster,
2818 1460 3094 1528 proximus
3125 1460 3236 1513 lieri
3264 1459 3517 1530 dignatus
3555 1470 3665 1524 est,
3696 1462 3839 1519 sicut

2242 1552 2357 1619 ipse
2379 1550 2432 1605 in
2464 1551 2713 1620 parabola
2756 1551 2994 1607 hominis
3023 1552 3114 1620 qui
3156 1552 3519 1611 descendebat
3553 1569 3584 1607 a
3618 1553 3838 1608 Jerusao

2245 1644 2351 1699 lctn
2406 1645 2458 1699 in
2487 1644 2725 1709 Jericho,
2774 1654 2831 1701 et
2870 1644 3059 1700 incidit
3104 1644 3158 1700 in
3190 1646 3445 1713 latrones,
3496 1646 3651 1701 dicit.
3698 1646 3837 1701 Cum

542 1732 671 1789 licet
712 1736 967 1791 esurienti
996 1738 1197 1806 cibum,
1243 1738 1443 1791 sitienti
1497 1748 1699 1807 potum,
1734 1740 1930 1809 algenti
1975 1748 2133 1796 vesti-
2165 1735 2214 1793 B
2239 1736 2381 1791 enim
2414 1736 2639 1792 dixisset
2680 1738 2820 1807 quod
2866 1738 3121 1793 sacerdos
3166 1748 3219 1793 et
3260 1738 3441 1803 levita,
3476 1739 3600 1793 viso
3647 1741 3835 1795 saucio

542 1834 804 1891 mentum,
836 1836 890 1882 et
915 1838 1106 1883 ctctera
1139 1844 1257 1897 qua:
1303 1829 1543 1897 indigere
1579 1831 1845 1901 videmus,
1879 1834 2135 1889 exhibea-

540 1934 685 1987 mus,
709 1930 762 1975 et
788 1935 1001 1990 semper
1030 1921 1191 1975 Deum
1224 1930 1335 1977 toto
1363 1924 1524 1977 corde
1556 1924 1797 1995 diligere,
1827 1927 2131 1994 proximum

546 2014 689 2069 sicut
715 2018 1098 2087 nosmetipsos.
1116 2018 1181 2071 Et
1202 2017 1302 2073 lwc
1325 2018 1707 2085 indelicienter,
1728 2032 1947 2091 propter
1968 2023 2094 2077 illud
2116 2041 2130 2076 :

548 2106 654 2174 Qui
701 2110 1089 2175 perseveraverit
1135 2128 1292 2181 usque
1338 2112 1390 2165 in
1438 2113 1611 2180 finem,
1675 2114 1759 2165 hic
1804 2116 1975 2168 salvus
2014 2119 2129 2170 erit.

545 2199 853 2257 Hinc~idem
894 2203 1170 2272 apostolus
1201 2203 1333 2258 dicit
1360 2222 1371 2255 :
1398 2205 1540 2258 Alter
1568 2207 1779 2260 alterius
1809 2223 1965 2261 onera
2005 2226 2130 2269 nor-

541 2302 666 2347 tate.
698 2281 765 2347 Et
788 2293 1042 2350 Dominus
1067 2296 1180 2365 ipse
1206 2314 1216 2349 :
1245 2295 1557 2351 Mandatum
1585 2315 1772 2352 novum
1795 2302 1861 2353 do
1892 2302 2050 2367 vobis,
2076 2310 2131 2355 ut

535 2385 766 2459 diligatis
810 2390 1045 2443 invicem.
1079 2390 1180 2456 QUI
1222 2406 1351 2445 eum
1394 2407 1591 2447 ntuetr
1619 2408 1915 2458 rnomwn,
1955 2410 2130 2451 Luat-zu

536 2492 803 2535 ιιιριενιτ.

604 2571 830 2628 Dilectio
857 2583 912 2628 et
938 2575 990 2628 in
1026 2574 1208 2631 Veteri
1250 2575 1598 2631 Testamento
1629 2587 1684 2632 et
1716 2579 1767 2633 in
1810 2580 1959 2635 Novo
1987 2582 2129 2637 obti-

536 2672 630 2719 net
658 2665 1033 2734 principatum.
1068 2667 1123 2719 ln
1160 2666 1336 2721 Veteri
1373 2668 1633 2724 habemus
1662 2670 1919 2740 scriptum
1949 2690 1959 2725 :
1994 2673 2127 2728 Dili-

544 2773 633 2828 ges
679 2756 959 2812 Dominum
991 2758 1161 2813 Deum
1191 2772 1334 2814 tuum
1362 2777 1424 2816 ea:
1454 2772 1558 2816 toto
1588 2765 1742 2817 corde
1771 2772 1880 2830 tuo,
1928 2784 1991 2821 ea:
2019 2778 2126 2821 tota

535 2850 707 2904 anima
734 2861 843 2919 tua,
874 2861 922 2907 α
952 2856 1243 2922 proximum
1273 2864 1417 2908 tuum
1447 2856 1577 2910 sicut
1599 2868 1645 2910 te
1665 2860 1851 2927 ipsum.
1890 2858 1944 2912 In
1975 2860 2125 2915 Novo

536 2942 795 2999 Dominus
824 2948 1158 3016 recapitulat,
1207 2962 1328 3002 cum
1361 2949 1493 3019 legis
1536 2950 1707 3019 perito
1748 2952 2121 3022 interroganti,

534 3044 678 3110 quod
702 3052 845 3097 esset
874 3043 1165 3098 maximum
1195 3045 1433 3100 omnium
1457 3054 1513 3100 et
1537 3047 1764 3114 primum
1790 3065 1817 3098 ιι
1842 3048 2119 3112 andatuin,

2238 1831 2683 1899 pcrtransissenl,
2735 1842 2790 1887 et
2840 1832 3045 1887 miserti
3098 1846 3204 1887 non
3254 1842 3413 1897 sunt,
3457 1834 3834 1889 Samaritanus

2238 1924 2506 1977 transiens
2557 1925 2811 1978 misertus
2846 1935 2929 1978 est
2956 1924 3169 1978 :statim
3212 1923 3496 1979 subintulit
3524 1943 3537 1977 ε
3567 1925 3703 1990 Quis
3740 1925 3835 1978 ho-

2235 2030 2353 2067 rum
2384 2017 2536 2069 trium
2565 2016 2765 2070 videtur
2796 2015 2884 2069 tibi
2914 2016 3179 2086 proximus
3209 2018 3369 2087 fuisse
3407 2016 3487 2070 illi
3525 2017 3617 2085 qui
3650 2017 3831 2069 incidit

2234 2108 2287 2161 in
2319 2108 2583 2163 latrones?
2607 2109 2670 2162 At
2699 2108 2786 2162 ille
2815 2109 2947 2163 dixit
2970 2123 2989 2161 :
3016 2108 3118 2173 Qui
3159 2094 3280 2178 fecit
3313 2108 3725 2163 misericordiam
3772 2110 3825 2161 in

2235 2200 2349 2255 illo.
2380 2200 2531 2256 llunc
2561 2201 2690 2255 dicit
2714 2202 3037 2272 proximum,
3062 2202 3151 2271 qui
3178 2202 3594 2271 diligitomnem
3624 2202 3823 2271 legem,

2236 2304 2291 2351 ct
2321 2294 2572 2351 universa
2603 2297 2853 2351 mandata
2879 2296 2931 2349 in
2956 2294 3073 2365 ejus
3102 2309 3288 2351 amore
3315 2294 3573 2364 complet.
3613 2296 3689 2349 De
3717 2310 3823 2365 quo

2234 2388 2493 2457 scriptum
2519 2396 2639 2442 est:
2668 2385 2813 2441 Finis
2844 2387 2969 2458 legis
3014 2384 3270 2441 Christus.
3302 2386 3489 2456 Neque
3523 2387 3638 2441 ullo
3670 2398 3823 2456 pacto

2237 2482 2348 2535 ﬁeri
2379 2491 2573 2550 potest,
2597 2491 2653 2535 ut
2675 2497 2742 2536 ex
2769 2490 2881 2535 toto
2908 2480 3069 2536 corde
3093 2481 3328 2550 totisque
3372 2481 3675 2537 visceribus
3718 2480 3828 2534 suis

2234 2575 2354 2643 quis
2385 2574 2615 2644 diligens
2645 2573 2937 2639 Christum,
2968 2572 3127 2629 iaciat
3154 2573 3353 2643 aliquid
3386 2574 3533 2645 quod
3564 2590 3677 2629 non
3701 2574 3819 2643 pla-

2235 2675 2352 2719 ceat
2390 2664 2631 2743 librisw.
2663 2664 2779 2740 Non
2820 2664 2964 2720 enim
3013 2664 3277 2720 adulterat
3318 2665 3542 2720 verbum
3585 2666 3752 2731 illius,
3782 2663 3824 2719 si

2231 2758 2496 2814 veraciter
2533 2774 2654 2813 eum
2698 2759 2906 2830 diligit;
2938 2760 3216 2817 sicut'nec
3244 2762 3524 2832 apostolus
3567 2759 3815 2823 faciebat,

2230 2855 2320 2923 qui
2370 2855 2613 2909 dicebat:
2645 2854 2767 2909 Non
2814 2871 2992 2911 sumus
3040 2857 3389 2911 adulterantes
3438 2856 3653 2910 verbum
3703 2854 3819 2920 Dei,

2228 2950 2316 3003 sed
2340 2950 2471 3005 sicut
2499 2964 2562 3003 ea:
2592 2948 2701 3003 Deo
2726 2964 2902 3004 coram
2933 2948 3043 3004 Deo
3088 2950 3141 3003 in
3189 2950 3392 3005 Christo
3433 2950 3719 3020 loquimur.
3761 2948 3823 3005 Et

2227 3042 2489 3112 propheta
2522 3043 2573 3095 ιιι
2622 3042 2829 3110 psalmo
2860 3059 2872 3096 :
2904 3038 3195 3100 Perdidisti
3236 3057 3412 3095 omnes
3440 3042 3531 3109 qui
3559 3042 3823 3110 fornicati.

534 3134 796 3191 Dominus
835 3137 947 3191 ait:
979 3135 1179 3210 Diliges
1227 3136 1507 3192 Dominum
1539 3138 1706 3193 Deum
1737 3150 1880 3193 tuum
1910 3157 1975 3194 ea:
2014 3149 2121 3193 toto
2150 3118 2196 3181 Ο
2229 3146 2311 3188 tur
2339 3136 2429 3188 abs
2454 3145 2520 3189 te.
2549 3135 2647 3189 llic
2677 3136 2799 3191 talis
2824 3151 2931 3192 non
2954 3137 3125 3190 solum
3149 3150 3253 3190 non
3276 3135 3569 3201 adulterat,
3598 3136 3693 3189 sed
3726 3150 3822 3190 nec

531 3228 682 3281 corde
706 3237 811 3295 tuo,
837 3239 885 3284 et
918 3246 983 3284 ea:
1009 3239 1116 3285 tota
1144 3232 1320 3285 anima
1360 3242 1468 3299 tua,
1507 3242 1554 3286 et
1584 3249 1647 3287 eo:
1674 3243 1777 3286 tota
1808 3248 1973 3287 urente
2012 3245 2118 3287 tua.

532 3319 648 3375 Hoc
673 3332 746 3375 est
786 3323 1067 3377 maximum
1101 3333 1148 3377 et
1186 3326 1408 3393 primum
1457 3326 1776 3379 mandatum.
1826 3328 2122 3381 Secundum

530 3422 698 3467 autem
721 3413 886 3468 simile
906 3424 979 3468 est
1010 3416 1129 3468 huic
1153 3433 1173 3470 :
1191 3416 1374 3486 diliges
1401 3418 1695 3483 proximum
1731 3426 1873 3471 tuum
1905 3420 2037 3472 sicut
2076 3429 2123 3473 ιε

528 3506 721 3575 ipsum.
754 3505 1066 3562 PrOximum
1115 3507 1216 3563 hoc
1260 3510 1310 3562 in
1341 3510 1460 3564 loco
1511 3524 1617 3563 non
1664 3512 2120 3580 consanguineutn

528 3606 740 3655 tantum
772 3602 1074 3671 intelligere
1113 3601 1390 3667 debemus,
1435 3603 1529 3658 sed
1562 3619 1777 3659 omnem
1826 3605 2118 3660 hominem.

502 3685 587 3751 ἶΒί
647 3696 949 3764 proximum
995 3694 1452 3767 consanguineum
1509 3703 1712 3750 tantum
1770 3697 1848 3751 vel
1906 3698 2122 3767 pmpin-

526 3803 690 3857 quum
737 3787 1043 3857 intelligere
1082 3787 1337 3852 volui-ris,
1370 3787 1584 3843 videtur
1612 3787 1704 3843 tibi
1758 3790 1872 3843 dari
1903 3788 2117 3846 licentia

524 3887 586 3934 ut
613 3879 747 3934 alios
777 3879 918 3935 odiis
944 3880 1268 3950 insequaris,
1290 3894 1410 3933 cum
1435 3882 1539 3936 tuis
1562 3888 1767 3935 tantum
1801 3880 2118 3936 charitatem

524 3981 730 4026 tenere.
762 3956 870 4027 Sed
898 3972 1089 4027 melius
1130 3983 1212 4028 est
1240 3982 1297 4027 ut
1341 3973 1668 4043 proximum,
1703 3988 1918 4028 onmem
1955 3974 2121 4028 homi-

524 4080 648 4120 nem
679 4065 987 4136 intelligas:
1012 4081 1170 4135 quem
1201 4067 1291 4137 qui
1323 4068 1461 4123 sicut
1500 4082 1560 4123 se
1602 4068 1792 4136 diligit,
1822 4068 2011 4137 implet
2040 4068 2117 4123 le-

523 4159 882 4229 gemChristi,
906 4163 995 4231 qttl
1026 4159 1157 4216 dicit
1183 4178 1199 4214 :
1223 4159 1290 4214 In
1321 4162 1418 4216 hoc
1456 4172 1760 4233 cognoscent
1791 4178 1963 4217 omnes
1989 4162 2115 4233 quia

521 4250 621 4304 mei
649 4251 769 4304 estis
808 4251 1074 4322 discipuli,
1111 4252 1157 4306 si
1188 4252 1515 4307 dilectionem
1556 4254 1838 4309 habueritis
1873 4256 2112 4312 invicem.

523 4344 591 4399 Et
641 4345 740 4399 hoc
791 4345 1099 4401 mandatum
1151 4345 1419 4403 habemus
1468 4362 1499 4401 a
1553 4349 1686 4416 Deo,
1721 4359 1778 4404 ut
1819 4354 1909 4422 qui
1941 4352 2115 4423 diligit

524 4440 831 4507 Dominum,
865 4440 1049 4511 diligat
1091 4450 1145 4497 et
1172 4443 1395 4497 fratrem
1424 4458 1604 4498 suum.
1645 4443 1765 4500 Nu
1810 4462 1912 4501 non
1944 4464 2112 4503 ADUL-

2230 3228 2513 3283 mulieretn
2568 3228 2788 3297 respicit
2826 3228 2895 3283 ad
2943 3228 3452 3298 concupiscendum,
3504 3228 3602 3284 sed
3654 3229 3821 3296 magis

2226 3322 2357 3377 dicit
2397 3339 2520 3377 cutn
2574 3323 2854 3377 Psalmista
2899 3324 3113 3377 :Sitivit
3154 3324 3327 3376 anima
3375 3337 3485 3377 mea
3535 3323 3605 3375 ad
3657 3322 3819 3375 Deum

2226 3418 2423 3483 fontem
2445 3416 2642 3481 vivum;
2665 3418 2871 3483 quando
2898 3416 3097 3469 veniam
3125 3425 3171 3468 et
3197 3416 3454 3485 apparebo
3476 3426 3598 3468 ante
3630 3416 3813 3483 facient

2230 3510 2323 3563 Dei
2335 3511 2361 3564 .9
2388 3509 2503 3565 Non
2536 3511 2710 3566 solum
2752 3519 2930 3565 autem
2959 3526 3065 3564 non
3095 3509 3321 3575 occidit,
3350 3509 3446 3563 sed
3489 3523 3588 3563 nec
3631 3508 3816 3563 irasci-

2226 3610 2338 3667 tur;
2391 3612 2610 3675 propter
2659 3605 2829 3659 illud:
2859 3603 3037 3658 Omnis
3088 3604 3173 3674 qui
3217 3603 3454 3657 irascitur
3497 3605 3654 3673 fratri
3698 3619 3814 3668 suo,

2224 3712 2344 3751 reus
2383 3698 2478 3751 erit
2520 3697 2750 3769 judicio.
2796 3696 2905 3752 Sed
2955 3712 3129 3766 neque
3181 3693 3387 3751 furatur
3441 3694 3602 3749 verba
3647 3695 3808 3758 illius,

2224 3792 2364 3845 sicut
2413 3791 2489 3845 illi
2552 3792 2820 3846 faciebant
2861 3791 2929 3846 de
2974 3791 3169 3861 quibus
3217 3790 3308 3845 ille
3343 3789 3517 3844 dicit:
3549 3789 3813 3858 Quotquot

2221 3893 2464 3936 venerunt
2516 3894 2634 3937 ante
2675 3900 2771 3948 me,
2816 3883 2953 3953 fures
3005 3883 3213 3953 fuerunt
3241 3891 3289 3936 et
3333 3882 3579 3936 latrones.
3634 3882 3815 3953 Neque

2224 3974 2419 4032 falsum
2453 3976 2820 4031 testimonium
2853 3976 3006 4042 dicit,
3034 3977 3213 4031 sciens
3239 3976 3415 4045 ipsum
3444 3990 3608 4053 quem
3640 3976 3813 4046 diligit

2228 4069 2360 4124 falso
2412 4070 2718 4124 testimonio
2761 4068 3050 4137 proditum.
3100 4068 3189 4123 Vel
3220 4083 3325 4123 non
3372 4083 3495 4123 eum
3549 4069 3811 4124 minorem

2224 4161 2369 4217 Patri
2393 4160 2538 4228 facit,
2564 4162 2703 4217 sicut
2724 4161 2929 4225 Ariani,
2951 4161 3039 4231 qui
3060 4160 3249 4215 dicunt
3276 4160 3490 4215 Patrem
3522 4159 3807 4229 majorem,

2223 4255 2415 4310 Filium
2452 4255 2736 4321 minorem,
2782 4254 3040 4323 Spiritum
3071 4269 3200 4308 vero
3253 4265 3499 4309 sanctum
3531 4254 3810 4324 permitto-

2220 4361 2335 4403 rem
2371 4347 2554 4403 dicunt
2585 4347 2852 4417 lalsiloqui
2885 4355 2939 4402 et
2976 4345 3312 4402 seductores.
3350 4345 3427 4400 Er
3458 4362 3503 4401 st
3534 4361 3677 4409 quon
3710 4361 3805 4401 EST

2219 4455 2375 4494 ALIUD
2425 4454 2715 4494 IANDATUI
2762 4454 2813 4493 IN
2868 4453 2969 4494 HOC
2993 4453 3165 4493 VERBO
3212 4452 3615 4495 INSTAURATUM.
3671 4440 3809 4495 Sunt

517 4550 760 4589 TEBABIS.
783 4535 883 4601 Qui
915 4508 986 4590 ita
1016 4536 1190 4607 diligit
1221 4538 1528 4607 proximum
1556 4538 1698 4595 sicut
1728 4555 1788 4595 se
1828 4542 2023 4611 ipsum,
2057 4542 2109 4598 id
2137 4508 2192 4571 D
2216 4536 2434 4607 quidem
2477 4536 2583 4590 alia
2633 4534 2884 4590 mandata
2926 4536 3011 4591 vel
3041 4551 3160 4605 quae
3189 4536 3437 4605 superius
3480 4543 3609 4589 sunt
3638 4534 3803 4602 dicta,

515 4636 605 4681 est
642 4641 857 4683 omnem
900 4628 1199 4698 hominem,
1246 4630 1552 4687 adulterare
1601 4648 1708 4687 non
1752 4643 1928 4703 potest
1969 4652 2108 4690 uxo-

515 4734 653 4786 rem,
684 4722 809 4791 quia
839 4737 941 4778 nec
968 4722 1083 4792 ipse
1112 4725 1226 4780 vult
1254 4733 1315 4779 ut
1342 4727 1480 4781 alius
1507 4742 1728 4782 uxorem
1754 4727 1871 4797 ejus
1901 4728 2109 4784 adulte-

513 4820 618 4881 ret,
664 4814 901 4869 maxime
932 4830 1052 4870 cum
1093 4814 1381 4885 Apostolus
1433 4819 1610 4874 dicat:
1645 4819 2007 4876 Fornicatores
2059 4832 2106 4878 et

512 4904 782 4959 adulteros
813 4907 1071 4977 judicabit
1101 4906 1265 4963 Deus.
1310 4908 1379 4963 Et
1404 4927 1418 4963 :
1443 4908 1638 4982 Fugite
1685 4913 2100 4983 fornicationem,

512 5004 633 5068 quia
679 5015 830 5054 omne
867 5008 1153 5071 peccatum,
1204 5004 1546 5074 quodcunque
1583 5005 1710 5075 facit
1741 5007 1915 5073 homo,
1956 5018 2103 5063 extra

510 5109 700 5164 corpus
753 5104 866 5162 est;
915 5096 1000 5164 qui
1043 5106 1211 5151 autem
1248 5098 1560 5168 fornicatur,
1615 5100 1669 5153 in
1721 5116 1910 5170 corpus
1953 5119 2102 5157 suum

515 5198 708 5257 peccat.
742 5188 858 5245 Non
899 5203 1138 5245 occwes.
1178 5190 1245 5245 Et
1284 5188 1535 5247 facillime
1566 5201 1713 5262 patet
1756 5194 1881 5263 quia
1922 5194 2099 5251 nullus

511 5284 817 5352 proximum
848 5299 1003 5339 suum
1033 5285 1280 5342 occidere
1309 5294 1506 5355 potest,
1532 5286 1577 5340 si
1608 5287 1781 5359 diligit
1809 5304 1931 5345 eunt
1959 5289 2101 5345 sicut

508 5389 590 5438 se,
615 5379 739 5447 quia
771 5379 886 5448 ipsc
926 5394 1030 5433 non
1059 5380 1175 5434 vult
1206 5379 1291 5435 'ab
1339 5380 1521 5450 aliquo
1564 5381 1737 5437 occidi
1792 5397 1874 5448 se,
1920 5383 2094 5439 sciens

508 5468 767 5539 scriptum
794 5490 806 5526 :
836 5471 1015 5526 Omnis
1039 5473 1129 5542 qui
1172 5471 1413 5527 occiderit
1443 5473 1642 5545 gladio,
1669 5475 1847 5546 gladio
1888 5477 2090 5546 peribit,

508 5559 593 5615 vel
634 5560 725 5615 Dei
755 5562 839 5617 vel
870 5564 1119 5618 hominis.
1149 5564 1263 5621 Non
1293 5582 1608 5622 FURABEBIS.
1638 5567 1704 5622 Et
1749 5569 1887 5624 sicut
1929 5584 2092 5641 supe-
2127 5628 2130 5631 λ

508 5653 620 5707 rius
649 5654 902 5721 diximus,
944 5657 1118 5714 nullus
1146 5658 1295 5713 l'ratri
1325 5675 1423 5715 suo
1449 5659 1678 5727 furatur,
1710 5661 1756 5716 si
1800 5675 1923 5716 eum
1954 5663 2092 5719 sicut

509 5760 567 5803 se
591 5746 790 5815 diligit;
823 5750 999 5805 sciens
1030 5751 1308 5819 scriptum,
1343 5752 1464 5819 quia
1495 5753 1639 5817 fures
1672 5753 1740 5809 ad
1761 5770 1967 5816 poenam
2000 5770 2090 5810 oa-

2214 4630 2297 4685 vel
2330 4630 2382 4685 in
2416 4629 2613 4685 tabulis
2642 4629 2867 4699 lapideis
2895 4627 3125 4697 sculpta,
3156 4628 3250 4695 sed
3282 4628 3336 4682 in
3370 4630 3472 4682 hoc
3518 4631 3687 4682 verbo
3726 4628 3807 4683 iu-

2213 4731 2546 4787 staurantur,
2591 4722 2799 4777 scilicet
2845 4722 2894 4774 in
2951 4718 3242 4776 dilectione
3298 4719 3394 4775 Dei
3438 4728 3494 4775 et
3546 4721 3799 4790 proximi,

2212 4814 2443 4870 Domino
2492 4813 2746 4870 dicente:
2776 4810 2842 4867 In
2888 4812 2969 4867 his
3019 4812 3216 4866 duobus
3263 4811 3525 4866 mandatis
3568 4820 3681 4866 tota
3720 4813 3805 4866 lea:

2210 4909 2395 4979 pendet
2425 4914 2469 4961 et
2502 4906 2800 4979 prophetat:
2828 4905 3043 4961 DILIGES
3074 4919 3349 4959 PltOXIIUII
3374 4919 3519 4959 ruvu
3554 4918 3710 4959 srco'r
3730 4919 3801 4959 τε

2209 5015 2383 5056 trsuu.
2420 5001 2483 5055 Et
2510 5008 2638 5053 nota
2662 4999 2785 5068 quia
2816 4997 2868 5053 in
2894 4998 3184 5053 dilectione
3200 4995 3304 5052 Dei
3326 4994 3710 5069 aequalitatem,
3746 4996 3800 5051 in

2211 5096 2441 5166 proximi
2496 5109 2623 5150 vero
2684 5094 2975 5149 dilectione
3030 5093 3382 5162 quantitatem
3430 5106 3555 5145 cum
3612 5090 3796 5145 dixit:

2205 5192 2335 5245 sicut
2367 5199 2412 5244 te
2436 5192 2603 5260 ipsum
2628 5187 2856 5244 Dilectio
2881 5196 3060 5243 autem
3090 5186 3183 5241 Dei
3214 5185 3356 5241 nulla
3384 5198 3637 5241 mensura
3663 5199 3793 5239 con-

2204 5285 2508 5355 stringitur.
2551 5284 2814 5339 DlLEC‘l‘lO
2858 5295 3073 5336 pnoxntt
3118 5294 3302 5335 IMLUI
3334 5293 3437 5334 non
3487 5294 3791 5334 oceanus.

2206 5378 2403 5434 Verum
2432 5387 2536 5444 est,
2566 5376 2690 5447 quia
2722 5390 2997 5445 nunquam
3039 5375 3092 5429 in
3138 5373 3447 5441 proximum
3479 5385 3636 5425 suum
3675 5385 3789 5425 ina-

2206 5472 2316 5529 lum
2366 5481 2641 5543 operatur,
2684 5471 2809 5542 quia
2857 5472 2929 5525 ita
2958 5468 3107 5524 illum
3149 5464 3322 5537 diligit
3352 5474 3409 5520 ut
3448 5478 3529 5520 se.
3563 5462 3661 5519 Vel
3701 5462 3788 5532 qui

2203 5565 2479 5623 Christum
2510 5566 2682 5637 diligit
2712 5575 2767 5622 ut
2812 5581 2894 5630 se,
2923 5578 3125 5619 matum
3155 5578 3262 5617 non
3301 5570 3579 5632 operatur,
3621 5558 3674 5612 id
3706 5567 3785 5613 est

2204 5670 2483 5730 peccatum
2536 5674 2641 5713 non
2670 5656 2817 5723 facit,
2870 5657 2995 5727 quia
3040 5655 3218 5712 omnis
3252 5654 3343 5725 qui
3390 5661 3549 5708 natus
3591 5660 3676 5706 est
3716 5664 3781 5705 ex

2206 5753 2334 5817 Deo,
2365 5767 2473 5808 non
2519 5760 2724 5820 peccat.
2758 5750 3042 5807 Plenitudo
3077 5764 3208 5828 ergo
3248 5747 3380 5821 legis
3410 5754 3493 5805 est
3540 5743 3775 5813 dilectio,
