  <div class='ocr_page' id='page_1' title='image "/cluster/home/n/w/nwhite01/storage/ocr_20150623/72/hvd.32044015469364/420.png"; bbox 0 0 4042 6348; ppageno 0'>
   <div class='ocr_carea' id='block_1_1' title="bbox 204 253 313 311">
    <p class='ocr_par' dir='ltr' id='par_1_1' title="bbox 204 253 313 311">
     <span class='ocr_line' id='line_1_1' title="bbox 204 253 313 311; baseline 0.018 -2"><span class='ocrx_word' id='word_1_1' title='bbox 204 253 313 311; x_wconf 71' lang='lat'><strong>89.5</strong></span> 
     </span>
    </p>
   </div>
   <div class='ocr_carea' id='block_1_2' title="bbox 1158 255 2541 324">
    <p class='ocr_par' dir='ltr' id='par_1_2' title="bbox 1158 255 2541 324">
     <span class='ocr_line' id='line_1_2' title="bbox 1158 255 2541 324; baseline 0.007 -11"><span class='ocrx_word' id='word_1_2' title='bbox 1158 257 1225 313; x_wconf 88' lang='lat' dir='ltr'><strong>IN</strong></span> <span class='ocrx_word' id='word_1_3' title='bbox 1261 255 1417 315; x_wconf 76' lang='lat' dir='ltr'><strong>CAP.</strong></span> <span class='ocrx_word' id='word_1_4' title='bbox 1461 256 1482 313; x_wconf 89' lang='lat' dir='ltr'><strong>I</strong></span> <span class='ocrx_word' id='word_1_5' title='bbox 1522 258 1883 316; x_wconf 62' lang='lat' dir='ltr'><strong>EPISTOLIE</strong></span> <span class='ocrx_word' id='word_1_6' title='bbox 1921 260 1943 316; x_wconf 83' lang='grc' dir='ltr'>Ι</span> <span class='ocrx_word' id='word_1_7' title='bbox 1979 262 2072 317; x_wconf 79' lang='lat' dir='ltr'><strong>AD</strong></span> <span class='ocrx_word' id='word_1_8' title='bbox 2109 262 2541 324; x_wconf 72' lang='lat' dir='ltr'><strong>CORINTHIOS.</strong></span> 
     </span>
    </p>
   </div>
   <div class='ocr_carea' id='block_1_3' title="bbox 3388 272 3499 339">
    <p class='ocr_par' dir='ltr' id='par_1_3' title="bbox 3388 272 3499 339">
     <span class='ocr_line' id='line_1_3' title="bbox 3388 272 3499 339; baseline 0.018 -3"><span class='ocrx_word' id='word_1_9' title='bbox 3388 272 3422 337; x_wconf 82' lang='lat'><strong>8</strong></span> <span class='ocrx_word' id='word_1_10' title='bbox 3431 279 3499 339; x_wconf 80' lang='grc'><strong>26</strong></span> 
     </span>
    </p>
   </div>
   <div class='ocr_carea' id='block_1_4' title="bbox 209 369 3493 454">
    <p class='ocr_par' dir='ltr' id='par_1_4' title="bbox 209 369 3493 454">
     <span class='ocr_line' id='line_1_4' title="bbox 209 369 3493 454; baseline 0.011 -34"><span class='ocrx_word' id='word_1_11' title='bbox 209 370 334 438; x_wconf 82' lang='lat' dir='ltr'><strong>quia</strong></span> <span class='ocrx_word' id='word_1_12' title='bbox 373 370 554 424; x_wconf 83' lang='lat' dir='ltr'><strong>omnia</strong></span> <span class='ocrx_word' id='word_1_13' title='bbox 585 369 834 426; x_wconf 85' lang='lat' dir='ltr'><strong>mandata</strong></span> <span class='ocrx_word' id='word_1_14' title='bbox 882 371 951 427; x_wconf 90' lang='lat' dir='ltr'><strong>de</strong></span> <span class='ocrx_word' id='word_1_15' title='bbox 996 371 1264 429; x_wconf 84' lang='lat' dir='ltr'><strong>charitate</strong></span> <span class='ocrx_word' id='word_1_16' title='bbox 1293 375 1700 443; x_wconf 66' lang='lat' dir='ltr'><strong>procedunt,’et</strong></span> <span class='ocrx_word' id='word_1_17' title='bbox 1734 378 1799 433; x_wconf 89' lang='lat' dir='ltr'><strong>ad</strong></span> <span class='ocrx_word' id='word_1_18' title='bbox 1830 386 1880 442; x_wconf 81' lang='grc' dir='ltr'><strong>Α</strong></span> <span class='ocrx_word' id='word_1_19' title='bbox 1907 379 2116 436; x_wconf 89' lang='lat' dir='ltr'><strong>duobus</strong></span> <span class='ocrx_word' id='word_1_20' title='bbox 2161 382 2443 451; x_wconf 62' lang='lat' dir='ltr'><strong>praeceptis</strong></span> <span class='ocrx_word' id='word_1_21' title='bbox 2474 382 2658 440; x_wconf 81' lang='lat' dir='ltr'><strong>omnia</strong></span> <span class='ocrx_word' id='word_1_22' title='bbox 2701 384 2995 443; x_wconf 74' lang='lat' dir='ltr'><strong>concludi?</strong></span> <span class='ocrx_word' id='word_1_23' title='bbox 3040 387 3098 446; x_wconf 93' lang='lat' dir='ltr'><strong>Si</strong></span> <span class='ocrx_word' id='word_1_24' title='bbox 3126 389 3272 449; x_wconf 90' lang='lat' dir='ltr'><strong>enim</strong></span> <span class='ocrx_word' id='word_1_25' title='bbox 3314 400 3493 454; x_wconf 86' lang='lat' dir='ltr'><strong>omnia</strong></span> 
     </span>
    </p>
   </div>
   <div class='ocr_carea' id='block_1_5' title="bbox 207 460 1792 537">
    <p class='ocr_par' dir='ltr' id='par_1_5' title="bbox 207 460 1792 537">
     <span class='ocr_line' id='line_1_5' title="bbox 207 460 1792 537; baseline 0.007 -20"><span class='ocrx_word' id='word_1_26' title='bbox 207 460 376 533; x_wconf 86' lang='lat' dir='ltr'><strong>ipsam</strong></span> <span class='ocrx_word' id='word_1_27' title='bbox 405 475 573 533; x_wconf 83' lang='lat' dir='ltr'><strong>usque</strong></span> <span class='ocrx_word' id='word_1_28' title='bbox 606 465 954 532; x_wconf 74' lang='lat' dir='ltr'><strong>perveniunt;</strong></span> <span class='ocrx_word' id='word_1_29' title='bbox 1001 467 1117 521; x_wconf 86' lang='lat' dir='ltr'><strong>sine</strong></span> <span class='ocrx_word' id='word_1_30' title='bbox 1142 483 1245 537; x_wconf 90' lang='lat' dir='ltr'><strong>qua</strong></span> <span class='ocrx_word' id='word_1_31' title='bbox 1277 469 1507 525; x_wconf 83' lang='lat' dir='ltr'><strong>virtutes</strong></span> <span class='ocrx_word' id='word_1_32' title='bbox 1531 470 1660 526; x_wconf 89' lang='lat' dir='ltr'><strong>vitia</strong></span> <span class='ocrx_word' id='word_1_33' title='bbox 1704 487 1792 527; x_wconf 86' lang='lat' dir='ltr'><strong>re-</strong></span> 
     </span>
    </p>
   </div>
   <div class='ocr_carea' id='block_1_6' title="bbox 204 553 1795 633">
    <p class='ocr_par' dir='ltr' id='par_1_6' title="bbox 204 553 1795 633">
     <span class='ocr_line' id='line_1_6' title="bbox 204 553 1795 633; baseline 0.007 -25"><span class='ocrx_word' id='word_1_34' title='bbox 204 562 482 626; x_wconf 83' lang='lat' dir='ltr'><strong>putantur.</strong></span> <span class='ocrx_word' id='word_1_35' title='bbox 530 554 596 609; x_wconf 82' lang='lat' dir='ltr'><strong>Et</strong></span> <span class='ocrx_word' id='word_1_36' title='bbox 627 553 728 610; x_wconf 84' lang='lat' dir='ltr'><strong>huc</strong></span> <span class='ocrx_word' id='word_1_37' title='bbox 765 566 847 610; x_wconf 89' lang='lat' dir='ltr'><strong>est</strong></span> <span class='ocrx_word' id='word_1_38' title='bbox 891 558 1031 627; x_wconf 90' lang='lat' dir='ltr'><strong>quod</strong></span> <span class='ocrx_word' id='word_1_39' title='bbox 1074 557 1205 614; x_wconf 77' lang='lat' dir='ltr'><strong>dicit</strong></span> <span class='ocrx_word' id='word_1_40' title='bbox 1250 560 1507 617; x_wconf 81' lang='lat' dir='ltr'><strong>Dominus</strong></span> <span class='ocrx_word' id='word_1_41' title='bbox 1558 578 1652 632; x_wconf 90' lang='lat' dir='ltr'><strong>per</strong></span> <span class='ocrx_word' id='word_1_42' title='bbox 1681 579 1795 633; x_wconf 90' lang='lat' dir='ltr'><strong>pro-</strong></span> 
     </span>
    </p>
   </div>
   <div class='ocr_carea' id='block_1_7' title="bbox 206 645 1793 724">
    <p class='ocr_par' dir='ltr' id='par_1_7' title="bbox 206 645 1793 724">
     <span class='ocr_line' id='line_1_7' title="bbox 206 645 1793 724; baseline 0.006 -23"><span class='ocrx_word' id='word_1_43' title='bbox 206 650 425 719; x_wconf 86' lang='lat' dir='ltr'><strong>phetam</strong></span> <span class='ocrx_word' id='word_1_44' title='bbox 453 665 466 700; x_wconf 93' lang='lat'><strong>:</strong></span> <span class='ocrx_word' id='word_1_45' title='bbox 495 645 714 702; x_wconf 75' lang='lat' dir='ltr'><strong>Verbum</strong></span> <span class='ocrx_word' id='word_1_46' title='bbox 746 649 1027 705; x_wconf 82' lang='lat' dir='ltr'><strong>breviatum</strong></span> <span class='ocrx_word' id='word_1_47' title='bbox 1057 653 1211 722; x_wconf 81' lang='lat' dir='ltr'><strong>faciet</strong></span> <span class='ocrx_word' id='word_1_48' title='bbox 1241 652 1490 709; x_wconf 80' lang='lat' dir='ltr'><strong>Dominus</strong></span> <span class='ocrx_word' id='word_1_49' title='bbox 1511 672 1667 724; x_wconf 82' lang='lat' dir='ltr'><strong><em>super</em></strong></span> <span class='ocrx_word' id='word_1_50' title='bbox 1686 661 1793 711; x_wconf 86' lang='lat' dir='ltr'><strong>ter-</strong></span> 
     </span>
    </p>
   </div>
   <div class='ocr_carea' id='block_1_8' title="bbox 202 738 1790 818">
    <p class='ocr_par' dir='ltr' id='par_1_8' title="bbox 202 738 1790 818">
     <span class='ocr_line' id='line_1_8' title="bbox 202 738 1790 818; baseline 0.007 -27"><span class='ocrx_word' id='word_1_51' title='bbox 202 755 340 794; x_wconf 86' lang='lat' dir='ltr'><strong>ram.</strong></span> <span class='ocrx_word' id='word_1_52' title='bbox 371 738 509 807; x_wconf 82' lang='lat' dir='ltr'><strong>Quid</strong></span> <span class='ocrx_word' id='word_1_53' title='bbox 558 744 700 795; x_wconf 83' lang='lat' dir='ltr'><strong>enim</strong></span> <span class='ocrx_word' id='word_1_54' title='bbox 749 741 868 809; x_wconf 94' lang='lat' dir='ltr'><strong>plus</strong></span> <span class='ocrx_word' id='word_1_55' title='bbox 918 743 1080 797; x_wconf 82' lang='lat' dir='ltr'><strong>breve</strong></span> <span class='ocrx_word' id='word_1_56' title='bbox 1132 753 1307 813; x_wconf 84' lang='lat' dir='ltr'><strong>potest</strong></span> <span class='ocrx_word' id='word_1_57' title='bbox 1349 761 1491 811; x_wconf 87' lang='lat' dir='ltr'><strong>esse,</strong></span> <span class='ocrx_word' id='word_1_58' title='bbox 1533 763 1691 818; x_wconf 87' lang='lat' dir='ltr'><strong>quam</strong></span> <span class='ocrx_word' id='word_1_59' title='bbox 1737 749 1790 803; x_wconf 94' lang='lat' dir='ltr'><strong>in</strong></span> 
     </span>
    </p>
   </div>
   <div class='ocr_carea' id='block_1_9' title="bbox 214 856 479 878">
    <p class='ocr_par' dir='ltr' id='par_1_9' title="bbox 214 856 479 878">
     <span class='ocr_line' id='line_1_9' title="bbox 214 856 479 878; baseline 0.019 -4"><span class='ocrx_word' id='word_1_60' title='bbox 214 856 479 878; x_wconf 44' lang='lat'><strong>~—</strong></span> 
     </span>
    </p>
   </div>
   <div class='ocr_carea' id='block_1_10' title="bbox 1904 471 3494 559">
    <p class='ocr_par' dir='ltr' id='par_1_10' title="bbox 1904 471 3494 559">
     <span class='ocr_line' id='line_1_10' title="bbox 1904 471 3494 559; baseline 0.011 -33"><span class='ocrx_word' id='word_1_61' title='bbox 1904 471 2216 542; x_wconf 89' lang='lat' dir='ltr'><strong>perquirere</strong></span> <span class='ocrx_word' id='word_1_62' title='bbox 2242 488 2348 527; x_wconf 84' lang='lat' dir='ltr'><strong>non</strong></span> <span class='ocrx_word' id='word_1_63' title='bbox 2376 474 2545 545; x_wconf 87' lang='lat' dir='ltr'><strong>vales,</strong></span> <span class='ocrx_word' id='word_1_64' title='bbox 2574 484 2695 532; x_wconf 87' lang='lat' dir='ltr'><strong>tene</strong></span> <span class='ocrx_word' id='word_1_65' title='bbox 2722 476 2826 532; x_wconf 85' lang='lat' dir='ltr'><strong>ista</strong></span> <span class='ocrx_word' id='word_1_66' title='bbox 2851 477 2981 547; x_wconf 87' lang='lat' dir='ltr'><strong>duo,</strong></span> <span class='ocrx_word' id='word_1_67' title='bbox 3013 489 3070 536; x_wconf 93' lang='lat' dir='ltr'><strong>et</strong></span> <span class='ocrx_word' id='word_1_68' title='bbox 3097 485 3277 540; x_wconf 81' lang='lat' dir='ltr'><strong>omnia</strong></span> <span class='ocrx_word' id='word_1_69' title='bbox 3305 485 3494 559; x_wconf 84' lang='lat' dir='ltr'><strong>imple-</strong></span> 
     </span>
    </p>
   </div>
   <div class='ocr_carea' id='block_1_11' title="bbox 1900 567 3490 643">
    <p class='ocr_par' dir='ltr' id='par_1_11' title="bbox 1900 567 3490 643">
     <span class='ocr_line' id='line_1_11' title="bbox 1900 567 3490 643; baseline 0.012 -21"><span class='ocrx_word' id='word_1_70' title='bbox 1900 567 1992 634; x_wconf 88' lang='lat' dir='ltr'><strong>sti,</strong></span> <span class='ocrx_word' id='word_1_71' title='bbox 2026 567 2284 639; x_wconf 83' lang='lat' dir='ltr'><strong>quidquid</strong></span> <span class='ocrx_word' id='word_1_72' title='bbox 2331 578 2499 639; x_wconf 87' lang='lat' dir='ltr'><strong>patet,</strong></span> <span class='ocrx_word' id='word_1_73' title='bbox 2529 570 2784 643; x_wconf 87' lang='lat' dir='ltr'><strong>quidquid</strong></span> <span class='ocrx_word' id='word_1_74' title='bbox 2832 572 2957 630; x_wconf 85' lang='lat' dir='ltr'><strong>latet</strong></span> <span class='ocrx_word' id='word_1_75' title='bbox 2992 574 3048 631; x_wconf 87' lang='lat' dir='ltr'><strong>itt</strong></span> <span class='ocrx_word' id='word_1_76' title='bbox 3096 576 3294 636; x_wconf 80' lang='lat' dir='ltr'><strong>divinis</strong></span> <span class='ocrx_word' id='word_1_77' title='bbox 3342 579 3490 641; x_wconf 84' lang='lat' dir='ltr'><strong>Scri-</strong></span> 
     </span>
    </p>
   </div>
   <div class='ocr_carea' id='block_1_12' title="bbox 1902 660 2096 731">
    <p class='ocr_par' dir='ltr' id='par_1_12' title="bbox 1902 660 2096 731">
     <span class='ocr_line' id='line_1_12' title="bbox 1902 660 2096 731; baseline 0.015 -17"><span class='ocrx_word' id='word_1_78' title='bbox 1902 660 2096 731; x_wconf 92' lang='lat' dir='ltr'><strong>pturis.</strong></span> 
     </span>
    </p>
   </div>
   <div class='ocr_carea' id='block_1_13' title="bbox 486 862 3466 909">
    <p class='ocr_par' dir='ltr' id='par_1_13' title="bbox 486 862 3466 909">
     <span class='ocr_line' id='line_1_13' title="bbox 486 862 3466 909; baseline 0.009 -30"><span class='ocrx_word' id='word_1_79' title='bbox 486 862 3466 909; x_wconf 77' lang='lat'><strong>——————_—______.—__——____________</strong></span> 
     </span>
    </p>
   </div>
   <div class='ocr_carea' id='block_1_14' title="bbox 1716 960 1992 1089">
    <p class='ocr_par' dir='ltr' id='par_1_14' title="bbox 1716 960 1992 1089">
     <span class='ocr_line' id='line_1_14' title="bbox 1716 960 1992 1089; baseline -0.018 0"><span class='ocrx_word' id='word_1_80' title='bbox 1716 960 1992 1089; x_wconf 91' lang='lat' dir='ltr'><strong>VII.</strong></span> 
     </span>
    </p>
   </div>
   <div class='ocr_carea' id='block_1_15' title="bbox 195 1154 3476 1251">
    <p class='ocr_par' dir='ltr' id='par_1_15' title="bbox 195 1154 3476 1251">
     <span class='ocr_line' id='line_1_15' title="bbox 195 1154 3476 1251; baseline 0.006 -34"><span class='ocrx_word' id='word_1_81' title='bbox 195 1154 418 1221; x_wconf 83' lang='lat' dir='ltr'><strong>Lectio</strong></span> <span class='ocrx_word' id='word_1_82' title='bbox 455 1157 748 1237; x_wconf 77' lang='lat' dir='ltr'><strong>Epistolte</strong></span> <span class='ocrx_word' id='word_1_83' title='bbox 781 1159 803 1222; x_wconf 89' lang='grc' dir='ltr'><strong>Ι</strong></span> <span class='ocrx_word' id='word_1_84' title='bbox 842 1162 1006 1223; x_wconf 85' lang='lat' dir='ltr'><strong>beati</strong></span> <span class='ocrx_word' id='word_1_85' title='bbox 1050 1160 1222 1223; x_wconf 84' lang='lat' dir='ltr'><strong>Pauli</strong></span> <span class='ocrx_word' id='word_1_86' title='bbox 1274 1161 1546 1243; x_wconf 81' lang='lat' dir='ltr'><strong>apostoli</strong></span> <span class='ocrx_word' id='word_1_87' title='bbox 1598 1161 1673 1221; x_wconf 90' lang='lat' dir='ltr'><strong>ad</strong></span> <span class='ocrx_word' id='word_1_88' title='bbox 1733 1158 2095 1251; x_wconf 72' lang='lat' dir='ltr'><strong>Corinthios</strong></span> <span class='ocrx_word' id='word_1_89' title='bbox 2140 1162 2221 1251; x_wconf 78' lang='grc' dir='ltr'><strong>(ι,</strong></span> <span class='ocrx_word' id='word_1_90' title='bbox 2255 1164 2319 1244; x_wconf 71' lang='lat' dir='ltr'><strong>Is)</strong></span> <span class='ocrx_word' id='word_1_91' title='bbox 2351 1187 2367 1228; x_wconf 95' lang='lat'><strong>:</strong></span> <span class='ocrx_word' id='word_1_92' title='bbox 2405 1165 2686 1241; x_wconf 86' lang='lat' dir='ltr'><strong>Fratres,</strong></span> <span class='ocrx_word' id='word_1_93' title='bbox 2729 1168 2972 1246; x_wconf 88' lang='lat' dir='ltr'><strong>gratias</strong></span> <span class='ocrx_word' id='word_1_94' title='bbox 3000 1188 3119 1251; x_wconf 92' lang='lat' dir='ltr'><strong>ago</strong></span> <span class='ocrx_word' id='word_1_95' title='bbox 3174 1173 3294 1234; x_wconf 88' lang='lat' dir='ltr'><strong>Deo</strong></span> <span class='ocrx_word' id='word_1_96' title='bbox 3347 1194 3476 1237; x_wconf 85' lang='lat' dir='ltr'><strong>meo</strong></span> 
     </span>
    </p>
   </div>
   <div class='ocr_carea' id='block_1_16' title="bbox 1446 1238 2212 1320">
    <p class='ocr_par' dir='ltr' id='par_1_16' title="bbox 1446 1238 2212 1320">
     <span class='ocr_line' id='line_1_16' title="bbox 1446 1238 2212 1320; baseline 0.007 -21"><span class='ocrx_word' id='word_1_97' title='bbox 1446 1256 1684 1320; x_wconf 82' lang='lat' dir='ltr'><strong>semper</strong></span> <span class='ocrx_word' id='word_1_98' title='bbox 1709 1256 1829 1316; x_wconf 83' lang='lat' dir='ltr'><strong>pro</strong></span> <span class='ocrx_word' id='word_1_99' title='bbox 1864 1238 2062 1313; x_wconf 83' lang='lat' dir='ltr'><strong>vobis,</strong></span> <span class='ocrx_word' id='word_1_100' title='bbox 2093 1248 2212 1304; x_wconf 88' lang='lat' dir='ltr'><strong>etc.</strong></span> 
     </span>
    </p>
   </div>
   <div class='ocr_carea' id='block_1_17' title="bbox 1388 1379 2295 1443">
    <p class='ocr_par' dir='ltr' id='par_1_17' title="bbox 1388 1379 2295 1443">
     <span class='ocr_line' id='line_1_17' title="bbox 1388 1379 2295 1443; baseline 0.003 -3"><span class='ocrx_word' id='word_1_101' title='bbox 1388 1381 1817 1440; x_wconf 72' lang='lat' dir='ltr'><strong>COMMENTUM</strong></span> <span class='ocrx_word' id='word_1_102' title='bbox 1857 1379 2295 1443; x_wconf 83' lang='lat' dir='ltr'><strong>LUCULENTII.</strong></span> 
     </span>
    </p>
   </div>
   <div class='ocr_carea' id='block_1_18' title="bbox 271 1492 3481 1579">
    <p class='ocr_par' dir='ltr' id='par_1_18' title="bbox 271 1492 3481 1579">
     <span class='ocr_line' id='line_1_18' title="bbox 271 1492 3481 1579; baseline 0.011 -44"><span class='ocrx_word' id='word_1_103' title='bbox 271 1492 529 1551; x_wconf 71' lang='grc' dir='ltr'><strong>εοτίηιιιίί</strong></span> <span class='ocrx_word' id='word_1_104' title='bbox 566 1507 688 1553; x_wconf 72' lang='lat' dir='ltr'><strong>sum</strong></span> <span class='ocrx_word' id='word_1_105' title='bbox 745 1498 926 1554; x_wconf 59' lang='lat' dir='ltr'><strong>Achaei</strong></span> <span class='ocrx_word' id='word_1_106' title='bbox 955 1515 969 1554; x_wconf 68' lang='grc' dir='ltr'><strong>ε</strong></span> <span class='ocrx_word' id='word_1_107' title='bbox 1002 1500 1054 1553; x_wconf 70' lang='lat' dir='ltr'><strong>hi</strong></span> <span class='ocrx_word' id='word_1_108' title='bbox 1085 1501 1357 1570; x_wconf 64' lang='lat' dir='ltr'><strong>prmdicali</strong></span> <span class='ocrx_word' id='word_1_109' title='bbox 1398 1517 1428 1555; x_wconf 65' lang='grc' dir='ltr'><strong>ει</strong></span> <span class='ocrx_word' id='word_1_110' title='bbox 1461 1500 1622 1554; x_wconf 76' lang='lat' dir='ltr'><strong>paulo</strong></span> <span class='ocrx_word' id='word_1_111' title='bbox 1646 1512 1781 1567; x_wconf 80' lang='lat' dir='ltr'><strong>apa-</strong></span> <span class='ocrx_word' id='word_1_112' title='bbox 1813 1496 1861 1555; x_wconf 89' lang='lat' dir='ltr'><strong>B</strong></span> <span class='ocrx_word' id='word_1_113' title='bbox 1887 1494 2083 1551; x_wconf 86' lang='lat' dir='ltr'><strong>Christi</strong></span> <span class='ocrx_word' id='word_1_114' title='bbox 2114 1499 2401 1558; x_wconf 81' lang='lat' dir='ltr'><strong>adventum</strong></span> <span class='ocrx_word' id='word_1_115' title='bbox 2433 1506 2515 1561; x_wconf 88' lang='lat' dir='ltr'><strong>vel</strong></span> <span class='ocrx_word' id='word_1_116' title='bbox 2551 1492 2893 1579; x_wconf 74' lang='lat' dir='ltr'><strong>prophetavit</strong></span> <span class='ocrx_word' id='word_1_117' title='bbox 2919 1513 3007 1570; x_wconf 86' lang='lat' dir='ltr'><strong>vel</strong></span> <span class='ocrx_word' id='word_1_118' title='bbox 3035 1508 3295 1572; x_wconf 79' lang='lat' dir='ltr'><strong>ostendit.</strong></span> <span class='ocrx_word' id='word_1_119' title='bbox 3329 1516 3481 1577; x_wconf 79' lang='lat' dir='ltr'><strong>Unde</strong></span> 
     </span>
    </p>
   </div>
   <div class='ocr_carea' id='block_1_19' title="bbox 184 1589 1780 1661">
    <p class='ocr_par' dir='ltr' id='par_1_19' title="bbox 184 1589 1780 1661">
     <span class='ocr_line' id='line_1_19' title="bbox 184 1589 1780 1661; baseline 0.003 -18"><span class='ocrx_word' id='word_1_120' title='bbox 184 1589 354 1656; x_wconf 86' lang='lat' dir='ltr'><strong>stole,</strong></span> <span class='ocrx_word' id='word_1_121' title='bbox 386 1601 506 1661; x_wconf 92' lang='lat' dir='ltr'><strong>post</strong></span> <span class='ocrx_word' id='word_1_122' title='bbox 535 1589 651 1661; x_wconf 87' lang='lat' dir='ltr'><strong>ejus</strong></span> <span class='ocrx_word' id='word_1_123' title='bbox 679 1592 1068 1649; x_wconf 88' lang='lat' dir='ltr'><strong>discessionem</strong></span> <span class='ocrx_word' id='word_1_124' title='bbox 1100 1593 1245 1649; x_wconf 91' lang='lat' dir='ltr'><strong>illius</strong></span> <span class='ocrx_word' id='word_1_125' title='bbox 1274 1594 1574 1650; x_wconf 85' lang='lat' dir='ltr'><strong>doctrinam</strong></span> <span class='ocrx_word' id='word_1_126' title='bbox 1621 1592 1780 1647; x_wconf 88' lang='lat' dir='ltr'><strong>dese—</strong></span> 
     </span>
    </p>
   </div>
   <div class='ocr_carea' id='block_1_20' title="bbox 183 1660 1783 1757">
    <p class='ocr_par' dir='ltr' id='par_1_20' title="bbox 183 1660 1783 1757">
     <span class='ocr_line' id='line_1_20' title="bbox 183 1660 1783 1757; baseline 0.001 -20"><span class='ocrx_word' id='word_1_127' title='bbox 183 1660 613 1739; x_wconf 12' lang='lat' dir='ltr'><strong>rentcsisedu&#39;cti</strong></span> <span class='ocrx_word' id='word_1_128' title='bbox 643 1694 769 1739; x_wconf 87' lang='lat' dir='ltr'><strong>sunt</strong></span> <span class='ocrx_word' id='word_1_129' title='bbox 795 1701 825 1740; x_wconf 91' lang='lat' dir='ltr'><strong>a</strong></span> <span class='ocrx_word' id='word_1_130' title='bbox 856 1686 1005 1743; x_wconf 81' lang='lat' dir='ltr'><strong>falsis</strong></span> <span class='ocrx_word' id='word_1_131' title='bbox 1030 1686 1327 1757; x_wconf 87' lang='lat' dir='ltr'><strong>prophetis.</strong></span> <span class='ocrx_word' id='word_1_132' title='bbox 1360 1687 1470 1742; x_wconf 88' lang='lat' dir='ltr'><strong>Hoc</strong></span> <span class='ocrx_word' id='word_1_133' title='bbox 1497 1684 1783 1755; x_wconf 78' lang='lat' dir='ltr'><strong>Apostolus</strong></span> 
     </span>
    </p>
   </div>
   <div class='ocr_carea' id='block_1_21' title="bbox 180 1773 1780 1849">
    <p class='ocr_par' dir='ltr' id='par_1_21' title="bbox 180 1773 1780 1849">
     <span class='ocr_line' id='line_1_21' title="bbox 180 1773 1780 1849; baseline -0.003 -18"><span class='ocrx_word' id='word_1_134' title='bbox 180 1774 416 1844; x_wconf 74' lang='lat' dir='ltr'><strong>Cupiens</strong></span> <span class='ocrx_word' id='word_1_135' title='bbox 465 1775 757 1831; x_wconf 83' lang='lat' dir='ltr'><strong>reformare</strong></span> <span class='ocrx_word' id='word_1_136' title='bbox 812 1777 1002 1833; x_wconf 88' lang='lat' dir='ltr'><strong>scribit</strong></span> <span class='ocrx_word' id='word_1_137' title='bbox 1058 1778 1163 1833; x_wconf 91' lang='lat' dir='ltr'><strong>illis</strong></span> <span class='ocrx_word' id='word_1_138' title='bbox 1212 1778 1467 1849; x_wconf 86' lang='lat' dir='ltr'><strong>epistolas</strong></span> <span class='ocrx_word' id='word_1_139' title='bbox 1517 1777 1671 1831; x_wconf 87' lang='lat' dir='ltr'><strong>duas.</strong></span> <span class='ocrx_word' id='word_1_140' title='bbox 1723 1773 1780 1827; x_wconf 87' lang='lat' dir='ltr'><strong>in</strong></span> 
     </span>
    </p>
   </div>
   <div class='ocr_carea' id='block_1_22' title="bbox 180 1866 1780 1942">
    <p class='ocr_par' dir='ltr' id='par_1_22' title="bbox 180 1866 1780 1942">
     <span class='ocr_line' id='line_1_22' title="bbox 180 1866 1780 1942; baseline 0.003 -23"><span class='ocrx_word' id='word_1_141' title='bbox 180 1866 366 1936; x_wconf 85' lang='lat' dir='ltr'><strong>prima</strong></span> <span class='ocrx_word' id='word_1_142' title='bbox 399 1867 578 1921; x_wconf 84' lang='lat' dir='ltr'><strong>laudat</strong></span> <span class='ocrx_word' id='word_1_143' title='bbox 601 1882 694 1923; x_wconf 91' lang='lat' dir='ltr'><strong>eos</strong></span> <span class='ocrx_word' id='word_1_144' title='bbox 723 1870 773 1923; x_wconf 91' lang='lat' dir='ltr'><strong>in</strong></span> <span class='ocrx_word' id='word_1_145' title='bbox 805 1871 1267 1939; x_wconf 74' lang='lat' dir='ltr'><strong>capite,,inferius</strong></span> <span class='ocrx_word' id='word_1_146' title='bbox 1300 1871 1455 1926; x_wconf 87' lang='lat' dir='ltr'><strong>valde</strong></span> <span class='ocrx_word' id='word_1_147' title='bbox 1486 1869 1780 1942; x_wconf 90' lang='lat' dir='ltr'><strong>reprehen-</strong></span> 
     </span>
    </p>
   </div>
   <div class='ocr_carea' id='block_1_23' title="bbox 178 1959 1781 2035">
    <p class='ocr_par' dir='ltr' id='par_1_23' title="bbox 178 1959 1781 2035">
     <span class='ocr_line' id='line_1_23' title="bbox 178 1959 1781 2035; baseline 0.003 -21"><span class='ocrx_word' id='word_1_148' title='bbox 178 1959 271 2014; x_wconf 84' lang='lat' dir='ltr'><strong>dit</strong></span> <span class='ocrx_word' id='word_1_149' title='bbox 299 1973 449 2015; x_wconf 83' lang='lat' dir='ltr'><strong>more</strong></span> <span class='ocrx_word' id='word_1_150' title='bbox 480 1962 633 2030; x_wconf 90' lang='lat' dir='ltr'><strong>periti</strong></span> <span class='ocrx_word' id='word_1_151' title='bbox 668 1962 862 2019; x_wconf 90' lang='lat' dir='ltr'><strong>medici</strong></span> <span class='ocrx_word' id='word_1_152' title='bbox 887 1965 1073 2020; x_wconf 86' lang='lat' dir='ltr'><strong>dicens</strong></span> <span class='ocrx_word' id='word_1_153' title='bbox 1098 1984 1113 2022; x_wconf 94' lang='lat'><strong>:</strong></span> <span class='ocrx_word' id='word_1_154' title='bbox 1140 1966 1217 2020; x_wconf 92' lang='lat' dir='ltr'><strong>sic</strong></span> <span class='ocrx_word' id='word_1_155' title='bbox 1244 1965 1387 2021; x_wconf 88' lang='lat' dir='ltr'><strong>enim</strong></span> <span class='ocrx_word' id='word_1_156' title='bbox 1412 1966 1613 2035; x_wconf 84' lang='lat' dir='ltr'><strong>peritus</strong></span> <span class='ocrx_word' id='word_1_157' title='bbox 1635 1964 1781 2035; x_wconf 84' lang='lat' dir='ltr'><strong>prius</strong></span> 
     </span>
    </p>
   </div>
   <div class='ocr_carea' id='block_1_24' title="bbox 176 2059 1777 2130">
    <p class='ocr_par' dir='ltr' id='par_1_24' title="bbox 176 2059 1777 2130">
     <span class='ocr_line' id='line_1_24' title="bbox 176 2059 1777 2130; baseline 0.005 -23"><span class='ocrx_word' id='word_1_158' title='bbox 176 2060 357 2125; x_wconf 77' lang='lat' dir='ltr'><strong>tangit</strong></span> <span class='ocrx_word' id='word_1_159' title='bbox 382 2071 572 2113; x_wconf 85' lang='lat' dir='ltr'><strong>carnes</strong></span> <span class='ocrx_word' id='word_1_160' title='bbox 591 2072 750 2112; x_wconf 80' lang='lat' dir='ltr'><strong>sanas</strong></span> <span class='ocrx_word' id='word_1_161' title='bbox 779 2068 835 2113; x_wconf 92' lang='lat' dir='ltr'><strong>ut</strong></span> <span class='ocrx_word' id='word_1_162' title='bbox 864 2059 1138 2128; x_wconf 86' lang='lat' dir='ltr'><strong>perveniat</strong></span> <span class='ocrx_word' id='word_1_163' title='bbox 1170 2060 1234 2114; x_wconf 85' lang='lat' dir='ltr'><strong>ad</strong></span> <span class='ocrx_word' id='word_1_164' title='bbox 1265 2060 1501 2130; x_wconf 88' lang='lat' dir='ltr'><strong>putridas</strong></span> <span class='ocrx_word' id='word_1_165' title='bbox 1528 2077 1541 2112; x_wconf 93' lang='lat'><strong>:</strong></span> <span class='ocrx_word' id='word_1_166' title='bbox 1564 2061 1606 2115; x_wconf 85' lang='lat' dir='ltr'><strong>si</strong></span> <span class='ocrx_word' id='word_1_167' title='bbox 1634 2062 1777 2115; x_wconf 91' lang='lat' dir='ltr'><strong>enim</strong></span> 
     </span>
    </p>
   </div>
   <div class='ocr_carea' id='block_1_25' title="bbox 176 2148 1777 2224">
    <p class='ocr_par' dir='ltr' id='par_1_25' title="bbox 176 2148 1777 2224">
     <span class='ocr_line' id='line_1_25' title="bbox 176 2148 1777 2224; baseline 0.004 -23"><span class='ocrx_word' id='word_1_168' title='bbox 176 2148 338 2215; x_wconf 85' lang='lat' dir='ltr'><strong>prius</strong></span> <span class='ocrx_word' id='word_1_169' title='bbox 370 2148 607 2205; x_wconf 83' lang='lat' dir='ltr'><strong>inﬁrmas</strong></span> <span class='ocrx_word' id='word_1_170' title='bbox 657 2160 918 2223; x_wconf 84' lang='lat' dir='ltr'><strong>tangeret.</strong></span> <span class='ocrx_word' id='word_1_171' title='bbox 950 2152 1175 2208; x_wconf 81' lang='lat' dir='ltr'><strong>forsitan</strong></span> <span class='ocrx_word' id='word_1_172' title='bbox 1208 2168 1349 2224; x_wconf 65' lang='lat' dir='ltr'><strong>aeger</strong></span> <span class='ocrx_word' id='word_1_173' title='bbox 1389 2154 1508 2224; x_wconf 86' lang='lat' dir='ltr'><strong>ejus</strong></span> <span class='ocrx_word' id='word_1_174' title='bbox 1548 2153 1777 2209; x_wconf 84' lang='lat' dir='ltr'><strong>medici-</strong></span> 
     </span>
    </p>
   </div>
   <div class='ocr_carea' id='block_1_26' title="bbox 174 2245 1776 2319">
    <p class='ocr_par' dir='ltr' id='par_1_26' title="bbox 174 2245 1776 2319">
     <span class='ocr_line' id='line_1_26' title="bbox 174 2245 1776 2319; baseline 0.006 -25"><span class='ocrx_word' id='word_1_175' title='bbox 174 2255 312 2295; x_wconf 83' lang='lat' dir='ltr'><strong>nam</strong></span> <span class='ocrx_word' id='word_1_176' title='bbox 346 2251 644 2311; x_wconf 88' lang='lat' dir='ltr'><strong>respueret.</strong></span> <span class='ocrx_word' id='word_1_177' title='bbox 680 2245 770 2299; x_wconf 88' lang='lat' dir='ltr'><strong>Sic</strong></span> <span class='ocrx_word' id='word_1_178' title='bbox 799 2245 1091 2316; x_wconf 83' lang='lat' dir='ltr'><strong>Apostolus</strong></span> <span class='ocrx_word' id='word_1_179' title='bbox 1127 2247 1272 2316; x_wconf 90' lang='lat' dir='ltr'><strong>prius</strong></span> <span class='ocrx_word' id='word_1_180' title='bbox 1302 2248 1477 2319; x_wconf 81' lang='lat' dir='ltr'><strong>tetigit</strong></span> <span class='ocrx_word' id='word_1_181' title='bbox 1506 2246 1605 2301; x_wconf 90' lang='lat' dir='ltr'><strong>hoc</strong></span> <span class='ocrx_word' id='word_1_182' title='bbox 1635 2248 1776 2317; x_wconf 90' lang='lat' dir='ltr'><strong>quod</strong></span> 
     </span>
    </p>
   </div>
   <div class='ocr_carea' id='block_1_27' title="bbox 174 2336 1772 2404">
    <p class='ocr_par' dir='ltr' id='par_1_27' title="bbox 174 2336 1772 2404">
     <span class='ocr_line' id='line_1_27' title="bbox 174 2336 1772 2404; baseline 0.005 -17"><span class='ocrx_word' id='word_1_183' title='bbox 174 2344 376 2387; x_wconf 85' lang='lat' dir='ltr'><strong>sanum</strong></span> <span class='ocrx_word' id='word_1_184' title='bbox 431 2345 547 2389; x_wconf 87' lang='lat' dir='ltr'><strong>erat</strong></span> <span class='ocrx_word' id='word_1_185' title='bbox 597 2337 648 2391; x_wconf 91' lang='lat' dir='ltr'><strong>in</strong></span> <span class='ocrx_word' id='word_1_186' title='bbox 700 2336 1015 2404; x_wconf 76' lang='lat' dir='ltr'><strong>Corinthiis,</strong></span> <span class='ocrx_word' id='word_1_187' title='bbox 1071 2354 1192 2393; x_wconf 88' lang='lat' dir='ltr'><strong>cum</strong></span> <span class='ocrx_word' id='word_1_188' title='bbox 1242 2339 1399 2395; x_wconf 88' lang='lat' dir='ltr'><strong>laude</strong></span> <span class='ocrx_word' id='word_1_189' title='bbox 1445 2341 1713 2399; x_wconf 87' lang='lat' dir='ltr'><strong>inchoavit</strong></span> <span class='ocrx_word' id='word_1_190' title='bbox 1759 2359 1772 2395; x_wconf 93' lang='lat'><strong>:</strong></span> 
     </span>
    </p>
   </div>
   <div class='ocr_carea' id='block_1_28' title="bbox 177 2426 1775 2496">
    <p class='ocr_par' dir='ltr' id='par_1_28' title="bbox 177 2426 1775 2496">
     <span class='ocr_line' id='line_1_28' title="bbox 177 2426 1775 2496; baseline 0.008 -16"><span class='ocrx_word' id='word_1_191' title='bbox 177 2426 460 2496; x_wconf 67' lang='lat' dir='ltr'><strong>Faunus,</strong></span> <span class='ocrx_word' id='word_1_192' title='bbox 486 2444 710 2486; x_wconf 73' lang='lat' dir='ltr'><strong>canus</strong></span> <span class='ocrx_word' id='word_1_193' title='bbox 758 2446 861 2489; x_wconf 68' lang='lat' dir='ltr'><strong>sco</strong></span> <span class='ocrx_word' id='word_1_194' title='bbox 894 2433 1006 2487; x_wconf 79' lang='lat' dir='ltr'><strong>Deo</strong></span> <span class='ocrx_word' id='word_1_195' title='bbox 1036 2449 1144 2489; x_wconf 69' lang='lat' dir='ltr'><strong>uno</strong></span> <span class='ocrx_word' id='word_1_196' title='bbox 1175 2450 1378 2491; x_wconf 69' lang='lat' dir='ltr'><strong>saneea</strong></span> <span class='ocrx_word' id='word_1_197' title='bbox 1403 2452 1504 2492; x_wconf 73' lang='lat' dir='ltr'><strong>eno</strong></span> <span class='ocrx_word' id='word_1_198' title='bbox 1534 2452 1679 2492; x_wconf 86' lang='lat' dir='ltr'><strong>voms</strong></span> <span class='ocrx_word' id='word_1_199' title='bbox 1723 2454 1775 2493; x_wconf 64' lang='grc' dir='ltr'><strong>ιη</strong></span> 
     </span>
    </p>
   </div>
   <div class='ocr_carea' id='block_1_29' title="bbox 170 2518 1773 2589">
    <p class='ocr_par' dir='ltr' id='par_1_29' title="bbox 170 2518 1773 2589">
     <span class='ocr_line' id='line_1_29' title="bbox 170 2518 1773 2589; baseline 0.006 -14"><span class='ocrx_word' id='word_1_200' title='bbox 170 2531 376 2575; x_wconf 67' lang='lat' dir='ltr'><strong>canta</strong></span> <span class='ocrx_word' id='word_1_201' title='bbox 412 2518 529 2589; x_wconf 79' lang='lat' dir='ltr'><strong>DEI,</strong></span> <span class='ocrx_word' id='word_1_202' title='bbox 563 2537 679 2585; x_wconf 61' lang='lat' dir='ltr'><strong>ouili</strong></span> <span class='ocrx_word' id='word_1_203' title='bbox 704 2538 843 2578; x_wconf 77' lang='grc' dir='ltr'><strong>οΑτΑ</strong></span> <span class='ocrx_word' id='word_1_204' title='bbox 874 2539 972 2580; x_wconf 76' lang='lat' dir='ltr'><strong>esr</strong></span> <span class='ocrx_word' id='word_1_205' title='bbox 1004 2540 1151 2581; x_wconf 85' lang='lat' dir='ltr'><strong>vonts</strong></span> <span class='ocrx_word' id='word_1_206' title='bbox 1182 2543 1233 2580; x_wconf 74' lang='lat' dir='ltr'><strong>IN</strong></span> <span class='ocrx_word' id='word_1_207' title='bbox 1262 2527 1497 2583; x_wconf 78' lang='lat' dir='ltr'><strong>Cunts&#39;ro</strong></span> <span class='ocrx_word' id='word_1_208' title='bbox 1512 2528 1663 2585; x_wconf 73' lang='lat' dir='ltr'><strong>Iesu.</strong></span> <span class='ocrx_word' id='word_1_209' title='bbox 1692 2530 1773 2585; x_wconf 85' lang='lat' dir='ltr'><strong>Ad</strong></span> 
     </span>
    </p>
   </div>
   <div class='ocr_carea' id='block_1_30' title="bbox 173 2609 1773 2689">
    <p class='ocr_par' dir='ltr' id='par_1_30' title="bbox 173 2609 1773 2689">
     <span class='ocr_line' id='line_1_30' title="bbox 173 2609 1773 2689; baseline 0.008 -28"><span class='ocrx_word' id='word_1_210' title='bbox 173 2609 429 2679; x_wconf 76' lang='lat' dir='ltr'><strong>putridas</strong></span> <span class='ocrx_word' id='word_1_211' title='bbox 476 2617 715 2681; x_wconf 84' lang='lat' dir='ltr'><strong>pervenit</strong></span> <span class='ocrx_word' id='word_1_212' title='bbox 745 2630 867 2670; x_wconf 88' lang='lat' dir='ltr'><strong>cum</strong></span> <span class='ocrx_word' id='word_1_213' title='bbox 899 2617 977 2671; x_wconf 89' lang='lat' dir='ltr'><strong>ait</strong></span> <span class='ocrx_word' id='word_1_214' title='bbox 1005 2636 1019 2671; x_wconf 92' lang='lat'><strong>:</strong></span> <span class='ocrx_word' id='word_1_215' title='bbox 1053 2619 1353 2673; x_wconf 83' lang='lat' dir='ltr'><strong>Audiuntur</strong></span> <span class='ocrx_word' id='word_1_216' title='bbox 1381 2620 1515 2674; x_wconf 86' lang='lat' dir='ltr'><strong>inter</strong></span> <span class='ocrx_word' id='word_1_217' title='bbox 1542 2637 1627 2674; x_wconf 84' lang='lat' dir='ltr'><strong>vos</strong></span> <span class='ocrx_word' id='word_1_218' title='bbox 1661 2622 1773 2689; x_wconf 79' lang='lat' dir='ltr'><strong>for-</strong></span> 
     </span>
    </p>
   </div>
   <div class='ocr_carea' id='block_1_31' title="bbox 167 2702 1768 2781">
    <p class='ocr_par' dir='ltr' id='par_1_31' title="bbox 167 2702 1768 2781">
     <span class='ocr_line' id='line_1_31' title="bbox 167 2702 1768 2781; baseline 0.007 -26"><span class='ocrx_word' id='word_1_219' title='bbox 167 2702 452 2757; x_wconf 68' lang='lat' dir='ltr'><strong>nicatores.</strong></span> <span class='ocrx_word' id='word_1_220' title='bbox 482 2704 539 2759; x_wconf 91' lang='lat' dir='ltr'><strong>Si</strong></span> <span class='ocrx_word' id='word_1_221' title='bbox 584 2705 727 2761; x_wconf 89' lang='lat' dir='ltr'><strong>enim</strong></span> <span class='ocrx_word' id='word_1_222' title='bbox 776 2707 829 2762; x_wconf 92' lang='lat' dir='ltr'><strong>in</strong></span> <span class='ocrx_word' id='word_1_223' title='bbox 864 2710 1038 2776; x_wconf 90' lang='lat' dir='ltr'><strong>primo</strong></span> <span class='ocrx_word' id='word_1_224' title='bbox 1066 2713 1246 2780; x_wconf 84' lang='lat' dir='ltr'><strong>capite</strong></span> <span class='ocrx_word' id='word_1_225' title='bbox 1295 2711 1768 2781; x_wconf 81' lang='lat' dir='ltr'><strong>redarguerentnr,</strong></span> 
     </span>
    </p>
   </div>
   <div class='ocr_carea' id='block_1_32' title="bbox 166 2792 1765 2877">
    <p class='ocr_par' dir='ltr' id='par_1_32' title="bbox 166 2792 1765 2877">
     <span class='ocr_line' id='line_1_32' title="bbox 166 2792 1765 2877; baseline 0.008 -29"><span class='ocrx_word' id='word_1_226' title='bbox 166 2792 404 2850; x_wconf 69' lang='lat' dir='ltr'><strong>(orsitan</strong></span> <span class='ocrx_word' id='word_1_227' title='bbox 453 2811 556 2853; x_wconf 90' lang='lat' dir='ltr'><strong>non</strong></span> <span class='ocrx_word' id='word_1_228' title='bbox 609 2800 910 2868; x_wconf 87' lang='lat' dir='ltr'><strong>reciperent</strong></span> <span class='ocrx_word' id='word_1_229' title='bbox 951 2803 1069 2869; x_wconf 86' lang='lat' dir='ltr'><strong>ejus</strong></span> <span class='ocrx_word' id='word_1_230' title='bbox 1109 2802 1431 2859; x_wconf 84' lang='lat' dir='ltr'><strong>doctrinam.</strong></span> <span class='ocrx_word' id='word_1_231' title='bbox 1466 2806 1557 2861; x_wconf 87' lang='lat' dir='ltr'><strong>Ait</strong></span> <span class='ocrx_word' id='word_1_232' title='bbox 1589 2822 1720 2877; x_wconf 78' lang='lat' dir='ltr'><strong>ergo</strong></span> <span class='ocrx_word' id='word_1_233' title='bbox 1755 2827 1765 2861; x_wconf 93' lang='lat'><strong>:</strong></span> 
     </span>
    </p>
   </div>
   <div class='ocr_carea' id='block_1_33' title="bbox 1888 1589 3581 1681">
    <p class='ocr_par' dir='ltr' id='par_1_33' title="bbox 1888 1589 3581 1681">
     <span class='ocr_line' id='line_1_33' title="bbox 1888 1589 3581 1681; baseline 0.016 -40"><span class='ocrx_word' id='word_1_234' title='bbox 1888 1596 1943 1641; x_wconf 87' lang='lat' dir='ltr'><strong>et</strong></span> <span class='ocrx_word' id='word_1_235' title='bbox 1973 1589 2086 1657; x_wconf 89' lang='lat' dir='ltr'><strong>ipse</strong></span> <span class='ocrx_word' id='word_1_236' title='bbox 2118 1591 2378 1651; x_wconf 87' lang='lat' dir='ltr'><strong>Dominus</strong></span> <span class='ocrx_word' id='word_1_237' title='bbox 2407 1614 2419 1649; x_wconf 93' lang='lat'><strong>:</strong></span> <span class='ocrx_word' id='word_1_238' title='bbox 2454 1596 2586 1654; x_wconf 86' lang='lat' dir='ltr'><strong>Ideo</strong></span> <span class='ocrx_word' id='word_1_239' title='bbox 2632 1604 2796 1658; x_wconf 88' lang='lat' dir='ltr'><strong>omnis</strong></span> <span class='ocrx_word' id='word_1_240' title='bbox 2826 1605 2995 1660; x_wconf 78' lang='lat' dir='ltr'><strong>scriba</strong></span> <span class='ocrx_word' id='word_1_241' title='bbox 3024 1608 3201 1663; x_wconf 87' lang='lat' dir='ltr'><strong>doctus</strong></span> <span class='ocrx_word' id='word_1_242' title='bbox 3230 1610 3283 1663; x_wconf 87' lang='lat' dir='ltr'><strong>in</strong></span> <span class='ocrx_word' id='word_1_243' title='bbox 3324 1628 3481 1681; x_wconf 81' lang='lat' dir='ltr'><strong>regno</strong></span> <span class='ocrx_word' id='word_1_244' title='bbox 3575 1623 3581 1629; x_wconf 87' lang='lat'>&#39;</span> 
     </span>
    </p>
   </div>
   <div class='ocr_carea' id='block_1_34' title="bbox 1887 1680 3485 1775">
    <p class='ocr_par' dir='ltr' id='par_1_34' title="bbox 1887 1680 3485 1775">
     <span class='ocr_line' id='line_1_34' title="bbox 1887 1680 3485 1775; baseline 0.018 -45"><span class='ocrx_word' id='word_1_245' title='bbox 1887 1680 2129 1734; x_wconf 68' lang='lat' dir='ltr'><strong>caelorum</strong></span> <span class='ocrx_word' id='word_1_246' title='bbox 2171 1685 2353 1742; x_wconf 78' lang='lat' dir='ltr'><strong>similis</strong></span> <span class='ocrx_word' id='word_1_247' title='bbox 2383 1700 2457 1743; x_wconf 87' lang='lat' dir='ltr'><strong>est</strong></span> <span class='ocrx_word' id='word_1_248' title='bbox 2501 1689 2698 1747; x_wconf 87' lang='lat' dir='ltr'><strong>homini</strong></span> <span class='ocrx_word' id='word_1_249' title='bbox 2725 1697 3118 1769; x_wconf 81' lang='lat' dir='ltr'><strong>patrifamilias,</strong></span> <span class='ocrx_word' id='word_1_250' title='bbox 3165 1704 3254 1772; x_wconf 85' lang='lat' dir='ltr'><strong>qui</strong></span> <span class='ocrx_word' id='word_1_251' title='bbox 3289 1680 3485 1775; x_wconf 77' lang='lat' dir='ltr'><strong>profert</strong></span> 
     </span>
    </p>
   </div>
   <div class='ocr_carea' id='block_1_35' title="bbox 1887 1770 3481 1861">
    <p class='ocr_par' dir='ltr' id='par_1_35' title="bbox 1887 1770 3481 1861">
     <span class='ocr_line' id='line_1_35' title="bbox 1887 1770 3481 1861; baseline 0.019 -39"><span class='ocrx_word' id='word_1_252' title='bbox 1887 1770 1950 1823; x_wconf 87' lang='lat' dir='ltr'><strong>de</strong></span> <span class='ocrx_word' id='word_1_253' title='bbox 1978 1772 2215 1830; x_wconf 82' lang='lat' dir='ltr'><strong>thesauro</strong></span> <span class='ocrx_word' id='word_1_254' title='bbox 2237 1794 2347 1852; x_wconf 45' lang='lat' dir='ltr'><strong>“suo</strong></span> <span class='ocrx_word' id='word_1_255' title='bbox 2376 1796 2509 1835; x_wconf 83' lang='lat' dir='ltr'><strong>nova</strong></span> <span class='ocrx_word' id='word_1_256' title='bbox 2546 1793 2595 1838; x_wconf 87' lang='lat' dir='ltr'><strong>et</strong></span> <span class='ocrx_word' id='word_1_257' title='bbox 2633 1795 2820 1841; x_wconf 85' lang='lat' dir='ltr'><strong>vetera.</strong></span> <span class='ocrx_word' id='word_1_258' title='bbox 2850 1787 3223 1859; x_wconf 73' lang='lat' dir='ltr'><strong>Conﬁrmatum</strong></span> <span class='ocrx_word' id='word_1_259' title='bbox 3251 1805 3324 1849; x_wconf 86' lang='lat' dir='ltr'><strong>est</strong></span> <span class='ocrx_word' id='word_1_260' title='bbox 3341 1836 3354 1861; x_wconf 95' lang='lat'><strong>,</strong></span> <span class='ocrx_word' id='word_1_261' title='bbox 3397 1797 3481 1852; x_wconf 87' lang='lat' dir='ltr'><strong>in-</strong></span> 
     </span>
    </p>
   </div>
   <div class='ocr_carea' id='block_1_36' title="bbox 1884 1862 3478 1951">
    <p class='ocr_par' dir='ltr' id='par_1_36' title="bbox 1884 1862 3478 1951">
     <span class='ocr_line' id='line_1_36' title="bbox 1884 1862 3478 1951; baseline 0.019 -39"><span class='ocrx_word' id='word_1_262' title='bbox 1884 1862 2019 1929; x_wconf 90' lang='lat' dir='ltr'><strong>quit,</strong></span> <span class='ocrx_word' id='word_1_263' title='bbox 2050 1864 2104 1917; x_wconf 89' lang='lat' dir='ltr'><strong>in</strong></span> <span class='ocrx_word' id='word_1_264' title='bbox 2150 1870 2309 1935; x_wconf 84' lang='lat' dir='ltr'><strong>vobis,</strong></span> <span class='ocrx_word' id='word_1_265' title='bbox 2358 1870 2409 1925; x_wconf 90' lang='lat' dir='ltr'><strong>id</strong></span> <span class='ocrx_word' id='word_1_266' title='bbox 2460 1882 2542 1929; x_wconf 89' lang='lat' dir='ltr'><strong>est</strong></span> <span class='ocrx_word' id='word_1_267' title='bbox 2587 1891 2673 1932; x_wconf 88' lang='lat' dir='ltr'><strong>me</strong></span> <span class='ocrx_word' id='word_1_268' title='bbox 2721 1879 3086 1951; x_wconf 83' lang='lat' dir='ltr'><strong>praedicante;</strong></span> <span class='ocrx_word' id='word_1_269' title='bbox 3137 1899 3237 1939; x_wconf 91' lang='lat' dir='ltr'><strong>nec</strong></span> <span class='ocrx_word' id='word_1_270' title='bbox 3278 1902 3478 1944; x_wconf 84' lang='lat' dir='ltr'><strong>novum</strong></span> 
     </span>
    </p>
   </div>
   <div class='ocr_carea' id='block_1_37' title="bbox 1884 1954 3480 2039">
    <p class='ocr_par' dir='ltr' id='par_1_37' title="bbox 1884 1954 3480 2039">
     <span class='ocr_line' id='line_1_37' title="bbox 1884 1954 3480 2039; baseline 0.019 -34"><span class='ocrx_word' id='word_1_271' title='bbox 1884 1954 2026 2008; x_wconf 91' lang='lat' dir='ltr'><strong>enim</strong></span> <span class='ocrx_word' id='word_1_272' title='bbox 2068 1958 2185 2012; x_wconf 90' lang='lat' dir='ltr'><strong>sine</strong></span> <span class='ocrx_word' id='word_1_273' title='bbox 2219 1959 2420 2029; x_wconf 84' lang='lat' dir='ltr'><strong>Veteri,</strong></span> <span class='ocrx_word' id='word_1_274' title='bbox 2455 1981 2556 2020; x_wconf 92' lang='lat' dir='ltr'><strong>nec</strong></span> <span class='ocrx_word' id='word_1_275' title='bbox 2590 1966 2752 2023; x_wconf 84' lang='lat' dir='ltr'><strong>Vetus</strong></span> <span class='ocrx_word' id='word_1_276' title='bbox 2782 1971 2899 2027; x_wconf 91' lang='lat' dir='ltr'><strong>sine</strong></span> <span class='ocrx_word' id='word_1_277' title='bbox 2926 1972 3103 2039; x_wconf 87' lang='lat' dir='ltr'><strong>Novo;</strong></span> <span class='ocrx_word' id='word_1_278' title='bbox 3138 1977 3233 2031; x_wconf 86' lang='lat' dir='ltr'><strong>sed</strong></span> <span class='ocrx_word' id='word_1_279' title='bbox 3272 1988 3480 2035; x_wconf 85' lang='lat' dir='ltr'><strong>utrum-</strong></span> 
     </span>
    </p>
   </div>
   <div class='ocr_carea' id='block_1_38' title="bbox 1882 2048 3473 2134">
    <p class='ocr_par' dir='ltr' id='par_1_38' title="bbox 1882 2048 3473 2134">
     <span class='ocr_line' id='line_1_38' title="bbox 1882 2048 3473 2134; baseline 0.019 -38"><span class='ocrx_word' id='word_1_280' title='bbox 1882 2058 1986 2113; x_wconf 91' lang='lat' dir='ltr'><strong>que</strong></span> <span class='ocrx_word' id='word_1_281' title='bbox 2012 2060 2107 2101; x_wconf 92' lang='lat' dir='ltr'><strong>eos</strong></span> <span class='ocrx_word' id='word_1_282' title='bbox 2136 2048 2334 2117; x_wconf 89' lang='lat' dir='ltr'><strong>docuit,</strong></span> <span class='ocrx_word' id='word_1_283' title='bbox 2382 2055 2523 2111; x_wconf 90' lang='lat' dir='ltr'><strong>sicut</strong></span> <span class='ocrx_word' id='word_1_284' title='bbox 2550 2059 2677 2114; x_wconf 87' lang='lat' dir='ltr'><strong>alibi</strong></span> <span class='ocrx_word' id='word_1_285' title='bbox 2720 2060 2887 2117; x_wconf 91' lang='lat' dir='ltr'><strong>dicit:</strong></span> <span class='ocrx_word' id='word_1_286' title='bbox 2917 2064 3139 2121; x_wconf 85' lang='lat' dir='ltr'><strong>Tradidi</strong></span> <span class='ocrx_word' id='word_1_287' title='bbox 3165 2069 3309 2134; x_wconf 41' lang='lat' dir='ltr'><strong>enimi</strong></span> <span class='ocrx_word' id='word_1_288' title='bbox 3333 2071 3473 2127; x_wconf 90' lang='lat' dir='ltr'><strong>vobis</strong></span> 
     </span>
    </p>
   </div>
   <div class='ocr_carea' id='block_1_39' title="bbox 1882 2137 3479 2220">
    <p class='ocr_par' dir='ltr' id='par_1_39' title="bbox 1882 2137 3479 2220">
     <span class='ocr_line' id='line_1_39' title="bbox 1882 2137 3479 2220; baseline 0.019 -31"><span class='ocrx_word' id='word_1_289' title='bbox 1882 2137 1935 2191; x_wconf 89' lang='lat' dir='ltr'><strong>in</strong></span> <span class='ocrx_word' id='word_1_290' title='bbox 1960 2141 2140 2207; x_wconf 85' lang='lat' dir='ltr'><strong>primis</strong></span> <span class='ocrx_word' id='word_1_291' title='bbox 2167 2148 2303 2212; x_wconf 90' lang='lat' dir='ltr'><strong>quod</strong></span> <span class='ocrx_word' id='word_1_292' title='bbox 2335 2157 2380 2202; x_wconf 90' lang='lat' dir='ltr'><strong>et</strong></span> <span class='ocrx_word' id='word_1_293' title='bbox 2400 2153 2608 2220; x_wconf 85' lang='lat' dir='ltr'><strong>accepi;</strong></span> <span class='ocrx_word' id='word_1_294' title='bbox 2637 2156 2708 2209; x_wconf 90' lang='lat' dir='ltr'><strong>ita</strong></span> <span class='ocrx_word' id='word_1_295' title='bbox 2738 2165 2791 2209; x_wconf 90' lang='lat' dir='ltr'><strong>ut</strong></span> <span class='ocrx_word' id='word_1_296' title='bbox 2818 2158 2950 2212; x_wconf 80' lang='lat' dir='ltr'><strong>nihil</strong></span> <span class='ocrx_word' id='word_1_297' title='bbox 2974 2163 3112 2215; x_wconf 83' lang='lat' dir='ltr'><strong>vobis</strong></span> <span class='ocrx_word' id='word_1_298' title='bbox 3141 2162 3268 2218; x_wconf 84' lang='lat' dir='ltr'><strong>desit</strong></span> <span class='ocrx_word' id='word_1_299' title='bbox 3289 2164 3341 2217; x_wconf 86' lang='lat' dir='ltr'><strong>in</strong></span> <span class='ocrx_word' id='word_1_300' title='bbox 3365 2166 3479 2220; x_wconf 86' lang='lat' dir='ltr'><strong>ulla</strong></span> 
     </span>
    </p>
   </div>
   <div class='ocr_carea' id='block_1_40' title="bbox 1879 2234 3474 2320">
    <p class='ocr_par' dir='ltr' id='par_1_40' title="bbox 1879 2234 3474 2320">
     <span class='ocr_line' id='line_1_40' title="bbox 1879 2234 3474 2320; baseline 0.019 -37"><span class='ocrx_word' id='word_1_301' title='bbox 1879 2234 2066 2303; x_wconf 86' lang='lat' dir='ltr'><strong>gratia.</strong></span> <span class='ocrx_word' id='word_1_302' title='bbox 2111 2238 2243 2294; x_wconf 90' lang='lat' dir='ltr'><strong>lluic</strong></span> <span class='ocrx_word' id='word_1_303' title='bbox 2270 2242 2445 2300; x_wconf 87' lang='lat' dir='ltr'><strong>simile</strong></span> <span class='ocrx_word' id='word_1_304' title='bbox 2474 2257 2575 2313; x_wconf 87' lang='lat' dir='ltr'><strong>est,</strong></span> <span class='ocrx_word' id='word_1_305' title='bbox 2609 2250 2752 2320; x_wconf 90' lang='lat' dir='ltr'><strong>quod</strong></span> <span class='ocrx_word' id='word_1_306' title='bbox 2783 2253 2858 2307; x_wconf 87' lang='lat' dir='ltr'><strong>ait</strong></span> <span class='ocrx_word' id='word_1_307' title='bbox 2888 2254 3140 2310; x_wconf 90' lang='lat' dir='ltr'><strong>Salomon</strong></span> <span class='ocrx_word' id='word_1_308' title='bbox 3168 2274 3180 2310; x_wconf 93' lang='lat'><strong>:</strong></span> <span class='ocrx_word' id='word_1_309' title='bbox 3210 2255 3474 2314; x_wconf 83' lang='lat' dir='ltr'><strong>Venerunt</strong></span> 
     </span>
    </p>
   </div>
   <div class='ocr_carea' id='block_1_41' title="bbox 1882 2328 3477 2405">
    <p class='ocr_par' dir='ltr' id='par_1_41' title="bbox 1882 2328 3477 2405">
     <span class='ocr_line' id='line_1_41' title="bbox 1882 2328 3477 2405; baseline 0.019 -29"><span class='ocrx_word' id='word_1_310' title='bbox 1882 2328 2009 2381; x_wconf 87' lang='lat' dir='ltr'><strong>mihi</strong></span> <span class='ocrx_word' id='word_1_311' title='bbox 2033 2332 2205 2383; x_wconf 82' lang='lat' dir='ltr'><strong>omnia</strong></span> <span class='ocrx_word' id='word_1_312' title='bbox 2233 2334 2362 2389; x_wconf 89' lang='lat' dir='ltr'><strong>bona</strong></span> <span class='ocrx_word' id='word_1_313' title='bbox 2388 2338 2583 2405; x_wconf 87' lang='lat' dir='ltr'><strong>pariter</strong></span> <span class='ocrx_word' id='word_1_314' title='bbox 2612 2354 2727 2393; x_wconf 90' lang='lat' dir='ltr'><strong>cum</strong></span> <span class='ocrx_word' id='word_1_315' title='bbox 2751 2343 2863 2397; x_wconf 89' lang='lat' dir='ltr'><strong>illa.</strong></span> <span class='ocrx_word' id='word_1_316' title='bbox 2898 2343 3359 2404; x_wconf 73' lang='lat' dir='ltr'><strong>EXSPECTANTIBUS</strong></span> <span class='ocrx_word' id='word_1_317' title='bbox 3392 2363 3477 2405; x_wconf 75' lang='lat' dir='ltr'><strong>nt:-</strong></span> 
     </span>
    </p>
   </div>
   <div class='ocr_carea' id='block_1_42' title="bbox 1879 2428 3476 2515">
    <p class='ocr_par' dir='ltr' id='par_1_42' title="bbox 1879 2428 3476 2515">
     <span class='ocr_line' id='line_1_42' title="bbox 1879 2428 3476 2515; baseline 0.017 -37"><span class='ocrx_word' id='word_1_318' title='bbox 1879 2438 2212 2481; x_wconf 72' lang='lat' dir='ltr'><strong>veurtoaru</strong></span> <span class='ocrx_word' id='word_1_319' title='bbox 2233 2428 2420 2484; x_wconf 74' lang='lat' dir='ltr'><strong>Domst</strong></span> <span class='ocrx_word' id='word_1_320' title='bbox 2450 2447 2635 2488; x_wconf 77' lang='lat' dir='ltr'><strong>NOSTRI</strong></span> <span class='ocrx_word' id='word_1_321' title='bbox 2662 2434 2790 2491; x_wconf 80' lang='lat' dir='ltr'><strong>Jesu</strong></span> <span class='ocrx_word' id='word_1_322' title='bbox 2812 2438 3053 2495; x_wconf 78' lang='lat' dir='ltr'><strong>Cuntsrt.</strong></span> <span class='ocrx_word' id='word_1_323' title='bbox 3083 2441 3175 2498; x_wconf 87' lang='lat' dir='ltr'><strong>llle</strong></span> <span class='ocrx_word' id='word_1_324' title='bbox 3195 2446 3284 2515; x_wconf 90' lang='lat' dir='ltr'><strong>qui</strong></span> <span class='ocrx_word' id='word_1_325' title='bbox 3325 2446 3476 2505; x_wconf 86' lang='lat' dir='ltr'><strong>dives</strong></span> 
     </span>
    </p>
   </div>
   <div class='ocr_carea' id='block_1_43' title="bbox 1876 2517 3527 2607">
    <p class='ocr_par' dir='ltr' id='par_1_43' title="bbox 1876 2517 3527 2607">
     <span class='ocr_line' id='line_1_43' title="bbox 1876 2517 3527 2607; baseline 0.016 -37"><span class='ocrx_word' id='word_1_326' title='bbox 1876 2527 1961 2572; x_wconf 91' lang='lat' dir='ltr'><strong>est</strong></span> <span class='ocrx_word' id='word_1_327' title='bbox 1987 2517 2040 2572; x_wconf 90' lang='lat' dir='ltr'><strong>iu</strong></span> <span class='ocrx_word' id='word_1_328' title='bbox 2069 2520 2213 2573; x_wconf 90' lang='lat' dir='ltr'><strong>omni</strong></span> <span class='ocrx_word' id='word_1_329' title='bbox 2245 2522 2409 2576; x_wconf 79' lang='lat' dir='ltr'><strong>verbo</strong></span> <span class='ocrx_word' id='word_1_330' title='bbox 2432 2534 2485 2577; x_wconf 89' lang='lat' dir='ltr'><strong>et</strong></span> <span class='ocrx_word' id='word_1_331' title='bbox 2515 2524 2567 2579; x_wconf 91' lang='lat' dir='ltr'><strong>in</strong></span> <span class='ocrx_word' id='word_1_332' title='bbox 2601 2528 2748 2583; x_wconf 91' lang='lat' dir='ltr'><strong>omni</strong></span> <span class='ocrx_word' id='word_1_333' title='bbox 2774 2530 3027 2599; x_wconf 89' lang='lat' dir='ltr'><strong>scientia,</strong></span> <span class='ocrx_word' id='word_1_334' title='bbox 3053 2534 3181 2591; x_wconf 87' lang='lat' dir='ltr'><strong>nihil</strong></span> <span class='ocrx_word' id='word_1_335' title='bbox 3213 2537 3260 2592; x_wconf 90' lang='lat' dir='ltr'><strong>ei</strong></span> <span class='ocrx_word' id='word_1_336' title='bbox 3284 2548 3471 2607; x_wconf 87' lang='lat' dir='ltr'><strong>restat,</strong></span> <span class='ocrx_word' id='word_1_337' title='bbox 3512 2542 3527 2551; x_wconf 83' lang='lat'><strong><em>&#39;</em></strong></span> 
     </span>
    </p>
   </div>
   <div class='ocr_carea' id='block_1_44' title="bbox 1877 2611 3463 2693">
    <p class='ocr_par' dir='ltr' id='par_1_44' title="bbox 1877 2611 3463 2693">
     <span class='ocr_line' id='line_1_44' title="bbox 1877 2611 3463 2693; baseline 0.016 -28"><span class='ocrx_word' id='word_1_338' title='bbox 1877 2611 1977 2666; x_wconf 90' lang='lat' dir='ltr'><strong>nisi</strong></span> <span class='ocrx_word' id='word_1_339' title='bbox 2011 2622 2066 2666; x_wconf 91' lang='lat' dir='ltr'><strong>ut</strong></span> <span class='ocrx_word' id='word_1_340' title='bbox 2089 2624 2364 2684; x_wconf 80' lang='lat' dir='ltr'><strong>exspectet</strong></span> <span class='ocrx_word' id='word_1_341' title='bbox 2396 2618 2781 2677; x_wconf 87' lang='lat' dir='ltr'><strong>revelationem</strong></span> <span class='ocrx_word' id='word_1_342' title='bbox 2826 2625 3059 2693; x_wconf 87' lang='lat' dir='ltr'><strong>Domini,</strong></span> <span class='ocrx_word' id='word_1_343' title='bbox 3108 2630 3248 2684; x_wconf 89' lang='lat' dir='ltr'><strong>sicut</strong></span> <span class='ocrx_word' id='word_1_344' title='bbox 3280 2632 3463 2689; x_wconf 90' lang='lat' dir='ltr'><strong>Domi-</strong></span> 
     </span>
    </p>
   </div>
   <div class='ocr_carea' id='block_1_45' title="bbox 1877 2707 3468 2789">
    <p class='ocr_par' dir='ltr' id='par_1_45' title="bbox 1877 2707 3468 2789">
     <span class='ocr_line' id='line_1_45' title="bbox 1877 2707 3468 2789; baseline 0.014 -29"><span class='ocrx_word' id='word_1_345' title='bbox 1877 2722 1978 2761; x_wconf 88' lang='lat' dir='ltr'><strong>nus</strong></span> <span class='ocrx_word' id='word_1_346' title='bbox 2003 2707 2077 2761; x_wconf 89' lang='lat' dir='ltr'><strong>ait</strong></span> <span class='ocrx_word' id='word_1_347' title='bbox 2103 2725 2122 2762; x_wconf 87' lang='lat'><strong>:</strong></span> <span class='ocrx_word' id='word_1_348' title='bbox 2157 2707 2332 2764; x_wconf 84' lang='lat' dir='ltr'><strong>Estote</strong></span> <span class='ocrx_word' id='word_1_349' title='bbox 2373 2715 2563 2780; x_wconf 85' lang='lat' dir='ltr'><strong>parati,</strong></span> <span class='ocrx_word' id='word_1_350' title='bbox 2589 2716 2784 2771; x_wconf 81' lang='lat' dir='ltr'><strong>similes</strong></span> <span class='ocrx_word' id='word_1_351' title='bbox 2807 2720 3097 2776; x_wconf 88' lang='lat' dir='ltr'><strong>hominibus</strong></span> <span class='ocrx_word' id='word_1_352' title='bbox 3125 2728 3468 2789; x_wconf 72' lang='lat' dir='ltr'><strong>exspectanti-</strong></span> 
     </span>
    </p>
   </div>
   <div class='ocr_carea' id='block_1_46' title="bbox 1876 2800 3470 2889">
    <p class='ocr_par' dir='ltr' id='par_1_46' title="bbox 1876 2800 3470 2889">
     <span class='ocr_line' id='line_1_46' title="bbox 1876 2800 3470 2889; baseline 0.016 -36"><span class='ocrx_word' id='word_1_353' title='bbox 1876 2800 1970 2855; x_wconf 88' lang='lat' dir='ltr'><strong>bus</strong></span> <span class='ocrx_word' id='word_1_354' title='bbox 1992 2802 2257 2858; x_wconf 83' lang='lat' dir='ltr'><strong>dominum</strong></span> <span class='ocrx_word' id='word_1_355' title='bbox 2286 2823 2435 2860; x_wconf 86' lang='lat' dir='ltr'><strong>suum</strong></span> <span class='ocrx_word' id='word_1_356' title='bbox 2461 2811 2668 2877; x_wconf 81' lang='lat' dir='ltr'><strong>quando</strong></span> <span class='ocrx_word' id='word_1_357' title='bbox 2692 2824 2976 2869; x_wconf 85' lang='lat' dir='ltr'><strong>revertatur</strong></span> <span class='ocrx_word' id='word_1_358' title='bbox 3000 2832 3032 2867; x_wconf 89' lang='lat' dir='ltr'><strong>a</strong></span> <span class='ocrx_word' id='word_1_359' title='bbox 3061 2819 3276 2889; x_wconf 85' lang='lat' dir='ltr'><strong>nuptiis.</strong></span> <span class='ocrx_word' id='word_1_360' title='bbox 3313 2821 3470 2888; x_wconf 88' lang='lat' dir='ltr'><strong>Quod</strong></span> 
     </span>
    </p>
   </div>
   <div class='ocr_carea' id='block_1_47' title="bbox 166 2882 3473 2985">
    <p class='ocr_par' dir='ltr' id='par_1_47' title="bbox 166 2882 3473 2985">
     <span class='ocr_line' id='line_1_47' title="bbox 166 2882 3473 2985; baseline 0.01 -46"><span class='ocrx_word' id='word_1_361' title='bbox 166 2882 387 2939; x_wconf 73' lang='lat' dir='ltr'><strong>Gratias</strong></span> <span class='ocrx_word' id='word_1_362' title='bbox 427 2903 524 2958; x_wconf 83' lang='lat' dir='ltr'><strong>ago</strong></span> <span class='ocrx_word' id='word_1_363' title='bbox 556 2886 664 2943; x_wconf 87' lang='lat' dir='ltr'><strong>Deo</strong></span> <span class='ocrx_word' id='word_1_364' title='bbox 688 2905 800 2943; x_wconf 83' lang='lat' dir='ltr'><strong>meo</strong></span> <span class='ocrx_word' id='word_1_365' title='bbox 828 2906 1024 2962; x_wconf 83' lang='lat' dir='ltr'><strong>semper</strong></span> <span class='ocrx_word' id='word_1_366' title='bbox 1052 2909 1147 2958; x_wconf 87' lang='lat' dir='ltr'><strong>pro</strong></span> <span class='ocrx_word' id='word_1_367' title='bbox 1194 2894 1351 2950; x_wconf 87' lang='lat' dir='ltr'><strong>vobis.</strong></span> <span class='ocrx_word' id='word_1_368' title='bbox 1397 2899 1473 2951; x_wconf 82' lang='lat' dir='ltr'><strong>Ac</strong></span> <span class='ocrx_word' id='word_1_369' title='bbox 1513 2896 1560 2951; x_wconf 89' lang='lat' dir='ltr'><strong>si</strong></span> <span class='ocrx_word' id='word_1_370' title='bbox 1597 2897 1769 2954; x_wconf 85' lang='lat' dir='ltr'><strong>dicat:</strong></span> <span class='ocrx_word' id='word_1_371' title='bbox 1801 2898 1850 2962; x_wconf 74' lang='grc' dir='ltr'>ο</span> <span class='ocrx_word' id='word_1_372' title='bbox 1885 2894 2175 2966; x_wconf 83' lang='lat' dir='ltr'><strong>dupliciter</strong></span> <span class='ocrx_word' id='word_1_373' title='bbox 2216 2900 2437 2971; x_wconf 73' lang='lat' dir='ltr'><strong>intelligi</strong></span> <span class='ocrx_word' id='word_1_374' title='bbox 2471 2913 2665 2972; x_wconf 89' lang='lat' dir='ltr'><strong>potest,</strong></span> <span class='ocrx_word' id='word_1_375' title='bbox 2698 2916 2754 2961; x_wconf 91' lang='lat' dir='ltr'><strong>et</strong></span> <span class='ocrx_word' id='word_1_376' title='bbox 2787 2909 3116 2977; x_wconf 85' lang='lat' dir='ltr'><strong>specialiter,</strong></span> <span class='ocrx_word' id='word_1_377' title='bbox 3147 2923 3202 2968; x_wconf 89' lang='lat' dir='ltr'><strong>et</strong></span> <span class='ocrx_word' id='word_1_378' title='bbox 3247 2930 3473 2985; x_wconf 79' lang='lat' dir='ltr'><strong>genera-</strong></span> 
     </span>
    </p>
   </div>
   <div class='ocr_carea' id='block_1_48' title="bbox 166 2975 1769 3055">
    <p class='ocr_par' dir='ltr' id='par_1_48' title="bbox 166 2975 1769 3055">
     <span class='ocr_line' id='line_1_48' title="bbox 166 2975 1769 3055; baseline 0.007 -22"><span class='ocrx_word' id='word_1_379' title='bbox 166 2975 395 3033; x_wconf 74' lang='lat' dir='ltr'><strong>(iratias</strong></span> <span class='ocrx_word' id='word_1_380' title='bbox 443 2979 656 3048; x_wconf 88' lang='lat' dir='ltr'><strong>quidem</strong></span> <span class='ocrx_word' id='word_1_381' title='bbox 706 2997 807 3053; x_wconf 81' lang='lat' dir='ltr'><strong>ago</strong></span> <span class='ocrx_word' id='word_1_382' title='bbox 851 2982 985 3048; x_wconf 87' lang='lat' dir='ltr'><strong>Deo,</strong></span> <span class='ocrx_word' id='word_1_383' title='bbox 1030 2985 1120 3055; x_wconf 90' lang='lat' dir='ltr'><strong>qui</strong></span> <span class='ocrx_word' id='word_1_384' title='bbox 1152 2985 1313 3042; x_wconf 87' lang='lat' dir='ltr'><strong>habet</strong></span> <span class='ocrx_word' id='word_1_385' title='bbox 1342 2988 1622 3043; x_wconf 89' lang='lat' dir='ltr'><strong>scientiam</strong></span> <span class='ocrx_word' id='word_1_386' title='bbox 1656 3006 1769 3045; x_wconf 90' lang='lat' dir='ltr'><strong>ma-</strong></span> 
     </span>
    </p>
   </div>
   <div class='ocr_carea' id='block_1_49' title="bbox 168 3070 1768 3152">
    <p class='ocr_par' dir='ltr' id='par_1_49' title="bbox 168 3070 1768 3152">
     <span class='ocr_line' id='line_1_49' title="bbox 168 3070 1768 3152; baseline 0.009 -26"><span class='ocrx_word' id='word_1_387' title='bbox 168 3080 316 3126; x_wconf 75' lang='lat' dir='ltr'><strong>trem</strong></span> <span class='ocrx_word' id='word_1_388' title='bbox 350 3070 637 3140; x_wconf 80' lang='lat' dir='ltr'><strong>virtutum;</strong></span> <span class='ocrx_word' id='word_1_389' title='bbox 684 3075 779 3129; x_wconf 88' lang='lat' dir='ltr'><strong>sed</strong></span> <span class='ocrx_word' id='word_1_390' title='bbox 815 3077 939 3131; x_wconf 89' lang='lat' dir='ltr'><strong>volo</strong></span> <span class='ocrx_word' id='word_1_391' title='bbox 967 3092 1061 3133; x_wconf 88' lang='lat' dir='ltr'><strong>vos</strong></span> <span class='ocrx_word' id='word_1_392' title='bbox 1105 3081 1247 3136; x_wconf 90' lang='lat' dir='ltr'><strong>scire</strong></span> <span class='ocrx_word' id='word_1_393' title='bbox 1275 3097 1394 3152; x_wconf 67' lang='lat' dir='ltr'><strong>quas</strong></span> <span class='ocrx_word' id='word_1_394' title='bbox 1425 3084 1514 3137; x_wconf 91' lang='lat' dir='ltr'><strong>illa</strong></span> <span class='ocrx_word' id='word_1_395' title='bbox 1545 3083 1615 3139; x_wconf 88' lang='lat' dir='ltr'><strong>sit</strong></span> <span class='ocrx_word' id='word_1_396' title='bbox 1646 3100 1768 3141; x_wconf 87' lang='lat' dir='ltr'><strong>vera</strong></span> 
     </span>
    </p>
   </div>
   <div class='ocr_carea' id='block_1_50' title="bbox 168 3162 1769 3249">
    <p class='ocr_par' dir='ltr' id='par_1_50' title="bbox 168 3162 1769 3249">
     <span class='ocr_line' id='line_1_50' title="bbox 168 3162 1769 3249; baseline 0.009 -31"><span class='ocrx_word' id='word_1_397' title='bbox 168 3162 419 3226; x_wconf 84' lang='lat' dir='ltr'><strong>scientia,</strong></span> <span class='ocrx_word' id='word_1_398' title='bbox 458 3164 545 3218; x_wconf 91' lang='lat' dir='ltr'><strong>ubi</strong></span> <span class='ocrx_word' id='word_1_399' title='bbox 577 3180 755 3221; x_wconf 86' lang='lat' dir='ltr'><strong>mores</strong></span> <span class='ocrx_word' id='word_1_400' title='bbox 784 3182 905 3222; x_wconf 92' lang='lat' dir='ltr'><strong>cum</strong></span> <span class='ocrx_word' id='word_1_401' title='bbox 940 3170 1049 3225; x_wconf 90' lang='lat' dir='ltr'><strong>vita</strong></span> <span class='ocrx_word' id='word_1_402' title='bbox 1093 3174 1465 3240; x_wconf 85' lang='lat' dir='ltr'><strong>concordant;</strong></span> <span class='ocrx_word' id='word_1_403' title='bbox 1507 3192 1611 3231; x_wconf 92' lang='lat' dir='ltr'><strong>non</strong></span> <span class='ocrx_word' id='word_1_404' title='bbox 1648 3193 1769 3249; x_wconf 65' lang='lat' dir='ltr'><strong>qua:</strong></span> 
     </span>
    </p>
   </div>
   <div class='ocr_carea' id='block_1_51' title="bbox 177 3253 1770 3336">
    <p class='ocr_par' dir='ltr' id='par_1_51' title="bbox 177 3253 1770 3336">
     <span class='ocr_line' id='line_1_51' title="bbox 177 3253 1770 3336; baseline 0.012 -28"><span class='ocrx_word' id='word_1_405' title='bbox 177 3253 356 3319; x_wconf 81' lang='lat' dir='ltr'><strong>inﬂat,</strong></span> <span class='ocrx_word' id='word_1_406' title='bbox 388 3255 483 3310; x_wconf 89' lang='lat' dir='ltr'><strong>sed</strong></span> <span class='ocrx_word' id='word_1_407' title='bbox 510 3272 630 3327; x_wconf 84' lang='lat' dir='ltr'><strong>quae</strong></span> <span class='ocrx_word' id='word_1_408' title='bbox 656 3258 912 3319; x_wconf 84' lang='lat' dir='ltr'><strong>aediﬁcat.</strong></span> <span class='ocrx_word' id='word_1_409' title='bbox 955 3263 1192 3319; x_wconf 84' lang='lat' dir='ltr'><strong>Scientia</strong></span> <span class='ocrx_word' id='word_1_410' title='bbox 1220 3268 1365 3322; x_wconf 90' lang='lat' dir='ltr'><strong>enim</strong></span> <span class='ocrx_word' id='word_1_411' title='bbox 1393 3268 1564 3336; x_wconf 83' lang='lat' dir='ltr'><strong>inﬂat,</strong></span> <span class='ocrx_word' id='word_1_412' title='bbox 1593 3271 1770 3326; x_wconf 81' lang='lat' dir='ltr'><strong>chari-</strong></span> 
     </span>
    </p>
   </div>
   <div class='ocr_carea' id='block_1_52' title="bbox 98 3332 1767 3424">
    <p class='ocr_par' dir='ltr' id='par_1_52' title="bbox 98 3332 1767 3424">
     <span class='ocr_line' id='line_1_52' title="bbox 98 3332 1767 3424; baseline 0.014 -25"><span class='ocrx_word' id='word_1_413' title='bbox 98 3332 109 3337; x_wconf 67' lang='grc'><strong>’</strong></span> <span class='ocrx_word' id='word_1_414' title='bbox 176 3355 267 3401; x_wconf 85' lang='lat' dir='ltr'><strong>tas</strong></span> <span class='ocrx_word' id='word_1_415' title='bbox 314 3358 491 3406; x_wconf 85' lang='lat' dir='ltr'><strong>autem</strong></span> <span class='ocrx_word' id='word_1_416' title='bbox 536 3352 790 3409; x_wconf 65' lang='lat' dir='ltr'><strong>aediﬁcat.</strong></span> <span class='ocrx_word' id='word_1_417' title='bbox 821 3355 956 3424; x_wconf 73' lang='lat' dir='ltr'><strong>Qots</strong></span> <span class='ocrx_word' id='word_1_418' title='bbox 1010 3374 1063 3413; x_wconf 85' lang='lat' dir='ltr'><strong>IN</strong></span> <span class='ocrx_word' id='word_1_419' title='bbox 1095 3375 1322 3417; x_wconf 79' lang='lat' dir='ltr'><strong>onmeus</strong></span> <span class='ocrx_word' id='word_1_420' title='bbox 1366 3380 1571 3420; x_wconf 75' lang='lat' dir='ltr'><strong>mvrrss</strong></span> <span class='ocrx_word' id='word_1_421' title='bbox 1612 3383 1767 3423; x_wconf 76' lang='lat' dir='ltr'><strong>rscrt</strong></span> 
     </span>
    </p>
   </div>
   <div class='ocr_carea' id='block_1_53' title="bbox 171 3451 1762 3516">
    <p class='ocr_par' dir='ltr' id='par_1_53' title="bbox 171 3451 1762 3516">
     <span class='ocr_line' id='line_1_53' title="bbox 171 3451 1762 3516; baseline 0.014 -24"><span class='ocrx_word' id='word_1_422' title='bbox 171 3451 324 3494; x_wconf 63' lang='lat'><strong>38113</strong></span> <span class='ocrx_word' id='word_1_423' title='bbox 373 3456 421 3495; x_wconf 75' lang='lat' dir='ltr'><strong>IN</strong></span> <span class='ocrx_word' id='word_1_424' title='bbox 471 3458 611 3509; x_wconf 81' lang='lat' dir='ltr'><strong>ILLO,</strong></span> <span class='ocrx_word' id='word_1_425' title='bbox 658 3460 709 3499; x_wconf 74' lang='lat' dir='ltr'><strong>IN</strong></span> <span class='ocrx_word' id='word_1_426' title='bbox 738 3461 866 3501; x_wconf 65' lang='grc' dir='ltr'><strong>οιικι</strong></span> <span class='ocrx_word' id='word_1_427' title='bbox 904 3465 1093 3516; x_wconf 77' lang='lat' dir='ltr'><strong>VEBBO,</strong></span> <span class='ocrx_word' id='word_1_428' title='bbox 1127 3469 1196 3507; x_wconf 77' lang='grc' dir='ltr'><strong>ΕΤ</strong></span> <span class='ocrx_word' id='word_1_429' title='bbox 1245 3471 1297 3509; x_wconf 75' lang='lat' dir='ltr'><strong>IN</strong></span> <span class='ocrx_word' id='word_1_430' title='bbox 1327 3470 1452 3511; x_wconf 69' lang='lat' dir='ltr'><strong>OMNI</strong></span> <span class='ocrx_word' id='word_1_431' title='bbox 1501 3473 1762 3515; x_wconf 76' lang='lat' dir='ltr'><strong>SCIENTM.</strong></span> 
     </span>
    </p>
   </div>
   <div class='ocr_carea' id='block_1_54' title="bbox 174 3529 1763 3616">
    <p class='ocr_par' dir='ltr' id='par_1_54' title="bbox 174 3529 1763 3616">
     <span class='ocr_line' id='line_1_54' title="bbox 174 3529 1763 3616; baseline 0.015 -32"><span class='ocrx_word' id='word_1_432' title='bbox 174 3529 420 3586; x_wconf 83' lang='lat' dir='ltr'><strong>Ostendit</strong></span> <span class='ocrx_word' id='word_1_433' title='bbox 451 3535 503 3589; x_wconf 91' lang='lat' dir='ltr'><strong>in</strong></span> <span class='ocrx_word' id='word_1_434' title='bbox 536 3538 681 3591; x_wconf 89' lang='lat' dir='ltr'><strong>omni</strong></span> <span class='ocrx_word' id='word_1_435' title='bbox 711 3539 853 3595; x_wconf 88' lang='lat' dir='ltr'><strong>bono</strong></span> <span class='ocrx_word' id='word_1_436' title='bbox 879 3556 974 3596; x_wconf 86' lang='lat' dir='ltr'><strong>eos</strong></span> <span class='ocrx_word' id='word_1_437' title='bbox 991 3543 1211 3610; x_wconf 91' lang='lat' dir='ltr'><strong>ditatos,</strong></span> <span class='ocrx_word' id='word_1_438' title='bbox 1237 3549 1489 3616; x_wconf 90' lang='lat' dir='ltr'><strong>quoniam</strong></span> <span class='ocrx_word' id='word_1_439' title='bbox 1514 3553 1579 3605; x_wconf 84' lang='lat' dir='ltr'><strong>ad</strong></span> <span class='ocrx_word' id='word_1_440' title='bbox 1606 3552 1763 3607; x_wconf 89' lang='lat' dir='ltr'><strong>ﬁdem</strong></span> 
     </span>
    </p>
   </div>
   <div class='ocr_carea' id='block_1_55' title="bbox 174 3619 1762 3710">
    <p class='ocr_par' dir='ltr' id='par_1_55' title="bbox 174 3619 1762 3710">
     <span class='ocr_line' id='line_1_55' title="bbox 174 3619 1762 3710; baseline 0.016 -37"><span class='ocrx_word' id='word_1_441' title='bbox 174 3619 374 3676; x_wconf 81' lang='lat' dir='ltr'><strong>Christi</strong></span> <span class='ocrx_word' id='word_1_442' title='bbox 408 3637 703 3694; x_wconf 88' lang='lat' dir='ltr'><strong>venerunt;</strong></span> <span class='ocrx_word' id='word_1_443' title='bbox 734 3632 939 3687; x_wconf 88' lang='lat' dir='ltr'><strong>scilicet</strong></span> <span class='ocrx_word' id='word_1_444' title='bbox 982 3633 1037 3688; x_wconf 92' lang='lat' dir='ltr'><strong>in</strong></span> <span class='ocrx_word' id='word_1_445' title='bbox 1076 3637 1328 3694; x_wconf 84' lang='lat' dir='ltr'><strong>omnibus</strong></span> <span class='ocrx_word' id='word_1_446' title='bbox 1358 3640 1660 3710; x_wconf 89' lang='lat' dir='ltr'><strong>virtutibus,</strong></span> <span class='ocrx_word' id='word_1_447' title='bbox 1708 3644 1762 3698; x_wconf 92' lang='lat' dir='ltr'><strong>in</strong></span> 
     </span>
    </p>
   </div>
   <div class='ocr_carea' id='block_1_56' title="bbox 174 3716 1765 3804">
    <p class='ocr_par' dir='ltr' id='par_1_56' title="bbox 174 3716 1765 3804">
     <span class='ocr_line' id='line_1_56' title="bbox 174 3716 1765 3804; baseline 0.014 -34"><span class='ocrx_word' id='word_1_448' title='bbox 174 3716 323 3771; x_wconf 88' lang='lat' dir='ltr'><strong>omni</strong></span> <span class='ocrx_word' id='word_1_449' title='bbox 352 3719 537 3785; x_wconf 90' lang='lat' dir='ltr'><strong>verbo,</strong></span> <span class='ocrx_word' id='word_1_450' title='bbox 570 3730 623 3776; x_wconf 91' lang='lat' dir='ltr'><strong>et</strong></span> <span class='ocrx_word' id='word_1_451' title='bbox 667 3721 720 3778; x_wconf 93' lang='lat' dir='ltr'><strong>in</strong></span> <span class='ocrx_word' id='word_1_452' title='bbox 750 3725 901 3779; x_wconf 92' lang='lat' dir='ltr'><strong>omni</strong></span> <span class='ocrx_word' id='word_1_453' title='bbox 943 3728 1200 3798; x_wconf 85' lang='lat' dir='ltr'><strong>scientia,</strong></span> <span class='ocrx_word' id='word_1_454' title='bbox 1232 3735 1283 3786; x_wconf 89' lang='lat' dir='ltr'><strong>in</strong></span> <span class='ocrx_word' id='word_1_455' title='bbox 1304 3742 1549 3804; x_wconf 61' lang='lat' dir='ltr'><strong>,utroque</strong></span> <span class='ocrx_word' id='word_1_456' title='bbox 1576 3734 1765 3791; x_wconf 84' lang='lat' dir='ltr'><strong>Testa-</strong></span> 
     </span>
    </p>
   </div>
   <div class='ocr_carea' id='block_1_57' title="bbox 136 3811 1763 3898">
    <p class='ocr_par' dir='ltr' id='par_1_57' title="bbox 136 3811 1763 3898">
     <span class='ocr_line' id='line_1_57' title="bbox 136 3811 1763 3898; baseline 0.013 -35"><span class='ocrx_word' id='word_1_457' title='bbox 136 3860 139 3863; x_wconf 38' lang='lat'><strong>.</strong></span> <span class='ocrx_word' id='word_1_458' title='bbox 175 3818 385 3877; x_wconf 73' lang='lat' dir='ltr'><strong>mento,</strong></span> <span class='ocrx_word' id='word_1_459' title='bbox 425 3811 599 3869; x_wconf 83' lang='lat' dir='ltr'><strong>Veteri</strong></span> <span class='ocrx_word' id='word_1_460' title='bbox 629 3823 683 3869; x_wconf 91' lang='lat' dir='ltr'><strong>et</strong></span> <span class='ocrx_word' id='word_1_461' title='bbox 710 3815 878 3872; x_wconf 87' lang='lat' dir='ltr'><strong>Novo.</strong></span> <span class='ocrx_word' id='word_1_462' title='bbox 913 3819 967 3873; x_wconf 90' lang='lat' dir='ltr'><strong>In</strong></span> <span class='ocrx_word' id='word_1_463' title='bbox 999 3822 1144 3875; x_wconf 92' lang='lat' dir='ltr'><strong>omni</strong></span> <span class='ocrx_word' id='word_1_464' title='bbox 1176 3823 1339 3878; x_wconf 86' lang='lat' dir='ltr'><strong>verbo</strong></span> <span class='ocrx_word' id='word_1_465' title='bbox 1362 3824 1511 3892; x_wconf 90' lang='lat' dir='ltr'><strong>dicit,</strong></span> <span class='ocrx_word' id='word_1_466' title='bbox 1538 3824 1590 3881; x_wconf 93' lang='lat' dir='ltr'><strong>in</strong></span> <span class='ocrx_word' id='word_1_467' title='bbox 1624 3828 1763 3898; x_wconf 76' lang='lat' dir='ltr'><strong>lege,</strong></span> 
     </span>
    </p>
   </div>
   <div class='ocr_carea' id='block_1_58' title="bbox 168 3899 1763 3979">
    <p class='ocr_par' dir='ltr' id='par_1_58' title="bbox 168 3899 1763 3979">
     <span class='ocr_line' id='line_1_58' title="bbox 168 3899 1763 3979; baseline 0.013 -24"><span class='ocrx_word' id='word_1_468' title='bbox 168 3899 228 3956; x_wconf 88' lang='lat' dir='ltr'><strong>in</strong></span> <span class='ocrx_word' id='word_1_469' title='bbox 276 3901 523 3970; x_wconf 87' lang='lat' dir='ltr'><strong>scientia,</strong></span> <span class='ocrx_word' id='word_1_470' title='bbox 578 3905 630 3959; x_wconf 92' lang='lat' dir='ltr'><strong>in</strong></span> <span class='ocrx_word' id='word_1_471' title='bbox 663 3906 976 3979; x_wconf 82' lang='lat' dir='ltr'><strong>Evangelia.</strong></span> <span class='ocrx_word' id='word_1_472' title='bbox 1010 3911 1106 3967; x_wconf 90' lang='lat' dir='ltr'><strong>Ille</strong></span> <span class='ocrx_word' id='word_1_473' title='bbox 1153 3915 1296 3969; x_wconf 90' lang='lat' dir='ltr'><strong>enim</strong></span> <span class='ocrx_word' id='word_1_474' title='bbox 1342 3916 1493 3971; x_wconf 88' lang='lat' dir='ltr'><strong>dives</strong></span> <span class='ocrx_word' id='word_1_475' title='bbox 1526 3919 1577 3973; x_wconf 92' lang='lat' dir='ltr'><strong>in</strong></span> <span class='ocrx_word' id='word_1_476' title='bbox 1618 3923 1763 3976; x_wconf 92' lang='lat' dir='ltr'><strong>omni</strong></span> 
     </span>
    </p>
   </div>
   <div class='ocr_carea' id='block_1_59' title="bbox 164 3992 1759 4080">
    <p class='ocr_par' dir='ltr' id='par_1_59' title="bbox 164 3992 1759 4080">
     <span class='ocr_line' id='line_1_59' title="bbox 164 3992 1759 4080; baseline 0.013 -34"><span class='ocrx_word' id='word_1_477' title='bbox 164 3992 357 4059; x_wconf 88' lang='lat' dir='ltr'><strong>verbo,</strong></span> <span class='ocrx_word' id='word_1_478' title='bbox 388 4005 438 4049; x_wconf 85' lang='lat' dir='ltr'><strong>et</strong></span> <span class='ocrx_word' id='word_1_479' title='bbox 469 3996 522 4051; x_wconf 93' lang='lat' dir='ltr'><strong>in</strong></span> <span class='ocrx_word' id='word_1_480' title='bbox 552 3999 699 4053; x_wconf 91' lang='lat' dir='ltr'><strong>omni</strong></span> <span class='ocrx_word' id='word_1_481' title='bbox 720 4001 966 4070; x_wconf 85' lang='lat' dir='ltr'><strong>scientia,</strong></span> <span class='ocrx_word' id='word_1_482' title='bbox 998 4005 1086 4074; x_wconf 89' lang='lat' dir='ltr'><strong>qui</strong></span> <span class='ocrx_word' id='word_1_483' title='bbox 1113 4020 1302 4063; x_wconf 89' lang='lat' dir='ltr'><strong>omnes</strong></span> <span class='ocrx_word' id='word_1_484' title='bbox 1334 4022 1474 4077; x_wconf 84' lang='lat' dir='ltr'><strong>pene</strong></span> <span class='ocrx_word' id='word_1_485' title='bbox 1502 4008 1759 4080; x_wconf 90' lang='lat' dir='ltr'><strong>Scriptu-</strong></span> 
     </span>
    </p>
   </div>
   <div class='ocr_carea' id='block_1_60' title="bbox 164 4088 1764 4159">
    <p class='ocr_par' dir='ltr' id='par_1_60' title="bbox 164 4088 1764 4159">
     <span class='ocr_line' id='line_1_60' title="bbox 164 4088 1764 4159; baseline 0.011 -19"><span class='ocrx_word' id='word_1_486' title='bbox 164 4100 262 4142; x_wconf 85' lang='lat' dir='ltr'><strong>ras</strong></span> <span class='ocrx_word' id='word_1_487' title='bbox 293 4088 430 4144; x_wconf 91' lang='lat' dir='ltr'><strong>valet</strong></span> <span class='ocrx_word' id='word_1_488' title='bbox 457 4090 683 4159; x_wconf 91' lang='lat' dir='ltr'><strong>discere,</strong></span> <span class='ocrx_word' id='word_1_489' title='bbox 733 4102 787 4148; x_wconf 90' lang='lat' dir='ltr'><strong>et</strong></span> <span class='ocrx_word' id='word_1_490' title='bbox 816 4095 951 4150; x_wconf 90' lang='lat' dir='ltr'><strong>alios</strong></span> <span class='ocrx_word' id='word_1_491' title='bbox 979 4096 1215 4153; x_wconf 91' lang='lat' dir='ltr'><strong>erudire.</strong></span> <span class='ocrx_word' id='word_1_492' title='bbox 1259 4098 1349 4152; x_wconf 90' lang='lat' dir='ltr'><strong>lllc</strong></span> <span class='ocrx_word' id='word_1_493' title='bbox 1380 4108 1465 4155; x_wconf 90' lang='lat' dir='ltr'><strong>est</strong></span> <span class='ocrx_word' id='word_1_494' title='bbox 1497 4103 1764 4159; x_wconf 84' lang='lat' dir='ltr'><strong>veraciter</strong></span> 
     </span>
    </p>
   </div>
   <div class='ocr_carea' id='block_1_61' title="bbox 163 4183 1763 4271">
    <p class='ocr_par' dir='ltr' id='par_1_61' title="bbox 163 4183 1763 4271">
     <span class='ocr_line' id='line_1_61' title="bbox 163 4183 1763 4271; baseline 0.011 -33"><span class='ocrx_word' id='word_1_495' title='bbox 163 4183 388 4253; x_wconf 84' lang='lat' dir='ltr'><strong>sapiens</strong></span> <span class='ocrx_word' id='word_1_496' title='bbox 427 4186 481 4241; x_wconf 93' lang='lat' dir='ltr'><strong>in</strong></span> <span class='ocrx_word' id='word_1_497' title='bbox 512 4189 655 4243; x_wconf 90' lang='lat' dir='ltr'><strong>omni</strong></span> <span class='ocrx_word' id='word_1_498' title='bbox 691 4191 855 4246; x_wconf 88' lang='lat' dir='ltr'><strong>verbo</strong></span> <span class='ocrx_word' id='word_1_499' title='bbox 900 4200 954 4247; x_wconf 90' lang='lat' dir='ltr'><strong>et</strong></span> <span class='ocrx_word' id='word_1_500' title='bbox 978 4194 1032 4248; x_wconf 91' lang='lat' dir='ltr'><strong>in</strong></span> <span class='ocrx_word' id='word_1_501' title='bbox 1073 4195 1219 4249; x_wconf 91' lang='lat' dir='ltr'><strong>omni</strong></span> <span class='ocrx_word' id='word_1_502' title='bbox 1264 4196 1510 4265; x_wconf 87' lang='lat' dir='ltr'><strong>scientia,</strong></span> <span class='ocrx_word' id='word_1_503' title='bbox 1542 4201 1627 4271; x_wconf 91' lang='lat' dir='ltr'><strong>qui</strong></span> <span class='ocrx_word' id='word_1_504' title='bbox 1663 4201 1763 4255; x_wconf 90' lang='lat' dir='ltr'><strong>hoc</strong></span> 
     </span>
    </p>
   </div>
   <div class='ocr_carea' id='block_1_62' title="bbox 163 4277 1765 4362">
    <p class='ocr_par' dir='ltr' id='par_1_62' title="bbox 163 4277 1765 4362">
     <span class='ocr_line' id='line_1_62' title="bbox 163 4277 1765 4362; baseline 0.009 -28"><span class='ocrx_word' id='word_1_505' title='bbox 163 4277 317 4349; x_wconf 83' lang='lat' dir='ltr'><strong>quod</strong></span> <span class='ocrx_word' id='word_1_506' title='bbox 344 4281 468 4351; x_wconf 79' lang='lat' dir='ltr'><strong>legit</strong></span> <span class='ocrx_word' id='word_1_507' title='bbox 492 4291 548 4337; x_wconf 92' lang='lat' dir='ltr'><strong>et</strong></span> <span class='ocrx_word' id='word_1_508' title='bbox 570 4282 843 4355; x_wconf 80' lang='lat' dir='ltr'><strong>intelligit,</strong></span> <span class='ocrx_word' id='word_1_509' title='bbox 876 4285 996 4340; x_wconf 91' lang='lat' dir='ltr'><strong>aliis</strong></span> <span class='ocrx_word' id='word_1_510' title='bbox 1023 4288 1313 4357; x_wconf 82' lang='lat' dir='ltr'><strong>praedicat;</strong></span> <span class='ocrx_word' id='word_1_511' title='bbox 1346 4290 1394 4345; x_wconf 90' lang='lat' dir='ltr'><strong>si</strong></span> <span class='ocrx_word' id='word_1_512' title='bbox 1422 4292 1568 4360; x_wconf 87' lang='lat' dir='ltr'><strong>prius</strong></span> <span class='ocrx_word' id='word_1_513' title='bbox 1598 4307 1765 4362; x_wconf 88' lang='lat' dir='ltr'><strong>opere</strong></span> 
     </span>
    </p>
   </div>
   <div class='ocr_carea' id='block_1_63' title="bbox 1876 2987 3471 3070">
    <p class='ocr_par' dir='ltr' id='par_1_63' title="bbox 1876 2987 3471 3070">
     <span class='ocr_line' id='line_1_63' title="bbox 1876 2987 3471 3070; baseline 0.017 -29"><span class='ocrx_word' id='word_1_514' title='bbox 1876 2987 2013 3043; x_wconf 88' lang='lat' dir='ltr'><strong>liter.</strong></span> <span class='ocrx_word' id='word_1_515' title='bbox 2065 2991 2385 3059; x_wconf 88' lang='lat' dir='ltr'><strong>Specialiter</strong></span> <span class='ocrx_word' id='word_1_516' title='bbox 2431 2997 2646 3063; x_wconf 88' lang='lat' dir='ltr'><strong>quando</strong></span> <span class='ocrx_word' id='word_1_517' title='bbox 2688 2999 3108 3070; x_wconf 85' lang='lat' dir='ltr'><strong>uniuscujusque</strong></span> <span class='ocrx_word' id='word_1_518' title='bbox 3158 3008 3337 3062; x_wconf 89' lang='lat' dir='ltr'><strong>anima</strong></span> <span class='ocrx_word' id='word_1_519' title='bbox 3374 3009 3471 3069; x_wconf 84' lang='lat' dir='ltr'><strong>viri</strong></span> 
     </span>
    </p>
   </div>
   <div class='ocr_carea' id='block_1_64' title="bbox 1874 3082 3470 3164">
    <p class='ocr_par' dir='ltr' id='par_1_64' title="bbox 1874 3082 3470 3164">
     <span class='ocr_line' id='line_1_64' title="bbox 1874 3082 3470 3164; baseline 0.012 -30"><span class='ocrx_word' id='word_1_520' title='bbox 1874 3082 2097 3151; x_wconf 84' lang='lat' dir='ltr'><strong>perfecti</strong></span> <span class='ocrx_word' id='word_1_521' title='bbox 2147 3100 2173 3135; x_wconf 88' lang='lat' dir='ltr'><strong>a</strong></span> <span class='ocrx_word' id='word_1_522' title='bbox 2215 3098 2443 3153; x_wconf 90' lang='lat' dir='ltr'><strong>corpore</strong></span> <span class='ocrx_word' id='word_1_523' title='bbox 2484 3088 2768 3157; x_wconf 83' lang='lat' dir='ltr'><strong>egrediens</strong></span> <span class='ocrx_word' id='word_1_524' title='bbox 2819 3093 3010 3162; x_wconf 81' lang='lat' dir='ltr'><strong>migrat</strong></span> <span class='ocrx_word' id='word_1_525' title='bbox 3039 3094 3102 3148; x_wconf 90' lang='lat' dir='ltr'><strong>ad</strong></span> <span class='ocrx_word' id='word_1_526' title='bbox 3152 3094 3470 3164; x_wconf 89' lang='lat' dir='ltr'><strong>Dominum,</strong></span> 
     </span>
    </p>
   </div>
   <div class='ocr_carea' id='block_1_65' title="bbox 1874 3174 3471 3255">
    <p class='ocr_par' dir='ltr' id='par_1_65' title="bbox 1874 3174 3471 3255">
     <span class='ocr_line' id='line_1_65' title="bbox 1874 3174 3471 3255; baseline 0.012 -28"><span class='ocrx_word' id='word_1_527' title='bbox 1874 3174 1992 3242; x_wconf 85' lang='lat' dir='ltr'><strong>ipso</strong></span> <span class='ocrx_word' id='word_1_528' title='bbox 2023 3174 2276 3230; x_wconf 76' lang='lat' dir='ltr'><strong>dicente:</strong></span> <span class='ocrx_word' id='word_1_529' title='bbox 2322 3176 2474 3243; x_wconf 81' lang='lat' dir='ltr'><strong>Volo,</strong></span> <span class='ocrx_word' id='word_1_530' title='bbox 2522 3178 2701 3246; x_wconf 82' lang='lat' dir='ltr'><strong>Pater,</strong></span> <span class='ocrx_word' id='word_1_531' title='bbox 2734 3191 2788 3234; x_wconf 89' lang='lat' dir='ltr'><strong>ut</strong></span> <span class='ocrx_word' id='word_1_532' title='bbox 2821 3184 2903 3237; x_wconf 88' lang='lat' dir='ltr'><strong>ubi</strong></span> <span class='ocrx_word' id='word_1_533' title='bbox 2936 3201 3028 3255; x_wconf 86' lang='lat' dir='ltr'><strong>ego</strong></span> <span class='ocrx_word' id='word_1_534' title='bbox 3049 3202 3184 3252; x_wconf 89' lang='lat' dir='ltr'><strong>sum,</strong></span> <span class='ocrx_word' id='word_1_535' title='bbox 3230 3190 3298 3242; x_wconf 85' lang='lat' dir='ltr'><strong>ibi</strong></span> <span class='ocrx_word' id='word_1_536' title='bbox 3331 3192 3397 3245; x_wconf 88' lang='lat' dir='ltr'><strong>sit</strong></span> <span class='ocrx_word' id='word_1_537' title='bbox 3425 3199 3471 3246; x_wconf 85' lang='lat' dir='ltr'><strong>et</strong></span> 
     </span>
    </p>
   </div>
   <div class='ocr_carea' id='block_1_66' title="bbox 1873 3268 3469 3351">
    <p class='ocr_par' dir='ltr' id='par_1_66' title="bbox 1873 3268 3469 3351">
     <span class='ocr_line' id='line_1_66' title="bbox 1873 3268 3469 3351; baseline 0.011 -32"><span class='ocrx_word' id='word_1_538' title='bbox 1873 3268 2107 3321; x_wconf 76' lang='lat' dir='ltr'><strong>minister</strong></span> <span class='ocrx_word' id='word_1_539' title='bbox 2139 3284 2301 3323; x_wconf 85' lang='lat' dir='ltr'><strong>meus.</strong></span> <span class='ocrx_word' id='word_1_540' title='bbox 2328 3269 2666 3328; x_wconf 67' lang='lat' dir='ltr'><strong>Generaliter</strong></span> <span class='ocrx_word' id='word_1_541' title='bbox 2693 3289 2820 3330; x_wconf 84' lang='lat' dir='ltr'><strong>vero</strong></span> <span class='ocrx_word' id='word_1_542' title='bbox 2845 3276 2896 3330; x_wconf 93' lang='lat' dir='ltr'><strong>in</strong></span> <span class='ocrx_word' id='word_1_543' title='bbox 2920 3277 3006 3333; x_wconf 90' lang='lat' dir='ltr'><strong>die</strong></span> <span class='ocrx_word' id='word_1_544' title='bbox 3025 3278 3469 3351; x_wconf 89' lang='lat' dir='ltr'><strong>judicii,quando</strong></span> 
     </span>
    </p>
   </div>
   <div class='ocr_carea' id='block_1_67' title="bbox 1873 3363 3462 3429">
    <p class='ocr_par' dir='ltr' id='par_1_67' title="bbox 1873 3363 3462 3429">
     <span class='ocr_line' id='line_1_67' title="bbox 1873 3363 3462 3429; baseline 0.009 -16"><span class='ocrx_word' id='word_1_545' title='bbox 1873 3375 2047 3414; x_wconf 88' lang='lat' dir='ltr'><strong>omnes</strong></span> <span class='ocrx_word' id='word_1_546' title='bbox 2097 3363 2373 3418; x_wconf 88' lang='lat' dir='ltr'><strong>astabimus</strong></span> <span class='ocrx_word' id='word_1_547' title='bbox 2416 3373 2534 3419; x_wconf 85' lang='lat' dir='ltr'><strong>ante</strong></span> <span class='ocrx_word' id='word_1_548' title='bbox 2566 3366 2789 3421; x_wconf 76' lang='lat' dir='ltr'><strong>tribunal</strong></span> <span class='ocrx_word' id='word_1_549' title='bbox 2816 3368 2946 3424; x_wconf 85' lang='lat' dir='ltr'><strong>‘Dei.</strong></span> <span class='ocrx_word' id='word_1_550' title='bbox 3000 3372 3150 3427; x_wconf 87' lang='lat' dir='ltr'><strong>Unde</strong></span> <span class='ocrx_word' id='word_1_551' title='bbox 3185 3383 3240 3428; x_wconf 87' lang='lat' dir='ltr'><strong>et</strong></span> <span class='ocrx_word' id='word_1_552' title='bbox 3282 3374 3407 3429; x_wconf 89' lang='lat' dir='ltr'><strong>alibi</strong></span> <span class='ocrx_word' id='word_1_553' title='bbox 3450 3393 3462 3428; x_wconf 91' lang='lat'><strong>:</strong></span> 
     </span>
    </p>
   </div>
   <div class='ocr_carea' id='block_1_68' title="bbox 1871 3451 3465 3533">
    <p class='ocr_par' dir='ltr' id='par_1_68' title="bbox 1871 3451 3465 3533">
     <span class='ocr_line' id='line_1_68' title="bbox 1871 3451 3465 3533; baseline 0.012 -28"><span class='ocrx_word' id='word_1_554' title='bbox 1871 3451 2051 3508; x_wconf 87' lang='lat' dir='ltr'><strong>Nolite</strong></span> <span class='ocrx_word' id='word_1_555' title='bbox 2072 3465 2187 3509; x_wconf 88' lang='lat' dir='ltr'><strong>ante</strong></span> <span class='ocrx_word' id='word_1_556' title='bbox 2210 3466 2403 3529; x_wconf 76' lang='lat' dir='ltr'><strong>tempus</strong></span> <span class='ocrx_word' id='word_1_557' title='bbox 2417 3460 2686 3529; x_wconf 87' lang='lat' dir='ltr'><strong>judicare,</strong></span> <span class='ocrx_word' id='word_1_558' title='bbox 2717 3463 3051 3533; x_wconf 79' lang='lat' dir='ltr'><strong>quoadusque</strong></span> <span class='ocrx_word' id='word_1_559' title='bbox 3075 3454 3247 3521; x_wconf 74' lang='lat' dir='ltr'><strong>veniat</strong></span> <span class='ocrx_word' id='word_1_560' title='bbox 3282 3468 3465 3525; x_wconf 82' lang='lat' dir='ltr'><strong>Domi-</strong></span> 
     </span>
    </p>
   </div>
   <div class='ocr_carea' id='block_1_69' title="bbox 1871 3540 3467 3631">
    <p class='ocr_par' dir='ltr' id='par_1_69' title="bbox 1871 3540 3467 3631">
     <span class='ocr_line' id='line_1_69' title="bbox 1871 3540 3467 3631; baseline 0.014 -33"><span class='ocrx_word' id='word_1_561' title='bbox 1871 3562 1987 3600; x_wconf 86' lang='lat' dir='ltr'><strong>nus.</strong></span> <span class='ocrx_word' id='word_1_562' title='bbox 2025 3548 2400 3620; x_wconf 88' lang='lat' dir='ltr'><strong>Unusquisque</strong></span> <span class='ocrx_word' id='word_1_563' title='bbox 2443 3556 2587 3606; x_wconf 89' lang='lat' dir='ltr'><strong>enim</strong></span> <span class='ocrx_word' id='word_1_564' title='bbox 2634 3552 2808 3608; x_wconf 82' lang='lat' dir='ltr'><strong>lidelis</strong></span> <span class='ocrx_word' id='word_1_565' title='bbox 2836 3556 2916 3610; x_wconf 91' lang='lat' dir='ltr'><strong>sic</strong></span> <span class='ocrx_word' id='word_1_566' title='bbox 2941 3540 3358 3631; x_wconf 16' lang='lat' dir='ltr'><strong>vivere‘dehet,</strong></span> <span class='ocrx_word' id='word_1_567' title='bbox 3409 3574 3467 3621; x_wconf 93' lang='lat' dir='ltr'><strong>ut</strong></span> 
     </span>
    </p>
   </div>
   <div class='ocr_carea' id='block_1_70' title="bbox 1870 3641 3465 3718">
    <p class='ocr_par' dir='ltr' id='par_1_70' title="bbox 1870 3641 3465 3718">
     <span class='ocr_line' id='line_1_70' title="bbox 1870 3641 3465 3718; baseline 0.013 -24"><span class='ocrx_word' id='word_1_568' title='bbox 1870 3641 2378 3711; x_wconf 62' lang='lat' dir='ltr'><strong>possitexsiiectare</strong></span> <span class='ocrx_word' id='word_1_569' title='bbox 2406 3647 2794 3704; x_wconf 86' lang='lat' dir='ltr'><strong>revelationem</strong></span> <span class='ocrx_word' id='word_1_570' title='bbox 2843 3650 3085 3718; x_wconf 90' lang='lat' dir='ltr'><strong>Domini;</strong></span> <span class='ocrx_word' id='word_1_571' title='bbox 3135 3655 3342 3713; x_wconf 91' lang='lat' dir='ltr'><strong>scilicet</strong></span> <span class='ocrx_word' id='word_1_572' title='bbox 3370 3675 3465 3715; x_wconf 82' lang='lat' dir='ltr'><strong>ett-</strong></span> 
     </span>
    </p>
   </div>
   <div class='ocr_carea' id='block_1_71' title="bbox 1871 3731 3463 3821">
    <p class='ocr_par' dir='ltr' id='par_1_71' title="bbox 1871 3731 3463 3821">
     <span class='ocr_line' id='line_1_71' title="bbox 1871 3731 3463 3821; baseline 0.014 -37"><span class='ocrx_word' id='word_1_573' title='bbox 1871 3731 1979 3798; x_wconf 87' lang='lat' dir='ltr'><strong>piat</strong></span> <span class='ocrx_word' id='word_1_574' title='bbox 2008 3733 2237 3797; x_wconf 85' lang='lat' dir='ltr'><strong>dissolvi,</strong></span> <span class='ocrx_word' id='word_1_575' title='bbox 2283 3745 2330 3788; x_wconf 88' lang='lat' dir='ltr'><strong>et</strong></span> <span class='ocrx_word' id='word_1_576' title='bbox 2362 3752 2468 3789; x_wconf 82' lang='lat' dir='ltr'><strong>esse</strong></span> <span class='ocrx_word' id='word_1_577' title='bbox 2496 3754 2610 3791; x_wconf 88' lang='lat' dir='ltr'><strong>cum</strong></span> <span class='ocrx_word' id='word_1_578' title='bbox 2641 3738 2866 3808; x_wconf 86' lang='lat' dir='ltr'><strong>Christo,</strong></span> <span class='ocrx_word' id='word_1_579' title='bbox 2896 3752 3113 3812; x_wconf 85' lang='lat' dir='ltr'><strong>prOpter</strong></span> <span class='ocrx_word' id='word_1_580' title='bbox 3144 3747 3275 3803; x_wconf 91' lang='lat' dir='ltr'><strong>illud</strong></span> <span class='ocrx_word' id='word_1_581' title='bbox 3317 3752 3463 3821; x_wconf 84' lang='lat' dir='ltr'><strong>quod</strong></span> 
     </span>
    </p>
   </div>
   <div class='ocr_carea' id='block_1_72' title="bbox 1868 3823 3462 3902">
    <p class='ocr_par' dir='ltr' id='par_1_72' title="bbox 1868 3823 3462 3902">
     <span class='ocr_line' id='line_1_72' title="bbox 1868 3823 3462 3902; baseline 0.012 -24"><span class='ocrx_word' id='word_1_582' title='bbox 1868 3823 2129 3880; x_wconf 85' lang='lat' dir='ltr'><strong>Dominus</strong></span> <span class='ocrx_word' id='word_1_583' title='bbox 2157 3827 2287 3881; x_wconf 88' lang='lat' dir='ltr'><strong>dicit</strong></span> <span class='ocrx_word' id='word_1_584' title='bbox 2313 3846 2324 3881; x_wconf 92' lang='lat'><strong>:</strong></span> <span class='ocrx_word' id='word_1_585' title='bbox 2360 3827 2506 3883; x_wconf 85' lang='lat' dir='ltr'><strong>Beati</strong></span> <span class='ocrx_word' id='word_1_586' title='bbox 2540 3833 2671 3884; x_wconf 87' lang='lat' dir='ltr'><strong>servi</strong></span> <span class='ocrx_word' id='word_1_587' title='bbox 2697 3833 2794 3900; x_wconf 88' lang='lat' dir='ltr'><strong>illi,</strong></span> <span class='ocrx_word' id='word_1_588' title='bbox 2827 3851 2953 3902; x_wconf 88' lang='lat' dir='ltr'><strong>quos</strong></span> <span class='ocrx_word' id='word_1_589' title='bbox 2981 3852 3098 3890; x_wconf 89' lang='lat' dir='ltr'><strong>cum</strong></span> <span class='ocrx_word' id='word_1_590' title='bbox 3124 3842 3314 3894; x_wconf 84' lang='lat' dir='ltr'><strong>venerit</strong></span> <span class='ocrx_word' id='word_1_591' title='bbox 3350 3841 3462 3896; x_wconf 86' lang='lat' dir='ltr'><strong>Do-</strong></span> 
     </span>
    </p>
   </div>
   <div class='ocr_carea' id='block_1_73' title="bbox 1874 3920 2625 3992">
    <p class='ocr_par' dir='ltr' id='par_1_73' title="bbox 1874 3920 2625 3992">
     <span class='ocr_line' id='line_1_73' title="bbox 1874 3920 2625 3992; baseline 0.013 -22"><span class='ocrx_word' id='word_1_592' title='bbox 1874 3920 2044 3971; x_wconf 88' lang='lat' dir='ltr'><strong>minus</strong></span> <span class='ocrx_word' id='word_1_593' title='bbox 2068 3920 2314 3975; x_wconf 88' lang='lat' dir='ltr'><strong>invenerit</strong></span> <span class='ocrx_word' id='word_1_594' title='bbox 2342 3922 2625 3992; x_wconf 85' lang='lat' dir='ltr'><strong>vigilantes.</strong></span> 
     </span>
    </p>
   </div>
   <div class='ocr_carea' id='block_1_74' title="bbox 1940 4010 3458 4086">
    <p class='ocr_par' dir='ltr' id='par_1_74' title="bbox 1940 4010 3458 4086">
     <span class='ocr_line' id='line_1_74' title="bbox 1940 4010 3458 4086; baseline 0.014 -22"><span class='ocrx_word' id='word_1_595' title='bbox 1940 4010 2035 4078; x_wconf 81' lang='lat' dir='ltr'><strong>QUI</strong></span> <span class='ocrx_word' id='word_1_596' title='bbox 2064 4025 2422 4071; x_wconf 74' lang='lat' dir='ltr'><strong>CONFIRMAVIT</strong></span> <span class='ocrx_word' id='word_1_597' title='bbox 2456 4030 2551 4070; x_wconf 77' lang='lat' dir='ltr'><strong>VOS</strong></span> <span class='ocrx_word' id='word_1_598' title='bbox 2575 4032 2743 4081; x_wconf 82' lang='lat' dir='ltr'><strong>USQUE</strong></span> <span class='ocrx_word' id='word_1_599' title='bbox 2783 4034 2851 4073; x_wconf 77' lang='lat' dir='ltr'><strong>IN&#39;</strong></span> <span class='ocrx_word' id='word_1_600' title='bbox 2881 4036 3042 4078; x_wconf 72' lang='grc' dir='ltr'>ΙῚΝΕΠ</span> <span class='ocrx_word' id='word_1_601' title='bbox 3074 4038 3190 4080; x_wconf 75' lang='lat' dir='ltr'><strong>SINE</strong></span> <span class='ocrx_word' id='word_1_602' title='bbox 3216 4041 3458 4086; x_wconf 75' lang='lat' dir='ltr'><strong>CRIIIINE.</strong></span> 
     </span>
    </p>
   </div>
   <div class='ocr_carea' id='block_1_75' title="bbox 1840 4084 3460 4191">
    <p class='ocr_par' dir='ltr' id='par_1_75' title="bbox 1840 4084 3460 4191">
     <span class='ocr_line' id='line_1_75' title="bbox 1840 4084 3460 4191; baseline 0.015 -37"><span class='ocrx_word' id='word_1_603' title='bbox 1840 4084 2205 4171; x_wconf 29' lang='lat' dir='ltr'><strong>&#39;Exspectant</strong></span> <span class='ocrx_word' id='word_1_604' title='bbox 2246 4105 2389 4160; x_wconf 86' lang='lat' dir='ltr'><strong>enim</strong></span> <span class='ocrx_word' id='word_1_605' title='bbox 2419 4110 2589 4162; x_wconf 89' lang='lat' dir='ltr'><strong>sancti</strong></span> <span class='ocrx_word' id='word_1_606' title='bbox 2620 4111 3002 4169; x_wconf 81' lang='lat' dir='ltr'><strong>revelationem</strong></span> <span class='ocrx_word' id='word_1_607' title='bbox 3038 4115 3281 4189; x_wconf 58' lang='lat' dir='ltr'><strong>Domini&quot;</strong></span> <span class='ocrx_word' id='word_1_608' title='bbox 3334 4123 3460 4191; x_wconf 87' lang='lat' dir='ltr'><strong>quia</strong></span> 
     </span>
    </p>
   </div>
   <div class='ocr_carea' id='block_1_76' title="bbox 1870 4197 3461 4271">
    <p class='ocr_par' dir='ltr' id='par_1_76' title="bbox 1870 4197 3461 4271">
     <span class='ocr_line' id='line_1_76' title="bbox 1870 4197 3461 4271; baseline 0.013 -22"><span class='ocrx_word' id='word_1_609' title='bbox 1870 4211 2012 4251; x_wconf 89' lang='lat' dir='ltr'><strong>nunc</strong></span> <span class='ocrx_word' id='word_1_610' title='bbox 2040 4197 2143 4251; x_wconf 87' lang='lat' dir='ltr'><strong>vita</strong></span> <span class='ocrx_word' id='word_1_611' title='bbox 2184 4208 2366 4253; x_wconf 86' lang='lat' dir='ltr'><strong>nostra</strong></span> <span class='ocrx_word' id='word_1_612' title='bbox 2393 4200 2690 4255; x_wconf 86' lang='lat' dir='ltr'><strong>abscondita</strong></span> <span class='ocrx_word' id='word_1_613' title='bbox 2720 4219 2835 4257; x_wconf 81' lang='lat' dir='ltr'><strong>cum</strong></span> <span class='ocrx_word' id='word_1_614' title='bbox 2864 4206 3066 4261; x_wconf 77' lang='lat' dir='ltr'><strong>Christo</strong></span> <span class='ocrx_word' id='word_1_615' title='bbox 3106 4209 3160 4263; x_wconf 90' lang='lat' dir='ltr'><strong>in</strong></span> <span class='ocrx_word' id='word_1_616' title='bbox 3188 4208 3319 4266; x_wconf 85' lang='lat' dir='ltr'><strong>Deo.</strong></span> <span class='ocrx_word' id='word_1_617' title='bbox 3357 4213 3461 4271; x_wconf 71' lang='lat' dir='ltr'><strong>lie-</strong></span> 
     </span>
    </p>
   </div>
   <div class='ocr_carea' id='block_1_77' title="bbox 1871 4291 3456 4370">
    <p class='ocr_par' dir='ltr' id='par_1_77' title="bbox 1871 4291 3456 4370">
     <span class='ocr_line' id='line_1_77' title="bbox 1871 4291 3456 4370; baseline 0.011 -26"><span class='ocrx_word' id='word_1_618' title='bbox 1871 4291 2130 4345; x_wconf 89' lang='lat' dir='ltr'><strong>velabitur</strong></span> <span class='ocrx_word' id='word_1_619' title='bbox 2154 4306 2305 4360; x_wconf 89' lang='lat' dir='ltr'><strong>vero,</strong></span> <span class='ocrx_word' id='word_1_620' title='bbox 2337 4294 2462 4362; x_wconf 91' lang='lat' dir='ltr'><strong>quia</strong></span> <span class='ocrx_word' id='word_1_621' title='bbox 2491 4310 2609 4347; x_wconf 88' lang='lat' dir='ltr'><strong>cum</strong></span> <span class='ocrx_word' id='word_1_622' title='bbox 2640 4294 2875 4353; x_wconf 86' lang='lat' dir='ltr'><strong>Christus</strong></span> <span class='ocrx_word' id='word_1_623' title='bbox 2897 4303 3201 4370; x_wconf 86' lang='lat' dir='ltr'><strong>apparuerit</strong></span> <span class='ocrx_word' id='word_1_624' title='bbox 3233 4306 3333 4359; x_wconf 87' lang='lat' dir='ltr'><strong>vita</strong></span> <span class='ocrx_word' id='word_1_625' title='bbox 3378 4323 3456 4361; x_wconf 89' lang='lat' dir='ltr'><strong>ve-</strong></span> 
     </span>
    </p>
   </div>
   <div class='ocr_carea' id='block_1_78' title="bbox 162 4351 3460 4466">
    <p class='ocr_par' dir='ltr' id='par_1_78' title="bbox 162 4351 3460 4466">
     <span class='ocr_line' id='line_1_78' title="bbox 162 4351 3460 4466; baseline 0.008 -38"><span class='ocrx_word' id='word_1_626' title='bbox 162 4373 377 4442; x_wconf 85' lang='lat' dir='ltr'><strong>implet,</strong></span> <span class='ocrx_word' id='word_1_627' title='bbox 411 4390 479 4431; x_wconf 93' lang='lat' dir='ltr'><strong>ne</strong></span> <span class='ocrx_word' id='word_1_628' title='bbox 516 4376 636 4431; x_wconf 90' lang='lat' dir='ltr'><strong>aliis</strong></span> <span class='ocrx_word' id='word_1_629' title='bbox 682 4351 982 4447; x_wconf 67' lang='lat' dir='ltr'><strong>prazdicans</strong></span> <span class='ocrx_word' id='word_1_630' title='bbox 1029 4380 1144 4450; x_wconf 89' lang='lat' dir='ltr'><strong>ipse</strong></span> <span class='ocrx_word' id='word_1_631' title='bbox 1189 4384 1450 4452; x_wconf 89' lang='lat' dir='ltr'><strong>reprobus</strong></span> <span class='ocrx_word' id='word_1_632' title='bbox 1473 4384 1759 4443; x_wconf 87' lang='lat' dir='ltr'><strong>efﬁciatur.</strong></span> <span class='ocrx_word' id='word_1_633' title='bbox 1870 4394 1996 4450; x_wconf 87' lang='lat' dir='ltr'><strong>stra,</strong></span> <span class='ocrx_word' id='word_1_634' title='bbox 2033 4394 2155 4438; x_wconf 88' lang='lat' dir='ltr'><strong>tunc</strong></span> <span class='ocrx_word' id='word_1_635' title='bbox 2184 4393 2229 4439; x_wconf 89' lang='lat' dir='ltr'><strong>et</strong></span> <span class='ocrx_word' id='word_1_636' title='bbox 2256 4401 2339 4439; x_wconf 90' lang='lat' dir='ltr'><strong>vos</strong></span> <span class='ocrx_word' id='word_1_637' title='bbox 2367 4388 2675 4458; x_wconf 84' lang='lat' dir='ltr'><strong>apparebitis</strong></span> <span class='ocrx_word' id='word_1_638' title='bbox 2701 4406 2817 4444; x_wconf 88' lang='lat' dir='ltr'><strong>cum</strong></span> <span class='ocrx_word' id='word_1_639' title='bbox 2849 4393 2962 4460; x_wconf 87' lang='lat' dir='ltr'><strong>ipso</strong></span> <span class='ocrx_word' id='word_1_640' title='bbox 3006 4396 3059 4448; x_wconf 87' lang='lat' dir='ltr'><strong>in</strong></span> <span class='ocrx_word' id='word_1_641' title='bbox 3089 4397 3277 4466; x_wconf 86' lang='lat' dir='ltr'><strong>gloria.</strong></span> <span class='ocrx_word' id='word_1_642' title='bbox 3304 4398 3460 4456; x_wconf 83' lang='lat' dir='ltr'><strong>Nunc</strong></span> 
     </span>
    </p>
   </div>
   <div class='ocr_carea' id='block_1_79' title="bbox 164 4466 1759 4548">
    <p class='ocr_par' dir='ltr' id='par_1_79' title="bbox 164 4466 1759 4548">
     <span class='ocr_line' id='line_1_79' title="bbox 164 4466 1759 4548; baseline 0.009 -26"><span class='ocrx_word' id='word_1_643' title='bbox 164 4466 423 4524; x_wconf 80' lang='lat' dir='ltr'><strong>Nonnulli</strong></span> <span class='ocrx_word' id='word_1_644' title='bbox 473 4480 597 4526; x_wconf 87' lang='lat' dir='ltr'><strong>sunt</strong></span> <span class='ocrx_word' id='word_1_645' title='bbox 638 4472 833 4530; x_wconf 87' lang='lat' dir='ltr'><strong>divites</strong></span> <span class='ocrx_word' id='word_1_646' title='bbox 876 4475 930 4530; x_wconf 91' lang='lat' dir='ltr'><strong>in</strong></span> <span class='ocrx_word' id='word_1_647' title='bbox 984 4477 1131 4530; x_wconf 91' lang='lat' dir='ltr'><strong>omni</strong></span> <span class='ocrx_word' id='word_1_648' title='bbox 1184 4477 1381 4548; x_wconf 88' lang='lat' dir='ltr'><strong>verbo,</strong></span> <span class='ocrx_word' id='word_1_649' title='bbox 1437 4479 1531 4535; x_wconf 91' lang='lat' dir='ltr'><strong>sed</strong></span> <span class='ocrx_word' id='word_1_650' title='bbox 1565 4496 1669 4536; x_wconf 90' lang='lat' dir='ltr'><strong>non</strong></span> <span class='ocrx_word' id='word_1_651' title='bbox 1706 4483 1759 4538; x_wconf 91' lang='lat' dir='ltr'><strong>in</strong></span> 
     </span>
    </p>
   </div>
   <div class='ocr_carea' id='block_1_80' title="bbox 162 4560 1762 4640">
    <p class='ocr_par' dir='ltr' id='par_1_80' title="bbox 162 4560 1762 4640">
     <span class='ocr_line' id='line_1_80' title="bbox 162 4560 1762 4640; baseline 0.012 -27"><span class='ocrx_word' id='word_1_652' title='bbox 162 4560 317 4614; x_wconf 90' lang='lat' dir='ltr'><strong>omni</strong></span> <span class='ocrx_word' id='word_1_653' title='bbox 346 4563 601 4629; x_wconf 87' lang='lat' dir='ltr'><strong>scientia;</strong></span> <span class='ocrx_word' id='word_1_654' title='bbox 637 4564 776 4619; x_wconf 88' lang='lat' dir='ltr'><strong>sicut</strong></span> <span class='ocrx_word' id='word_1_655' title='bbox 800 4565 973 4625; x_wconf 68' lang='lat' dir='ltr'><strong>Judaei</strong></span> <span class='ocrx_word' id='word_1_656' title='bbox 1006 4578 1214 4637; x_wconf 86' lang='lat' dir='ltr'><strong>putant,</strong></span> <span class='ocrx_word' id='word_1_657' title='bbox 1250 4570 1339 4640; x_wconf 92' lang='lat' dir='ltr'><strong>qui</strong></span> <span class='ocrx_word' id='word_1_658' title='bbox 1372 4579 1577 4627; x_wconf 85' lang='lat' dir='ltr'><strong>tantum</strong></span> <span class='ocrx_word' id='word_1_659' title='bbox 1619 4573 1762 4631; x_wconf 89' lang='lat' dir='ltr'><strong>litte-</strong></span> 
     </span>
    </p>
   </div>
   <div class='ocr_carea' id='block_1_81' title="bbox 163 4653 1754 4735">
    <p class='ocr_par' dir='ltr' id='par_1_81' title="bbox 163 4653 1754 4735">
     <span class='ocr_line' id='line_1_81' title="bbox 163 4653 1754 4735; baseline 0.008 -26"><span class='ocrx_word' id='word_1_660' title='bbox 163 4667 284 4709; x_wconf 88' lang='lat' dir='ltr'><strong>ram</strong></span> <span class='ocrx_word' id='word_1_661' title='bbox 332 4653 461 4725; x_wconf 78' lang='lat' dir='ltr'><strong>legis</strong></span> <span class='ocrx_word' id='word_1_662' title='bbox 506 4658 847 4726; x_wconf 89' lang='lat' dir='ltr'><strong>custodiunt,</strong></span> <span class='ocrx_word' id='word_1_663' title='bbox 902 4660 1251 4733; x_wconf 82' lang='lat' dir='ltr'><strong>Evangeiium</strong></span> <span class='ocrx_word' id='word_1_664' title='bbox 1302 4679 1429 4720; x_wconf 85' lang='lat' dir='ltr'><strong>vero</strong></span> <span class='ocrx_word' id='word_1_665' title='bbox 1477 4677 1754 4735; x_wconf 77' lang='lat' dir='ltr'><strong>reSputmt.</strong></span> 
     </span>
    </p>
   </div>
   <div class='ocr_carea' id='block_1_82' title="bbox 162 4748 1761 4832">
    <p class='ocr_par' dir='ltr' id='par_1_82' title="bbox 162 4748 1761 4832">
     <span class='ocr_line' id='line_1_82' title="bbox 162 4748 1761 4832; baseline 0.008 -27"><span class='ocrx_word' id='word_1_666' title='bbox 162 4748 306 4805; x_wconf 91' lang='lat' dir='ltr'><strong>Sunt</strong></span> <span class='ocrx_word' id='word_1_667' title='bbox 333 4750 420 4805; x_wconf 87' lang='lat' dir='ltr'><strong>alii</strong></span> <span class='ocrx_word' id='word_1_668' title='bbox 455 4749 652 4808; x_wconf 86' lang='lat' dir='ltr'><strong>divites</strong></span> <span class='ocrx_word' id='word_1_669' title='bbox 683 4754 737 4808; x_wconf 90' lang='lat' dir='ltr'><strong>in</strong></span> <span class='ocrx_word' id='word_1_670' title='bbox 766 4754 1014 4824; x_wconf 84' lang='lat' dir='ltr'><strong>scientia,</strong></span> <span class='ocrx_word' id='word_1_671' title='bbox 1047 4756 1143 4812; x_wconf 91' lang='lat' dir='ltr'><strong>sed</strong></span> <span class='ocrx_word' id='word_1_672' title='bbox 1172 4773 1279 4815; x_wconf 89' lang='lat' dir='ltr'><strong>non</strong></span> <span class='ocrx_word' id='word_1_673' title='bbox 1325 4760 1379 4814; x_wconf 91' lang='lat' dir='ltr'><strong>in</strong></span> <span class='ocrx_word' id='word_1_674' title='bbox 1413 4760 1580 4832; x_wconf 86' lang='lat' dir='ltr'><strong>verbo</strong></span> <span class='ocrx_word' id='word_1_675' title='bbox 1605 4803 1621 4828; x_wconf 93' lang='lat'><strong>,</strong></span> <span class='ocrx_word' id='word_1_676' title='bbox 1670 4764 1761 4832; x_wconf 88' lang='lat' dir='ltr'><strong>qui</strong></span> 
     </span>
    </p>
   </div>
   <div class='ocr_carea' id='block_1_83' title="bbox 166 4836 1760 4916">
    <p class='ocr_par' dir='ltr' id='par_1_83' title="bbox 166 4836 1760 4916">
     <span class='ocr_line' id='line_1_83' title="bbox 166 4836 1760 4916; baseline 0.007 -20"><span class='ocrx_word' id='word_1_677' title='bbox 166 4839 522 4913; x_wconf 79' lang='lat' dir='ltr'><strong>Evangelium</strong></span> <span class='ocrx_word' id='word_1_678' title='bbox 547 4836 823 4916; x_wconf 82' lang='lat' dir='ltr'><strong>respuunt,</strong></span> <span class='ocrx_word' id='word_1_679' title='bbox 850 4849 991 4904; x_wconf 86' lang='lat' dir='ltr'><strong>sient</strong></span> <span class='ocrx_word' id='word_1_680' title='bbox 1022 4850 1322 4908; x_wconf 79' lang='lat' dir='ltr'><strong>Manichaci.</strong></span> <span class='ocrx_word' id='word_1_681' title='bbox 1347 4852 1401 4907; x_wconf 93' lang='lat' dir='ltr'><strong>In</strong></span> <span class='ocrx_word' id='word_1_682' title='bbox 1424 4853 1572 4908; x_wconf 89' lang='lat' dir='ltr'><strong>omni</strong></span> <span class='ocrx_word' id='word_1_683' title='bbox 1597 4855 1760 4908; x_wconf 87' lang='lat' dir='ltr'><strong>verbo</strong></span> 
     </span>
    </p>
   </div>
   <div class='ocr_carea' id='block_1_84' title="bbox 164 4933 1757 5015">
    <p class='ocr_par' dir='ltr' id='par_1_84' title="bbox 164 4933 1757 5015">
     <span class='ocr_line' id='line_1_84' title="bbox 164 4933 1757 5015; baseline 0.006 -25"><span class='ocrx_word' id='word_1_684' title='bbox 164 4933 302 4991; x_wconf 87' lang='lat' dir='ltr'><strong>dicit</strong></span> <span class='ocrx_word' id='word_1_685' title='bbox 329 4936 381 4989; x_wconf 91' lang='lat' dir='ltr'><strong>in</strong></span> <span class='ocrx_word' id='word_1_686' title='bbox 403 4938 708 5007; x_wconf 89' lang='lat' dir='ltr'><strong>superﬁcie,</strong></span> <span class='ocrx_word' id='word_1_687' title='bbox 729 4940 783 4994; x_wconf 91' lang='lat' dir='ltr'><strong>in</strong></span> <span class='ocrx_word' id='word_1_688' title='bbox 808 4942 1054 5009; x_wconf 87' lang='lat' dir='ltr'><strong>scientia,</strong></span> <span class='ocrx_word' id='word_1_689' title='bbox 1086 4945 1139 4998; x_wconf 93' lang='lat' dir='ltr'><strong>in</strong></span> <span class='ocrx_word' id='word_1_690' title='bbox 1167 4945 1445 5001; x_wconf 83' lang='lat' dir='ltr'><strong>intellectu</strong></span> <span class='ocrx_word' id='word_1_691' title='bbox 1469 4946 1757 5015; x_wconf 88' lang='lat' dir='ltr'><strong>spirituali.</strong></span> 
     </span>
    </p>
   </div>
   <div class='ocr_carea' id='block_1_85' title="bbox 168 5027 1756 5106">
    <p class='ocr_par' dir='ltr' id='par_1_85' title="bbox 168 5027 1756 5106">
     <span class='ocr_line' id='line_1_85' title="bbox 168 5027 1756 5106; baseline 0.006 -22"><span class='ocrx_word' id='word_1_692' title='bbox 168 5027 242 5084; x_wconf 86' lang='lat' dir='ltr'><strong>Et</strong></span> <span class='ocrx_word' id='word_1_693' title='bbox 281 5028 380 5085; x_wconf 91' lang='lat' dir='ltr'><strong>hoc</strong></span> <span class='ocrx_word' id='word_1_694' title='bbox 412 5030 632 5087; x_wconf 74' lang='lat' dir='ltr'><strong>forsitan</strong></span> <span class='ocrx_word' id='word_1_695' title='bbox 680 5033 801 5089; x_wconf 90' lang='lat' dir='ltr'><strong>ideo</strong></span> <span class='ocrx_word' id='word_1_696' title='bbox 827 5034 977 5102; x_wconf 89' lang='lat' dir='ltr'><strong>dicit,</strong></span> <span class='ocrx_word' id='word_1_697' title='bbox 1012 5039 1135 5106; x_wconf 89' lang='lat' dir='ltr'><strong>quia</strong></span> <span class='ocrx_word' id='word_1_698' title='bbox 1171 5048 1323 5093; x_wconf 91' lang='lat' dir='ltr'><strong>erant</strong></span> <span class='ocrx_word' id='word_1_699' title='bbox 1355 5039 1408 5093; x_wconf 91' lang='lat' dir='ltr'><strong>in</strong></span> <span class='ocrx_word' id='word_1_700' title='bbox 1442 5039 1756 5105; x_wconf 85' lang='lat' dir='ltr'><strong>Corinthiis,</strong></span> 
     </span>
    </p>
   </div>
   <div class='ocr_carea' id='block_1_86' title="bbox 164 5121 1761 5200">
    <p class='ocr_par' dir='ltr' id='par_1_86' title="bbox 164 5121 1761 5200">
     <span class='ocr_line' id='line_1_86' title="bbox 164 5121 1761 5200; baseline 0.008 -24"><span class='ocrx_word' id='word_1_701' title='bbox 164 5121 259 5191; x_wconf 86' lang='lat' dir='ltr'><strong>qui</strong></span> <span class='ocrx_word' id='word_1_702' title='bbox 310 5133 590 5196; x_wconf 90' lang='lat' dir='ltr'><strong>utrumque</strong></span> <span class='ocrx_word' id='word_1_703' title='bbox 617 5125 1020 5184; x_wconf 88' lang='lat' dir='ltr'><strong>Testamentum</strong></span> <span class='ocrx_word' id='word_1_704' title='bbox 1072 5130 1315 5200; x_wconf 88' lang='lat' dir='ltr'><strong>recipere</strong></span> <span class='ocrx_word' id='word_1_705' title='bbox 1368 5132 1643 5189; x_wconf 89' lang='lat' dir='ltr'><strong>nolebant.</strong></span> <span class='ocrx_word' id='word_1_706' title='bbox 1694 5133 1761 5188; x_wconf 87' lang='lat' dir='ltr'><strong>Et</strong></span> 
     </span>
    </p>
   </div>
   <div class='ocr_carea' id='block_1_87' title="bbox 166 5213 1758 5293">
    <p class='ocr_par' dir='ltr' id='par_1_87' title="bbox 166 5213 1758 5293">
     <span class='ocr_line' id='line_1_87' title="bbox 166 5213 1758 5293; baseline 0.007 -24"><span class='ocrx_word' id='word_1_707' title='bbox 166 5213 290 5270; x_wconf 90' lang='lat' dir='ltr'><strong>ideo</strong></span> <span class='ocrx_word' id='word_1_708' title='bbox 319 5216 460 5271; x_wconf 90' lang='lat' dir='ltr'><strong>sicut</strong></span> <span class='ocrx_word' id='word_1_709' title='bbox 491 5218 748 5290; x_wconf 75' lang='lat' dir='ltr'><strong>magister</strong></span> <span class='ocrx_word' id='word_1_710' title='bbox 776 5220 1125 5291; x_wconf 88' lang='lat' dir='ltr'><strong>imperfectos</strong></span> <span class='ocrx_word' id='word_1_711' title='bbox 1164 5223 1458 5293; x_wconf 91' lang='lat' dir='ltr'><strong>discipulos</strong></span> <span class='ocrx_word' id='word_1_712' title='bbox 1490 5224 1758 5280; x_wconf 85' lang='lat' dir='ltr'><strong>laudando</strong></span> 
     </span>
    </p>
   </div>
   <div class='ocr_carea' id='block_1_88' title="bbox 162 5308 1754 5381">
    <p class='ocr_par' dir='ltr' id='par_1_88' title="bbox 162 5308 1754 5381">
     <span class='ocr_line' id='line_1_88' title="bbox 162 5308 1754 5381; baseline 0.004 -19"><span class='ocrx_word' id='word_1_713' title='bbox 162 5308 231 5363; x_wconf 90' lang='lat' dir='ltr'><strong>ad</strong></span> <span class='ocrx_word' id='word_1_714' title='bbox 280 5308 500 5366; x_wconf 90' lang='lat' dir='ltr'><strong>meliora</strong></span> <span class='ocrx_word' id='word_1_715' title='bbox 533 5322 810 5381; x_wconf 87' lang='lat' dir='ltr'><strong>provocat.</strong></span> <span class='ocrx_word' id='word_1_716' title='bbox 846 5314 935 5371; x_wconf 91' lang='lat' dir='ltr'><strong>Sic</strong></span> <span class='ocrx_word' id='word_1_717' title='bbox 977 5315 1120 5370; x_wconf 91' lang='lat' dir='ltr'><strong>enim</strong></span> <span class='ocrx_word' id='word_1_718' title='bbox 1169 5324 1225 5371; x_wconf 91' lang='lat' dir='ltr'><strong>et</strong></span> <span class='ocrx_word' id='word_1_719' title='bbox 1271 5316 1338 5371; x_wconf 90' lang='lat' dir='ltr'><strong>ad</strong></span> <span class='ocrx_word' id='word_1_720' title='bbox 1383 5316 1598 5371; x_wconf 86' lang='lat' dir='ltr'><strong>Galatas</strong></span> <span class='ocrx_word' id='word_1_721' title='bbox 1625 5316 1697 5370; x_wconf 88' lang='lat' dir='ltr'><strong>ait</strong></span> <span class='ocrx_word' id='word_1_722' title='bbox 1739 5333 1754 5369; x_wconf 93' lang='lat'><strong>:</strong></span> 
     </span>
    </p>
   </div>
   <div class='ocr_carea' id='block_1_89' title="bbox 171 5398 1758 5480">
    <p class='ocr_par' dir='ltr' id='par_1_89' title="bbox 171 5398 1758 5480">
     <span class='ocr_line' id='line_1_89' title="bbox 171 5398 1758 5480; baseline 0.005 -25"><span class='ocrx_word' id='word_1_723' title='bbox 171 5398 276 5456; x_wconf 84' lang='lat' dir='ltr'><strong>Vos</strong></span> <span class='ocrx_word' id='word_1_724' title='bbox 305 5403 392 5473; x_wconf 85' lang='lat' dir='ltr'><strong>qui</strong></span> <span class='ocrx_word' id='word_1_725' title='bbox 421 5403 715 5472; x_wconf 85' lang='lat' dir='ltr'><strong>spirituales</strong></span> <span class='ocrx_word' id='word_1_726' title='bbox 755 5406 895 5472; x_wconf 88' lang='lat' dir='ltr'><strong>estis,</strong></span> <span class='ocrx_word' id='word_1_727' title='bbox 943 5408 1243 5480; x_wconf 83' lang='lat' dir='ltr'><strong>ltujusmodi</strong></span> <span class='ocrx_word' id='word_1_728' title='bbox 1274 5410 1513 5465; x_wconf 86' lang='lat' dir='ltr'><strong>instruite</strong></span> <span class='ocrx_word' id='word_1_729' title='bbox 1554 5411 1607 5463; x_wconf 87' lang='lat' dir='ltr'><strong>in</strong></span> <span class='ocrx_word' id='word_1_730' title='bbox 1650 5410 1758 5475; x_wconf 86' lang='lat' dir='ltr'><strong>spi-</strong></span> 
     </span>
    </p>
   </div>
   <div class='ocr_carea' id='block_1_90' title="bbox 164 5494 541 5551">
    <p class='ocr_par' dir='ltr' id='par_1_90' title="bbox 164 5494 541 5551">
     <span class='ocr_line' id='line_1_90' title="bbox 164 5494 541 5551; baseline 0.011 -3"><span class='ocrx_word' id='word_1_731' title='bbox 164 5494 271 5549; x_wconf 80' lang='lat' dir='ltr'><strong>ritu</strong></span> <span class='ocrx_word' id='word_1_732' title='bbox 298 5494 541 5551; x_wconf 86' lang='lat' dir='ltr'><strong>lenitatis.</strong></span> 
     </span>
    </p>
   </div>
   <div class='ocr_carea' id='block_1_91' title="bbox 240 5589 1754 5652">
    <p class='ocr_par' dir='ltr' id='par_1_91' title="bbox 240 5589 1754 5652">
     <span class='ocr_line' id='line_1_91' title="bbox 240 5589 1754 5652; baseline 0.005 -8"><span class='ocrx_word' id='word_1_733' title='bbox 240 5589 402 5645; x_wconf 79' lang='lat' dir='ltr'><strong>SICUT</strong></span> <span class='ocrx_word' id='word_1_734' title='bbox 451 5604 812 5648; x_wconf 69' lang='lat' dir='ltr'><strong>TESTIIIONIUK</strong></span> <span class='ocrx_word' id='word_1_735' title='bbox 858 5592 1077 5648; x_wconf 75' lang='lat' dir='ltr'><strong>CHRISTI</strong></span> <span class='ocrx_word' id='word_1_736' title='bbox 1122 5609 1500 5651; x_wconf 68' lang='lat' dir='ltr'><strong>CONFIRIIATUM</strong></span> <span class='ocrx_word' id='word_1_737' title='bbox 1550 5609 1645 5651; x_wconf 78' lang='lat' dir='ltr'><strong>EST</strong></span> <span class='ocrx_word' id='word_1_738' title='bbox 1703 5612 1754 5652; x_wconf 81' lang='lat' dir='ltr'><strong>IN</strong></span> 
     </span>
    </p>
   </div>
   <div class='ocr_carea' id='block_1_92' title="bbox 168 5696 1755 5753">
    <p class='ocr_par' dir='ltr' id='par_1_92' title="bbox 168 5696 1755 5753">
     <span class='ocr_line' id='line_1_92' title="bbox 168 5696 1755 5753; baseline 0.009 -14"><span class='ocrx_word' id='word_1_739' title='bbox 168 5700 340 5753; x_wconf 77' lang='lat' dir='ltr'><strong>VOIIIS,</strong></span> <span class='ocrx_word' id='word_1_740' title='bbox 372 5703 459 5743; x_wconf 77' lang='lat' dir='ltr'><strong>I&#39;I&#39;A</strong></span> <span class='ocrx_word' id='word_1_741' title='bbox 491 5705 557 5744; x_wconf 84' lang='lat' dir='ltr'><strong>UT</strong></span> <span class='ocrx_word' id='word_1_742' title='bbox 607 5707 752 5747; x_wconf 76' lang='lat' dir='ltr'><strong>NIHIL</strong></span> <span class='ocrx_word' id='word_1_743' title='bbox 784 5707 932 5747; x_wconf 80' lang='lat' dir='ltr'><strong>VOBIS</strong></span> <span class='ocrx_word' id='word_1_744' title='bbox 962 5708 1115 5749; x_wconf 76' lang='lat' dir='ltr'><strong>DESIT</strong></span> <span class='ocrx_word' id='word_1_745' title='bbox 1147 5709 1197 5749; x_wconf 78' lang='grc' dir='ltr'><strong>ΙΝ</strong></span> <span class='ocrx_word' id='word_1_746' title='bbox 1227 5709 1363 5749; x_wconf 76' lang='grc' dir='ltr'><strong>ῦιιΑ</strong></span> <span class='ocrx_word' id='word_1_747' title='bbox 1405 5710 1622 5751; x_wconf 70' lang='grc' dir='ltr'><strong>ϐΙὶΔτΙΑ.</strong></span> <span class='ocrx_word' id='word_1_748' title='bbox 1651 5696 1755 5753; x_wconf 78' lang='lat' dir='ltr'><strong>T8-</strong></span> 
     </span>
    </p>
   </div>
   <div class='ocr_carea' id='block_1_93' title="bbox 163 5784 1753 5863">
    <p class='ocr_par' dir='ltr' id='par_1_93' title="bbox 163 5784 1753 5863">
     <span class='ocr_line' id='line_1_93' title="bbox 163 5784 1753 5863; baseline 0.005 -21"><span class='ocrx_word' id='word_1_749' title='bbox 163 5784 475 5843; x_wconf 81' lang='lat' dir='ltr'><strong>stimonium</strong></span> <span class='ocrx_word' id='word_1_750' title='bbox 490 5787 689 5846; x_wconf 84' lang='lat' dir='ltr'><strong>Christi</strong></span> <span class='ocrx_word' id='word_1_751' title='bbox 709 5798 995 5859; x_wconf 86' lang='lat' dir='ltr'><strong>utrumque</strong></span> <span class='ocrx_word' id='word_1_752' title='bbox 1009 5792 1137 5849; x_wconf 90' lang='lat' dir='ltr'><strong>dicit</strong></span> <span class='ocrx_word' id='word_1_753' title='bbox 1154 5791 1581 5861; x_wconf 83' lang='lat' dir='ltr'><strong>Testamentum,</strong></span> <span class='ocrx_word' id='word_1_754' title='bbox 1609 5794 1753 5863; x_wconf 86' lang='lat' dir='ltr'><strong>quod</strong></span> 
     </span>
    </p>
   </div>
   <div class='ocr_carea' id='block_1_94' title="bbox 1867 4478 3456 4558">
    <p class='ocr_par' dir='ltr' id='par_1_94' title="bbox 1867 4478 3456 4558">
     <span class='ocr_line' id='line_1_94' title="bbox 1867 4478 3456 4558; baseline 0.009 -25"><span class='ocrx_word' id='word_1_755' title='bbox 1867 4480 2007 4533; x_wconf 90' lang='lat' dir='ltr'><strong>enim</strong></span> <span class='ocrx_word' id='word_1_756' title='bbox 2035 4480 2132 4548; x_wconf 85' lang='lat' dir='ltr'><strong>ﬁlii</strong></span> <span class='ocrx_word' id='word_1_757' title='bbox 2162 4478 2256 4535; x_wconf 87' lang='lat' dir='ltr'><strong>Dei</strong></span> <span class='ocrx_word' id='word_1_758' title='bbox 2285 4498 2484 4546; x_wconf 88' lang='lat' dir='ltr'><strong>sumus,</strong></span> <span class='ocrx_word' id='word_1_759' title='bbox 2512 4491 2559 4535; x_wconf 90' lang='lat' dir='ltr'><strong>et</strong></span> <span class='ocrx_word' id='word_1_760' title='bbox 2592 4485 2820 4537; x_wconf 88' lang='lat' dir='ltr'><strong>nondum</strong></span> <span class='ocrx_word' id='word_1_761' title='bbox 2839 4497 3051 4556; x_wconf 87' lang='lat' dir='ltr'><strong>apparet</strong></span> <span class='ocrx_word' id='word_1_762' title='bbox 3081 4491 3219 4558; x_wconf 87' lang='lat' dir='ltr'><strong>quod</strong></span> <span class='ocrx_word' id='word_1_763' title='bbox 3246 4491 3456 4548; x_wconf 85' lang='lat' dir='ltr'><strong>erimus.</strong></span> 
     </span>
    </p>
   </div>
   <div class='ocr_carea' id='block_1_95' title="bbox 1867 4571 3458 4654">
    <p class='ocr_par' dir='ltr' id='par_1_95' title="bbox 1867 4571 3458 4654">
     <span class='ocr_line' id='line_1_95' title="bbox 1867 4571 3458 4654; baseline 0.004 -29"><span class='ocrx_word' id='word_1_764' title='bbox 1867 4571 2207 4627; x_wconf 83' lang='lat' dir='ltr'><strong>Revelahitur</strong></span> <span class='ocrx_word' id='word_1_765' title='bbox 2235 4588 2365 4628; x_wconf 90' lang='lat' dir='ltr'><strong>vero</strong></span> <span class='ocrx_word' id='word_1_766' title='bbox 2395 4574 2539 4643; x_wconf 88' lang='lat' dir='ltr'><strong>quod</strong></span> <span class='ocrx_word' id='word_1_767' title='bbox 2570 4587 2967 4645; x_wconf 70' lang='lat' dir='ltr'><strong>exspectamus,</strong></span> <span class='ocrx_word' id='word_1_768' title='bbox 3000 4580 3121 4647; x_wconf 91' lang='lat' dir='ltr'><strong>quia</strong></span> <span class='ocrx_word' id='word_1_769' title='bbox 3151 4598 3265 4634; x_wconf 88' lang='lat' dir='ltr'><strong>cum</strong></span> <span class='ocrx_word' id='word_1_770' title='bbox 3292 4599 3458 4654; x_wconf 79' lang='lat' dir='ltr'><strong>appa-</strong></span> 
     </span>
    </p>
   </div>
   <div class='ocr_carea' id='block_1_96' title="bbox 1866 4665 3455 4733">
    <p class='ocr_par' dir='ltr' id='par_1_96' title="bbox 1866 4665 3455 4733">
     <span class='ocr_line' id='line_1_96' title="bbox 1866 4665 3455 4733; baseline 0.009 -16"><span class='ocrx_word' id='word_1_771' title='bbox 1866 4665 2046 4730; x_wconf 84' lang='lat' dir='ltr'><strong>ruerit,</strong></span> <span class='ocrx_word' id='word_1_772' title='bbox 2079 4665 2268 4719; x_wconf 85' lang='lat' dir='ltr'><strong>similes</strong></span> <span class='ocrx_word' id='word_1_773' title='bbox 2297 4668 2345 4720; x_wconf 90' lang='lat' dir='ltr'><strong>ei</strong></span> <span class='ocrx_word' id='word_1_774' title='bbox 2371 4667 2579 4733; x_wconf 88' lang='lat' dir='ltr'><strong>erimus,</strong></span> <span class='ocrx_word' id='word_1_775' title='bbox 2620 4677 2671 4720; x_wconf 90' lang='lat' dir='ltr'><strong>et</strong></span> <span class='ocrx_word' id='word_1_776' title='bbox 2710 4669 2991 4722; x_wconf 77' lang='lat' dir='ltr'><strong>videbimus</strong></span> <span class='ocrx_word' id='word_1_777' title='bbox 3028 4687 3141 4725; x_wconf 88' lang='lat' dir='ltr'><strong>eum</strong></span> <span class='ocrx_word' id='word_1_778' title='bbox 3182 4674 3333 4729; x_wconf 84' lang='lat' dir='ltr'><strong>sicuti</strong></span> <span class='ocrx_word' id='word_1_779' title='bbox 3362 4686 3455 4733; x_wconf 87' lang='lat' dir='ltr'><strong>est.</strong></span> 
     </span>
    </p>
   </div>
   <div class='ocr_carea' id='block_1_97' title="bbox 1871 4760 3457 4829">
    <p class='ocr_par' dir='ltr' id='par_1_97' title="bbox 1871 4760 3457 4829">
     <span class='ocr_line' id='line_1_97' title="bbox 1871 4760 3457 4829; baseline 0.009 -19"><span class='ocrx_word' id='word_1_780' title='bbox 1871 4760 1970 4826; x_wconf 81' lang='lat' dir='ltr'><strong>Qui</strong></span> <span class='ocrx_word' id='word_1_781' title='bbox 1991 4769 2039 4812; x_wconf 88' lang='lat' dir='ltr'><strong>et</strong></span> <span class='ocrx_word' id='word_1_782' title='bbox 2066 4760 2411 4827; x_wconf 78' lang='lat' dir='ltr'><strong>conﬁrmavit,</strong></span> <span class='ocrx_word' id='word_1_783' title='bbox 2455 4762 2541 4829; x_wconf 87' lang='lat' dir='ltr'><strong>qui</strong></span> <span class='ocrx_word' id='word_1_784' title='bbox 2574 4760 2638 4811; x_wconf 87' lang='lat' dir='ltr'><strong>de</strong></span> <span class='ocrx_word' id='word_1_785' title='bbox 2688 4762 2903 4815; x_wconf 74' lang='lat' dir='ltr'><strong>tenebris</strong></span> <span class='ocrx_word' id='word_1_786' title='bbox 2928 4778 3013 4816; x_wconf 91' lang='lat' dir='ltr'><strong>vos</strong></span> <span class='ocrx_word' id='word_1_787' title='bbox 3046 4768 3236 4820; x_wconf 90' lang='lat' dir='ltr'><strong>vocavit</strong></span> <span class='ocrx_word' id='word_1_788' title='bbox 3278 4769 3331 4823; x_wconf 89' lang='lat' dir='ltr'><strong>in</strong></span> <span class='ocrx_word' id='word_1_789' title='bbox 3360 4770 3457 4825; x_wconf 80' lang='lat' dir='ltr'><strong>atl-</strong></span> 
     </span>
    </p>
   </div>
   <div class='ocr_carea' id='block_1_98' title="bbox 1866 4850 3456 4929">
    <p class='ocr_par' dir='ltr' id='par_1_98' title="bbox 1866 4850 3456 4929">
     <span class='ocr_line' id='line_1_98' title="bbox 1866 4850 3456 4929; baseline 0.008 -26"><span class='ocrx_word' id='word_1_790' title='bbox 1866 4852 2098 4905; x_wconf 85' lang='lat' dir='ltr'><strong>mirabile</strong></span> <span class='ocrx_word' id='word_1_791' title='bbox 2126 4853 2296 4905; x_wconf 87' lang='lat' dir='ltr'><strong>lumen</strong></span> <span class='ocrx_word' id='word_1_792' title='bbox 2320 4866 2489 4905; x_wconf 89' lang='lat' dir='ltr'><strong>suum.</strong></span> <span class='ocrx_word' id='word_1_793' title='bbox 2529 4850 2851 4907; x_wconf 86' lang='lat' dir='ltr'><strong>llluminavit</strong></span> <span class='ocrx_word' id='word_1_794' title='bbox 2893 4856 3037 4909; x_wconf 90' lang='lat' dir='ltr'><strong>enim</strong></span> <span class='ocrx_word' id='word_1_795' title='bbox 3071 4858 3149 4912; x_wconf 90' lang='lat' dir='ltr'><strong>his</strong></span> <span class='ocrx_word' id='word_1_796' title='bbox 3174 4860 3263 4929; x_wconf 87' lang='lat' dir='ltr'><strong>qui</strong></span> <span class='ocrx_word' id='word_1_797' title='bbox 3292 4862 3344 4915; x_wconf 85' lang='lat' dir='ltr'><strong>in</strong></span> <span class='ocrx_word' id='word_1_798' title='bbox 3381 4873 3456 4917; x_wconf 83' lang='lat' dir='ltr'><strong>te-</strong></span> 
     </span>
    </p>
   </div>
   <div class='ocr_carea' id='block_1_99' title="bbox 1863 4946 3450 5024">
    <p class='ocr_par' dir='ltr' id='par_1_99' title="bbox 1863 4946 3450 5024">
     <span class='ocr_line' id='line_1_99' title="bbox 1863 4946 3450 5024; baseline 0.007 -23"><span class='ocrx_word' id='word_1_799' title='bbox 1863 4947 2049 5010; x_wconf 86' lang='lat' dir='ltr'><strong>nebris,</strong></span> <span class='ocrx_word' id='word_1_800' title='bbox 2077 4956 2123 5000; x_wconf 89' lang='lat' dir='ltr'><strong>et</strong></span> <span class='ocrx_word' id='word_1_801' title='bbox 2146 4947 2200 4999; x_wconf 87' lang='lat' dir='ltr'><strong>in</strong></span> <span class='ocrx_word' id='word_1_802' title='bbox 2226 4946 2404 4998; x_wconf 90' lang='lat' dir='ltr'><strong>umbra</strong></span> <span class='ocrx_word' id='word_1_803' title='bbox 2430 4947 2611 5001; x_wconf 86' lang='lat' dir='ltr'><strong>mortis</strong></span> <span class='ocrx_word' id='word_1_804' title='bbox 2633 4957 2809 5003; x_wconf 87' lang='lat' dir='ltr'><strong>erant.</strong></span> <span class='ocrx_word' id='word_1_805' title='bbox 2843 4948 2909 5003; x_wconf 87' lang='lat' dir='ltr'><strong>Et</strong></span> <span class='ocrx_word' id='word_1_806' title='bbox 2945 4950 3045 5006; x_wconf 87' lang='lat' dir='ltr'><strong>hoc</strong></span> <span class='ocrx_word' id='word_1_807' title='bbox 3070 4950 3153 5007; x_wconf 79' lang='lat' dir='ltr'><strong>est</strong></span> <span class='ocrx_word' id='word_1_808' title='bbox 3177 4956 3319 5024; x_wconf 88' lang='lat' dir='ltr'><strong>quod</strong></span> <span class='ocrx_word' id='word_1_809' title='bbox 3362 4957 3450 5012; x_wconf 89' lang='lat' dir='ltr'><strong>di-</strong></span> 
     </span>
    </p>
   </div>
   <div class='ocr_carea' id='block_1_100' title="bbox 1862 5038 3453 5121">
    <p class='ocr_par' dir='ltr' id='par_1_100' title="bbox 1862 5038 3453 5121">
     <span class='ocr_line' id='line_1_100' title="bbox 1862 5038 3453 5121; baseline 0.006 -29"><span class='ocrx_word' id='word_1_810' title='bbox 1862 5038 1955 5104; x_wconf 86' lang='lat' dir='ltr'><strong>cit,</strong></span> <span class='ocrx_word' id='word_1_811' title='bbox 1986 5038 2075 5108; x_wconf 89' lang='lat' dir='ltr'><strong>qui</strong></span> <span class='ocrx_word' id='word_1_812' title='bbox 2100 5048 2148 5092; x_wconf 91' lang='lat' dir='ltr'><strong>et</strong></span> <span class='ocrx_word' id='word_1_813' title='bbox 2174 5038 2492 5106; x_wconf 79' lang='lat' dir='ltr'><strong>conﬁrmavit</strong></span> <span class='ocrx_word' id='word_1_814' title='bbox 2516 5055 2621 5094; x_wconf 87' lang='lat' dir='ltr'><strong>vos.</strong></span> <span class='ocrx_word' id='word_1_815' title='bbox 2643 5039 2815 5110; x_wconf 84' lang='lat' dir='ltr'><strong>Usque</strong></span> <span class='ocrx_word' id='word_1_816' title='bbox 2834 5042 2887 5097; x_wconf 87' lang='lat' dir='ltr'><strong>in</strong></span> <span class='ocrx_word' id='word_1_817' title='bbox 2915 5044 3070 5113; x_wconf 77' lang='lat' dir='ltr'><strong>ﬁnem</strong></span> <span class='ocrx_word' id='word_1_818' title='bbox 3091 5046 3243 5115; x_wconf 88' lang='lat' dir='ltr'><strong>dicit,</strong></span> <span class='ocrx_word' id='word_1_819' title='bbox 3272 5049 3322 5103; x_wconf 88' lang='lat' dir='ltr'><strong>id</strong></span> <span class='ocrx_word' id='word_1_820' title='bbox 3346 5059 3453 5121; x_wconf 71' lang='lat' dir='ltr'><strong>est,</strong></span> 
     </span>
    </p>
   </div>
   <div class='ocr_carea' id='block_1_101' title="bbox 1862 5134 3454 5212">
    <p class='ocr_par' dir='ltr' id='par_1_101' title="bbox 1862 5134 3454 5212">
     <span class='ocr_line' id='line_1_101' title="bbox 1862 5134 3454 5212; baseline 0.008 -24"><span class='ocrx_word' id='word_1_821' title='bbox 1862 5142 2115 5203; x_wconf 90' lang='lat' dir='ltr'><strong>mortem,</strong></span> <span class='ocrx_word' id='word_1_822' title='bbox 2144 5134 2230 5187; x_wconf 91' lang='lat' dir='ltr'><strong>vel</strong></span> <span class='ocrx_word' id='word_1_823' title='bbox 2255 5134 2307 5187; x_wconf 92' lang='lat' dir='ltr'><strong>in</strong></span> <span class='ocrx_word' id='word_1_824' title='bbox 2338 5135 2477 5188; x_wconf 90' lang='lat' dir='ltr'><strong>diem</strong></span> <span class='ocrx_word' id='word_1_825' title='bbox 2505 5134 2715 5205; x_wconf 86' lang='lat' dir='ltr'><strong>judicii.</strong></span> <span class='ocrx_word' id='word_1_826' title='bbox 2764 5136 2831 5192; x_wconf 84' lang='lat' dir='ltr'><strong>Et</strong></span> <span class='ocrx_word' id='word_1_827' title='bbox 2856 5149 2979 5195; x_wconf 88' lang='lat' dir='ltr'><strong>nota</strong></span> <span class='ocrx_word' id='word_1_828' title='bbox 3013 5142 3135 5212; x_wconf 88' lang='lat' dir='ltr'><strong>quia</strong></span> <span class='ocrx_word' id='word_1_829' title='bbox 3187 5159 3294 5198; x_wconf 92' lang='lat' dir='ltr'><strong>non</strong></span> <span class='ocrx_word' id='word_1_830' title='bbox 3324 5147 3454 5201; x_wconf 90' lang='lat' dir='ltr'><strong>dicit</strong></span> 
     </span>
    </p>
   </div>
   <div class='ocr_carea' id='block_1_102' title="bbox 1862 5227 3448 5298">
    <p class='ocr_par' dir='ltr' id='par_1_102' title="bbox 1862 5227 3448 5298">
     <span class='ocr_line' id='line_1_102' title="bbox 1862 5227 3448 5298; baseline 0.008 -17"><span class='ocrx_word' id='word_1_831' title='bbox 1862 5230 1979 5284; x_wconf 90' lang='lat' dir='ltr'><strong>sine</strong></span> <span class='ocrx_word' id='word_1_832' title='bbox 2008 5238 2243 5298; x_wconf 89' lang='lat' dir='ltr'><strong>peccato,</strong></span> <span class='ocrx_word' id='word_1_833' title='bbox 2277 5227 2371 5283; x_wconf 88' lang='lat' dir='ltr'><strong>sed</strong></span> <span class='ocrx_word' id='word_1_834' title='bbox 2412 5229 2522 5282; x_wconf 86' lang='lat' dir='ltr'><strong>sine</strong></span> <span class='ocrx_word' id='word_1_835' title='bbox 2545 5231 2779 5286; x_wconf 80' lang='lat' dir='ltr'><strong>crimine.</strong></span> <span class='ocrx_word' id='word_1_836' title='bbox 2812 5233 2921 5288; x_wconf 86' lang='lat' dir='ltr'><strong>Nec</strong></span> <span class='ocrx_word' id='word_1_837' title='bbox 2951 5238 3255 5292; x_wconf 80' lang='lat' dir='ltr'><strong>contrarius</strong></span> <span class='ocrx_word' id='word_1_838' title='bbox 3299 5240 3448 5294; x_wconf 80' lang='lat' dir='ltr'><strong>vide-</strong></span> 
     </span>
    </p>
   </div>
   <div class='ocr_carea' id='block_1_103' title="bbox 1830 5304 3444 5398">
    <p class='ocr_par' dir='ltr' id='par_1_103' title="bbox 1830 5304 3444 5398">
     <span class='ocr_line' id='line_1_103' title="bbox 1830 5304 3444 5398; baseline 0.009 -24"><span class='ocrx_word' id='word_1_839' title='bbox 1830 5304 1835 5387; x_wconf 40' lang='grc' dir='ltr'><strong><em>ί</em></strong></span> <span class='ocrx_word' id='word_1_840' title='bbox 1862 5330 1945 5374; x_wconf 93' lang='lat' dir='ltr'><strong>tur</strong></span> <span class='ocrx_word' id='word_1_841' title='bbox 1986 5319 2172 5375; x_wconf 83' lang='lat' dir='ltr'><strong>Joanni</strong></span> <span class='ocrx_word' id='word_1_842' title='bbox 2222 5321 2310 5389; x_wconf 86' lang='lat' dir='ltr'><strong>qui</strong></span> <span class='ocrx_word' id='word_1_843' title='bbox 2355 5320 2522 5376; x_wconf 90' lang='lat' dir='ltr'><strong>dicit:</strong></span> <span class='ocrx_word' id='word_1_844' title='bbox 2574 5322 2635 5378; x_wconf 88' lang='lat' dir='ltr'><strong>Si</strong></span> <span class='ocrx_word' id='word_1_845' title='bbox 2683 5325 2963 5380; x_wconf 62' lang='lat' dir='ltr'><strong>dixerimus</strong></span> <span class='ocrx_word' id='word_1_846' title='bbox 3005 5329 3130 5398; x_wconf 87' lang='lat' dir='ltr'><strong>quia</strong></span> <span class='ocrx_word' id='word_1_847' title='bbox 3177 5343 3444 5397; x_wconf 87' lang='lat' dir='ltr'><strong>peccatum</strong></span> 
     </span>
    </p>
   </div>
   <div class='ocr_carea' id='block_1_104' title="bbox 1858 5414 3447 5484">
    <p class='ocr_par' dir='ltr' id='par_1_104' title="bbox 1858 5414 3447 5484">
     <span class='ocr_line' id='line_1_104' title="bbox 1858 5414 3447 5484; baseline 0.005 -13"><span class='ocrx_word' id='word_1_848' title='bbox 1858 5430 1963 5471; x_wconf 87' lang='lat' dir='ltr'><strong>non</strong></span> <span class='ocrx_word' id='word_1_849' title='bbox 1992 5414 2253 5481; x_wconf 88' lang='lat' dir='ltr'><strong>habemus,</strong></span> <span class='ocrx_word' id='word_1_850' title='bbox 2281 5430 2373 5468; x_wconf 90' lang='lat' dir='ltr'><strong>nos</strong></span> <span class='ocrx_word' id='word_1_851' title='bbox 2399 5415 2539 5483; x_wconf 88' lang='lat' dir='ltr'><strong>ipsos</strong></span> <span class='ocrx_word' id='word_1_852' title='bbox 2570 5415 2888 5484; x_wconf 87' lang='lat' dir='ltr'><strong>sedacimus,</strong></span> <span class='ocrx_word' id='word_1_853' title='bbox 2919 5427 2965 5473; x_wconf 86' lang='lat' dir='ltr'><strong>et</strong></span> <span class='ocrx_word' id='word_1_854' title='bbox 2995 5420 3182 5476; x_wconf 87' lang='lat' dir='ltr'><strong>veritas</strong></span> <span class='ocrx_word' id='word_1_855' title='bbox 3208 5424 3259 5476; x_wconf 87' lang='lat' dir='ltr'><strong>in</strong></span> <span class='ocrx_word' id='word_1_856' title='bbox 3302 5424 3447 5480; x_wconf 72' lang='lat' dir='ltr'><strong>nobis</strong></span> 
     </span>
    </p>
   </div>
   <div class='ocr_carea' id='block_1_105' title="bbox 1859 5508 3445 5581">
    <p class='ocr_par' dir='ltr' id='par_1_105' title="bbox 1859 5508 3445 5581">
     <span class='ocr_line' id='line_1_105' title="bbox 1859 5508 3445 5581; baseline 0.008 -17"><span class='ocrx_word' id='word_1_857' title='bbox 1859 5526 1961 5564; x_wconf 90' lang='lat' dir='ltr'><strong>non</strong></span> <span class='ocrx_word' id='word_1_858' title='bbox 1989 5522 2082 5564; x_wconf 66' lang='lat' dir='ltr'><strong>est.</strong></span> <span class='ocrx_word' id='word_1_859' title='bbox 2121 5508 2280 5564; x_wconf 81' lang='lat' dir='ltr'><strong>Aliud</strong></span> <span class='ocrx_word' id='word_1_860' title='bbox 2300 5518 2379 5565; x_wconf 93' lang='lat' dir='ltr'><strong>est</strong></span> <span class='ocrx_word' id='word_1_861' title='bbox 2408 5520 2709 5581; x_wconf 89' lang='lat' dir='ltr'><strong>peccatum,</strong></span> <span class='ocrx_word' id='word_1_862' title='bbox 2745 5512 2886 5567; x_wconf 89' lang='lat' dir='ltr'><strong>aliud</strong></span> <span class='ocrx_word' id='word_1_863' title='bbox 2916 5522 2999 5569; x_wconf 90' lang='lat' dir='ltr'><strong>est</strong></span> <span class='ocrx_word' id='word_1_864' title='bbox 3018 5516 3244 5571; x_wconf 84' lang='lat' dir='ltr'><strong>crimen.</strong></span> <span class='ocrx_word' id='word_1_865' title='bbox 3274 5518 3445 5578; x_wconf 91' lang='lat' dir='ltr'><strong>Dante</strong></span> 
     </span>
    </p>
   </div>
   <div class='ocr_carea' id='block_1_106' title="bbox 1857 5603 3445 5675">
    <p class='ocr_par' dir='ltr' id='par_1_106' title="bbox 1857 5603 3445 5675">
     <span class='ocr_line' id='line_1_106' title="bbox 1857 5603 3445 5675; baseline 0.007 -15"><span class='ocrx_word' id='word_1_866' title='bbox 1857 5604 1970 5660; x_wconf 90' lang='lat' dir='ltr'><strong>Deo</strong></span> <span class='ocrx_word' id='word_1_867' title='bbox 1997 5604 2113 5660; x_wconf 90' lang='lat' dir='ltr'><strong>sine</strong></span> <span class='ocrx_word' id='word_1_868' title='bbox 2142 5603 2367 5660; x_wconf 90' lang='lat' dir='ltr'><strong>crimine</strong></span> <span class='ocrx_word' id='word_1_869' title='bbox 2397 5615 2572 5674; x_wconf 89' lang='lat' dir='ltr'><strong>potest</strong></span> <span class='ocrx_word' id='word_1_870' title='bbox 2600 5620 2722 5661; x_wconf 90' lang='lat' dir='ltr'><strong>esse</strong></span> <span class='ocrx_word' id='word_1_871' title='bbox 2755 5606 2952 5675; x_wconf 80' lang='lat' dir='ltr'><strong>homo;</strong></span> <span class='ocrx_word' id='word_1_872' title='bbox 2979 5608 3191 5666; x_wconf 88' lang='lat' dir='ltr'><strong>scilicet</strong></span> <span class='ocrx_word' id='word_1_873' title='bbox 3218 5612 3338 5670; x_wconf 88' lang='lat' dir='ltr'><strong>sine</strong></span> <span class='ocrx_word' id='word_1_874' title='bbox 3355 5628 3445 5671; x_wconf 85' lang='lat' dir='ltr'><strong>sa-</strong></span> 
     </span>
    </p>
   </div>
   <div class='ocr_carea' id='block_1_107' title="bbox 1860 5699 3448 5779">
    <p class='ocr_par' dir='ltr' id='par_1_107' title="bbox 1860 5699 3448 5779">
     <span class='ocr_line' id='line_1_107' title="bbox 1860 5699 3448 5779; baseline 0.007 -24"><span class='ocrx_word' id='word_1_875' title='bbox 1860 5699 2110 5770; x_wconf 81' lang='lat' dir='ltr'><strong>crilegio,</strong></span> <span class='ocrx_word' id='word_1_876' title='bbox 2142 5699 2261 5757; x_wconf 83' lang='lat' dir='ltr'><strong>sine</strong></span> <span class='ocrx_word' id='word_1_877' title='bbox 2284 5700 2582 5768; x_wconf 89' lang='lat' dir='ltr'><strong>adulterio,</strong></span> <span class='ocrx_word' id='word_1_878' title='bbox 2616 5701 2737 5757; x_wconf 90' lang='lat' dir='ltr'><strong>sine</strong></span> <span class='ocrx_word' id='word_1_879' title='bbox 2761 5701 2927 5773; x_wconf 90' lang='lat' dir='ltr'><strong>furto,</strong></span> <span class='ocrx_word' id='word_1_880' title='bbox 2975 5705 3064 5761; x_wconf 89' lang='lat' dir='ltr'><strong>vel</strong></span> <span class='ocrx_word' id='word_1_881' title='bbox 3115 5707 3306 5779; x_wconf 86' lang='lat' dir='ltr'><strong>majori</strong></span> <span class='ocrx_word' id='word_1_882' title='bbox 3342 5710 3448 5766; x_wconf 86' lang='lat' dir='ltr'><strong>cri-</strong></span> 
     </span>
    </p>
   </div>
   <div class='ocr_carea' id='block_1_108' title="bbox 1861 5793 3446 5865">
    <p class='ocr_par' dir='ltr' id='par_1_108' title="bbox 1861 5793 3446 5865">
     <span class='ocr_line' id='line_1_108' title="bbox 1861 5793 3446 5865; baseline 0.006 -15"><span class='ocrx_word' id='word_1_883' title='bbox 1861 5793 2036 5862; x_wconf 87' lang='lat' dir='ltr'><strong>mine;</strong></span> <span class='ocrx_word' id='word_1_884' title='bbox 2068 5793 2183 5850; x_wconf 89' lang='lat' dir='ltr'><strong>sine</strong></span> <span class='ocrx_word' id='word_1_885' title='bbox 2211 5800 2431 5865; x_wconf 87' lang='lat' dir='ltr'><strong>peccato</strong></span> <span class='ocrx_word' id='word_1_886' title='bbox 2458 5807 2586 5850; x_wconf 91' lang='lat' dir='ltr'><strong>vero</strong></span> <span class='ocrx_word' id='word_1_887' title='bbox 2613 5793 2813 5852; x_wconf 86' lang='lat' dir='ltr'><strong>nullus.</strong></span> <span class='ocrx_word' id='word_1_888' title='bbox 2840 5795 2974 5863; x_wconf 84' lang='lat' dir='ltr'><strong>Quia</strong></span> <span class='ocrx_word' id='word_1_889' title='bbox 3022 5812 3128 5854; x_wconf 90' lang='lat' dir='ltr'><strong>non</strong></span> <span class='ocrx_word' id='word_1_890' title='bbox 3158 5808 3241 5857; x_wconf 87' lang='lat' dir='ltr'><strong>est</strong></span> <span class='ocrx_word' id='word_1_891' title='bbox 3282 5800 3446 5862; x_wconf 87' lang='lat' dir='ltr'><strong>homo</strong></span> 
     </span>
    </p>
   </div>
  </div>
