4042 6348
492 366 497 385 Α
522 292 622 351 ssi

1926 288 2101 348 LUCU
2112 286 2335 344 LENTII

3717 296 3831 353 832

527 408 1103 477 pratantadilectione
1118 405 1733 475 cunipresiisjunctus
1752 415 1868 461 erat
1888 405 2109 470 Paulus,
2144 410 2189 465 Α
2221 406 2523 462 nimitatem
2553 408 2809 472 ostendit,
2842 423 3004 478 quam
3046 424 3239 466 omnes
3262 409 3449 465 ﬁdeles
3482 408 3693 465 habere
3722 412 3829 467 de-

526 503 599 560 ita
630 513 691 561 ut
720 518 824 559 non
852 503 1027 559 solum
1057 512 1302 573 tempore
1333 502 1496 570 pacis,
1529 516 1714 555 verum
1744 500 1905 555 etiam
1938 514 2035 553 nec
2061 500 2112 553 in

525 598 906 669 persecutione
935 596 1003 650 ab
1032 597 1109 651 eis
1139 611 1244 651 non
1291 596 1541 660 recedat;
1578 595 1702 649 licet
1742 608 1972 659 corpore
2014 592 2109 648 ab-

524 706 655 747 sens
682 692 891 756 fuisset,
940 690 1130 760 spiritu
1160 704 1280 743 cum
1333 688 1437 742 illis
1468 695 1605 743 erat.
1640 686 1911 741 Exorabat
1952 686 2111 740 etiam

527 792 586 838 ut
615 783 771 837 fidem
814 797 970 853 quam
1017 786 1339 848 acceperant
1382 780 1758 833 inconcussam
1793 784 2114 831 servarent:

524 874 608 930 UT
662 887 1150 932 οιακειλωευιετιδ
1197 886 1494 925 νοεΑτιοΝε
1548 884 1649 931 ρυΑ
1703 884 1891 924 ΥΟΟΑΤΙ
1947 881 2113 921 εδτιε.

526 965 690 1033 Quasi
723 966 944 1031 diceret,
969 980 1091 1020 eum
1122 964 1211 1035 qui
1236 966 1296 1016 de
1327 963 1545 1017 tenebris
1599 979 1683 1016 vos
1705 962 1900 1016 vocavit
1929 961 1983 1013 in
2016 962 2118 1012 ad-

530 1058 765 1113 mirabile
794 1059 962 1112 lumen
986 1073 1159 1120 suum,
1185 1056 1346 1125 digne
1378 1056 1669 1126 sequimini
1702 1054 1924 1123 vestigia
1955 1052 2073 1120 ejus
2098 1094 2112 1118 ,

526 1152 849 1219 humilitate,
884 1153 1159 1221 patientia,
1189 1151 1517 1215 obedientia,
1542 1149 1860 1217 czeterisque
1895 1146 2115 1201 virtuti-

527 1244 649 1301 bus.
682 1245 837 1312 Quod
870 1244 969 1299 iter
999 1242 1272 1312 quomodo
1301 1242 1684 1296 ambulandum
1713 1241 1837 1295 est?
1868 1239 2119 1294 videlicet

531 1356 639 1396 non
666 1354 856 1411 gressu
913 1339 1136 1410 pedum,
1169 1338 1263 1393 sed
1292 1337 1485 1391 aﬂ'ectu
1534 1336 1748 1391 mentis.
1782 1335 1878 1390 Ille
1912 1335 2114 1389 etenim

525 1434 681 1505 digne
710 1432 941 1487 ambulat
974 1431 1255 1487 vocatione
1285 1445 1387 1499 qua
1420 1437 1639 1483 vocatus
1668 1437 1773 1493 est,
1809 1427 1897 1495 qui
1931 1442 2027 1480 nec
2061 1426 2113 1479 in

527 1527 799 1598 prosperis
826 1524 1070 1594 erigitur,
1104 1537 1203 1577 nec
1232 1523 1281 1575 iu
1313 1521 1553 1575 adversis
1583 1520 1854 1589 dejicitur,
1889 1533 1985 1573 nec
2018 1518 2118 1571 de-

527 1619 691 1675 clinat
728 1618 792 1671 ad
824 1617 1074 1672 dextram
1108 1616 1220 1670 sive
1262 1614 1327 1667 ad
1379 1613 1652 1667 sinistram
1675 1657 1688 1679 ,
1736 1612 1960 1666 audiens
1995 1625 2115 1679 pro-

532 1714 746 1784 phetam
775 1712 1043 1767 dicentem
1073 1728 1083 1764 :
1115 1709 1242 1763 Haec
1264 1710 1366 1777 ria,
1397 1708 1655 1761 ambulate
1684 1708 1735 1760 in
1758 1724 1838 1771 ea,
1865 1722 2025 1774 neque
2049 1706 2116 1757 ad

2223 496 2367 561 bent,
2390 499 2542 569 juxta
2564 504 2705 571 quod
2726 502 2983 571 scriptum
3005 512 3087 557 est
3112 520 3125 556 :
3151 500 3255 567 Qui
3283 503 3517 557 habitare
3538 504 3672 573 facit
3701 522 3829 559 ua-

2222 596 2380 645 nintes
2421 593 2472 645 in
2529 594 2700 648 doma.
2753 593 2944 649 Petrus
3000 610 3208 664 quoque
3275 595 3530 651 admouet
3594 597 3825 654 dicens:

2184 760 2185 763 η
2224 684 2412 741 Omnes
2442 688 2709 743 unanimes
2736 690 2789 743 in
2817 690 3050 743 oratione
3081 700 3240 743 estote
3278 690 3679 759 compatientes.
3715 692 3832 745 Ali—

2223 788 2325 843 ter,
2360 795 2525 835 uuum
2558 782 2806 850 spiritum
2835 781 2987 846 dicit,
3039 781 3094 836 id
3121 792 3209 837 est
3232 780 3497 848 Spiritum
3535 792 3783 839 sanctum
3806 827 3825 854 ,

2221 871 2310 938 qui
2347 870 2605 925 dividitur
2651 870 2705 926 in
2753 870 3096 941 Septilormes
3126 874 3352 943 gratias,
3385 889 3498 944 quo
3528 889 3734 930 ouiues
3763 876 3830 929 li-

2219 961 2370 1017 deles
2393 962 2707 1018 innuuntur.
2736 964 2859 1019 Ideo
2886 979 3022 1019 unus
3043 965 3264 1033 Spiritus
3289 964 3626 1021 Trinitatem
3654 977 3824 1023 tenet.

2221 1057 2385 1113 SICUT
2433 1073 2626 1114 vocnt
2678 1073 2822 1114 ESTIS
2874 1076 2926 1114 IN
2959 1076 3063 1115 una
3088 1074 3181 1114 seu
3226 1075 3547 1118 vocutoms
3580 1078 3826 1118 usus.

2224 1148 2393 1205 Unam
2437 1164 2588 1219 spem
2620 1150 2919 1205 vocationis
2946 1164 3146 1207 vestrm
3171 1151 3305 1206 dicit
3333 1152 3625 1208 cmlestem
3668 1152 3835 1207 beati-

2194 1316 2197 1317 ν
2224 1242 2485 1308 tudinem,
2529 1242 2596 1297 ad
2627 1258 2789 1313 quam
2823 1244 3043 1299 tendent
3073 1260 3267 1300 omnes
3295 1247 3479 1301 electi.
3528 1246 3645 1301 Sed
3678 1247 3835 1301 valde

2220 1334 2494 1389 contraria
2519 1335 2730 1390 videtur
2758 1350 2881 1391 esse
2911 1338 3181 1392 sententia
3211 1338 3443 1406 apostoli
3474 1336 3635 1391 Pauli
3666 1337 3831 1392 verbo

2221 1425 2434 1480 Domini
2468 1426 2553 1481 ubi
2582 1426 2659 1480 ait
2687 1443 2702 1480 :
2736 1425 2802 1480 In
2832 1427 2985 1481 domo
3017 1427 3195 1483 Patris
3224 1431 3321 1482 mei
3366 1430 3676 1484 mansiones
3704 1432 3831 1483 mul-

2221 1527 2286 1573 ta:
2313 1531 2452 1573 sunt.
2490 1520 2557 1573 Et
2588 1520 2877 1587 Apostolus
2914 1525 3026 1576 ait:
3061 1519 3125 1574 In
3159 1539 3263 1577 una
3290 1539 3380 1595 spe
3424 1524 3723 1578 vocationis
3751 1540 3833 1578 ee-

2222 1621 2314 1665 tra:
2333 1627 2352 1665 :
2375 1620 2607 1667 attamen
2633 1614 2677 1666 si
2705 1622 2851 1668 recte
2871 1614 3206 1681 consideres,
3238 1625 3289 1670 et
3323 1615 3597 1671 Dominus
3643 1631 3833 1670 verum

2222 1703 2386 1769 dicit,
2422 1713 2475 1757 et
2521 1706 2795 1774 apostolus
2842 1706 3038 1760 Paulus
3070 1722 3248 1761 verus.
3299 1705 3367 1760 In
3396 1707 3555 1762 domo
3582 1748 3601 1771 ,
3658 1708 3831 1778 inquit

531 1807 767 1860 dextram
802 1820 961 1874 neque
991 1804 1058 1855 ad
1096 1803 1379 1855 sinistram.
1414 1800 1544 1854 Nam
1593 1800 1820 1868 qualiter
1847 1798 2119 1852 ambulare
2151 1808 2199 1868 Β
2229 1797 2515 1863 Dominus,
2552 1796 2725 1851 Patris
2779 1801 2878 1853 mei
2926 1800 3219 1854 mansiones
3266 1802 3444 1854 multa:
3472 1810 3639 1865 sunt;
3695 1802 3836 1856 sicut

527 1897 690 1952 debet
719 1900 1087 1965 unusquisque
1120 1895 1311 1959 ﬁdelis,
1338 1895 1487 1963 quasi
1516 1908 1794 1963 exponens
1828 1882 2115 1962 Apostolus

527 1990 708 2045 statim
755 1992 980 2060 subjecit
1025 2007 1143 2043 cum
1194 1991 1267 2043 ait
1296 2009 1309 2043 :
1343 1987 1456 2043 Cuu
1490 2005 1615 2043 OMNI
1645 2004 1978 2043 nuuturns
2001 2029 2014 2053 ,
2049 2005 2115 2043 ετ

528 2097 970 2147 IANSUETUDINE,
1021 2099 1125 2138 cum
1161 2098 1472 2137 causam.
1522 2083 1688 2137 Recte
1722 2082 1892 2151 primo
1942 2080 2113 2142 dixit,

529 2194 641 2231 cum
668 2178 807 2231 omni
828 2178 1137 2242 humilitate,
1170 2178 1290 2245 quia
1315 2178 1401 2246 qui
1427 2178 1543 2230 sine
1573 2176 1875 2229 humilitate
1898 2176 2119 2230 virtutes

528 2279 840 2340 congregat,
854 2271 1001 2341 quasi
1021 2270 1108 2341 qui
1132 2276 1181 2323 in
1198 2278 1412 2323 ventum
1432 2270 1701 2339 pulverem
1720 2276 1912 2334 portat.
1931 2268 2005 2323 De
2026 2267 2121 2321 liu-

530 2362 755 2418 tnilitate
772 2362 1027 2417 Dominus
1045 2363 1173 2417 dicit
1194 2381 1205 2413 :
1230 2361 1399 2433 Super
1412 2377 1556 2431 quem
1576 2361 1907 2427 requiescam,
1932 2362 2029 2413 nisi
2048 2375 2122 2413 su-

530 2472 624 2526 per
643 2457 910 2522 humilem,
933 2466 977 2510 et
998 2458 1247 2524 quietum,
1267 2466 1312 2510 et
1337 2466 1633 2510 trementem
1657 2472 1911 2509 sermones
1943 2471 2079 2508 meos
2100 2456 2125 2508 .9

529 2547 663 2607 Hinc
709 2560 790 2604 est
841 2552 985 2606 enim
1016 2552 1154 2619 quod
1212 2551 1398 2605 Petrus
1452 2550 1567 2604 ait:
1607 2550 1979 2603 Humiliamini
2029 2550 2121 2603 sub

533 2644 725 2714 potenti
749 2659 907 2696 manu
934 2643 1048 2709 Dei,
1073 2653 1231 2697 utros
1260 2643 1448 2696 exultet
1466 2644 1518 2695 in
1544 2651 1770 2711 tempore
1791 2642 2122 2695 uisitationis.

536 2736 669 2791 llinc
714 2738 909 2791 iterum
965 2737 1078 2803 ipse
1122 2736 1377 2789 Dominus
1424 2734 1595 2788 dicit:
1635 2735 1813 2787 Umnis
1841 2736 1928 2803 qui
1958 2751 2010 2787 se
2041 2750 2127 2786 ex-

537 2826 665 2879 altat
697 2826 1073 2880 humiliubitnr.
1108 2824 1175 2878 Et
1205 2825 1628 2891 mansuetudine;
1657 2840 1814 2895 quam
1841 2826 1930 2893 qui
1965 2824 2128 2879 habet

540 2935 645 2974 non
679 2919 849 2975 solum
877 2919 1212 2988 domesticis,
1249 2934 1434 2973 verum
1468 2921 1627 2973 etiam
1660 2918 1995 2989 agrestibus,
2033 2933 2124 2972 se-

537 3011 722 3067 mitam
757 2994 1035 3081 praébebit,
1064 3012 1279 3065 imitans
1312 3011 1474 3065 Deum
1501 3012 1591 3080 qui
1620 3011 1693 3064 ait
1727 3030 1737 3063 :
1774 3010 1966 3063 Discite
1991 3029 2022 3064 a
2050 3026 2129 3063 me

537 3108 655 3177 quia
705 3107 842 3159 mitis
894 3122 1007 3158 sum
1032 3115 1079 3159 et
1124 3103 1334 3158 humilis
1389 3105 1561 3157 corde.
1620 3104 1683 3157 Et
1714 3104 1907 3157 iterum
1942 3102 2125 3157 :Beati

2229 1889 2367 1944 idem
2396 1890 2648 1959 subjecit,
2679 1891 2813 1944 alius
2843 1902 3012 1945 autem
3040 1892 3133 1958 sic,
3182 1890 3317 1945 alius
3348 1908 3468 1946 vero
3500 1893 3599 1946 sic.
3638 1892 3707 1946 Et
3736 1894 3835 1947 hu

2226 1993 2444 2055 prapter
2490 1986 2828 2041 diversorum
2873 1986 3081 2053 merita,
3134 1986 3257 2057 quia
3291 1987 3672 2057 unusquisque
3700 2002 3827 2042 san.

2223 2088 2431 2133 ClOl‘lllIl
2457 2091 2611 2147 prout
2635 2088 2893 2144 meretur,
2928 2080 2998 2133 ita
3030 2089 3086 2134 et
3113 2080 3307 2148 accipit
3338 2079 3661 2148 praemium.
3698 2078 3835 2133 Dicit

2224 2173 2366 2227 enim
2382 2172 2493 2237 ipse
2512 2172 2768 2226 Dominus
2782 2172 2848 2228 de
2858 2186 2917 2227 se
2939 2190 2952 2225 :
2977 2170 3272 2242 Fulgebunt
3290 2173 3413 2235 iusti
3426 2172 3563 2225 sicut
3576 2170 3668 2223 sol
3678 2172 3732 2224 in
3748 2187 3835 2225 re.

2225 2282 2324 2335 gno
2346 2265 2517 2319 Patris
2536 2260 2713 2319 eorum
2736 2282 2754 2331 ,'
2775 2275 3007 2320 attamen
3028 2281 3131 2319 non
3157 2280 3344 2320 omnes
3362 2265 3689 2334 aequaliter;
3714 2265 3833 2333 sed,

2226 2359 2363 2413 sicut
2389 2357 2462 2413 ait
2485 2358 2780 2427 Scriptura,
2814 2358 2965 2411 stella
2995 2357 3166 2425 differt
3186 2358 3239 2411 in
3259 2358 3524 2425 claritate,
3558 2360 3640 2412 sic
3658 2359 3755 2412 erit
3780 2360 3835 2411 in

2227 2452 2596 2505 resurrectione
2620 2451 2896 2504 multorum
2919 2450 3304 2523 [mortuorum].
3330 2452 3447 2505 Alia
3471 2454 3713 2505 estcuius
3730 2452 3836 2505 cla-

2227 2544 2353 2596 ritas
2376 2544 2520 2606 solis,
2539 2544 2644 2597 alia
2660 2543 2867 2596 claritas
2891 2544 3048 2606 lunae,
3073 2544 3177 2595 alia
3200 2543 3411 2597 claritas
3432 2545 3737 2607 stellarum,
3759 2544 3833 2596 sit:

2230 2636 2321 2688 erit
2355 2635 2482 2699 etin
2509 2635 2933 2688 resurrectionem
2974 2646 3316 2697 mortuorum,
3336 2635 3493 2704 juxta
3548 2632 3833 2704 prafatam

2234 2726 2517 2779 rationem.
2549 2724 2685 2779 llinc
2711 2725 2931 2795 angelus
2960 2725 3025 2778 ad
3051 2726 3363 2793 prophetam
3397 2723 3690 2779 Danielem
3713 2725 3790 2778 ait
3810 2742 3827 2777 :

2234 2817 2383 2870 Docti
2432 2818 2699 2888 fulgebunt
2740 2828 2791 2871 ut
2842 2818 3084 2885 splendor
3125 2818 3482 2886 firmamenti;
3533 2826 3584 2870 et
3631 2817 3721 2887 qui
3764 2818 3834 2869 ad

2223 2910 2480 2979 justitiam
2513 2911 2751 2963 erudiunt
2781 2911 3031 2981 plurimos
3050 2951 3064 2974 ,
3091 2911 3238 2979 quasi
3268 2910 3433 2964 stella
3462 2908 3523 2963 in
3553 2917 3837 2978 perpetuas

2232 3001 2561 3055 wternitates.
2636 3008 2880 3057 Attamen
2956 3018 3057 3056 una
3118 3017 3243 3073 Spes
3313 3003 3558 3058 omnium
3624 3001 3831 3058 electo-

2233 3111 2383 3159 rum,
2417 3096 2639 3151 coeleste
2670 3098 2874 3151 scilicet
2901 3111 3157 3165 regnum,
3196 3096 3285 3150 ubi
3326 3105 3503 3151 semet
3542 3096 3843 3166 jungeutes

537 3201 703 3264 mites,
750 3201 989 3268 quoniam
1032 3198 1132 3269 ipsi
1166 3198 1328 3250 Deum
1374 3197 1633 3250 ridebunt.
1670 3195 1796 3251 Cum
1839 3197 2124 3265 patientia;
2156 3193 2200 3255 C
2234 3189 2789 3257 nequeuntseparari.

540 3291 795 3362 quidquid
847 3290 1089 3347 ﬁdelibus
1134 3292 1373 3346 evenerit
1405 3291 1773 3353 adversitatis,
1808 3291 1985 3345 omnia
2039 3305 2131 3359 pa-
2176 3277 2184 3293 ⁸

538 3383 739 3437 tienter
762 3382 1023 3448 tolerant;
1057 3381 1196 3436 sicut
1218 3383 1358 3437 idem
1388 3383 1664 3453 apostolus
1687 3382 1794 3435 alio
1820 3384 1938 3436 loco
1960 3382 2088 3437 dicit
2115 3399 2128 3435 :

539 3472 607 3529 In
647 3474 810 3529 multa
850 3475 1113 3546 patientia.
1156 3475 1222 3529 Et
1256 3486 1472 3545 propter
1518 3475 1647 3529 illttd
1677 3492 1691 3528 :
1722 3475 1865 3529 Beati
1894 3477 2130 3546 paciﬁci,

540 3569 782 3637 quoniam
814 3567 912 3634 ﬁlii
956 3566 1051 3621 Dci
1092 3568 1426 3621 vocabuntur.
1462 3567 1596 3622 Alibi
1652 3583 1862 3637 quoque
1893 3568 2129 3624 dicitur:

540 3655 608 3713 In
637 3659 883 3727 patientia
912 3668 1077 3712 vestra
1127 3659 1449 3726 possidebitis
1494 3660 1695 3713 animas
1733 3669 1946 3715 vestras.
1985 3661 2133 3717 Hanc

540 3751 793 3807 virtutem
822 3751 1081 3806 Dominus
1104 3751 1170 3805 ad
1202 3754 1504 3821 passionem
1538 3768 1765 3824 pergens
1792 3755 2133 3810 conimenda-

535 3829 615 3900 ‘vit
636 3846 916 3914 discipulis
948 3847 1060 3899 suis
1087 3846 1276 3901 dicens
1305 3863 1317 3900 :
1354 3844 1543 3922 Pacem
1569 3846 1800 3918 relinquo
1825 3849 1985 3915 vobis,
2036 3867 2133 3921 pa-

541 3953 650 3993 cem
678 3954 844 3992 meam
874 3938 940 3991 do
968 3939 1124 3991 vobis.

616 4027 1035 4084 SUPPORTANTES
1066 4044 1279 4083 lNVlCl-Ztl
1303 4046 1352 4083 ηε
1380 4044 1711 4084 cusanus.
1743 4030 1893 4085 Hanc
1914 4040 2133 4087 senten-

543 4118 669 4173 tiam
703 4120 753 4172 in
804 4119 1038 4186 Epistula
1088 4119 1152 4174 ad
1204 4120 1416 4176 Galatas
1467 4122 1896 4177 edisseruimus‘l
1928 4124 1981 4180 in
2015 4126 2135 4181 loco

541 4226 651 4280 quo
679 4211 895 4283 dicitur,
946 4212 1090 4266 Alter
1132 4214 1337 4267 alterius
1388 4231 1543 4269 onera
1603 4226 1821 4284 portate,
1864 4227 1909 4272 et
1939 4220 2011 4272 sic
2037 4219 2135 4272 atl-

542 4303 824 4375 implebitis
866 4303 1030 4375 legem
1062 4302 1273 4359 Christi.
1324 4306 1431 4360 Lex
1484 4306 1681 4361 Christi
1744 4319 1825 4363 est
1882 4309 2131 4377 dilectio,

541 4400 679 4455 sicut
703 4400 816 4469 ipse
844 4399 976 4454 dicit
1003 4417 1014 4452 :
1043 4397 1108 4454 In
1136 4401 1232 4453 hoc
1254 4411 1559 4472 cognoscent
1589 4418 1763 4456 omnes
1792 4405 1911 4474 quia
1941 4407 2041 4458 ntei
2069 4424 2138 4461 es-

542 4495 606 4547 tis
635 4493 901 4562 discipuli,
934 4494 979 4547 si
1006 4494 1326 4548 dilectionem
1358 4494 1635 4551 habueritis
1678 4498 1732 4551 in
1784 4498 2020 4553 invicem.
2068 4498 2134 4554 Et

540 4585 662 4641 ideo
674 4601 794 4641 cum
812 4587 1065 4657 patientia
1086 4602 1184 4643 nos
1196 4597 1513 4658 supportare
1529 4589 1787 4644 debemus
1802 4591 1852 4644 in
1874 4591 2123 4658 invicem,
2160 4579 2211 4639 Ι)

538 4677 617 4735 sic
645 4689 699 4733 ut
727 4682 817 4751 qui
850 4663 1041 4735 viderit
1072 4679 1340 4736 errantem
1363 4722 1379 4748 ,
1430 4680 1494 4734 ad
1527 4681 1663 4736 viam
1695 4683 1936 4737 veritatis
1968 4698 2125 4737 revo~

536 4782 641 4838 cet,
673 4773 992 4830 irascentem
1025 4774 1092 4828 ad
1122 4774 1488 4838 concordiam,
1521 4774 1727 4839 lapsqu
1761 4774 1993 4844 erigere,
2030 4775 2128 4829 do-

539 4867 735 4924 lentem
786 4868 1089 4933 consolare,
1139 4867 1396 4922 esurienti
1442 4870 1643 4932 cibum,
1671 4867 1874 4923 sitienti
1911 4880 2119 4938 putum,

535 4960 736 5031 algenti
782 4962 1158 5016 vestimentum
1214 4961 1472 5016 tribuere.
1527 4961 1721 5032 Sicque
1774 4963 1834 5018 lit
1880 4973 1937 5018 ut
1977 4966 2125 5020 omni

537 5054 859 5111 necessitate
938 5056 1171 5110 fraterna
1241 5056 1574 5112 consolando
1661 5072 1781 5112 cum
1866 5059 2127 5129 patientia

536 5161 935 5220 supportemus.
974 5147 1128 5205 [luna
1158 5164 1376 5205 conrus.
1409 5149 1584 5205 Unum
1612 5166 1807 5221 corpus
1837 5152 1968 5207 dicit
1998 5169 2125 5208 san-

538 5250 642 5299 ctae
691 5244 983 5311 Ecclesiae,
1012 5245 1151 5299 sicut
1180 5244 1232 5299 in
1283 5244 1391 5298 alio
1444 5246 1561 5299 loco
1607 5245 1760 5315 dicit,
1813 5248 1937 5317 quia
1966 5264 2128 5302 unum

535 5350 725 5407 corpus
747 5381 761 5405 ,
794 5348 841 5390 et
865 5354 1001 5392 unus
1025 5338 1175 5408 panis
1197 5353 1373 5392 sumus
1419 5337 1471 5391 in
1515 5336 1741 5393 Christo.
1790 5338 1919 5394 Nam
1959 5356 2130 5411 quan-

535 5444 693 5501 quam
724 5432 775 5485 in
802 5432 1057 5487 membris
1099 5432 1269 5488 divisa
1301 5433 1369 5487 sit
1408 5441 1593 5488 sancta
1642 5432 1907 5502 Ecclesia,
1939 5446 2131 5492 tamen-

533 5523 591 5580 in
636 5524 838 5580 unitate
868 5525 990 5579 tidci
1022 5527 1349 5593 consistens,
1385 5542 1548 5581 unum
1578 5536 1662 5583 est
1707 5542 1936 5598 corpus,
1984 5530 2122 5585 sicut

536 5614 673 5673 idem
701 5616 976 5687 apostolus
1006 5617 1135 5673 dicit
1184 5619 1307 5673 alibi
1337 5635 1349 5672 :
1391 5618 1494 5674 Vos
1520 5621 1639 5675 estis
1668 5638 1856 5691 corpus
1902 5622 2119 5688 Christi,

539 5720 587 5767 et
608 5713 833 5766 membra
858 5714 924 5766 de
945 5713 1220 5778 membris;
1248 5713 1457 5769 addidit
1485 5733 1496 5768 :
1525 5714 1667 5771 Unus
1690 5730 1951 5772 srtmrus.
1972 5716 2120 5773 Una-

2311 3278 2451 3333 Usus
2469 3279 2722 3345 Doumus,
2748 3295 2848 3333 UNA
2896 3291 3063 3343 FIDES,
3089 3292 3231 3333 anon
3258 3292 3537 3343 BAP‘I‘ISIA,
3565 3293 3707 3333 unus
3735 3277 3844 3332 Do-

2238 3388 2393 3426 HINUS
2426 3389 2491 3426 ΕΤ
2517 3373 2695 3427 PATER
2746 3387 2970 3437 ODINIUII,
2999 3386 3086 3434 QUI
3118 3386 3215 3425 EST
3261 3385 3428 3426 SUPER
3453 3388 3657 3437 οκκεε,
3690 3388 3758 3427 ΕΤ
3793 3387 3843 3426 I!

2237 3482 2420 3520 OMNIA.
2451 3465 2595 3520 Unus
2625 3475 2698 3519 est
2729 3464 3001 3531 Dominus,
3022 3465 3071 3519 id
3093 3475 3176 3520 est
3201 3464 3458 3520 Dominus
3496 3464 3662 3520 Jesus
3683 3466 3843 3521 Chri-

2238 3570 2369 3624 stus,
2396 3559 2485 3627 qui
2517 3574 2622 3613 non
2655 3560 2901 3628 partitur,
2933 3558 3025 3614 sed
3055 3560 3107 3612 in
3140 3563 3344 3613 unitate
3381 3574 3601 3630 semper
3662 3561 3841 3616 consi-

2246 3656 2361 3711 stit.
2398 3655 2465 3709 Et
2495 3673 2592 3709 una
2622 3655 2748 3725 ﬁdes
2790 3653 3147 3723 credentium,
3186 3654 3385 3725 pariter
3441 3663 3493 3709 et
3534 3670 3701 3708 unum
3756 3656 3844 3707 ba-

2242 3752 2449 3818 ptisma,
2465 3749 2730 3819 sicutipse
2749 3749 3004 3804 Dominus
3016 3749 3144 3804 dicit
3164 3766 3177 3802 :
3198 3747 3228 3801 Ι
3233 3759 3298 3815 te,
3321 3750 3495 3803 docete
3517 3764 3701 3804 omnes
3718 3767 3844 3821 gess-

2240 3855 2334 3911 tes,
2363 3845 2675 3915 baptizantes
2698 3861 2782 3899 eos
2810 3846 2865 3898 in
2895 3844 3099 3898 nomine
3141 3841 3336 3909 Patris,
3360 3853 3407 3897 et
3459 3841 3613 3908 Filii,
3641 3852 3690 3896 et
3722 3842 3844 3910 Spi-

2238 3939 2370 3993 ritus
2397 3939 2581 3992 sancti.
2604 3937 2767 3991 Valde
2793 3935 3123 4006 pensandum
3141 3946 3221 3990 est
3244 3949 3410 4004 quare
3438 3934 3587 3989 dicat
3611 3938 3846 4005 Aposto-

2240 4034 2322 4089 lus
2352 4049 2512 4087 unum
2541 4033 2807 4104 baptisma.
2833 4032 2921 4086 Sic
2948 4041 3000 4086 et
3042 4031 3235 4086 Lucas
3256 4031 3307 4084 in
3348 4030 3572 4085 Actibus
3616 4043 3843 4099 aposto-

2240 4127 2411 4182 lorum
2466 4134 2690 4181 testatur
2713 4140 2830 4180 cum
2862 4123 3021 4180 dicit:
3041 4122 3361 4195 Baptismum
3378 4124 3520 4191 quod
3541 4126 3845 4194 praedicavit

2239 4217 2489 4282 Joannes,
2516 4216 2694 4270 Jesum
2738 4232 2769 4269 a
2821 4215 3082 4270 Nazareth
3121 4216 3379 4287 quomodo
3408 4218 3558 4269 unxit
3591 4233 3710 4270 sum
3740 4216 3845 4270 Do-

2239 4314 2406 4366 minus
2438 4312 2644 4382 Spiritu
2673 4319 2848 4366 sancto
2874 4320 2923 4365 et
2954 4311 3156 4366 virtute.
3198 4310 3371 4366 Unum
3424 4320 3510 4367 est.
3538 4313 3689 4367 enim
3750 4314 3835 4366 ba-

2239 4411 2505 4483 p‘t'smttm,
2535 4410 2679 4480 quod
2729 4410 2780 4464 in
2813 4408 3073 4464 Trinitate
3117 4408 3230 4463 dari
3258 4415 3521 4471 testetur;
3546 4409 3694 4464 sicut
3722 4410 3837 4479 ipse

2245 4504 2499 4559 Dominus
2528 4506 2579 4558 in
2601 4503 2706 4557 alio
2737 4502 2854 4557 loco
2884 4502 3017 4557 dicit
3047 4500 3313 4557 :Ioannes
3332 4502 3541 4573 quidem
3562 4503 3843 4571 baptizavit

2238 4616 2393 4669 aqua,
2425 4616 2510 4654 vos
2539 4609 2708 4653 autem
2740 4598 3121 4667 baptizabimini
3149 4596 3351 4667 Spiritu
3381 4606 3580 4651 sancto.
3612 4599 3674 4652 EI
3718 4598 3839 4653 ideo

2239 4708 2371 4745 unus
2424 4691 2670 4746 Dominus
2723 4700 2826 4756 est,
2850 4706 2955 4745 una
2997 4691 3127 4759 ﬁdes
3150 4733 3164 4756 ,
3192 4706 3353 4744 unum
3382 4689 3641 4757 baptisma
3661 4732 3677 4755 ,
3714 4708 3843 4744 unus

2239 4782 2378 4837 Deus
2405 4793 2452 4836 et
2484 4781 2640 4835 Pater
2659 4784 2908 4850 omnium,
2930 4783 3019 4850 qui
3046 4790 3121 4837 est
3149 4798 3304 4852 super
3327 4798 3519 4848 omnes,
3539 4791 3590 4836 et
3613 4800 3707 4850 per
3733 4801 3841 4837 om-

2238 4875 2345 4941 nia,
2381 4891 2445 4929 nr
2462 4890 2512 4928 nt
2537 4890 2756 4930 ouxmus
2790 4890 2957 4930 NOBIS.
2981 4875 3121 4930 Deus
3144 4884 3295 4945 pater
3314 4875 3514 4929 dicitur
3530 4891 3673 4930 unus
3689 4891 3836 4932 esse:

2239 4978 2293 5022 et
2324 4967 2460 5022 bene
2488 4966 2618 5021 dicit
2644 4968 2801 5021 Pater
2821 4968 3072 5035 omnium,
3089 4967 3208 5037 quia
3232 4967 3393 5023 Pater
3412 4968 3665 5031 omnium,
3689 4984 3840 5024 crea-

2239 5070 2500 5125 turarum,
2514 5061 2664 5131 juxta
2688 5060 2828 5130 quod
2856 5061 3115 5132 scriptum
3140 5069 3257 5116 est:
3285 5060 3389 5127 Qui
3417 5070 3587 5115 manet
3610 5065 3662 5115 in
3692 5070 3836 5115 teter-

2239 5171 2359 5208 nunt
2388 5166 2572 5209 cuncta
2593 5146 2780 5209 rr'eavit
2800 5154 2974 5209 simul.

2309 5248 2441 5314 Quia
2476 5249 2559 5302 bic
2611 5248 2676 5302 de
2697 5247 2957 5303 Trinitate
3006 5246 3210 5302 mentio
3257 5245 3397 5302 facta
3421 5255 3524 5313 est,
3558 5257 3730 5302 restat
3780 5256 3831 5300 ut

2238 5339 2364 5395 inde
2387 5339 2687 5396 restrictius
2708 5339 2906 5409 aliquid
2938 5339 3240 5409 loquamur.
3272 5338 3415 5393 Dixit
3462 5339 3605 5393 enim
3638 5339 3828 5408 primo,

2232 5453 2363 5490 unus
2414 5435 2674 5506 Spiritus;
2716 5434 2914 5491 deinde
2962 5452 3093 5490 unus
3141 5434 3432 5502 Dominus;
3488 5436 3649 5491 tertio
3700 5451 3829 5488 unus

2234 5528 2373 5583 Dens
2399 5537 2448 5582 et
2484 5527 2916 5605 Patet-omnium.
2949 5527 3184 5583 Primum
3218 5528 3395 5598 posuit
3420 5527 3684 5596 Spiritum
3708 5543 3826 5583 san-

2232 5631 2400 5688 ctum,
2428 5621 2627 5676 deinde
2654 5621 2872 5689 Filium,
2906 5621 3065 5677 tertio
3116 5620 3353 5676 Patrem.
3388 5620 3567 5677 Utitur
3618 5622 3717 5676 hoc
3747 5627 3829 5675 te-

2230 5715 2486 5771 stimonio
2516 5723 2700 5771 contra
2730 5714 2938 5780 Arium,
2970 5730 3202 5785 suosque
3244 5713 3453 5770 similes
3483 5753 3501 5781 ,
3532 5714 3625 5783 qui
3670 5713 3823 5773 diso-

610 5829 639 5863 ι
658 5822 799 5890 Ergo
825 5832 1009 5880 noster
1036 5826 1091 5880 in
1119 5824 1412 5893 Epistolam
1441 5840 1652 5896 quoque
1683 5827 1751 5884 ad
1777 5827 1992 5885 Galatas
2020 5830 2443 5888 commentarios
2469 5831 2783 5899 scripserat.
