4042 6348
158 254 261 316 853

161 442 438 511 permittor
459 441 617 496 Patre
640 448 694 495 et
722 438 878 494 Filio.
904 438 1074 506 Quem
1107 438 1250 492 enim
1274 436 1363 491 ille
1386 437 1747 506 perminorem

161 536 394 600 diccbat,
424 535 712 604 Apostolus
759 533 988 603 primum
1046 531 1225 601 posuit
1271 545 1393 586 cum
1424 530 1585 597 dicit,
1612 545 1747 583 unus

161 627 411 695 Spiritus.
438 625 779 695 Rursumque
806 640 964 694 quem
997 624 1082 679 ille
1110 624 1377 679 minorem
1417 621 1628 677 dicebat
1648 620 1749 675 Pa-

160 720 249 783 tri,
278 719 330 773 in
379 719 620 774 secundo
644 718 763 773 loco
796 717 973 787 posuit
1001 731 1121 772 cum
1151 716 1303 779 dixit,
1339 730 1473 768 unus
1516 710 1656 766 Deus
1699 718 1747 765 et

151 811 323 867 Pater
352 812 598 881 omnium,
627 812 713 882 qui
733 822 808 867 est
837 828 991 880 super
1016 827 1191 865 omnes
1211 818 1260 865 et
1285 826 1377 880 per
1406 809 1599 863 omnia.
1632 807 1749 862 Non

147 905 331 960 solum
362 914 539 960 autem
566 904 783 972 Paulus,
815 919 997 960 verum
1033 906 1194 960 etiam
1224 912 1279 959 et
1306 910 1521 958 sanctus
1557 899 1747 965 David,

146 1004 203 1049 et
226 997 485 1066 Spiritum
503 1008 747 1053 sanctum
762 998 1123 1068 praemuniens
1152 996 1332 1070 [Cod.,
1347 993 1669 1067 praevidens]
1687 993 1753 1047 ﬁ-

155 1088 384 1161 demque
426 1099 623 1147 sancta:
674 1090 951 1145 Trinitatis
978 1102 1032 1147 et
1075 1093 1332 1144 honorem
1382 1087 1451 1141 ab
1500 1087 1751 1141 haeretica

153 1182 441 1252 pravitate,
475 1184 547 1237 ita
585 1183 897 1252 distinguit:
941 1182 1039 1237 Cor
1083 1182 1333 1236 mundam
1381 1198 1498 1234 creo
1544 1181 1595 1233 in
1647 1196 1747 1247 me,

154 1268 318 1335 Deus,
348 1283 395 1328 et
423 1274 658 1342 spiritum
684 1283 879 1327 rectum
900 1274 1083 1328 innova
1105 1274 1156 1328 in
1176 1273 1448 1327 visceribus
1488 1271 1630 1325 meis.
1667 1268 1753 1324 Di-

154 1380 287 1421 cens
315 1368 554 1436 spiritum
576 1377 789 1434 rectum,
819 1368 1056 1422 ostendit
1082 1367 1339 1437 Spiritum
1388 1374 1655 1421 sanctum.
1689 1364 1755 1418 Et

153 1470 281 1510 cum
309 1458 580 1527 subjungit
608 1476 623 1512 :
657 1457 742 1513 Ne
765 1460 1007 1529 projicias
1037 1476 1115 1512 me
1142 1476 1173 1511 a
1201 1458 1332 1528 facie
1363 1468 1473 1523 tua,
1500 1458 1567 1511 de
1618 1454 1756 1510 Filio

151 1549 307 1604 dicit.
339 1550 469 1605 Cum
500 1566 630 1607 vero
657 1552 816 1606 infert
845 1570 857 1605 :
895 1553 1071 1606 Redde
1100 1552 1224 1605 mihi
1246 1550 1477 1604 lwtitiam
1501 1548 1752 1637 salutaris

670 302 693 325 ι
1344 249 1408 308 ΙΝ
1446 252 1598 309 CAP.
1641 251 1706 307 IV
1747 250 1842 307 AD
1883 251 2236 309 EPHESIOS.

163 360 288 404 rant
319 368 330 403 :
357 349 514 404 Ριιιρτ
565 346 760 417 major,
802 340 969 401 Filius
1017 357 1215 410 mmor,
1257 342 1489 411 Spiritus
1539 352 1757 399 sanctus
1784 342 1835 403 Α
1863 342 1959 408 tui,
1992 342 2204 398 Patrem
2235 339 2417 411 utique
2460 340 2720 398 insinuat.
2742 341 2808 398 Et
2837 351 2960 399 nota
2981 344 3123 415 quod
3149 344 3279 401 dicit
3307 347 3442 403 Pau-

3332 250 3442 313 83L

1854 432 1936 487 lus
1962 450 1974 486 :
2004 433 2105 501 Qui
2125 441 2197 487 est
2223 448 2376 501 super
2424 434 2595 487 omnia
2627 433 2763 490 Deus
2807 434 3095 490 benedictus
3136 436 3190 490 in
3224 439 3441 505 siccata;

1853 544 1960 583 non
1985 528 2075 598 qui
2098 536 2224 582 sunt
2251 527 2348 591 dii,
2370 526 2464 581 sed
2487 526 2578 597 qui
2608 536 2690 582 est
2715 527 2874 583 Deus.
2904 528 3197 585 Prudenter
3209 545 3443 602 namque

1855 617 2177 673 Trinitatem
2206 617 2471 685 distinxit,
2501 617 2595 674 sed
2652 619 2881 674 ﬁdeliter
2908 619 3073 675 univit
3106 637 3227 676 cum
3256 606 3393 679 dixit
3424 641 3440 678 :

1855 710 1943 779 qui
1963 727 2115 779 super
2142 726 2333 778 omnes,
2375 710 2425 764 id
2458 721 2559 777 est,
2596 711 2737 767 Deus
2785 713 2969 779 Pater;
2996 722 3043 768 et
3066 731 3218 785 super
3246 718 3442 784 omnia,

1857 804 2000 859 Deus
2023 804 2209 858 Filius.
2235 802 2301 857 In
2330 805 2440 873 ipso
2467 806 2625 872 enim,
2656 807 3054 876 aitApostolus,
3080 809 3307 875 vivimus,
3338 823 3447 862 mo-

1856 914 2048 962 vcmur,
2074 908 2119 951 et
2148 914 2343 952 sumus.
2376 897 2443 952 Et
2472 901 2523 952 in
2551 900 2806 964 omnibus,
2837 901 3068 969 Spiritus
3094 913 3334 967 sanctus,
3354 903 3446 972 qui

1858 991 2059 1045 vadens
2082 990 2450 1060 eircuiensque
2473 992 2646 1061 replet
2666 992 2827 1048 corda
2854 992 3108 1061 ﬁdelium,
3125 994 3277 1064 juxta
3302 994 3447 1066 quod

1857 1084 2115 1153 scriptum
2150 1092 2232 1137 est
2263 1100 2277 1137 :
2313 1084 2473 1139 Scitis
2526 1086 2647 1155 quia
2680 1084 2929 1157 templum
2962 1086 3056 1140 Dei
3098 1088 3217 1140 estis
3268 1103 3375 1155 vos,
3400 1095 3450 1141 et

1860 1177 2087 1249 Spiritus
2108 1186 2310 1230 sanctus
2343 1179 2537 1232 habitat
2559 1180 2615 1232 in
2633 1180 2793 1243 vobis,
2820 1180 2906 1250 qui
2958 1188 3031 1233 est
3062 1179 3351 1234 benedictus
3396 1179 3450 1233 in

1858 1267 2084 1333 saecula;
2109 1269 2160 1322 in
2183 1268 2329 1323 omni
2357 1279 2624 1337 creatura,
2661 1272 2711 1324 in
2742 1270 2934 1340 quibus
2988 1270 3233 1324 laudatur
3276 1278 3331 1325 et
3357 1268 3451 1324 be-

1863 1359 2131 1414 nedicitur
2165 1359 2325 1422 Deus,
2358 1362 2497 1415 sicut
2527 1362 2780 1416 scribitur
2808 1363 2858 1416 in
2902 1363 3102 1433 hymno
3130 1363 3287 1417 trium
3318 1376 3452 1431 pue-

1864 1451 2413 1521 rorum:Benedicite,
2454 1457 2626 1509 omnia
2662 1473 2815 1525 apera
2867 1456 3088 1521 Domini,
3133 1455 3452 1524 Dominum;

1855 1546 2063 1600 laudate
2085 1553 2131 1600 et
2159 1548 2533 1617 superexaltate
2554 1564 2669 1601 eum
2689 1549 2742 1601 in
2771 1547 2976 1603 saecula.

157 1668 3455 1698 Mm

1725 1781 1882 1906 X.

157 1966 386 2031 Lectio
411 1964 713 2045 Epistulae
744 1963 909 2026 beati
942 1964 1120 2027 Pauli
1146 1962 1423 2043 apostoli
1454 1963 1532 2024 ad
1564 1956 1879 2097 Ephttasios
1915 1956 2029 2096 (tW,
2053 1955 2157 2036 23)
2186 1978 2203 2018 :
2231 1958 2518 2033 Fratres,
2538 1956 2932 2019 renovamini
2958 1955 3198 2036 spiritu
3229 1958 3453 2021 mentis

1613 2057 1712 2097 ves
1746 2054 1925 2097 rae.e
1956 2055 2014 2097 c.

1613 2054 1857 2109 vestrae,
1874 2054 2014 2097 etc.

1382 2136 1743 2196 EXPOSITIO
1783 2132 2218 2191 LUCULENTII.

235 2258 497 2315 Renovari
522 2258 781 2328 praecepit
800 2256 1093 2326 Apostolus
1114 2254 1303 2323 spiritu
1327 2254 1523 2307 mentis
1544 2263 1759 2312 vesme,
1791 2250 1841 2310 B
1867 2243 2030 2311 Quasi
2070 2237 2283 2301 creatus
2322 2247 2536 2313 dicitur,
2578 2247 2850 2317 quomodo
2889 2247 3139 2305 mundus.
3183 2248 3282 2316 Qui
3311 2248 3457 2306 enim

153 2350 230 2406 de
256 2366 360 2419 quo
390 2350 549 2404 alibi:
584 2348 646 2405 Si
690 2348 910 2403 exterior
935 2345 1085 2401 homo
1113 2352 1285 2399 noster
1314 2343 1686 2411 corrumpitur,
1714 2343 1757 2395 is

152 2442 250 2513 qui
274 2443 410 2495 intus
454 2450 527 2496 est
573 2452 867 2495 renovatur.
897 2437 961 2492 Et
1002 2447 1145 2491 recte
1198 2434 1368 2489 dicit:
1415 2432 1757 2487 BENOVAIIINI

149 2545 364 2587 BPIRI'I‘U
411 2544 603 2585 usuris
634 2544 887 2594 vnsrnzs;
919 2529 1040 2598 quia
1070 2540 1168 2580 nec
1206 2525 1260 2580 in
1292 2539 1456 2578 sensu
1488 2523 1604 2577 sine
1649 2523 1758 2591 spi-

149 2622 293 2685 ritu,
327 2636 426 2676 nec
456 2622 508 2675 in
532 2622 718 2690 spiritu
744 2624 859 2676 sine
875 2635 1034 2674 sensu
1059 2631 1406 2673 renovamur.
1431 2615 1583 2670 Sicut
1611 2613 1755 2668 enim

150 2712 442 2783 psallimus
471 2712 683 2780 spiritu,
711 2711 997 2780 psallamus
1027 2716 1082 2763 et
1136 2717 1314 2762 mente
1342 2725 1357 2774 ;
1390 2720 1608 2761 oramus
1649 2704 1760 2773 spi-

150 2804 291 2867 ritu,
312 2812 369 2858 et
415 2813 592 2856 mente
614 2817 859 2866 oremus;
900 2802 973 2854 ita
1004 2800 1252 2856 renovari
1284 2799 1542 2853 debemus
1570 2810 1753 2862 sensu,

150 2904 224 2950 ut
252 2909 375 2948 cum
410 2893 524 2961 ipse
548 2892 777 2945 mundus
817 2890 977 2945 fuerit
1003 2898 1164 2961 atque
1193 2901 1469 2960 purgatus,
1503 2890 1760 2959 adjunga-

152 2996 254 3042 tur
282 2986 332 3040 ei
372 2995 424 3040 et
477 2993 766 3039 renovatus
805 2983 1047 3052 spiritus.
1073 2982 1225 3049 Quod
1265 2982 1355 3053 qui
1416 2982 1621 3046 fecerit,
1644 2981 1757 3051 jam

162 3094 284 3135 nou
316 3076 545 3148 simplex
574 3077 690 3147 ejus
716 3076 937 3146 spiritus
961 3078 1173 3141 dicitur,
1198 3080 1290 3130 sed
1322 3075 1541 3144 spiritus
1570 3090 1759 3129 sensus

156 3171 371 3228 dicitur
395 3186 533 3227 esse.
557 3172 633 3226 E'r
651 3187 866 3226 INDUITE
890 3186 1066 3226 uovuu
1094 3185 1331 3226 nomnen
1356 3185 1443 3233 om
1481 3186 1758 3226 sscuunuu

157 3264 324 3323 DEUI
355 3281 591 3320 cunnus
620 3280 739 3319 ssr.
776 3265 828 3318 ld
859 3267 1031 3336 ipsum
1065 3265 1193 3321 mihi
1229 3265 1442 3320 videtur
1468 3279 1587 3320 esse
1617 3264 1759 3334 quod

159 3358 301 3413 dicit
326 3368 379 3413 et
400 3358 556 3413 alibi:
583 3357 872 3412 luduimini
894 3375 979 3413 vos
1008 3357 1269 3413 Christum
1288 3359 1757 3432 Jesum,quoniam

166 3463 365 3505 omnes
415 3450 603 3505 ﬁdeles
630 3450 902 3507 Christum
962 3452 1211 3519 induunt,
1246 3463 1299 3508 et
1351 3454 1555 3509 dicitur
1581 3456 1658 3509 eis
1693 3455 1760 3509 ab

176 3541 475 3610 Apostolo:
510 3543 766 3615 Quotquot
817 3545 1128 3611 credidistis,
1182 3545 1438 3602 Christum
1494 3549 1753 3602 induistis.

1867 2344 1992 2391 ante
2048 2338 2244 2392 saecula
2306 2338 2449 2393 Deus
2508 2352 2614 2392 una
2662 2354 2781 2394 cum
2838 2340 2990 2394 Patre
3042 2338 3265 2405 exstitit,
3314 2339 3454 2394 sicut

1863 2430 2028 2486 habes
2082 2432 2133 2487 in
2180 2434 2456 2503 Sapientia
2488 2451 2501 2487 :
2530 2433 2783 2488 Dominus
2838 2433 3062 2505 passedit
3103 2450 3182 2487 me
3215 2433 3268 2487 in
3309 2433 3458 2487 initio

1861 2527 2063 2581 viarum
2118 2546 2367 2595 suarum;
2413 2532 2464 2583 in
2510 2530 2613 2584 ﬁne
2676 2531 2993 2584 saeculorum
3050 2546 3248 2595 novus,
3286 2544 3460 2585 novus

1862 2618 2025 2674 homo
2051 2624 2347 2677 secundum
2375 2624 2541 2678 Deum
2575 2635 2790 2679 creatus
2838 2635 2939 2679 est.
2973 2625 3080 2680 Sed
3125 2625 3459 2682 contrarium

1861 2712 2073 2768 videtur
2099 2714 2218 2770 ﬁdei
2254 2728 2472 2782 nosmc,
2500 2731 2657 2785 quam
2691 2714 3011 2770 conﬁtemur
3038 2717 3279 2771 dicentes
3309 2733 3322 2769 :
3358 2714 3459 2770 Fi-

1862 2804 1960 2859 i'ius
1989 2823 2021 2859 a
2046 2804 2201 2861 Patre
2213 2808 2323 2862 solo
2343 2819 2436 2870 est,
2464 2824 2560 2860 non
2587 2808 2889 2877 factus,non
2909 2818 3104 2862 creatus
3124 2809 3213 2862 sed
3237 2809 3460 2879 genitus.

1862 2900 1966 2954 Sed
1994 2915 2233 2968 semper,
2259 2909 2315 2954 ut
2347 2915 2489 2969 saepe
2512 2900 2713 2954 dictum
2745 2910 2846 2965 est,
2880 2900 3014 2955 duas
3043 2910 3260 2955 naturas
3290 2901 3340 2955 in
3368 2901 3462 2957 Dei

1866 2993 2000 3048 Filio
2032 2993 2336 3062 intelligere
2357 2992 2638 3057 debemus,
2670 2993 2905 3047 divinam
2936 2993 3142 3049 scilicet
3170 3004 3330 3064 atque
3357 2994 3461 3050 hu-

1865 3102 2110 3151 manam;
2139 3087 2397 3155 divinam,
2429 3085 2481 3140 in
2526 3100 2627 3155 qua
2662 3085 2882 3154 aequalis
2913 3095 2994 3139 est
3048 3086 3223 3151 Patri,
3256 3087 3309 3140 in
3357 3102 3464 3155 qua

1864 3196 1962 3234 nec
1994 3178 2169 3234 factus
2200 3194 2298 3233 nec
2324 3188 2539 3233 creatus
2568 3186 2685 3244 est;
2708 3178 3007 3253 humanam,
3037 3177 3090 3230 in
3116 3193 3217 3247 qua
3265 3179 3328 3232 de
3359 3194 3464 3233 ma.

1867 3282 1943 3326 tre
1966 3280 2119 3326 natus
2149 3280 2221 3325 est
2246 3271 2428 3326 homo.
2455 3271 2707 3326 Ordinem
2738 3270 2959 3337 exponit
2986 3269 3256 3339 quomodo
3284 3285 3334 3325 IN
3373 3287 3467 3325 Ju-

1864 3378 2046 3418 srms
2076 3380 2141 3418 ET
2173 3378 2504 3418 SANCTITATE
2538 3379 2603 3416 ET
2635 3377 2919 3417 VERITATE.
2953 3361 3109 3416 Jesus
3141 3377 3270 3432 ergo
3298 3362 3467 3418 Filius

1867 3454 1962 3509 Dei
2007 3455 2061 3508 in
2090 3455 2290 3524 justitia
2344 3465 2397 3509 et
2448 3456 2732 3509 sanctitate
2762 3464 2975 3511 creatus
3000 3464 3082 3509 est
3107 3500 3120 3521 ,
3154 3455 3278 3524 quia
3321 3455 3465 3510 Deus

1866 3546 1980 3601 veri
2013 3547 2106 3601 Dei
2143 3547 2304 3601 Filius
2333 3557 2436 3603 est.
2470 3548 2532 3600 Et
2556 3558 2680 3601 nota
2711 3563 2725 3602 :
2752 3546 2940 3617 religio
2969 3556 3128 3616 atque
3178 3546 3383 3616 justitia
3412 3548 3468 3602 in

166 3633 307 3690 Nam
326 3645 379 3692 et
395 3637 948 3694 sanctiindumentum
976 3641 1182 3696 Domini
1203 3642 1467 3698 interdum
1485 3644 1754 3709 dicuntur,
1787 3627 1833 3690 C
1867 3639 1960 3694 illo
1991 3656 2110 3695 cum
2144 3642 2374 3696 veritate
2415 3642 2677 3710 completa
2710 3649 2826 3706 est;
2860 3652 2913 3695 et
2944 3640 3066 3696 ideo
3101 3642 3237 3696 bene
3301 3641 3355 3697 in
3379 3642 3468 3713 ju-

169 3730 312 3784 sicut
340 3730 466 3786 alibi
495 3731 619 3786 dicit
645 3749 660 3784 :
698 3731 825 3787 Vivo
859 3749 972 3803 ego,
1002 3736 1127 3788 dicit
1160 3736 1427 3801 Dominus,
1447 3738 1568 3806 quia
1598 3737 1760 3789 omni-

172 3827 268 3878 bus
312 3823 389 3877 his
437 3824 570 3878 velut
603 3835 957 3879 ornamentum
1002 3828 1223 3882 vestiris.
1251 3826 1431 3882 Sancti
1473 3839 1649 3882 autem
1678 3829 1759 3882 in-

172 3916 346 3972 duunt
367 3916 668 3983 Dominum,
688 3918 813 3973 dum
841 3930 1100 3974 renovant
1129 3920 1371 3989 spiritum
1405 3923 1601 3976 mentis
1629 3937 1758 3977 suae.

175 4006 245 4062 Et
289 4017 433 4062 recte
477 4022 672 4062 novum
726 4008 996 4063 hominem
1043 4009 1177 4064 dicit
1235 4011 1515 4066 Dominum
1549 4011 1757 4081 .lesum,

174 4101 300 4173 quia
321 4115 488 4156 novus
522 4103 683 4157 homo
705 4102 854 4156 venit
901 4103 954 4156 in
988 4102 1277 4166 mundum,
1310 4120 1446 4159 nova
1499 4113 1763 4175 praaccpta

171 4193 559 4250 deditmundo.
593 4194 736 4248 Nova
761 4196 958 4250 etenim
985 4195 1401 4266 fuitconceptio,
1436 4207 1642 4267 partus,
1670 4214 1763 4251 na-

176 4287 385 4353 tivitas,
407 4286 756 4357 baptismum,
784 4288 1048 4356 doctrina,
1079 4293 1278 4360 passio,
1310 4306 1476 4359 mors,
1529 4308 1763 4347 resurrc‘

174 4378 307 4442 ctio,
327 4387 381 4433 et
407 4380 458 4434 in
484 4380 637 4435 caelis
665 4382 930 4436 ascensio.
948 4382 1216 4452 Quidquid
1245 4385 1296 4438 in
1322 4385 1413 4438 illo
1435 4385 1763 4451 consideres,

175 4473 235 4529 in
265 4484 540 4543 assumpto
578 4475 796 4531 homine
848 4485 1052 4531 tantum
1106 4479 1319 4531 novitas
1349 4477 1463 4532 luit.
1496 4478 1597 4545 Qui
1627 4480 1768 4533 enim

178 4569 237 4625 in
287 4584 382 4624 sua
411 4570 551 4627 Deus
581 4581 706 4627 ante
737 4575 931 4629 saecula
996 4574 1217 4640 exstitit,
1247 4574 1297 4625 in
1351 4572 1456 4627 ﬁne
1486 4574 1669 4627 saeculi
1716 4574 1768 4628 in

178 4670 369 4716 noura
391 4678 567 4718 novus
593 4664 755 4721 homo
776 4666 1041 4736 apparuit.
1076 4665 1243 4732 Quem
1276 4681 1468 4720 novum
1499 4665 1769 4720 hominem

179 4755 310 4812 novi
354 4756 600 4814 homines
632 4758 778 4813 indui
821 4760 1039 4824 debent,
1072 4774 1194 4815 eum
1243 4759 1521 4823 imitando,
1556 4770 1609 4812 ut
1664 4760 1772 4814 sint

182 4854 477 4922 mansueti,
505 4853 684 4919 mites,
712 4853 961 4921 humiles,
992 4854 1388 4920 misericordes,
1408 4870 1511 4908 non
1540 4853 1771 4909 redden-

180 4950 270 4998 tes
298 4944 494 4998 malum
520 4960 613 5014 pro
639 4946 798 5011 malo,
829 4946 910 5000 vel
955 4946 1293 5000 maledictum
1339 4962 1433 5015 pro
1464 4947 1770 5012 maledicto,

1867 3730 2033 3796 stitia,
2066 3733 2193 3803 quia
2240 3736 2502 3787 maculam
2526 3734 2727 3805 peccati
2759 3747 2864 3788 non
2888 3733 3101 3801 habuit;
3123 3734 3321 3803 justus,
3344 3736 3468 3804 quia

1865 3824 2123 3892 justitiam
2181 3825 2393 3893 diligit;
2428 3835 2644 3878 sanctus
2669 3866 2683 3891 ,
2717 3826 2854 3879 sicut
2904 3825 3020 3893 ipse
3074 3824 3206 3879 dicit
3239 3842 3251 3878 :
3287 3825 3471 3881 Sancti

1867 3925 2046 3984 estote,
2070 3918 2189 3988 quia
2219 3927 2267 3971 et
2297 3934 2388 3989 ego
2429 3928 2637 3971 sanctus
2665 3934 2777 3970 sunt
2822 3916 3076 3970 Dominus
3107 3916 3245 3971 Deus
3286 3927 3479 3989 vester.

1870 4012 1937 4068 Et
1962 4015 2181 4076 veritas,
2212 4028 2334 4067 cum
2364 4013 2492 4067 dicit
2519 4029 2531 4064 :
2567 4011 2675 4083 Ego
2698 4028 2811 4066 sum
2849 4014 2951 4080 via,
2984 4014 3169 4065 veritas
3197 4022 3242 4065 et
3270 4013 3393 4066 vita.

1943 4107 2195 4162 PROPTER
2251 4122 2387 4170 QUOD
2435 4119 2776 4160 DEPONENTES
2832 4120 3160 4171 MENDACIUI,
3196 4119 3475 4169 LOQUIIINI

1871 4216 2173 4255 VERITATEM
2226 4213 2579 4263 UNUSQUISQUE
2627 4214 2733 4254 CUM
2764 4213 2995 4254 PBOXIMO
3024 4212 3142 4253 SUO.
3175 4198 3483 4275 Propterea,

1872 4295 1994 4363 quia
2026 4308 2220 4348 novum
2274 4291 2542 4348 hominem
2596 4291 2740 4346 indui
2774 4291 3016 4359 debetis,
3046 4291 3221 4360 primo
3251 4290 3475 4345 menda-

1874 4386 2011 4442 cium
2043 4390 2315 4459 deponere
2346 4388 2576 4453 debetis,
2602 4396 2657 4441 et
2679 4388 2959 4442 veritatem
2988 4387 3152 4453 loqui.
3175 4385 3363 4440 Simile
3386 4392 3475 4440 est

1874 4488 2015 4557 quod
2049 4486 2315 4557 pct'catOi-i
2347 4486 2477 4540 dicit
2502 4493 2718 4538 sanctus
2766 4482 2929 4536 David
2964 4498 2977 4534 :
3009 4479 3227 4533 Declina
3250 4495 3282 4532 a
3309 4479 3474 4546 malo,

1874 4590 1920 4633 et
1944 4581 2027 4648 {ac
2052 4581 2260 4634 bonum.
2292 4580 2359 4633 Et
2382 4580 2521 4634 idem
2549 4578 2823 4646 apostolus
2876 4576 2939 4629 ad
2971 4574 3151 4628 Titum
3184 4592 3196 4625 :
3236 4573 3303 4628 Ut
3324 4573 3478 4627 abne-

1875 4681 2048 4743 gantes
2099 4673 2409 4739 impietatem
2466 4678 2511 4722 et
2541 4667 2811 4723 saecularia
2854 4667 3128 4720 desideria.
3169 4665 3359 4720 Petrus
3405 4664 3478 4721 ad

1877 4777 2091 4834 Sparsos
2122 4762 2314 4835 (Epist.
2346 4760 2395 4825 Ι,
2429 4775 2510 4825 Ill,
2545 4759 2631 4826 10)
2670 4776 2683 4812 :
2718 4757 2817 4823 Qui
2847 4758 2951 4812 vult
2977 4758 3135 4811 vitam
3156 4756 3372 4829 diligere
3421 4764 3474 4809 et

1877 4858 2050 4911 ridere
2079 4858 2190 4911 dies
2216 4858 2392 4921 bonos,
2432 4864 2661 4908 coerceat
2690 4854 2921 4923 linguam
2952 4868 3098 4905 suam
3139 4869 3172 4906 a
3203 4853 3360 4905 malo.
3380 4849 3476 4905 Sic

1878 4958 1932 5007 et
1955 4951 2039 5005 hic
2073 4950 2405 5019 deponentes
2433 4947 2794 5004 mendacium.
2820 4945 3152 5004 Mendacium
3204 4954 3288 5001 est
3316 4958 3479 5000 omne

183 5042 243 5090 et
258 5033 545 5090 hissimilia
568 5052 687 5105 quae
718 5038 831 5105 ipse
843 5036 995 5105 jubet
1026 5037 1314 5106 implendo.
1331 5038 1482 5105 Quod
1509 5036 1598 5107 qui
1631 5036 1773 5092 fece-
1802 5021 1857 5081 Ῑ)
1882 5044 2104 5099 verbum
2138 5042 2408 5097 dulosum.
2430 5041 2760 5111 Augusﬁnns
2788 5040 2919 5095 dicit
2941 5054 3102 5095 omne
3131 5037 3474 5095 mendacium

185 5128 319 5194 rint,
345 5129 639 5184 induuntur
668 5146 861 5185 novum
892 5131 1160 5185 hominem
1191 5130 1488 5197 Christum,
1518 5140 1569 5185 et
1602 5133 1779 5185 valent

186 5221 372 5277 dieare
398 5240 410 5275 :
451 5222 573 5277 Vivo
597 5233 766 5277 autem
778 5226 893 5294 jam
922 5241 1023 5277 non
1043 5240 1156 5295 ego,
1172 5224 1288 5277 vivit
1316 5239 1431 5278 vero
1454 5225 1505 5277 in
1531 5240 1611 5278 me
1633 5222 1780 5278 Chri-

183 5325 319 5384 stus,
348 5331 437 5381 QUI
458 5332 734 5371 secunonu
767 5317 919 5371 Deum
949 5332 1188 5371 cunnus
1215 5328 1334 5370 EST.

260 5419 395 5475 Nota
423 5419 546 5490 quia
578 5421 629 5473 in
661 5420 956 5490 Scripturis
981 5418 1146 5473 sacris
1172 5433 1277 5473 non
1309 5416 1376 5471 de
1406 5415 1665 5481 minimis,
1686 5416 1780 5471 sed

185 5510 258 5566 de
286 5512 511 5566 summis
542 5522 595 5567 et
643 5511 924 5581 praecipuis
977 5510 1341 5566 creationihus
1386 5509 1655 5563 invenitur
1683 5524 1781 5562 no-

186 5618 338 5659 men.
364 5603 523 5659 Verbi
554 5604 756 5675 gratia:
782 5614 995 5659 creatus
1026 5613 1104 5658 est
1137 5603 1386 5670 mundus,
1412 5600 1668 5657 :cdiﬁcata
1698 5610 1782 5657 est

189 5696 385 5751 domus
408 5735 424 5763 ,
457 5698 672 5752 condita
731 5706 815 5752 est
862 5696 1011 5751 urbs.
1038 5696 1328 5752 Considera
1391 5695 1636 5750 ordinem
1673 5739 1685 5761 ,
1726 5701 1780 5749 et

189 5790 317 5871 vide
371 5789 791 5865 magnitudinem
856 5801 1189 5863 assumptum
1254 5791 1522 5846 hominem
1588 5788 1777 5844 Deum.

1885 5145 2159 5207 peccatum
2185 5151 2326 5190 esse.
2351 5134 2486 5191 Audi
2537 5144 2589 5190 et
2620 5133 2790 5189 aliud:
2812 5134 2981 5188 Odisti
3024 5148 3199 5188 omnes
3228 5132 3319 5199 qui
3346 5147 3479 5200 ope-

1883 5241 2064 5285 rantur
2086 5229 2423 5299 iniquitatem.
2453 5228 2765 5282 Proximum
2800 5226 2901 5282 hoc
2931 5228 2983 5280 in
3016 5225 3135 5281 loco
3158 5223 3480 5294 consangui-

1886 5338 2072 5389 neum,
2101 5323 2183 5376 vel
2242 5321 2618 5391 pr0pinquum,
2644 5330 2733 5375 aut
2789 5322 3021 5376 vicinum
3056 5329 3260 5375 tantum
3293 5318 3493 5374 intelli-‘

1888 5434 2014 5489 gere
2039 5435 2144 5472 non
2176 5417 2474 5483 debemus;
2508 5418 2602 5472 sed
2629 5433 2843 5473 omnem
2894 5417 3167 5472 hominem
3194 5434 3208 5483 ;
3242 5416 3480 5485 alioquin

1888 5510 1977 5580 qui
2011 5509 2282 5579 proximus
2306 5527 2412 5565 non
2444 5521 2525 5564 est
2554 5510 2712 5565 debet
2745 5510 3082 5565 mendacium
3115 5509 3343 5565 audire?
3372 5524 3481 5565 non

1890 5605 2090 5673 utique.
2120 5603 2175 5659 Si
2223 5604 2364 5658 enim
2410 5603 2711 5673 proximum
2742 5602 3197 5670 consanguineum
3255 5610 3309 5655 ut
3354 5617 3482 5672 pro-

1888 5694 2144 5764 pinquum
2177 5695 2477 5761 iutelligere
2508 5702 2713 5748 tantum
2751 5693 3030 5760 debemus,
3063 5693 3189 5764 quid
3222 5694 3483 5752 faciemus

1885 5788 1954 5844 de
2006 5804 2112 5859 quo
2163 5790 2288 5846 alibi
2341 5789 2540 5844 dictum
2598 5798 2704 5856 est,
2737 5786 2857 5842 Non
2899 5787 3213 5845 adulterabis
3266 5803 3481 5845 uxorem
