4042 6348
625 310 725 375 839

2032 307 2448 368 cucumam
3132 272 3135 275 ’
3738 320 3807 378 ιω

624 434 745 488 ideo
765 428 859 501 qui
885 425 1062 500 psallit
1089 438 1203 490 ore,
1237 425 1427 496 psallat
1449 432 1505 480 et
1529 420 1727 491 corde;
1760 422 2055 494 psallamus
2084 424 2199 494 spi-
2228 431 2281 489 Α
2311 423 2436 478 licet
2460 421 2690 493 subjecti
2718 421 2975 478 invicem.
3017 421 3253 478 Audiam
3303 423 3410 478 hoc
3440 424 3681 496 episcopi,
3705 446 3811 499 pres-

622 524 748 591 ritu,
783 520 1068 593 psallamus
1108 526 1163 573 et
1191 526 1389 572 mente.

692 616 901 672 Domino
928 627 1151 670 annus
1183 625 1436 667 accures.
1474 608 1595 663 Haec
1625 608 1891 665 sententia
1921 608 2205 680 dupliciter

622 708 844 777 intelligi
874 714 1066 775 potest,
1097 703 1196 757 hoc
1218 710 1299 756 est
1326 702 1377 755 in
1407 701 1565 756 rebus
1594 700 1851 769 acceptis,
1879 710 1932 755 et
1958 700 2204 770 perditis,

620 805 758 859 sicut
787 800 888 855 Job
914 800 989 853 ait
1017 817 1026 851 :
1064 797 1307 850 Dominus
1336 794 1498 858 dedit,
1531 791 1788 847 Dominus
1816 793 2048 859 abstulit,
2078 795 2208 849 sicut

621 894 844 949 Domino
876 893 1065 965 p’acuit
1096 893 1167 945 ita
1197 892 1388 961 factum
1416 897 1509 955 est,
1541 890 1606 943 sit
1650 904 1833 942 nomen
1879 886 2089 941 Dontini
2119 887 2205 939 be-

622 989 902 1043 nedictum.
951 985 1049 1039 Vel
1114 985 1164 1038 in
1223 982 1493 1053 prosperis
1550 989 1606 1035 et
1652 979 1913 1035 adversis.
1967 978 2100 1033 Hinc
2152 977 2205 1031 in

621 1079 828 1150 psalmo
858 1079 1064 1133 canitur
1090 1094 1104 1131 :
1135 1074 1443 1129 Beuedicam
1487 1072 1769 1127 Dominum
1812 1072 1863 1124 in
1904 1070 2042 1125 omni
2082 1078 2207 1123 tem-

620 1189 761 1245 pore,
792 1186 985 1240 semper
1017 1172 1131 1224 laus
1174 1172 1288 1239 ejus
1331 1169 1385 1221 in
1431 1183 1519 1221 ore
1549 1182 1681 1221 meo.
1716 1166 1889 1221 Aliter
1918 1183 1930 1218 :
1965 1164 2007 1219 si
2040 1164 2207 1220 habes

620 1264 856 1321 ofﬁcium
884 1262 1143 1335 psallendi
1173 1262 1227 1316 in
1268 1260 1518 1325 ecclesia,
1548 1274 1652 1315 non
1689 1268 1970 1327 prepterea
2012 1266 2065 1311 te
2113 1272 2207 1311 ex-

620 1358 808 1414 tollere
836 1359 999 1413 debes
1026 1365 1186 1427 super
1229 1364 1471 1420 caeteros,
1499 1354 1593 1409 sed
1636 1354 1810 1425 magis
1860 1353 1969 1408 Deo
2012 1352 2209 1423 gratias

619 1465 799 1521 agere,
833 1450 1014 1504 dicens
1057 1463 1176 1502 cum
1220 1445 1548 1501 Psalmista:
1587 1444 1709 1499 Non
1754 1446 1921 1510 nobis,
1967 1443 2202 1508 Domine,

619 1560 721 1598 non
768 1543 936 1609 nobis,
961 1542 1049 1596 sed
1078 1541 1271 1595 nomini
1304 1551 1389 1593 tuo
1420 1540 1487 1592 da
1527 1540 1765 1609 gloriam.
1799 1538 1912 1591 Deo
1954 1554 2017 1591 ET
2049 1552 2206 1591 PATRI

619 1649 862 1691 SUBJEC'I'I
892 1648 1106 1688 mvnceu
1140 1648 1191 1686 nt
1224 1646 1423 1685 TIMORE
1453 1630 1671 1683 Cuntsrt
1698 1648 1710 1681 :
1746 1629 1853 1683 Deo
1877 1629 2081 1683 scilicet
2114 1628 2206 1683 Dei

618 1729 776 1796 Filio,
809 1728 899 1798 qui
929 1743 1049 1783 cum
1080 1734 1226 1781 esset
1261 1724 1417 1788 Deus,
1452 1722 1615 1775 homo
1662 1721 1775 1776 fieri
1821 1721 2068 1791 dignatus
2098 1730 2203 1788 est,
2245 1752 2248 1755 λ

2307 518 2501 585 bytert,
2532 522 2588 569 et
2627 528 2818 570 omnes
2852 514 2943 584 qui
2985 523 3220 583 praesunt
3256 516 3313 571 in
3365 514 3681 588 Ecclesia,ut
3714 524 3807 581 sicut

2306 606 2486 661 caeteri
2528 605 2756 676 subjecti
2800 615 2925 663 sunt
2954 606 3057 672 eis,
3088 620 3143 663 et
3186 607 3291 676 ipsi
3337 606 3410 661 ita
3454 623 3547 677 per
3572 609 3811 671 charitsteu

2309 700 2426 754 suis
2457 698 2687 768 subjecti
2716 699 2859 766 sint,
2908 700 3157 755 hortante
3184 698 3365 773 [Cod.,
3398 700 3597 774 orante]
3634 703 3812 763 Salomo-

2309 806 2407 847 ne:
2436 790 2733 863 Principem
2755 802 2803 845 te
2826 793 3151 857 constituere,
3182 794 3289 848 noli
3316 804 3366 848 te
3393 794 3639 861 extollere,
3664 802 3729 852 sed
3746 812 3813 854 uta

2308 885 2439 937 inter
2487 885 2625 952 ipsos
2664 885 2795 938 sicut
2826 901 2962 939 unus
2996 901 3059 944 ex
3098 885 3244 956 ipsis.
3274 886 3344 941 Et
3390 885 3577 943 Paulus
3614 892 3814 957 apostolus

2308 977 2472 1033 dicit:
2499 976 2627 1031 Cum
2652 994 2812 1033 essent
2837 979 2963 1031 liber
2984 982 3049 1031 ab
3074 979 3332 1045 omnibus,
3354 980 3576 1032 omnium
3597 996 3664 1033 nte
3679 998 3815 1036 sema

2311 1072 2443 1142 feci,
2472 1082 2525 1127 et
2556 1072 2658 1127 hoc
2689 1088 2742 1128 ts
2768 1087 2965 1127 τιιιοιιε
2990 1072 3232 1127 Cantsrt.
3273 1071 3552 1127 Timentes
3592 1088 3650 1127 ne
3687 1087 3818 1144 prater

2310 1162 2648 1219 voluntatem
2676 1164 2791 1232 ejus
2819 1163 3016 1233 aliquid
3046 1163 3323 1230 faciamus,
3357 1178 3427 1219 ne
3457 1174 3655 1233 propter
3676 1166 3819 1221 lavat-es

2312 1253 2591 1310 hominum
2625 1256 2709 1309 vel
2754 1254 2975 1321 laudes;
3006 1270 3075 1309 ne
3104 1255 3319 1311 dicatur
3347 1256 3416 1310 de
3461 1256 3639 1311 nobis:
3667 1256 3818 1327 Recept-

2310 1356 2433 1401 rant
2474 1348 2760 1403 mercedem
2792 1365 2975 1412 mm;
3017 1349 3111 1403 St‘d
3156 1358 3326 1404 totum
3364 1365 3461 1418 pro
3499 1364 3664 1405 amore
3686 1349 3819 1405 Christi

2312 1440 2587 1505 faciamus,
2626 1451 2875 1495 monente
2904 1440 3166 1509 Apostolo
3200 1458 3213 1494 :
3247 1440 3371 1495 Sive
3418 1440 3723 1505 mattdttcatis,
3753 1444 3818 1495 sit:

2312 1531 2501 1597 bibitis,
2531 1534 2637 1586 sive
2661 1532 2805 1586 aliud
2836 1532 3036 1602 aliquid
3066 1532 3256 1602 facitis,
3287 1531 3463 1585 omnia
3488 1533 3539 1583 in
3566 1532 3732 1585 nomine
3751 1530 3819 1585 Do-

2310 1626 2436 1679 mini
2466 1626 2640 1696 facite.
2673 1625 2741 1679 Et
2781 1626 2974 1680 iterum
3003 1643 3015 1678 :
3052 1624 3213 1678 Omne
3261 1625 3597 1694 quodcunque
3632 1624 3759 1694 facitis
3789 1624 3822 1676 is

2311 1718 2483 1787 verbo,
2511 1726 2601 1771 aut
2631 1717 2685 1771 in
2716 1733 2870 1786 opere
2934 1718 3106 1771 omnia
3135 1717 3190 1770 in
3231 1717 3443 1771 nomine
3484 1714 3673 1769 Domini
3708 1716 3822 1784 facile.

619 1835 897 1877 assumens
928 1828 1163 1874 nostram
1197 1814 1603 1878 humanitatem,
1632 1819 1687 1865 et
1717 1811 1836 1865 ideo
1870 1810 2011 1865 Patri
2053 1810 2205 1867 vide-
2239 1846 2287 1907 Β
2313 1808 2382 1865 Et
2408 1808 2510 1865 hoc
2540 1817 2624 1865 est
2648 1810 2789 1880 quod
2817 1811 2917 1876 ait,
2943 1810 2997 1863 in
3026 1811 3209 1864 timore
3233 1805 3452 1863 Christi.

2112 2099 2390 2225 XII.

619 2293 839 2357 Lectio
869 2295 1169 2374 Epistolm
1201 2293 1370 2359 beati
1403 2296 1581 2358 Pauli
1616 2296 1886 2375 apostoli
1923 2297 1998 2357 ad
2037 2295 2347 2377 Ephesios
2382 2298 2506 2373 (vt,
2546 2297 2690 2377 10):
2728 2296 3008 2373 Fratres,
3054 2294 3127 2358 de
3158 2304 3383 2360 cetero
3422 2296 3821 2376 confortamisi.

1704 2385 1761 2437 et
1792 2378 1859 2439 in
1890 2376 2177 2455 potentia
2210 2377 2476 2437 virtutis
2512 2377 2666 2456 ejus,
2699 2382 2817 2440 etc.

1817 2497 2247 2554 COMMENTUM
2285 2497 2719 2556 LUCULENTII.

694 2614 1058 2671 Admonuerat
1081 2614 1223 2670 enim
1256 2613 1507 2683 superius
1536 2612 1811 2683 apostolus
1837 2611 2034 2666 Paulus
2062 2626 2207 2665 seor-

616 2720 733 2764 sum
757 2707 923 2768 viros,
949 2719 1191 2761 seorsum
1213 2703 1464 2768 feminas,
1491 2703 1738 2758 dominos
1760 2712 1815 2757 et
1836 2717 2041 2763 servos,
2071 2703 2209 2757 ﬁlios

614 2811 665 2855 et
688 2808 889 2869 patres,
914 2797 1132 2853 dicens:
1168 2797 1303 2861 Viri,
1336 2797 1534 2871 diligite
1558 2813 1743 2853 uxores
1768 2798 2132 2861 vestras,,sicut
2164 2808 2209 2852 et

616 2893 853 2954 (Μήλιαι
885 2891 1183 2947 Ecclesium.
1216 2890 1463 2947 Mulieres
1491 2892 1612 2945 viris
1652 2892 1759 2944 suis
1810 2889 2028 2945 subditae
2065 2890 2209 2955 sint;

616 2987 736 3057 filii,
764 2985 959 3041 obedite
983 2984 1277 3054 parentibus
1306 3000 1396 3055 per
1423 2984 1617 3039 omnia.
1652 2982 1761 3038 Hoc
1790 2984 1929 3038 enim
1958 2982 2207 3052 placitura

612 3088 701 3135 est
728 3095 778 3134 tn
821 3078 1069 3133 Domino.
1102 3077 1307 3141 Patres,
1341 3077 1499 3133 nolite
1539 3078 1606 3131 ad
1653 3078 1973 3131 iracundiam
2018 3091 2205 3147 provo-

612 3187 728 3226 care
757 3171 896 3241 ﬁlios
937 3180 1146 3236 uestros,
1174 3180 1235 3226 ut
1264 3186 1370 3225 non
1402 3169 1597 3241 pusillo
1622 3170 1804 3225 animo
1836 3171 1985 3224 liant.
2030 3169 2204 3235 Servi,

614 3265 810 3320 obedite
839 3264 1063 3319 dominis
1089 3265 1404 3332 carnalibus,
1437 3281 1539 3319 non
1585 3265 1654 3318 ad
1696 3262 1903 3319 oculum
1935 3263 2206 3318 servientes

614 3358 762 3426 quasi
790 3356 1080 3411 hominibus
1121 3358 1405 3425 placentes,
1435 3357 1528 3413 sed
1562 3356 1732 3425 magis
1779 3356 1909 3421 Deo,
1939 3362 1993 3408 et
2024 3354 2108 3409 his
2138 3355 2207 3408 si-

2321 2616 2541 2683 fratrum
2566 2622 2876 2675 nostrorum,
2900 2612 2989 2682 qui
3013 2612 3285 2666 accusabat
3310 2611 3431 2667 illos
3457 2619 3569 2665 ante
3586 2615 3822 2677 conspectus

2319 2705 2418 2760 Dei
2439 2706 2620 2761 nostri.
2645 2704 2805 2759 Juxta
2830 2705 3145 2761 llebraicam
3166 2705 3453 2762 veritatem
3470 2705 3694 2761 deorsum
3712 2701 3823 2755 ﬂuent

2321 2800 2723 2870 interpretatur,
2749 2800 2839 2869 qui
2872 2814 2967 2854 nos
2990 2800 3333 2855 invisibiliter
3358 2800 3478 2854 telis
3501 2797 3606 2855 suis
3626 2805 3823 2869 percutere

2319 2893 2450 2955 vult,
2484 2902 2669 2945 contra
2701 2906 2859 2960 quem
2890 2890 3175 2947 invisibilia
3205 2902 3333 2947 sunt
3365 2906 3515 2947 arma
3557 2889 3767 2946 sumenda
3783 2886 3823 2939 ad

2321 2984 2682 3041 resistendum
2713 2983 2784 3038 ei.

2383 3078 2627 3144 QUONIAI
2659 3091 2807 3132 nosts
2836 3094 2934 3132 nos
2962 3093 3060 3132 es'r
3086 3093 3459 3135 COLLUCTA‘I‘IO
3478 3090 3713 3135 annosus
3734 3086 3822 3128 cito

2310 3184 2417 3225 nu
2452 3187 2518 3224 cr
2564 3185 2881 3228 ειησυικεκ.
2912 3172 3054 3227 Caro
3081 3181 3134 3228 et
3180 3174 3402 3243 sanguis
3442 3170 3698 3245 aliquoties
3721 3171 3823 3230 vita.

2318 3260 2601 3331 aliquoties
2632 3273 2848 3333 peccata
2889 3262 3188 3333 signiticet,
3228 3264 3519 3334 aliquoties
3558 3261 3823 3332 parentelam,

2319 3353 2604 3422 aliquoties
2633 3356 3068 3425 propagationem
3111 3356 3330 3411 humani
3361 3357 3590 3428 generis,
3618 3351 3823 3423 aliquotis

614 3446 786 3503 milia.
821 3448 1024 3504 Deinde
1050 3462 1183 3504 vero
1213 3463 1405 3505 omnes
1429 3449 1481 3503 in
1525 3464 1690 3503 unum
1742 3446 2207 3518 comprehendens
2237 3456 2283 3517 ο
2316 3458 2690 3517 persecutores
2731 3448 2977 3504 homines
2999 3490 3014 3518 ,
3058 3448 3125 3504 de
3167 3449 3366 3518 quibus
3397 3451 3499 3505 hoc
3534 3450 3583 3504 in
3620 3448 3715 3502 loco
3743 3443 3824 3498 dicit

612 3544 777 3599 dicit:
804 3545 879 3599 De
902 3559 1122 3600 cunno
1148 3522 1537 3599 couronnattui
1563 3560 1613 3597 IN
1644 3543 1870 3597 Domi-to.
1904 3541 1980 3595 De
2002 3550 2205 3606 cwtero,

616 3635 673 3690 id
694 3646 777 3692 est
798 3636 864 3692 de
888 3637 1117 3707 reliquo.
1143 3635 1375 3691 Noverat
1396 3637 1540 3692 enim
1566 3636 1825 3705 scriptum
1853 3652 1865 3686 :
1893 3632 2208 3688 Maledictus

612 3728 765 3784 homo
807 3729 895 3797 qui
923 3728 1135 3798 conﬁdit
1162 3714 1215 3781 in
1246 3727 1469 3781 homine.
1504 3728 1568 3782 Et
1599 3740 1809 3781 rursum
1841 3741 1855 3779 :
1889 3724 2206 3780 Benedictus

620 3818 699 3873 vir
744 3821 833 3889 qui
872 3820 1086 3891 confidit
1124 3820 1177 3874 in
1211 3818 1454 3873 Domino.
1484 3819 1553 3874 Et
1581 3818 1702 3875 ideo
1729 3818 1897 3873 dicit:
1930 3817 2204 3888 Conforta-

616 3911 747 3965 mini
776 3912 831 3965 in
874 3911 1121 3977 Domino,
1158 3910 1209 3965 id
1236 3920 1319 3965 est
1343 3910 1478 3965 nihil
1506 3910 1575 3965 de
1606 3910 1798 3965 vestris
1824 3909 2032 3964 meritis
2072 3924 2208 3977 pne-

612 4004 872 4069 sumatis,
916 4014 972 4058 et
1020 4017 1233 4071 semper
1279 4004 1333 4058 in
1386 4002 1612 4057 Domino
1666 4000 2005 4071 gloriamini,
2051 4000 2205 4070 juxta

612 4097 755 4169 quod
784 4096 923 4152 idem
952 4092 1227 4165 apostolus
1253 4096 1382 4151 dicit
1412 4114 1423 4148 :
1460 4095 1563 4163 Qui
1589 4094 1867 4167 gloriatur,
1897 4096 1951 4147 in
1983 4092 2205 4147 Domino

614 4189 883 4260 glorietur.
937 4188 1002 4242 Et
1051 4187 1334 4243 Psalmista
1372 4207 1383 4241 :
1430 4188 1552 4243 Non
1597 4188 1761 4253 nobis,
1809 4186 2053 4251 Domine,
2104 4202 2205 4239 non

616 4283 784 4349 nobis,
813 4283 902 4338 sed
931 4283 1123 4337 nomini
1156 4293 1243 4336 tuo
1268 4284 1336 4336 da
1367 4282 1608 4354 gloriam.
1639 4284 1703 4337 Et
1734 4298 1802 4337 ne
1833 4283 2025 4352 aliquis
2056 4289 2209 4350 puta-

616 4384 709 4433 ret
734 4376 787 4430 in
816 4377 1037 4433 nomine
1067 4384 1274 4430 tantum
1303 4390 1455 4443 spem
1488 4390 1689 4443 ponere
1718 4374 1936 4440 debere,
1972 4373 2095 4429 ideo
2118 4373 2210 4427 ad-

614 4469 795 4540 junsit
820 4488 832 4525 :
859 4469 936 4525 Er
962 4485 1014 4524 IN
1045 4485 1308 4523 POTENTIA
1337 4482 1586 4524 VIRTUTIS
1613 4482 1756 4523 IJUS.
1792 4468 1866 4523 Ac
1890 4469 1933 4522 si
1965 4468 2202 4522 diceret:

615 4562 678 4618 lu
718 4562 937 4619 Christo
971 4562 1195 4617 Domino
1227 4562 1406 4632 ponite
1450 4575 1601 4629 Spem
1632 4571 1863 4615 vestram
1889 4604 1902 4624 ,
1937 4560 2054 4613 sine
2100 4571 2206 4626 quo

614 4654 824 4710 nullum
860 4654 1057 4709 bonum
1088 4668 1208 4710 esse
1240 4662 1436 4723 potest,
1465 4663 1520 4710 et
1559 4669 1653 4719 per
1677 4668 1833 4723 quem
1866 4653 2043 4706 omnia
2069 4651 2204 4705 bona

612 4749 934 4821 largiuntur,
987 4748 1198 4803 dicente
1241 4747 1445 4804 Jacobo
1492 4750 1777 4817 apostolo:
1814 4746 1977 4799 Omne
2026 4744 2205 4797 datum

2311 3539 2508 3594 Paulus
2534 3559 2546 3593 :
2580 3540 2745 3596 Nobis
2780 3558 2886 3596 non
2916 3551 2988 3597 est
3019 3542 3317 3597 colluctatio
3348 3547 3588 3598 adversus
3614 3553 3774 3595 comm
3796 3543 3825 3587 et

2310 3634 2650 3705 sanguinem,
2700 3649 2796 3688 seu
2828 3650 3097 3691 suvsnsus
3124 3636 3403 3692 PRINCIPBS
3434 3652 3503 3691 ετ
3549 3643 3823 3689 rorssrtrss.

2312 3723 2419 3779 Sed
2449 3726 2616 3796 magis
2641 3726 2755 3780 vult
2783 3727 3072 3783 ostendere
3093 3726 3234 3797 quod
3264 3726 3362 3797 ipsi
3400 3734 3737 3800 persecutores
3754 3719 3827 3774 dis-

2310 3814 2490 3870 bolum
2526 3818 2757 3873 habeant
2786 3830 3091 3886 auctorem,
3125 3829 3314 3875 contra
3352 3836 3517 3890 quem
3544 3833 3673 3874 arma
3698 3810 3825 3870 iurisi-

2311 3908 2438 3964 ltilia
2470 3914 2729 3967 sumenda
2754 3922 2899 3979 sunt,
2924 3922 2983 3967 ut
3010 3913 3129 3983 ipso
3159 3914 3432 3969 exstincto
3456 3912 3675 3967 homines
3693 3921 3770 3962 non
3786 3902 3827 3955 ti-

2310 4017 2571 4059 meamus.
2608 4006 2699 4062 Est
2749 4006 2891 4061 enim
2936 4007 3247 4062 colluctatio
3282 4008 3543 4064 adversus
3583 4018 3758 4061 carnem
3789 4005 3826 4053 el

2321 4100 2660 4170 sanguinem,
2691 4100 2908 4171 quando
2934 4101 3263 4167 concupiscit
3292 4115 3424 4157 caro
3453 4100 3685 4155 adversus
3719 4091 3826 4163 spiri-

2312 4201 2447 4246 tum.
2496 4192 2717 4248 Scilicet
2765 4208 2832 4249 ex
2881 4192 2985 4249 hoc
3035 4194 3281 4265 exemplo
3311 4195 3563 4266 colligere
3613 4196 3825 4262 possum"!

2312 4284 2527 4355 quando
2553 4284 2665 4354 ipsa
2688 4300 2817 4341 caro
2848 4287 3183 4357 concupiscit
3211 4289 3476 4344 adversus
3507 4285 3736 4357 spiritum,
3756 4290 3823 4333 non

2311 4374 2415 4429 nisi
2448 4376 2757 4431 instinctum
2789 4375 3015 4439 diaboli,
3073 4379 3326 4445 quoniam
3361 4394 3469 4433 non
3501 4387 3578 4433 est
3605 4374 3730 4428 nobis
3752 4368 3824 4422 col-

2316 4472 2575 4538 luctatio,
2624 4481 2727 4525 etc.
2762 4473 3063 4543 Peragratis
3094 4473 3237 4528 enim
3278 4474 3506 4545 legendo
3534 4468 3735 4527 seriebus
3759 4460 3824 4513 Ve-

2311 4566 2442 4621 teris
2482 4580 2543 4619 ac
2590 4563 2721 4619 Novi
2752 4564 3103 4633 Testamenti,
3133 4582 3395 4636 nusquam
3432 4567 3650 4637 reperire
3681 4552 3824 4630 poterit

2314 4659 2585 4729 principes
2634 4668 2689 4714 et
2731 4668 3024 4729 potestates
3075 4659 3345 4715 daemones
3375 4674 3495 4715 esse
3540 4658 3715 4715 dictos,
3755 4641 3825 4700 υἱεῖ

2312 4750 2544 4820 primum
2579 4750 2680 4804 hoc
2712 4750 2764 4804 in
2798 4750 2936 4807 loco.
2979 4750 3097 4817 Quo
3128 4752 3345 4807 nomine
3376 4750 3648 4820 Apostolus
3669 4744 3760 4800 ideo
3779 4735 3822 4790 ad

612 4843 866 4911 optimum
885 4840 950 4895 de
974 4857 1180 4895 sursum
1204 4850 1299 4894 est.
1336 4840 1556 4895 Inuum:
1588 4854 1682 4892 vos
1712 4852 2043 4893 auununan
2075 4835 2166 4889 ῡει
2186 4878 2201 4904 ,
2231 4851 2283 4912 ι)
2312 4842 2573 4912 Ephesios
2615 4844 2833 4913 scripsit
2873 4842 2939 4896 de
2988 4842 3348 4898 inuisibilibus
3400 4839 3668 4899 creaturis,
3709 4828 3822 4886 multa

612 4948 681 4988 ur
712 4947 943 4988 POSSI'I‘IS
974 4946 1139 4987 δτΑιιε
1173 4947 1441 4988 Αυνεκευε
1490 4946 1712 4988 ικειυιλε
1742 4945 1971 4985 utsoou.
2005 4930 2079 4983 Ex
2122 4928 2204 4982 his

612 5025 757 5079 enim
786 5037 906 5094 quas
932 5022 1071 5080 intra
1101 5023 1366 5094 leguntur,
1392 5032 1448 5077 et
1476 5023 1540 5077 iis
1568 5038 1685 5092 qua:
1713 5022 1801 5077 hic
1826 5020 1957 5075 dicit
1986 5027 2204 5088 aposto-

614 5116 697 5170 lus
728 5115 946 5181 Paulus,
978 5114 1146 5169 totum
1189 5114 1256 5169 de
1298 5113 1514 5169 Christo
1556 5114 1859 5183 intelligere
1900 5126 2201 5182 possumus.

616 5207 764 5264 Sicut
803 5210 946 5265 enim
990 5208 1262 5279 cingulum
1308 5209 1526 5274 veritas,
1558 5218 1612 5263 et
1648 5208 1811 5263 lorica
1840 5207 2045 5276 justitia
2086 5215 2203 5270 est,

613 5302 742 5371 quin
770 5302 990 5358 dubium
1018 5299 1267 5358 Christus
1289 5310 1344 5359 et
1371 5302 1591 5367 veritas,
1622 5301 1900 5371 ctjustitia
1934 5310 2045 5365 est;
2078 5314 2206 5370 ergo

613 5397 703 5466 qui
749 5397 1028 5454 veritatem
1057 5406 1113 5453 et
1143 5397 1406 5468 justitiam
1457 5396 1672 5452 indutus
1719 5396 1899 5461 fuerit,
1931 5393 2203 5449 Christum

610 5487 831 5545 indutus
876 5491 1009 5558 erit;
1051 5504 1210 5561 quem
1260 5504 1481 5546 necesse
1526 5498 1611 5545 est
1656 5488 1827 5557 indui,
1874 5486 1965 5557 qui
2016 5495 2201 5542 contra

618 5580 891 5638 diabolum
924 5584 1036 5638 vult
1063 5582 1343 5639 dimicare.
1375 5582 1628 5639 Diabolus
1656 5582 1800 5636 enim
1825 5596 2019 5637 nomen
2053 5578 2204 5635 Crte-

620 5687 741 5730 cum
769 5686 883 5742 est,
929 5676 1117 5732 Latine
1144 5676 1456 5733 criminator
1480 5675 1715 5731 dicitur:
1750 5675 1852 5729 iste
1891 5683 1974 5729 est
2017 5673 2203 5728 crimi-

612 5777 789 5833 nator,
822 5768 888 5821 de
916 5784 1021 5837 quo
1048 5769 1099 5822 in
1128 5769 1450 5837 Apocalypsi
1493 5768 1716 5837 legimus
1754 5766 1955 5822 dixisse
1982 5774 2199 5819 sanctos

613 5855 727 5914 Deo
758 5874 773 5915 :
803 5856 1007 5915 Gratias
1032 5861 1123 5917 tibi
1144 5862 1363 5933 agimus,
1387 5861 1509 5931 quia
1531 5862 1789 5931 projectus
1818 5868 1893 5916 est
1929 5868 2200 5915 accusator
2239 5935 2249 5942 _

2310 4932 2415 4988 illis
2447 4935 2735 4990 ostendere
2777 4934 2981 4988 volens.
3012 4934 3078 4989 Et
3126 4937 3246 5003 quia
3288 4935 3597 4990 exercitatos
3624 4923 3821 4983 habebam

2308 5039 2501 5080 sensus
2528 5026 2593 5080 ad
2640 5026 2983 5097 intelligenda
3015 5027 3179 5081 etiam
3210 5026 3419 5082 occulta
3441 5071 3456 5095 ,
3500 5023 3611 5079 ideo
3646 5019 3700 5073 de
3731 5007 3824 5065 ἰηνὶο

2311 5118 2558 5174 sibilibus
2588 5119 2849 5174 creaturis
2877 5120 3084 5174 diversa
3112 5121 3327 5175 nomina
3356 5120 3436 5175 eis
3458 5113 3693 5188 prardixit.
3719 5101 3821 5160 Dixit

2312 5212 2453 5265 enim
2483 5228 2494 5262 :
2530 5210 2651 5265 Non
2696 5220 2767 5265 est
2806 5210 2949 5265 nobis
2977 5209 3275 5266 colluctatio
3319 5212 3555 5265 adversus
3594 5212 3756 5257 carnem
3790 5199 3821 5243 tl

2313 5304 2650 5373 sanguinem,
2692 5302 2781 5356 sed
2809 5303 3053 5357 adversus
3099 5304 3355 5373 principes
3400 5312 3445 5355 et
3485 5304 3730 5370 potestates,
3754 5299 3816 5338 Αυ·

2311 5410 2509 5451 νγιιευε
2539 5412 2701 5451 κυμυι
2728 5412 3001 5451 RECTORES
3029 5412 3386 5451 TENEBBARUI
3420 5407 3609 5451 BARL'I.
3637 5378 3819 5452 ᾹΓρθΗ³1

2311 5490 2451 5546 enim
2484 5492 2751 5559 principes
2783 5500 2838 5545 et
2880 5498 3177 5561 potestates
3200 5489 3383 5543 mundi
3416 5494 3647 5543 rectores,
3673 5475 3817 5530 damur

2311 5599 2407 5640 nes
2436 5584 2524 5655 qui
2549 5596 2675 5641 sunt
2702 5585 2955 5655 majores.
3002 5584 3106 5640 Sed
3147 5584 3369 5640 minoris
3404 5578 3592 5638 ordinis
3614 5569 3818 5655 damon“

2311 5654 2465 5733 sunt.
2489 5678 2640 5735 Sicut
2667 5654 2896 5734 dicimus
2919 5678 2985 5733 de
3010 5676 3268 5748 angelicis
3295 5671 3617 5747 dignitatibus
3638 5654 3815 5751 οηκειοξν

2311 5770 2699 5841 archangelos,
2752 5779 2972 5841 propter
3025 5770 3433 5825 diminutionem
3478 5763 3729 5821 minorum;
3764 5752 3815 5797 ⁵³⁸

2309 5859 2539 5919 dicimus
2567 5862 2841 5921 daemones
2870 5864 3199 5935 principatus
3240 5871 3294 5918 et
3335 5864 3626 5933 potestates.
3654 5843 3814 5918 Pro?”
