4042 6348
271 297 373 354 841

1467 309 1533 365 ΙΝ
1570 308 1722 365 CAP.
1768 306 1809 362 ν
1853 306 1946 364 ΔΙ)
1986 304 2338 365 EPHESIOS.

3444 304 3545 359 842

270 412 531 471 scelerum
559 417 837 475 malitiam.
876 420 1088 490 Quanto
1110 423 1256 479 enim
1287 422 1597 481 callidiores
1635 433 1760 481 sunt
1785 423 1853 479 ad
1882 430 1931 491 Α
1958 424 2098 479 circa
2124 421 2333 477 lumbos
2358 432 2505 485 suos,
2530 431 2597 475 ne
2618 418 2764 473 tluxu
2790 415 3011 473 seminis
3038 415 3387 486 pollueretur.
3413 415 3549 472 Hinc

269 509 602 566 suadendam
642 513 927 581 malitiam,
977 523 1123 573 tanto
1162 518 1393 589 majores
1422 533 1542 575 esse
1579 519 1849 575 videntur.

270 602 340 659 Ut
379 605 527 665 verbi
568 610 738 680 gratia
765 610 960 680 dicam,
990 614 1114 669 mali
1144 624 1270 671 sunt
1296 617 1570 672 daemones
1599 616 1691 687 qui
1734 630 1854 685 per-

268 705 548 769 petrantur
574 704 880 773 homicidia,
926 706 1137 778 pejores
1162 712 1251 781 qui
1279 709 1572 765 fratricidia
1599 720 1652 766 et
1680 707 1856 779 parri-

267 792 428 848 cidia.
460 793 549 850 Sic
571 794 639 851 de
676 797 955 867 adulteris,
986 800 1054 856 de
1096 803 1349 870 incestis,
1380 804 1448 859 de
1493 802 1685 874 quibus
1727 816 1853 871 pro-

270 887 431 958 pheta
476 884 651 947 dicit:
694 892 896 964 Spiritu
941 896 1291 966 fornicationis
1338 898 1533 952 seducti
1560 907 1696 952 sunt.
1746 895 1891 959 llos,

265 980 409 1036 enim
439 983 671 1077 appellat
697 986 967 1057 principes
1004 997 1059 1044 et
1084 999 1401 1077 potestates,
1431 989 1530 1045 hos
1556 987 1739 1044 mundi
1768 1002 1853 1043 re-

264 1081 445 1129 ctores
463 1074 805 1133 tenebrarum
829 1079 1039 1147 harum,
1059 1081 1156 1137 hos
1176 1074 1417 1138 nominat
1436 1098 1734 1139 SPIRI'I‘ALIA
1758 1098 1856 1137 ar:-

262 1180 459 1231 Qunw
490 1166 580 1244 [In
607 1169 767 1239 Cod.,
790 1184 1102 1244 constanter,
1131 1176 1384 1249 nequitia]
1416 1193 1466 1231 IN
1495 1192 1849 1233 CELESTIBUS.

262 1259 444 1316 Mundi
472 1274 713 1320 rectores
734 1265 1007 1325 deemones
1034 1270 1286 1340 appellat,
1314 1271 1457 1327 unde
1478 1281 1531 1327 et
1556 1271 1811 1328 Dominus
1835 1289 1847 1325 :

262 1351 424 1409 Nunc
457 1356 693 1429 princeps
724 1363 905 1415 mundi
932 1362 1165 1432 ejiciatur
1196 1366 1358 1435 foras.
1408 1365 1525 1436 lpse
1555 1365 1653 1420 fuit
1692 1380 1853 1436 ange-

262 1447 349 1500 lus
381 1445 617 1517 prlmus,
650 1453 741 1523 qui
782 1465 999 1526 propter
1027 1458 1330 1529 superbiam
1361 1460 1554 1515 cecidit
1586 1463 1654 1516 de
1691 1461 1847 1517 ccelo.

260 1541 446 1612 Ipsum
472 1544 803 1618 improperat
828 1551 1013 1607 dicens
1042 1568 1055 1606 :
1087 1552 1354 1620 Quomodo
1375 1555 1600 1610 cecidisti
1620 1555 1682 1610 de
1702 1556 1848 1623 ctelo,

253 1634 462 1707 lucifer,
514 1640 601 1710 qui
632 1642 878 1696 oriebaris
930 1647 1114 1700 mane?
1138 1648 1400 1715 corruisti,
1426 1648 1516 1719 qui
1544 1646 1850 1703 vulnerabas

252 1730 469 1798 gentes!
498 1730 615 1801 Ipse
645 1743 730 1789 est
765 1737 989 1807 angelus
1038 1741 1376 1796 tenebrarum
1399 1783 1413 1807 ,
1455 1742 1522 1797 de
1571 1757 1676 1812 quo
1719 1742 1846 1798 dicit

1963 516 2216 574 Salomon
2257 514 2432 568 dixit:
2465 511 2589 566 Tria
2624 520 2743 566 sunt
2786 527 2902 582 qua:
2942 511 3065 564 bene
3107 508 3447 581 gradiuntur,
3500 518 3548 563 et

1956 620 2199 684 quartum
2228 608 2415 665 incedit
2464 606 2717 678 feliciter;
2750 606 2825 660 leo
2856 604 3164 676 fortissimus
3215 600 3487 657 bestiarum
3516 620 3549 656 α

1956 704 2150 759 nullius
2194 705 2390 775 pavebit
2421 716 2671 767 occursu;
2710 698 2879 773 gallus
2926 701 3207 755 succinctus
3238 698 3452 763 lumbis;
3500 705 3549 751 et

1957 805 2091 857 aries
2116 844 2131 869 ,
2181 818 2271 856 nec
2298 810 2370 855 est
2399 816 2491 853 rex
2528 798 2616 869 qui
2663 797 2864 853 resistat
2913 797 2976 851 ei.
3010 795 3194 851 Gallus
3241 792 3548 850 succinctus

1956 896 2190 963 lumbos,
2222 901 2436 950 sanctos
2462 891 2725 962 signiﬁcat
2751 888 3152 959 praedicatores,
3180 886 3272 957 qui
3302 887 3352 941 in
3378 900 3547 939 mem-

1956 992 2065 1049 bris
2088 992 2285 1047 tluxum
2317 988 2542 1045 luxuritc
2572 986 2921 1055 restringunt.
2951 982 3129 1038 Estote
3154 997 3273 1053 ergo
3299 979 3549 1035 succincti

1956 1084 2151 1139 lumbos
2181 1091 2369 1137 vestros
2392 1082 2447 1134 in
2475 1078 2701 1143 veritate,
2734 1076 2786 1133 id
2822 1084 2907 1133 est
2934 1074 3182 1130 castitate
3224 1070 3415 1127 muniti
3479 1084 3548 1124 nc

1954 1176 2023 1232 ab
2053 1161 2294 1231 hostibus
2321 1171 2605 1229 corruatis.

2029 1269 2104 1323 ΕΤ
2131 1281 2372 1324 οΑιοιΑτι
2402 1280 2566 1320 PEDES
2598 1278 2649 1318 IN
2680 1271 3097 1316 PREPARATIONE
3129 1269 3414 1312 ενΑΝςειιι
3454 1270 3547 1309 ΡΑ·

1954 1375 2057 1416 crs.
2090 1359 2242 1417 Sicut
2265 1357 2409 1415 enim
2438 1363 2565 1412 sunt
2591 1356 2858 1410 exteriora
2890 1348 3154 1414 membra,
3184 1360 3373 1401 manus
3404 1344 3547 1400 scili-

1953 1461 2060 1517 cet,
2093 1453 2255 1516 oculi,
2281 1449 2514 1516 auditus,
2540 1449 2785 1510 oltactus,
2812 1453 2868 1500 et
2897 1453 3093 1505 tactus,
3119 1441 3198 1497 sic
3226 1448 3353 1494 sunt
3378 1447 3435 1494 et
3458 1435 3545 1493 in-

1953 1548 2171 1603 teriora.
2222 1545 2289 1600 Et
2319 1550 2440 1599 nota
2470 1541 2591 1612 quia
2620 1539 2837 1612 quidem
2867 1537 3116 1592 virtutem
3149 1534 3343 1590 anima:
3387 1530 3545 1598 dixit,

1954 1636 2117 1707 pedes
2145 1648 2287 1699 esse,
2336 1633 2459 1704 quia
2488 1631 2785 1687 exteriores
2815 1627 2979 1699 pedes
3030 1626 3134 1682 nisi
3176 1622 3384 1681 calciati
3422 1619 3545 1677 fue-

1954 1731 2089 1798 rint,
2134 1728 2412 1787 oﬁendunt
2458 1728 2513 1782 in
2546 1724 2779 1795 lapidem
2809 1738 2906 1780 seu
2936 1730 3179 1789 sentem,
3219 1730 3273 1774 et
3311 1715 3545 1788 expediti

250 1821 488 1880 Paulus:
521 1827 622 1893 Qui
649 1845 766 1883 cum
794 1832 862 1884 sit
891 1833 1104 1906 angelus
1135 1837 1478 1903 tenebrarum,
1508 1837 1767 1907 ﬁgurabat
1793 1854 1834 1892 st

1953 1826 2055 1880 iter
2103 1838 2322 1893 carpere
2362 1836 2469 1876 non
2493 1828 2737 1891 possunt.
2788 1817 2878 1875 Sic
2905 1815 3072 1887 pedes
3110 1812 3303 1868 animae
3342 1819 3546 1867 nostra:

250 1913 306 1968 in
333 1919 573 1989 angelum
603 1920 754 1977 lucis.
792 1924 888 1980 Est
918 1927 1101 1982 mundi
1142 1938 1339 1996 rector,
1372 1932 1610 1985 omnium
1642 1932 1846 1988 scilicet

247 2019 551 2065 amatorum
578 2015 788 2083 mundi,
813 2017 901 2086 qui
923 2019 1180 2075 mundum
1210 2021 1455 2093 diligunt.
1483 2023 1681 2079 llorum
1699 2024 1843 2080 enim

244 2111 448 2169 rector,
479 2113 532 2159 et
577 2121 760 2163 sessor
806 2110 1025 2179 pariter,
1060 2121 1116 2168 et
1145 2112 1393 2170 diabolus
1421 2125 1535 2186 est,
1566 2126 1619 2173 et
1656 2131 1845 2172 omnes

244 2204 556 2265 peccatores
585 2199 820 2257 tenebrae
848 2202 1134 2274 aliquoties
1175 2216 1471 2275 mutantur,
1496 2218 1550 2264 et
1575 2209 1708 2265 ﬁunt
1730 2211 1840 2278 lux,

242 2289 385 2345 sicut
406 2289 599 2348 dicitur
625 2293 693 2350 de
724 2295 828 2350 illis
853 2314 865 2352 :
896 2294 1096 2353 Fuistis
1127 2299 1405 2372 aliquando
1436 2304 1677 2372 tenebras,
1706 2322 1843 2360 nunc

240 2392 415 2439 autem
444 2384 536 2440 lux
562 2385 785 2442 Domino
814 2404 832 2441 :
855 2405 1080 2461 quorum
1107 2401 1285 2449 rector
1314 2393 1548 2449 efﬁcitur
1568 2392 1836 2466 Christus,

237 2487 297 2534 et
325 2478 520 2536 dicitur
546 2481 612 2537 de
638 2483 742 2540 illis
770 2502 782 2537 :
817 2483 1117 2558 Quicunque
1162 2489 1351 2560 spiritu
1380 2487 1479 2544 Dei
1514 2499 1772 2562 aguntur,
1802 2489 1841 2546 ii

239 2572 342 2643 ﬁlii
367 2584 483 2629 sunt
515 2574 633 2630 Dei.
665 2576 857 2634 Contra
894 2581 1153 2651 spiritalia
1185 2585 1424 2655 nequitia:
1452 2585 1505 2639 in
1533 2586 1834 2643 ccclestibus.

236 2663 513 2735 Spiritalia
543 2670 684 2725 enim
717 2674 967 2741 nequitia:
998 2674 1117 2742 fuit,
1148 2675 1239 2746 qui
1274 2677 1479 2733 habitat
1510 2680 1565 2734 in
1599 2680 1837 2737 caelesti-

231 2757 362 2814 bus.
392 2760 707 2833 Quanquam
753 2766 1064 2823 amisissent
1108 2769 1532 2840 beatitudinem,
1563 2783 1618 2830 et
1658 2774 1836 2846 perdi-

232 2852 450 2910 dissent
491 2856 824 2925 claritatem,
868 2876 974 2916 non
1020 2863 1315 2921 amiserunt
1355 2868 1738 2937 subtilitatem,
1782 2881 1831 2926 et

235 2945 365 3002 ideo
413 2946 547 3003 dicit
584 2949 637 3002 in
669 2950 973 3021 caelestibus,
1004 2954 1125 3027 quia
1170 2959 1221 3012 in
1265 2960 1573 3016 czelestibus
1596 2974 1739 3031 sunt,
1768 2962 1837 3020 de

232 3040 428 3114 quibus
477 3043 531 3097 in
574 3044 866 3115 Evangelio
923 3049 1179 3106 Dominus
1222 3051 1347 3107 dicit
1384 3070 1396 3107 :
1446 3052 1688 3112 Volucres
1719 3058 1835 3113 caeli

233 3138 561 3193 comederunt
591 3140 742 3195 illud.
770 3140 884 3197 Non
914 3142 1035 3200 dico
1062 3146 1258 3201 caelum
1288 3150 1605 3217 aethereum,
1645 3152 1729 3207 vel
1759 3152 1832 3208 si-

1952 1918 2054 1974 nisi
2102 1916 2301 1972 fuerint
2330 1915 2541 1971 calciati
2567 1929 2635 1969 ex
2658 1911 2819 1968 coriis
2845 1918 3177 1967 mortuorum
3202 1906 3540 1973 animalium,

1948 2011 2291 2081 antiquorum
2334 2008 2543 2063 scilicet
2589 2005 2839 2075 exemplo
2874 2013 3086 2073 patrum
3123 2000 3347 2066 muniti,
3399 2006 3546 2053 recte

1949 2108 2152 2175 absque
2199 2086 2524 2157 oﬁ'én‘diculo
2551 2100 2602 2154 in
2645 2097 2728 2153 via
2777 2096 3149 2151 mandatorum
3199 2092 3297 2148 Dei
3326 2105 3545 2147 currere

1949 2214 2054 2254 non
2091 2195 2294 2253 valent.
2330 2195 2492 2250 Recte
2518 2190 2651 2248 dicit
2680 2187 2949 2260 Evangelii
2994 2187 3156 2257 pacis,
3188 2185 3256 2240 de
3285 2199 3392 2254 quo
3418 2182 3545 2237 alibi

1946 2292 2221 2363 Scriptura
2246 2309 2259 2345 :
2287 2290 2456 2356 Quam
2482 2288 2699 2360 speciosi
2722 2286 2874 2357 pedes
2900 2282 3360 2355 ebangelizantium
3378 2276 3543 2332 bona!

1945 2385 2131 2442 Induti
2159 2385 2371 2439 loricam
2392 2381 2634 2455 justitiaa.
2662 2380 2852 2436 Lorica
2882 2377 3025 2434 enim
3063 2391 3129 2431 ex
3158 2374 3337 2430 multis
3362 2374 3541 2441 virgu-

1945 2482 2010 2537 lis
2039 2481 2256 2545 texitur,
2291 2480 2368 2533 sic
2397 2477 2557 2533 homo
2580 2474 2763 2532 multis
2785 2470 3070 2529 virtutibus
3097 2468 3285 2535 fultus,
3312 2466 3539 2522 interius

1944 2574 2166 2630 loricam
2203 2570 2424 2642 justitia‘.
2470 2567 2723 2633 indutus,
2753 2565 2821 2620 ab
2858 2563 3004 2619 omni
3035 2561 3154 2617 zelo
3183 2560 3384 2615 inimici
3437 2556 3541 2613 erit

1942 2666 2165 2722 illzcsus.
2209 2665 2263 2719 IN
2290 2676 2515 2719 ouamus
2544 2671 2821 2715 suasurus
2849 2670 3058 2711 scus-ou
3088 2668 3248 2708 nam.
3277 2651 3426 2707 Sicut
3449 2664 3540 2704 su-

1943 2759 2124 2831 perius
2155 2744 2337 2814 texere
2368 2755 2629 2825 capimus
2676 2752 2742 2808 de
2770 2750 2964 2817 armis,
2997 2749 3075 2805 sic
3100 2761 3243 2802 nunc
3272 2746 3339 2801 de
3384 2751 3538 2799 scuto

1940 2855 2141 2926 aliquid
2164 2854 2450 2910 dicendum
2479 2862 2582 2908 est.
2610 2848 2669 2906 Si
2696 2849 2816 2920 quis
2845 2848 2986 2902 enim
3009 2844 3172 2901 homo
3202 2843 3428 2908 cinctus,
3455 2839 3537 2893 in-

1938 2948 2099 3004 dutus
2136 2948 2300 3004 lorioa
2332 2947 2510 3013 fuerit,
2555 2955 2607 3001 et
2636 2943 2889 3000 calciatos
2914 2940 3161 2995 habuerit
3193 2936 3377 3008 pedes,
3408 2948 3532 3004 per-

1937 3057 2068 3115 gens
2106 3041 2159 3097 in
2186 3041 2460 3096 inimicum
2486 3052 2663 3104 suum,
2696 3052 2801 3092 non
2838 3034 3040 3090 habens
3069 3042 3302 3095 scutum,
3337 3028 3527 3082 vulne-

1938 3147 2086 3192 ratus
2107 3152 2136 3190 a
2165 3136 2370 3191 lanceis
2402 3148 2497 3189 seu
2524 3131 2753 3202 sagittis,
2786 3130 2838 3183 in
2862 3125 3209 3183 similitudine
3239 3122 3385 3179 cervi
3410 3135 3534 3177 cor-

234 3236 593 3304 dereum,sed
614 3242 1129 3313 aereum,quidquid
1152 3260 1283 3301 aves
1298 3247 1420 3302 οωιί
1450 3216 1691 3304 mum“.
1715 3247 1835 3306 σω-
1864 3218 1912 3285 C
1944 3232 2084 3295 ruit;
2116 3228 2160 3284 si
2188 3237 2365 3284 autem
2393 3233 2602 3282 scutum
2631 3222 2894 3287 habuerit,
2919 3219 3093 3291 jacula
3124 3218 3324 3274 inimici
3353 3216 3458 3272 huc
3476 3224 3533 3272 et

234 3328 349 3384 lum
380 3330 515 3398 hoc,
549 3332 690 3402 quod
720 3332 861 3389 inter
907 3336 1105 3392 caelum
1137 3346 1192 3393 et
1224 3347 1423 3395 terram
1455 3348 1541 3397 est
1570 3342 1831 3409 medium,

238 3422 467 3492 Spll’ilall
496 3423 735 3496 nequitia
768 3426 987 3496 plenum
1026 3444 1146 3487 esse
1173 3430 1391 3488 dicitur.
1427 3435 1493 3489 Et
1522 3434 1642 3491 ideo
1672 3436 1834 3506 spiri—

235 3516 366 3573 talia
406 3519 657 3590 nequitiae
704 3536 963 3591 superare
989 3538 1089 3594 pro
1129 3526 1468 3594 caelestibus,
1511 3528 1715 3586 scilicet
1745 3530 1831 3585 di-

231 3612 431 3669 micare
459 3612 741 3683 debemus,
774 3615 899 3686 quia
946 3633 1161 3688 regnum
1192 3620 1435 3676 caelorum
1466 3622 1564 3676 vim
1605 3624 1826 3694 patitur.

306 3715 631 3773 ΡΒΟΡΤΕΒΕΔ
679 3734 925 3775 Αεοιριτε
956 3737 1280 3779 ARIATUBAII
1311 3741 1437 3791 DEI,
1484 3742 1551 3780 UT
1601 3741 1831 3782 POSSITIS

231 3824 522 3867 IESISTERE
544 3828 594 3867 IN
625 3828 713 3868 DIE
737 3830 897 3882 MALO,
926 3832 990 3871 ΕΤ
1018 3832 1070 3871 IN
1091 3832 1319 3874 OHNIBUS
1345 3835 1605 3874 PERFECTI
1634 3836 1826 3875 STARE.

233 3902 527 3974 Propterea
578 3909 700 3979 quia
732 3925 839 3965 non
867 3911 1019 3968 vobis
1048 3911 1354 3969 colluctatio
1400 3914 1656 3971 adversus
1703 3931 1825 3971 car-

231 4010 358 4052 nem
388 4005 443 4053 et
477 3999 791 4071 sanguinem
814 4042 829 4067 ,
878 4003 1094 4075 accipite
1120 4015 1437 4061 armaturam
1478 4005 1597 4074 Dei,
1626 4025 1745 4077 qua:
1774 4010 1827 4063 in

232 4088 683 4160 subsequentibus
737 4095 1015 4164 aposmlus
1069 4097 1264 4154 Paulus
1316 4109 1662 4157 enumeratus
1720 4111 1824 4159 est.

240 4178 309 4235 Ut
350 4183 555 4251 possitis
598 4186 832 4241 resistere
860 4188 916 4241 in
945 4187 1029 4242 die
1059 4191 1215 4247 malo.
1251 4190 1403 4246 Diem
1450 4192 1652 4249 malum
1697 4193 1831 4249 dicit

240 4290 479 4346 praesens
510 4288 742 4350 tempus,
763 4279 831 4337 de
853 4296 961 4352 quo
985 4296 1145 4354 supra
1175 4283 1375 4341 dictum
1405 4295 1487 4341 est
1512 4303 1526 4341 :
1555 4286 1826 4343 Redimen-

240 4380 316 4427 tes
340 4381 559 4443 tempus,
586 4374 826 4443 quoniam
854 4375 964 4430 dies
993 4376 1117 4432 ntali
1146 4386 1286 4432 sunt.
1318 4379 1425 4434 Aut
1452 4378 1592 4435 diem
1615 4379 1823 4449 judicii,

230 4463 300 4520 de
328 4479 435 4535 quo
481 4465 742 4535 pmpheta
773 4466 851 4522 ait
882 4483 897 4522 :
929 4465 1053 4523 Dies
1079 4466 1175 4522 illa
1223 4468 1332 4523 dies
1380 4469 1492 4524 ἅνω.
1545 4468 1611 4525 Ut
1658 4472 1712 4525 in
1742 4472 1826 4526 die

228 4556 369 4611 malo
397 4558 628 4613 resistere
654 4559 883 4630 possitis,
914 4561 1130 4631 accipite
1159 4571 1472 4617 armaturam
1496 4560 1624 4631 Dei,
1658 4563 1710 4619 id
1741 4573 1824 4621 est

229 4655 569 4726 accingimini
618 4669 713 4711 vos
762 4655 1046 4711 Dominum
1088 4657 1271 4714 Iesum
1302 4657 1597 4713 Christum.
1650 4659 1720 4714 Et
1762 4659 1819 4715 in

229 4747 478 4805 omnibus
526 4746 748 4817 perfecti
778 4758 943 4805 stare.
983 4749 1202 4806 Scilicet
1243 4768 1334 4823 per
1358 4768 1503 4807 arma
1542 4752 1760 4821 justitia:
1785 4768 1819 4806 a

228 4840 421 4897 dextris
457 4850 504 4897 et
543 4858 575 4897 a
602 4843 839 4899 sinistris.
871 4844 1081 4902 Es'rore
1124 4861 1262 4902 uaco
1303 4862 1573 4903 SUCCINCTI
1619 4863 1819 4904 Lunnos

230 4950 464 4991 VESTROS
492 4953 542 4992 IN
584 4950 886 5006 VERITA‘I‘B,
942 4955 1009 4993 ΕΤ
1055 4954 1238 4995 ιαουτι
1280 4956 1506 4997 LORICAI
1544 4957 1813 4998 ιυετιτιιε.

229 5027 346 5086 lam
378 5030 518 5085 enim
574 5031 759 5101 incipit
804 5047 1075 5103 exponere
1104 5049 1225 5103 qua:
1264 5033 1337 5089 sit
1363 5044 1631 5090 armatura
1678 5033 1814 5102 Dei,

229 5136 389 5192 quam
420 5122 668 5194 superius
698 5123 846 5180 indui
870 5124 1120 5196 iusserat.
1153 5126 1220 5181 Et
1243 5141 1400 5197 quem
1432 5127 1594 5183 alium
1634 5125 1819 5182 debuit

229 5213 461 5285 primum
509 5230 710 5285 ponere
754 5217 807 5272 in
838 5228 1105 5274 armatura
1146 5219 1273 5286 Dei,
1302 5234 1464 5289 quam
1505 5218 1816 5290 cingulum?

232 5305 394 5364 Verbi
421 5309 647 5379 gratiam
678 5308 876 5378 dicam,
908 5312 954 5366 si
985 5312 1103 5381 quis
1132 5312 1476 5382 belligerator
1504 5322 1690 5369 contra
1720 5311 1818 5368 ho-

229 5413 369 5464 stem
399 5421 671 5479 pergens,
694 5421 913 5465 necesse
938 5407 1113 5463 habet
1140 5408 1432 5478 cingulum,
1464 5423 1532 5466 ne
1561 5410 1700 5465 ﬂuxa
1726 5424 1818 5466 ve-

228 5499 477 5556 stimenta
505 5499 891 5571 impedimento
920 5498 1069 5566 ﬁant,
1097 5507 1152 5556 et
1179 5508 1392 5556 corruat
1428 5500 1481 5555 in
1523 5510 1817 5571 conspectu

231 5591 430 5650 inimici
459 5595 576 5662 sui;
608 5596 687 5649 sic
713 5594 963 5649 nimirum
992 5608 1215 5649 necesse
1242 5602 1345 5662 est,
1381 5602 1437 5646 ut
1459 5592 1622 5647 lumbi
1651 5592 1815 5648 vestri

229 5687 501 5757 priscincti
528 5688 636 5743 sint
685 5686 739 5742 in
770 5686 1039 5754 castitate,
1069 5685 1137 5743 de
1160 5700 1266 5756 quo
1292 5685 1343 5740 in
1383 5684 1670 5757 Evangelio
1712 5685 1818 5740 Do-

232 5781 432 5836 minum
456 5781 656 5838 dixisse
677 5790 840 5852 puto:
867 5780 985 5837 Sint
1015 5779 1171 5834 lumbi
1197 5779 1347 5833 vestri
1375 5778 1655 5849 praecincti.
1680 5777 1817 5835 Hinc

233 5890 313 5936 est
358 5880 500 5938 enim
548 5876 691 5949 quod
732 5878 967 5935 Joannes
1016 5891 1201 5934 zonam
1254 5875 1518 5949 pelliciam
1566 5873 1814 5944 cingebat

512 5975 785 6038 Pax-non.
836 5971 1090 6036 LXXII.

1940 3325 2066 3381 illuc
2095 3324 2357 3394 projicere
2388 3319 2604 3378 valebit.
2636 3317 2961 3389 Spiritaliter
2989 3324 3168 3370 autem
3199 3329 3294 3384 per
3317 3323 3531 3368 scutum

1936 3415 2096 3470 ﬁdem
2129 3414 2429 3484 intelligere
2459 3424 2767 3483 possumus,
2813 3422 2972 3478 quam
3004 3404 3157 3461 miles
3184 3402 3380 3458 Christi
3409 3403 3528 3473 pte-

1938 3523 2062 3563 nam
2087 3506 2284 3579 habere
2306 3505 2468 3560 debet
2492 3522 2504 3557 :
2525 3518 2681 3575 quam
2707 3502 2799 3572 qui
2819 3500 3086 3565 habuerit,
3112 3497 3322 3553 hostem
3348 3510 3528 3561 suum,

1935 3603 1987 3659 id
2018 3612 2103 3659 est
2132 3601 2424 3667 diabolum,
2458 3599 2765 3655 interimere
2795 3595 3017 3666 poterit,
3049 3594 3101 3649 in
3137 3602 3343 3648 tantum
3392 3598 3451 3646 ut
3479 3590 3531 3646 in

1934 3713 2084 3753 mare
2132 3705 2432 3766 mergatur;
2479 3693 2619 3747 sicut
2660 3689 2919 3745 Dominus
2957 3685 3128 3742 dicit:
3158 3685 3219 3741 Si
3251 3683 3531 3738 habueritis

1934 3792 2090 3861 fidem
2120 3800 2175 3845 ut
2206 3806 2425 3862 granum
2456 3787 2675 3857 sinapis,
2709 3784 2944 3841 diceretis
2973 3783 3091 3836 huic
3120 3781 3281 3836 monti
3312 3779 3530 3832 transire

1931 3887 1985 3940 in
2012 3902 2171 3952 mare,
2205 3884 2430 3938 obediret
2475 3883 2633 3938 vobis.
2686 3882 2739 3935 IN
2780 3895 2883 3946 quo
2924 3892 3148 3933 possms
3190 3890 3353 3931 οιιΜΑ
3391 3888 3529 3927 TL-‘LA

1931 3995 2241 4046 NEQUISSIIA
2267 3995 2421 4034 IGNE-3A
2446 3990 2831 4033 axsnscuene.
2859 3974 2985 4029 Tela
3014 3971 3213 4029 diaboli
3242 3969 3412 4040 ipsius
3441 3968 3527 4037 ja-

1932 4077 2050 4131 cula
2081 4073 2424 4145 intelligenda
2465 4079 2611 4139 sunt,
2636 4070 2775 4126 sicut
2803 4078 2888 4124 est
2926 4065 3318 4139 gastrimargia,
3353 4063 3525 4118 ebrie-

1932 4176 2034 4235 tas,
2064 4167 2508 4231 comessationes,
2540 4162 2821 4227 adulteria,
2855 4169 2910 4216 et
2933 4160 3016 4215 his
3044 4157 3261 4213 similia.
3294 4155 3363 4210 Et
3390 4153 3528 4209 bene

1931 4260 2069 4316 dixit
2089 4261 2261 4334 ignea,
2292 4258 2546 4329 quoniam
2570 4258 2739 4329 ignea:
2766 4263 2892 4310 sunt
2917 4253 3127 4323 sagitta;
3149 4248 3369 4306 diaboli.
3400 4246 3524 4301 [hac

1931 4356 2075 4412 enim
2120 4353 2300 4411 omnia
2331 4368 2425 4424 per
2451 4352 2767 4408 cbaritatem
2792 4393 2807 4419 ,
2854 4364 2973 4418 quae
3016 4356 3099 4402 est
3124 4344 3272 4415 pacis
3319 4340 3521 4396 hedera

1930 4464 2215 4522 pOSSnmus
2244 4449 2605 4519 exstinguere,
2645 4457 2698 4501 et
2727 4459 2939 4502 GALEAI
2970 4455 3186 4496 sanans
3214 4451 3509 4492 assumere.

1930 4544 2078 4600 Sicut
2105 4542 2245 4599 enim
2279 4556 2373 4611 per
2411 4549 2618 4595 scutum
2654 4536 2812 4591 ﬁdem
2844 4531 3225 4594 intelleximus,
3266 4527 3391 4598 quid
3420 4542 3518 4597 per

1850 4621 1905 4683 D
1927 4637 2130 4706 galeam
2162 4632 2265 4688 nisi
2296 4645 2448 4701 spem
2494 4628 2793 4697 intelligere
2833 4622 3156 4694 possumus?
3182 4620 3343 4676 Galea
3373 4618 3518 4674 enim

1922 4728 1979 4784 in
2007 4727 2180 4796 capite
2228 4723 2476 4793 ponitur,
2512 4734 2580 4774 ne
2610 4718 2678 4771 ab
2706 4714 2923 4771 inimico
2970 4712 3212 4768 feriatur.
3245 4710 3336 4766 Sic
3360 4710 3519 4779 spiri-

1921 4821 2101 4876 taliter
2127 4817 2274 4888 galea
2299 4822 2502 4878 nostra,
2536 4811 2588 4867 id
2619 4819 2701 4867 est
2728 4824 2823 4880 spe
2856 4808 3037 4871 ﬁrma,
3065 4812 3226 4876 caput
3249 4812 3515 4867 nostrum,

1921 4912 2063 4985 quod
2093 4920 2177 4967 est
2219 4906 2511 4978 principale
2541 4905 2756 4969 mentis,
2795 4904 3004 4958 munire
3032 4900 3311 4965 debemus,
3339 4913 3409 4954 ne
3445 4898 3515 4952 ab

1922 5006 2162 5072 inimico,
2195 5001 2248 5058 id
2270 5008 2356 5057 est
2393 4998 2631 5063 diabolo,
2661 4995 2940 5052 feriamur.

1998 5121 2073 5175 Er
2117 5132 2349 5175 ςιιωιωιι
2397 5129 2668 5179 srmnus,
2710 5125 2846 5177 onoo
2887 5123 2983 5165 εετ
3014 5123 3220 5165 venanti
3252 5122 3360 5163 DEI.
3396 5106 3513 5163 Jam

1924 5214 2067 5272 enim
2116 5211 2341 5267 dederat
2385 5207 2688 5277 cingulum,
2722 5204 2945 5261 dederat
2993 5202 3247 5269 loricam,
3292 5198 3516 5255 dederat

1924 5310 2355 5373 calciamentum,
2382 5303 2604 5360 dederat
2632 5309 2844 5357 scutum
2862 5340 2878 5367 ,
2910 5298 3003 5355 sed
3034 5297 3260 5353 necdum
3289 5293 3513 5373 dederat

1922 5401 2181 5473 gladium.
2210 5397 2279 5451 Et
2308 5370 2433 5468 quid
2465 5394 2671 5466 prodest
2700 5391 2929 5459 homini,
2976 5390 3019 5443 si
3056 5396 3216 5443 totum
3258 5370 3512 5441 mandunt

1926 5494 2191 5552 lucretur?
2216 5491 2264 5547 si
2289 5490 2434 5546 omni
2458 5494 2749 5553 armatura,
2780 5498 2901 5557 qua:
2938 5481 3185 5559 superius
3221 5494 3510 5537 enumera-

1928 5599 2046 5657 tur,
2092 5586 2307 5644 indutus
2336 5585 2443 5652 sit,
2492 5591 2547 5639 et
2593 5579 2829 5651 gladium
2874 5577 2927 5632 in
2958 5591 3117 5631 manu
3148 5592 3249 5629 non
3296 5569 3511 5629 teneat?

1925 5685 2081 5742 Certe
2110 5695 2413 5756 quanquam
2438 5677 2553 5748 ejus
2581 5675 2683 5732 tela
2716 5673 2884 5745 possit
2909 5673 3105 5738 vitare,
3130 5673 3302 5741 ipsum
3330 5668 3508 5723 inimi-

1924 5792 2043 5833 cum
2078 5791 2184 5831 non
2214 5773 2409 5845 poterit
2438 5769 2761 5826 interﬁcere.
2804 5766 2944 5823 Etsi
2975 5762 3221 5821 habuerit
3249 5762 3502 5836 gladium,

1925 5870 1993 5928 ab
2020 5870 2136 5939 ejus
2164 5866 2356 5937 jaculis
2388 5879 2495 5922 non
2525 5862 2769 5932 ferietur,
2795 5871 2850 5919 et
2872 5862 3050 5932 ipsum
3076 5858 3379 5917 interﬁciat.
3417 5856 3508 5912 Sic
