4042 6348
516 346 618 402 845
1942 331 2129 391 1..υοοη

2237 330 2355 390 ῚΤΙΙ
3687 317 3798 377 844

512 463 695 522 omnia.
720 456 1033 532 apirit'aliter
1056 457 1404 531 intelligenda
1438 463 1590 523 sunt;
1623 462 1843 511 castitas
1867 450 2093 521 scilicet,
2122 453 2179 513 Α
2203 448 2315 506 Hoc
2362 448 2559 507 Paulus
2604 453 2780 521 spent
2819 458 2940 502 cum
2987 440 3158 501 dicit:
3186 438 3257 496 Et
3302 439 3535 513 gladium
3578 439 3798 509 spiritus

508 556 751 630 iustitia,
777 554 1033 625 charitas,
1079 553 1380 625 evangelica
1409 551 1687 620 doctrina,
1740 548 1902 614 ﬁdes,
1936 556 2097 617 atque
2200 546 2339 618 quod
2392 552 2465 600 est
2514 543 2715 599 verbum
2765 538 2881 595 Dei.
2905 538 3098 595 Sermo
3145 534 3287 591 enim
3322 533 3416 589 Dei
3450 542 3644 589 acutus
3674 542 3799 599 eet;

512 664 657 723 spes.
688 647 816 706 Hec
841 648 1020 705 omnia
1054 648 1143 719 qui
1174 646 1435 714 habuerit,
1470 660 1499 699 a
1529 642 1678 699 cardo
1724 638 1925 696 inimici
1953 648 2098 694 tutus

515 742 777 811 manebit;
804 742 923 798 etsi
943 740 1174 815 gladium
1208 739 1473 807 habuerit,
1500 738 1673 808 ipsum
1704 745 1978 807 prostrare
2007 748 2099 804 po-

517 833 712 901 tuerit;
746 833 893 889 illum
933 830 1180 889 nimirqu
1223 830 1480 903 gladium,
1525 844 1683 901 quem
1730 827 1985 884 Dominus
2016 840 2104 882 ve-

513 927 596 985 nit
620 927 835 985 mittere
863 926 914 981 in
947 926 1228 996 mundum,
1260 925 1329 983 de
1355 940 1460 997 quo
1490 926 1606 996 ipse
1635 922 1806 980 dicit:
1840 922 1964 978 Non
1991 920 2103 975 veni

514 1036 692 1094 pacem
715 1021 930 1088 mittere,
972 1020 1059 1075 sed
1089 1018 1359 1092 gladium;
1388 1033 1545 1089 quem
1578 1031 1789 1087 semper
1831 1015 2002 1072 sancti
2047 1014 2100 1069 in

514 1131 679 1173 manu
710 1123 913 1185 tenent,
942 1115 1032 1186 qui
1083 1113 1271 1185 plurali
1313 1128 1534 1170 numero
1582 1112 1723 1183 apud
1764 1108 2101 1167 Psalmistam

515 1211 747 1282 scriptus
792 1216 911 1265 est:
941 1207 1012 1262 Et
1056 1208 1219 1281 gladii
1248 1209 1493 1281 mipites
1524 1208 1581 1261 in
1629 1204 1861 1260 inanibus
1904 1218 2100 1258 eorum.

2202 641 2319 709 ipse
2344 637 2488 695 enim
2520 644 2603 692 est
2631 633 2861 707 gladius,
2888 630 2956 687 de
2984 645 3090 701 quo
3120 629 3260 684 idem
3286 624 3483 683 Paulus
3504 625 3637 682 alibi
3665 627 3803 681 scri-

2203 730 2281 785 bit
2306 747 2320 784 :
2365 728 2518 783 Vivus
2543 722 2727 798 (ϐοείη
2755 727 2917 796 unus)
2946 731 3023 778 est
3045 724 3175 777 enim
3201 734 3369 775 sermo
3409 720 3505 773 Dei
3531 722 3580 771 et
3618 719 3803 788 eﬁieaa:

2203 833 2250 877 et
2279 820 2638 891 penetrabilior
2665 818 2804 873 omni
2844 815 3020 888 gladio
3042 814 3272 881 ancipiti,
3304 820 3352 866 et
3380 814 3685 881 pertingens
3708 826 3803 865 us-

2203 932 2300 987 que
2324 916 2393 970 ad
2417 914 2717 969 divisionem
2737 911 2925 967 animi:
2969 924 3032 964 ac
3067 909 3297 980 spiritus,
3329 918 3639 977 compagum
3670 914 3801 972 quo.

2206 1025 2306 1082 que
2350 1016 2400 1063 et
2436 1006 2815 1071 medullarum,
2859 1012 2908 1060 st
2933 1002 3183 1058 discretor
3210 998 3582 1071 cogitationum
3624 1005 3676 1051 et
3714 998 3800 1049 in-

2210 1105 2490 1161 tentionem
2527 1100 2718 1156 cordis.

1937 1453 2357 1601 XIII.

523 1683 736 1753 Lectio
771 1678 1070 1763 Epistolas
1105 1674 1277 1763 be?“
1310 1672 1488 1763 P391?
1522 1668 1798 1763 δροέθοιί
1834 1666 1912 1729 ad
1952 1645 3499 1763 i’hl“.PPeﬂi‘iiilrﬂ.‘ff‘ii’ﬂai"?~i§fﬂ?‘.§§
3540 1644 3701 1763 13.?!"
3702 1642 3805 1707 in

641 1727 1739 1843 iéu",'§‘iii&'aio'iEépii'in'iaiti
1764 1727 1921 1827 opus
1952 1727 2187 1807 bonum
2206 1785 2222 1812 ,
2257 1727 2536 1819 perﬁciet
2572 1727 2765 1797 usque
2794 1732 2865 1795 in
2896 1730 3053 1793 diem
3085 1727 3320 1792 Christi
3347 1727 3536 1799 Iesu,
3566 1729 3686 1787 etc.

1700 1862 2084 1925 COMMENTU
2096 1862 2143 1918 Μ
2187 1858 2371 1916 LUCU
2380 1856 2626 1914 LENTII.

598 2006 968 2075 Phiiippenses
991 2008 1115 2057 sunt
1137 1996 1488 2056 Macedones:
1514 1994 1613 2049 bos
1642 1988 1952 2061 pradicavit
1973 2002 2099 2055 apo,

2237 1996 2365 2035 torte
2408 1995 2474 2035 ιτ
2523 1989 2953 2033 (τοκιηιιιίιτιοκε
3006 1986 3286 2028 ενικςειη
3322 1986 3336 2023 :
3374 1966 3495 2041 quia
3546 1962 3687 2023 sicut
3724 1966 3811 2023 ille

527 2100 699 2157 Itolus
724 2095 939 2164 Paulus,
963 2092 1055 2164 qui
1076 2098 1349 2160 acceptam
1381 2087 1536 2143 ﬁdem
1559 2085 1780 2140 ﬁrmiter
1805 2090 2106 2148 tenuerunt,

528 2204 627 2247 nec
652 2188 817 2245 falsos
853 2190 1179 2255 receperunt
1206 2180 1514 2253 apostolos,
1544 2177 1686 2236 sicut
1728 2173 1966 2244 quidam,
2015 2186 2115 2228 nec

527 2280 929 2353 persecutiones
954 2278 1221 2334 malorum
1264 2273 1540 2330 hominum
1572 2271 1883 2325 timuerunt.
1916 2264 2116 2321 Scribit

534 2377 676 2433 enim
700 2374 985 2446 epistolam
1009 2368 1284 2441 apostolus
1307 2366 1520 2430 Paulus,
1546 2363 1619 2419 nil
1642 2375 1803 2416 causa
1830 2356 2115 2428 reprehen-

530 2470 697 2525 sionis
724 2465 981 2527 ostendit.
1012 2463 1107 2519 sed
1133 2459 1561 2518 exhortationem
1585 2461 1813 2515 tantum,
1848 2459 1903 2503 ut
1932 2448 2112 2513 tidem,

531 2573 692 2630 quam
720 2561 1055 2625 acceperant,
1096 2558 1152 2609 et
1172 2556 1406 2619 coeptum
1433 2559 1567 2616 opus
1597 2544 1816 2606 bonum,
1851 2553 2018 2609 usque
2048 2535 2115 2590 ad

534 2647 1053 2706 consummationem
1100 2640 1491 2712 perducerent,
1522 2647 1576 2692 et
1611 2644 1668 2690 ut
1714 2648 1925 2701 semper
1953 2630 2116 2702 proﬁ-

535 2749 722 2797 cerent
753 2740 1015 2794 hortatur.
1063 2735 1121 2789 ln
1151 2742 1356 2791 tantum
1403 2730 1547 2787 enim
1580 2725 1803 2799 perfecti
1833 2732 2015 2790 erant,
2066 2731 2123 2776 ut

537 2846 667 2889 suos
693 2846 790 2887 eos
815 2837 998 2885 oraret
1025 2826 1145 2883 ﬁeri
1166 2826 1484 2889 imitatores,
1509 2830 1563 2877 et
1591 2827 1648 2875 ut
1680 2830 1897 2887 semper
1920 2813 1987 2869 ad
2018 2828 2124 2869 me-

536 2924 668 2982 liora
698 2922 1041 2993 proﬁcerent,
1063 2917 1283 2975 dicens:
1312 2914 1635 2971 CONFIDIHUS
1663 2925 1715 2965 IN
1747 2909 1949 2962 Doumo
1970 2905 2119 2973 lusu,

537 3032 661 3082 00M
684 3030 771 3079 QUI
802 3027 976 3071 C(IPI‘I'
1000 3027 1052 3067 IN
1080 3024 1229 3067 νοω
1252 3023 1382 3063 ορυδ
1407 3021 1578 3063 ΒΟΝυΜ
1597 3047 1609 3069 ,
1643 3016 1927 3058 PERFICIET
1957 3013 2122 3062 USQUE

535 3126 591 3166 ιη
616 3124 744 3165 om
773 3106 989 3164 Custsrt
1016 3102 1166 3161 lusu.
1204 3101 1390 3157 Omnis
1420 3100 1559 3155 enim
1593 3111 1709 3152 mea
1750 3108 1873 3163 spes
1902 3103 1955 3147 et
1980 3106 2118 3147 con-

538 3200 755 3258 ﬁdentia
783 3198 852 3255 de
879 3195 1030 3252 vobis
1074 3194 1129 3249 in
1153 3193 1378 3249 Domino
1425 3190 1547 3245 talis
1572 3197 1677 3258 est,
1709 3195 1767 3241 ut
1796 3185 1897 3238 hoc
1925 3182 2122 3238 bonum

539 3292 680 3363 quod
711 3287 974 3361 cepistis,
1018 3300 1185 3355 usque
1214 3282 1283 3339 ad
1309 3281 1826 3340 consummationem
1861 3274 2117 3345 perduca-

2218 2071 2553 2129 defendebat
2582 2066 2927 2140 Evangelium
2954 2064 3177 2132 Christi,
3207 2062 3260 2119 id
3286 2072 3369 2120 est
3396 2061 3695 2117 doctrinam
3726 2075 3811 2116 ve-

2216 2163 2417 2231 ritatis,
2443 2164 2511 2218 ita
2538 2171 2593 2219 et
2615 2160 2690 2227 illi
2709 2159 2931 2214 firmiter
2950 2156 3203 2223 tenendo,
3231 2153 3436 2210 etalios
3452 2151 3811 2207 admonendo.

2216 2254 2406 2310 Socros
2456 2267 2635 2309 GAUDII
2670 2265 2763 2305 Mli
2792 2264 2967 2304 cunas
2997 2262 3095 2302 vos
3143 2261 3287 2301 esse.
3329 2242 3570 2300 Societas
3619 2242 3722 2297 hoc
3762 2243 3812 2297 in

2220 2348 2337 2403 loco
2385 2361 2491 2402 non
2532 2344 2813 2417 praesentis
2858 2341 3119 2411 temporis
3160 2336 3512 2410 intelligenda
3554 2346 3677 2404 est,
3725 2336 3813 2391 sed

2220 2441 2417 2508 futuri,
2469 2440 2519 2495 id
2549 2447 2634 2494 est
2666 2440 2771 2491 vita
2818 2444 3044 2491 aeterna.
3089 2430 3165 2488 De
3191 2447 3298 2504 quo
3342 2431 3538 2503 gaudio
3570 2427 3813 2486 Salvator

2220 2531 2494 2602 discipulis
2520 2533 2593 2584 ait
2619 2546 2632 2582 :
2662 2526 2856 2582 Iterum
2879 2525 3056 2580 videbo
3082 2540 3202 2591 vos,
3250 2532 3296 2578 et
3322 2521 3563 2594 gaudebit
3596 2538 3688 2575 cor
3726 2537 3814 2573 ce-

2221 2640 2417 2693 strum;
2448 2634 2538 2682 aut
2562 2633 2709 2681 certe
2744 2623 2791 2679 si
2821 2623 2887 2678 de
2931 2619 3181 2692 praesenti
3213 2626 3455 2688 tempore
3484 2617 3689 2671 malum
3730 2616 3812 2667 in-

2225 2720 2390 2789 telligi
2418 2720 2562 2786 vult,
2592 2731 2877 2789 possumus
2898 2730 2965 2771 eo
2989 2714 3179 2785 aptari,
3206 2714 3364 2784 juxta
3385 2711 3529 2782 quod
3554 2708 3817 2776 apostolus

2224 2811 2454 2868 Jacobus
2500 2811 2609 2873 ait.
2664 2810 2914 2865 videlicet
2958 2825 2971 2861 :
3008 2806 3173 2861 Omne
3221 2805 3473 2878 gaudium
3501 2803 3816 2865 existimate,

2224 2906 2408 2975 fratres
2435 2904 2554 2972 mei,
2577 2920 2694 2959 cum
2713 2904 2767 2958 in
2790 2902 2943 2957 variis
2970 2901 3329 2957 tentationibus
3347 2898 3654 2952 incideritis.
3700 2894 3819 2951 Con-

2226 3002 2455 3057 suetudo
2482 3010 2563 3056 est
2604 3007 2937 3063 sanctorum,
2970 3005 3027 3051 ut
3058 2994 3197 3051 inter
3228 2992 3663 3065 persecutionem
3710 2991 3821 3061 plus

2227 3094 2527 3165 gaudeant,
2560 3108 2719 3164 quam
2752 3092 3052 3155 tristentnr,
3104 3088 3339 3146 scientes
3379 3086 3638 3157 scriptum
3667 3101 3685 3139 :
3713 3083 3826 3138 Non

2227 3188 2569 3253 coronabitur,
2598 3184 2699 3239 nisi
2720 3185 2806 3255 qui
2835 3182 3057 3254 legitime
3081 3182 3364 3237 certauerit.

2302 3279 2492 3334 TESTIS
2518 3293 2615 3333 δεῖ
2640 3290 2759 3332 lim
2804 3291 2937 3331 usus
2965 3289 3209 3337 ououono
3234 3280 3432 3329 CUPIAI
3461 3284 3635 3327 cum
3662 3284 3757 3323 vos
3780 3281 3826 3323 at

539 3386 631 3452 tis,
664 3394 719 3441 et
754 3382 1053 3440 doctrinam
1082 3394 1239 3450 quam
1280 3393 1311 3432 a
1341 3391 1426 3433 me
1469 3373 1752 3446 accepistis
1795 3372 1999 3426 ﬁrmam
2050 3376 2129 3423 te-

2237 3393 2534 3435 vrscemnos
2571 3374 2701 3434 Just:
2727 3374 2965 3430 Cnutsri.
3015 3372 3111 3427 Est
3138 3371 3299 3427 etiam
3337 3366 3674 3426 consuetudo
3711 3381 3826 3421 san-

538 3480 730 3535 neat'ts.
769 3477 901 3546 Quia
927 3476 1016 3547 qui
1043 3475 1190 3546 cwpit
1213 3474 1265 3526 in
1290 3472 1429 3526 vobis
1460 3486 1588 3541 Opus
1622 3468 1831 3536 bonum,
1862 3464 2085 3537 perﬁciet
2110 3478 2128 3517 .'

541 3574 597 3630 id
639 3582 723 3631 est
768 3572 958 3644 aliquis
1006 3586 1070 3628 ex
1105 3570 1253 3625 vobis
1295 3568 1492 3623 bonum
1524 3582 1659 3636 cpus
1702 3564 1884 3628 vovit,
1927 3562 2132 3616 scilicet

540 3666 749 3723 scrvire
770 3680 829 3722 se
855 3664 992 3732 Deo,
1034 3675 1087 3720 et
1119 3663 1217 3718 hoc
1250 3676 1417 3732 usque
1446 3660 1512 3715 ad
1552 3660 1693 3714 diem
1725 3657 1914 3713 mortis
1943 3657 2133 3727 perdu-

541 3768 647 3815 cat.
684 3757 790 3815 Seu
815 3758 901 3825 qui
928 3756 1077 3828 capit
1122 3756 1173 3809 in
1200 3754 1370 3822 vobis,
1415 3753 1470 3807 id
1497 3761 1581 3809 est
1603 3752 1717 3822 ipse
1750 3750 2006 3805 Dominus
2044 3748 2134 3819 qui

543 3850 671 3907 ﬁdei
696 3850 1100 3906 fundamentum
1130 3849 1309 3918 posuit
1336 3849 1391 3900 in
1421 3847 1594 3912 vobis,
1626 3847 1741 3915 ipse
1771 3844 1923 3899 dabit
1956 3858 2133 3911 perse-

544 3946 841 4002 verantiam
885 3944 1013 4000 boni
1058 3946 1255 4012 operis.
1300 3942 1450 3997 Diem
1483 3941 1679 3995 Christi
1729 3938 2015 4008 dupliciter
2054 3937 2137 3992 in-

547 4038 789 4106 telligere
815 4036 1104 4098 debemus;
1138 4034 1442 4104 specialiter
1483 4033 1624 4088 diem
1674 4032 1892 4097 mortis,
1924 4030 2138 4100 quando

546 4130 739 4198 aliquis
765 4128 847 4183 vir
881 4127 1150 4197 perfectus
1176 4125 1242 4180 de
1268 4126 1366 4179 huc
1395 4126 1505 4180 vita
1527 4126 1720 4195 migrat
1743 4122 1810 4178 ad
1842 4122 2136 4178 Christum.

549 4220 885 4279 Generaliter
932 4220 1074 4275 diem
1124 4217 1311 4289 judicii
1374 4218 1588 4290 quando
1634 4234 1808 4272 omnes
1863 4216 2140 4271 astabimus

548 4323 668 4369 ante
697 4311 924 4368 tribunal
953 4308 1164 4367 Christi.
1195 4314 1354 4367 Sicur
1384 4327 1479 4367 ss'r
1508 4328 1622 4367 sttui
1652 4326 1846 4367 susruu
1881 4326 1980 4363 uoc
2012 4324 2141 4364 seu-

550 4424 677 4464 TIBE
718 4422 818 4462 rso
860 4420 1089 4461 onumus
1133 4420 1300 4462 vetns.
1355 4404 1433 4461 Ac
1469 4407 1515 4460 si
1554 4406 1698 4460 dicat
1729 4420 1743 4460 ε
1773 4403 2017 4459 Charitas
2058 4420 2141 4457 me

551 4500 829 4575 compellit
855 4507 916 4555 ut
954 4498 1131 4569 ipsum
1159 4499 1224 4552 de
1253 4498 1404 4553 vobis
1432 4498 1659 4553 sentiam
1683 4538 1698 4563 ,
1731 4498 1903 4566 ipsum
1950 4496 2145 4551 intelli-

551 4609 709 4666 gam;
741 4593 864 4664 quia
889 4593 1115 4647 charitas
1145 4593 1319 4646 omnia
1356 4591 1538 4645 credit.
1574 4588 1783 4647 Justum
1815 4601 1897 4645 est
1927 4589 2055 4644 mihi
2087 4599 2145 4645 ut

554 4687 732 4742 taliter
761 4686 829 4743 de
868 4687 1116 4743 omnibus
1146 4685 1297 4741 vobis
1329 4686 1579 4749 sentiam,
1614 4692 1669 4739 ut
1701 4686 1789 4754 qui
1819 4685 1981 4754 ('(Bpit
2009 4700 2144 4753 opus

2235 3479 2442 3527 ctorum
2465 3512 2481 3537 ,
2530 3478 2590 3525 ut
2616 3467 2831 3539 quando
2869 3464 3072 3536 aliquid
3102 3463 3374 3519 afﬁrmare
3404 3461 3621 3520 volunt.
3662 3459 3825 3515 Deum

2234 3563 2323 3634 qui
2350 3570 2434 3617 est
2464 3561 2737 3629 inspector
2766 3555 2945 3613 cordis
2974 3566 3162 3611 testem
3196 3555 3293 3609 sibi
3341 3553 3659 3620 adhibeant,
3692 3550 3832 3605 sicut

2238 3656 2454 3728 Moyses
2487 3666 2667 3710 coram
2700 3649 2824 3705 filiis
2854 3646 3019 3704 lsrael
3049 3664 3062 3700 :
3094 3644 3292 3712 Testes,
3324 3647 3527 3715 inquit,
3561 3642 3719 3697 hodie
3755 3642 3829 3693 ἐπα

2238 3763 2358 3802 voco
2387 3745 2571 3801 cretum
2607 3754 2654 3801 et
2681 3753 2889 3799 terrain.
2918 3742 2985 3795 Et
3028 3740 3149 3810 quia
3177 3737 3374 3793 Paulus
3399 3736 3681 3807 apostolus
3706 3732 3810 3787 mal

2240 3852 2352 3898 tum
2389 3842 2645 3913 diligebat
2678 3840 3083 3910 Philippenses,
3125 3835 3293 3891 Deum
3342 3830 3447 3886 sibi
3492 3827 3740 3884 adhibuit
3783 3828 3835 3880 il

2240 3936 2605 3990 testimonium
2635 3935 2820 3990 dicens
2846 3949 2861 3987 :
2884 3931 3062 3988 Testis
3078 3929 3223 3985 enim
3252 3926 3382 3982 mihi
3408 3932 3491 3979 est
3520 3921 3665 3978 Deus
3708 3930 3835 3990 que-

2242 4029 2405 4083 modo
2442 4028 2657 4097 cupiam
2689 4035 2750 4082 ut
2778 4024 3037 4081 Dominus
3075 4021 3230 4078 Jesus
3254 4019 3503 4075 Christus
3551 4016 3607 4070 in
3645 4011 3837 4068 vestris

2245 4123 2451 4178 habitet
2477 4121 2796 4177 visceribus.
2826 4119 2965 4188 Ipse,
2994 4116 3084 4187 qui
3110 4129 3205 4186 per
3230 4112 3551 4184 prophetam
3582 4107 3830 4179 loquitur,

2243 4216 2427 4273 dicens
2448 4215 2517 4272 de
2544 4213 2745 4270 sanctis
2776 4229 2790 4265 :
2816 4211 2886 4266 Et
2936 4208 3233 4265 inhabitabo
3281 4208 3335 4260 in
3376 4204 3481 4259 illis
3512 4212 3563 4259 et
3607 4201 3832 4256 inambu-

2245 4310 2383 4365 labo.
2417 4307 2484 4365 Et
2510 4308 2653 4365 idem
2685 4305 2961 4378 apostolus
2985 4303 3112 4359 alibi
3142 4319 3154 4356 ε
3186 4299 3436 4355 Habitare
3463 4296 3731 4352 Christus
3754 4305 3832 4363 per

2245 4402 2400 4471 [idem
2422 4403 2475 4455 in
2500 4398 2735 4455 cordibus
2757 4398 2957 4452 vestris.
2993 4395 3087 4450 Vel
3116 4402 3265 4449 certe
3293 4403 3491 4447 eamea
3516 4401 3617 4443 vos
3645 4387 3703 4441 in
3726 4385 3835 4455 ei.

2246 4496 2406 4563 cupio
2435 4494 2609 4548 inesse
2644 4491 2970 4558 visceribus,
3002 4496 3061 4543 ut
3096 4487 3173 4541 sic
3208 4498 3331 4539 eum
3368 4494 3558 4538 omnes
3590 4495 3695 4535 vos
3717 4479 3835 4534 dili-

2247 4588 2415 4658 gatis,
2460 4594 2518 4639 ut
2546 4597 2645 4639 nec
2687 4584 2828 4638 inter
2860 4581 3263 4652 persecutiones
3291 4577 3360 4633 ab
3400 4576 3520 4643 eius
3550 4572 3839 4629 visceribus

2250 4679 2594 4751 separemini.
2652 4678 2728 4733 Er
2772 4691 2873 4732 noc
2912 4690 3016 4732 ouo
3043 4689 3113 4729 ur
3152 4685 3412 4728 casurus
3449 4681 3658 4724 vasus
3694 4677 3839 4723 usus

552 4779 776 4849 bonum,
802 4788 1108 4849 perseveret
1132 4795 1299 4849 usque
1324 4779 1375 4833 in
1400 4778 1540 4834 diem
1566 4778 1773 4833 mortis.
1801 4778 2141 4833 Consuetudo
2170 4770 2225 4832 D
2249 4787 2512 4831 suum".
2560 4771 2671 4826 Ore
2713 4778 2772 4823 ut
2829 4769 2995 4823 Deum
3028 4775 3143 4821 toto
3185 4763 3378 4830 corde,
3424 4770 3545 4816 toto
3567 4773 3664 4815 ore
3683 4801 3696 4823 ,
3738 4767 3839 4814 tota

556 4882 638 4929 est
684 4873 828 4928 enim
857 4884 1203 4938 sanctorum,
1254 4880 1313 4927 ut
1351 4872 1417 4926 de
1460 4871 1723 4926 bonorum
1765 4873 1977 4927 actione
2006 4886 2146 4942 gau-

556 4966 739 5031 deant,
769 4967 835 5021 de
868 4967 1130 5022 malorum
1162 4967 1400 5033 doleant,
1433 4965 1574 5020 sicut
1604 4966 1718 5034 ipse
1760 4966 1955 5023 Paulus
1989 4967 2146 5023 facie—

557 5058 649 5115 bat
670 5056 760 5128 qui
783 5056 996 5112 dicebat
1019 5075 1033 5111 :
1061 5059 1187 5127 Quis
1212 5058 1527 5127 inﬁrmatur,
1556 5067 1605 5112 et
1624 5075 1718 5128 ego
1744 5074 1847 5112 non
1875 5052 2151 5126 inﬁrmor?

558 5151 626 5207 Et
653 5150 779 5206 alibi
806 5168 819 5204 :
846 5149 1070 5225 Lageam
1104 5152 1279 5222 plures
1317 5167 1382 5206 ex
1405 5150 1507 5218 his,
1540 5152 1627 5221 qui
1668 5169 1770 5206 non
1798 5164 2007 5225 egerunt
2045 5170 2150 5223 pce-

559 5244 845 5298 nitentiam.
877 5240 953 5297 Eo
979 5257 1112 5306 ouoo
1139 5258 1352 5299 nauus!
1392 5258 1486 5299 vos
1524 5258 1578 5299 IN
1604 5259 1776 5300 CORDI-3
1796 5288 1810 5312 ,
1856 5260 1921 5299 ur
1953 5260 2003 5299 IN
2036 5259 2152 5299 vnt-

561 5348 710 5390 cuus
740 5350 883 5391 Isis.
908 5340 1049 5401 Quos
1090 5336 1232 5391 enim
1264 5351 1391 5392 caro
1417 5336 1585 5391 semel
1615 5337 1969 5408 copulaverit,
1993 5353 2154 5409 quan-

564 5424 722 5499 quam
749 5429 907 5484 simul
942 5444 1043 5482 non
1069 5438 1192 5483 sunt
1235 5445 1486 5499 corpore,
1526 5438 1700 5485 tamen
1735 5439 1914 5485 mente
1944 5444 2156 5497 semper

564 5518 733 5593 iuncti
771 5530 913 5575 sunt.
966 5520 1030 5574 Et
1068 5523 1191 5591 quia
1223 5520 1596 5593 Philippenses
1640 5521 1858 5591 perfecti
1905 5532 2059 5577 erant
2100 5523 2151 5576 in

565 5628 728 5681 opere
759 5613 923 5679 bono,
955 5614 1227 5683 apostolus
1255 5616 1449 5673 absens
1479 5630 1727 5685 corpore,
1760 5617 1811 5669 in
1839 5631 2036 5671 arcano
2059 5632 2153 5685 pe-

570 5714 730 5759 etoris
761 5720 977 5775 semper
1021 5720 1203 5759 eorum
1250 5723 1457 5763 memor
1493 5716 1627 5762 erat.
1668 5708 1735 5762 Et
1764 5707 1865 5771 hoc
1895 5718 1975 5763 est
2015 5708 2154 5776 quod

573 5794 737 5845 dicit:
771 5793 846 5846 Eo
887 5796 1022 5860 quod
1072 5798 1285 5850 habeam
1331 5815 1419 5853 vos
1467 5801 1521 5854 in
1562 5801 1716 5853 corde
1764 5810 1811 5854 et
1853 5802 1907 5853 in
1944 5800 2159 5853 vinculis

582 5900 722 5936 ηιειδ.
758 5883 947 5938 Reddit
978 5902 1189 5941 causuttt
1218 5905 1400 5957 quare,
1425 5907 1544 5946 cum
1568 5893 1693 5947 dicit
1723 5911 1733 5944 :
1770 5893 1849 5946 Er
1876 5908 1927 5946 IN
1964 5908 2160 5946 auren-

2252 4879 2455 4935 mente,
2489 4865 2616 4922 totis
2645 4863 2941 4919 visceribus
2970 4861 3202 4932 diligatis
3242 4872 3296 4913 in
3324 4870 3592 4923 SCIENTIA,
3624 4868 3694 4909 ετ
3722 4864 3838 4909 om

2255 4980 2438 5021 sensu.
2465 4964 2521 5017 In
2547 4960 2807 5026 scientia,
2846 4956 2978 5013 (ﬁcit
3003 4956 3199 5010 seriem
3240 4953 3453 5008 Veteris
3485 4947 3837 5013 Testamenti;

2256 5073 2420 5114 sensu
2471 5066 2683 5121 autem,
2737 5054 3034 5123 scripturas
3078 5049 3210 5105 Novi
3241 5045 3600 5104 Testamenti.
3640 5044 3837 5099 Elim:

2257 5153 2479 5209 scientia
2508 5162 2699 5207 omnes
2742 5148 2921 5203 series
2948 5153 3056 5199 tam
3089 5142 3325 5207 Veteris,
3368 5154 3531 5212 quam
3563 5137 3705 5194 Novi
3746 5135 3839 5191 Te-

2255 5244 2529 5301 stamenti.
2563 5242 2629 5297 Et
2649 5254 2833 5305 sensu,
2868 5245 2925 5293 ut
2951 5236 3075 5307 quid
3106 5233 3421 5307 spiritaliter
3442 5230 3838 5302 inicitin

2258 5338 2389 5403 leas,
2420 5337 2545 5406 quia
2574 5332 2803 5391 scientia
2829 5332 2946 5386 sine
2969 5343 3130 5386 sensu
3160 5327 3293 5382 nihil
3329 5336 3443 5390 est;
3471 5323 3837 5379 Maia

2257 5431 2433 5500 inﬂat,
2459 5426 2688 5483 eharitas
2730 5432 2897 5478 autem
2924 5421 3169 5490 ludiﬁcat.
3213 5417 3298 5474 Ur
3322 5431 3581 5474 noueris
3606 5428 3839 5477 sum

2261 5539 2329 5578 ΕΤ
2376 5535 2509 5579 “TIS
2539 5534 2769 5586 SINCBBI,
2799 5534 2865 5572 ΒΤ
2890 5531 3005 5572 ειη
3033 5527 3360 5571 ορηηεηης
3385 5526 3439 5567 ΙΝ
3467 5526 3594 5567 DIII
3621 5521 3837 5566 CII-ﬂ.

2262 5617 2477 5673 Potiora
2508 5615 2658 5682 dicit,
2692 5614 2744 5666 id
2784 5622 2865 5666 est
2888 5610 3113 5679 majora.
3144 5607 3399 5663 Scientes
3419 5605 3547 5661 sitis
3580 5612 3636 5658 ut
3663 5603 3731 5659 de
3768 5600 3837 5655 vi-

2263 5710 2509 5765 sibilihus
2560 5704 2852 5761 invisibilia
2902 5701 3368 5772 comprehendere
3410 5696 3653 5754 valeatis.
3704 5693 3839 5750 Sicut

2267 5802 2408 5857 enim
2445 5816 2566 5855 cum
2592 5798 2713 5854 cibo
2743 5796 2901 5868 palati
2934 5794 3132 5850 crescit
3162 5800 3301 5850 atas
3323 5788 3601 5862 corporis,
3622 5784 3701 5842 sic
3730 5797 3836 5839 cur:

2268 5894 2390 5949 cibo
2419 5892 2641 5963 spiritali
2670 5891 2831 5947 debet
2859 5903 3113 5947 crescere
3150 5894 3207 5943 et
3230 5898 3423 5943 unus
3460 5878 3677 5941 metuis-
