4042 6348
1401 402 1469 460 ΗΝ
1509 400 1665 460 CAP.
1707 401 1853 463 I'AD
1890 398 2390 461 COLOSSENSES.

3420 404 3527 477 84.6

316 514 389 574 Ut
404 524 516 572 stus
534 518 742 580 sinceri.
779 527 827 573 et
852 518 961 573 sine
986 517 1184 587 Mensa
1203 519 1261 573 in
1279 518 1413 574 diem
1432 518 1657 583 Christi;
1680 526 1832 575 casto
1855 522 1908 581 A
1932 527 2017 575 est
2043 526 2219 579 tructu
2247 531 2375 577 non)
2404 522 2616 589 operis;
2641 520 2710 579 de
2738 535 2844 593 quo
2877 518 3053 583 ﬂuctu
3084 522 3223 586 idem
3245 526 3525 596 apostolus

254 609 510 668 videlicet
536 624 784 681 corpore,
806 620 860 669 et
885 613 1085 669 mundo
1109 613 1302 679 corde;
1347 614 1485 670 sieut
1515 612 1584 671 de
1617 615 1828 669 univer-

244 706 345 762 sali
370 704 612 766 Ecclesia
643 706 935 774 Apostolus
956 707 1088 764 dicit
1119 726 1131 763 :
1160 709 1344 779 Aptari
1370 725 1456 765 eos
1486 708 1577 762 uni
1604 708 1714 764 viro
1733 707 1837 765 vir-

246 801 413 872 ginem
430 810 625 857 castam
645 802 875 858 exhibere
898 802 1125 862 Christo.
1148 805 1442 863 S'mceritas
1467 814 1551 863 est
1576 810 1721 864 enim
1743 806 1837 864 ubi

246 892 357 951 duo
384 895 551 952 simul
577 897 927 966 concordant,
963 899 1183 968 spiritus
1206 900 1479 969 videlicet,
1508 908 1563 957 et
1588 915 1734 968 caro,
1766 901 1833 958 de

242 982 438 1052 quibus
465 984 722 1041 Dominus
747 988 820 1042 ait
854 1006 866 1042 :
901 987 962 1044 Si
991 990 1093 1043 duo
1121 1006 1184 1045 ea:
1210 990 1346 1051 vobis
1374 992 1723 1045 consenserint
1745 1008 1835 1046 su-

242 1088 333 1141 per
371 1083 579 1141 terram,
622 1076 685 1131 de
725 1079 864 1131 omni
900 1094 956 1132 re
984 1082 1321 1149 quodcunque
1341 1082 1596 1151 petierint,
1621 1082 1707 1149 ﬁet
1728 1083 1835 1138 illis

240 1181 275 1220 a
317 1165 478 1223 Patre
517 1184 649 1239 meo,
699 1170 828 1224 dicit
873 1170 1151 1229 Dominus.
1193 1172 1259 1225 Et
1295 1174 1405 1227 sine
1445 1174 1664 1244 o/fensa.
1706 1175 1836 1233 Sine

240 1255 442 1319 diuisa
486 1260 626 1318 dicit
673 1264 793 1325 sine
835 1264 1104 1322 eriminali
1145 1267 1375 1325 actione.
1435 1269 1544 1325 Aut
1585 1278 1733 1328 certe
1758 1269 1838 1327 sic

240 1348 364 1407 sitis
404 1352 625 1422 sinceri,
663 1363 722 1411 ut
761 1356 814 1410 in
846 1357 993 1413 diem
1018 1356 1221 1415 Christi
1251 1361 1393 1417 nulla
1422 1362 1614 1434 rubigo
1644 1379 1834 1433 pecca-

238 1450 418 1500 torum
467 1446 520 1500 in
562 1447 714 1502 vobis
753 1457 1011 1518 appareat
1037 1467 1105 1505 ne
1133 1466 1255 1507 cum
1294 1452 1455 1509 fatuis
1483 1455 1775 1527 virginibus
1804 1472 1835 1513 a

240 1538 477 1596 thalamo
505 1542 649 1611 regis
679 1545 1057 1603 excludamini.
1092 1546 1250 1604 Diem
1286 1564 1417 1606 vero
1444 1549 1663 1621 Christi,
1698 1550 1838 1607 sicut

235 1627 353 1701 jam
398 1632 655 1701 diximus,
693 1637 837 1692 diem
887 1636 1093 1706 mortis,
1146 1641 1231 1695 vel
1281 1642 1424 1699 diem
1455 1643 1645 1713 judicii
1672 1643 1836 1700 debe-

248 1738 375 1781 mus
406 1726 726 1798 intelligere,
768 1729 821 1785 in
862 1745 969 1801 quo
995 1731 1104 1801 die,
1155 1734 1246 1805 qui
1298 1736 1431 1792 sine'
1461 1736 1664 1792 olfensa
1722 1737 1837 1792 fue-

241 1816 338 1884 rit,
381 1830 413 1873 a
464 1818 692 1876 Domino
741 1826 1202 1891 remunerabitur,
1247 1829 1397 1896 juxta
1438 1830 1583 1899 quod
1619 1829 1694 1884 ait
1739 1830 1835 1886 Sa-

1938 614 2065 669 dicit
2106 633 2118 667 :
2165 613 2392 673 Fructus
2428 613 2640 685 spiritus
2676 622 2753 673 est
2794 616 3067 687 gaudium.
3105 616 3349 684 alacritas.
3398 634 3522 687 pax,

1936 707 2203 777 patientia,
2232 717 2286 762 et
2315 705 2397 763 his
2426 704 2642 765 similia.
2666 706 2820 776 Quod
2840 708 2929 779 qui
2947 706 3157 779 iecerit,
3188 707 3390 775 fruebit
3417 708 3529 784 [Ita

1938 795 2094 869 Cod.]
2125 797 2273 863 illam
2294 797 2350 855 in
2382 799 2543 857 vitam
2572 808 2827 859 aeternam
2847 817 2869 869 ί
2893 799 3273 873 {motuscum
3298 818 3327 858 a
3348 802 3530 865 lrueuc

1937 889 2007 947 do
2034 890 2250 947 dicitur.
2302 891 2455 963 Quod
2494 893 2818 949 fructiﬁcare
2847 908 3007 950 nemo
3049 896 3262 970 poterit,
3297 896 3398 967 nisi
3432 911 3531 969 per

1937 983 2121 1040 Jesum
2169 983 2443 1040 Christum
2492 984 2581 1056 qui
2625 984 2757 1040 dicit
2798 1002 2812 1039 :
2860 983 2987 1041 Sine
3029 978 3108 1039 me
3145 984 3277 1041 nihil
3318 976 3557 1058 poteitis

1939 1080 2125 1147 fatere.
2161 1077 2229 1132 ln
2256 1077 2479 1149 gloriam
2514 1086 2564 1131 et
2593 1076 2799 1130 laudem
2841 1076 2961 1143 Dei,
2994 1087 3051 1132 ut
3078 1092 3291 1147 semper
3320 1079 3528 1150 gloriﬁ-

1937 1179 2089 1225 eetur
2111 1170 2251 1226 Deus
2281 1172 2333 1226 in
2361 1172 2548 1237 nobis;
2581 1170 2737 1241 juxta
2766 1168 2906 1239 quod
2937 1169 3043 1223 alio
3075 1169 3192 1224 loco
3220 1170 3353 1226 dicit
3384 1188 3397 1226 :
3425 1172 3529 1239 Qut

1937 1265 2212 1343 gloriatur,
2234 1266 2291 1327 in
2316 1265 2541 1329 Domino
2561 1267 2827 1339 glorietur.
2852 1262 2921 1331 Et
2944 1264 3149 1347 totidem
3170 1264 3301 1339 Dei;
3329 1265 3535 1337 scilicet

1940 1372 1996 1417 ut
2022 1376 2237 1433 semper
2263 1363 2404 1419 Deus
2433 1363 2701 1427 laudetur,
2746 1363 2887 1421 sicut
2922 1360 3198 1431 psalmista
3226 1359 3358 1415 dicit
3385 1377 3400 1413 :
3431 1359 3533 1414 Be-

1940 1454 2174 1513 nedieam
2205 1453 2485 1519 Dominum
2523 1455 2576 1507 in
2605 1454 2743 1509 omni
2776 1464 3020 1523 tempore,
3054 1469 3250 1527 semper
3280 1451 3394 1505 laus
3422 1455 3535 1523 ejus

1939 1551 1993 1603 in
2037 1564 2126 1603 ore
2165 1565 2297 1604 meo.
2340 1548 2513 1604 Aliter
2539 1567 2549 1602 z
2574 1549 2629 1603 in
2664 1549 2853 1618 gloria,
2890 1547 2945 1604 i‘d
2979 1558 3063 1605 est
3101 1552 3152 1604 in
3184 1566 3345 1617 opere
3388 1546 3535 1605 bono

1943 1644 2347 1700 fructiﬁcantes.
2396 1640 2467 1698 Et
2506 1643 2714 1699 tam
2760 1641 2875 1707 Dei.
2915 1641 2970 1699 in
3004 1644 3407 1714 praedicatione.
3450 1645 3535 1700 Sit

1941 1739 2109 1809 gloria
2148 1742 2202 1792 in
2230 1752 2417 1807 opere,
2451 1738 2565 1792 laus
2594 1736 2651 1791 in
2680 1735 2887 1804 verbis;
2914 1745 2975 1793 ut
3022 1736 3307 1807 impleam
3333 1736 3389 1797 in
3426 1753 3534 1797 now

1943 1830 2026 1887 bis
2058 1832 2185 1886 illud
2225 1832 2368 1901 quod
2392 1832 2467 1887 ait
2492 1832 2742 1889 Salvator
2768 1847 2786 1887 :
2816 1831 2910 1887 Sic
2936 1830 3104 1891 lateat
3139 1833 3232 1890 lux
3260 1842 3425 1889 castra
3446 1850 3534 1891 εο-

238 1909 429 1967 hunc
461 1928 475 1965 :
511 1911 641 1967 Date
660 1914 708 1968 ei
732 1917 958 1985 fructum
980 1935 1224 1973 manuum
1263 1934 1498 1986 suarum,
1536 1932 1586 1975 et
1618 1921 1831 1978 laudent
1861 1921 1911 1982 B
1936 1943 2046 1981 ram
2070 1928 2382 1994 hominibus,
2418 1938 2473 1983 ut
2502 1929 2713 1983 uideant
2738 1945 2897 1999 opera
2923 1934 3090 1989 uestra
3112 1928 3347 2001 tonant
3375 1930 3534 2002 glori-

234 2021 355 2059 eatn
394 2006 451 2063 in
494 2009 655 2077 portis
695 2026 853 2079 opera
890 2015 1023 2083 ejus.
1055 2013 1292 2069 HEPLBI‘I
1322 2029 1531 2071 raueru
1576 2030 1830 2071 Jus'rt'rm

234 2112 343 2154 m
374 2097 541 2159 litauit
580 2102 858 2157 Csms'rmt
899 2118 950 2159 IN
989 2120 1225 2162 θιοιιωι
1254 2120 1323 2161 er
1356 2122 1565 2163 unum
1598 2107 1732 2174 Du;
1783 2108 1832 2162 id

1908 2046 1922 2054 ο
1941 2021 2092 2088 licent
2118 2018 2328 2074 Patrem
2356 2030 2577 2076 vestrum
2594 2021 2756 2091 quiin
2772 2021 2918 2077 eatis
2937 2034 3032 2079 est.

236 2233 3535 2286 Ἦ

1676 2370 2079 2520 XIV.

230 2582 457 2653 Lectio
486 2591 787 2671 hpislolte
820 2592 992 2657 beati
1022 2592 1202 2657 Pauli
1239 2594 1513 2673 apostoli
1548 2609 1625 2655 ac.
1660 2594 2068 2681 Colossenses
2104 2591 2187 2672 (ι,
2213 2591 2277 2677 9)
2294 2613 2322 2681 _:
2358 2595 2648 2671 Fratres,
2679 2613 2812 2658 non
2862 2615 3163 2663 cessamus
3185 2617 3312 2681 pro
3348 2603 3525 2667 oobts

1438 2680 1689 2735 orantes
1719 2681 1775 2735 et
1800 2674 2218 2753 postulantes,
2248 2674 2347 2737 etc

1438 2820 1869 2880 COMMENTUM
1906 2820 2347 2893 LUCULENTH.

315 2957 573 3015 Audierat
600 2958 743 3014 enim
780 2956 972 3014 beatus
1004 2957 1200 3014 Paulus
1241 2959 1517 3029 apostolus
1543 2959 1834 3016 Colossen-

230 3054 379 3109 sium
410 3052 570 3109 tidem
603 3069 668 3109 ex
700 3053 991 3109 dilectione
1030 3067 1185 3123 quam
1234 3052 1502 3108 habebant
1542 3054 1593 3109 in
1643 3055 1831 3121 Deum,

232 3157 294 3201 et
326 3154 384 3201 ut
414 3146 468 3200 in
502 3146 790 3202 virtutibus
818 3146 1166 3217 sequentibus
1189 3160 1250 3201 se
1288 3156 1612 3213 crescerent,
1646 3147 1836 3203 orabat

234 3240 425 3296 dicens
460 3260 472 3294 :
507 3241 619 3296 Non
649 3254 913 3297 cessurus
945 3256 1046 3297 pao
1076 3255 1226 3296 vosts
1262 3255 1504 3297 casuras
1538 3257 1606 3296 ενι·
1637 3257 1835 3297 rosru-

236 3350 468 3390 LANTES.
504 3335 653 3390 Hanc
683 3333 1127 3390 consuetudinem
1167 3334 1437 3391 habebant
1478 3334 1740 3405 apostoli,
1782 3342 1836 3390 et

238 3442 338 3480 nos
389 3436 574 3483 tenere
620 3426 899 3494 debemus,
949 3436 1007 3482 ut
1048 3425 1276 3483 invicem
1308 3442 1546 3497 oremus,
1580 3438 1633 3483 et
1663 3426 1835 3499 magi-

234 3518 337 3571 stri
370 3531 465 3586 pro
485 3517 783 3588 discipuiis,
816 3526 870 3571 et
896 3517 1139 3589 discipuli
1160 3534 1261 3589 pro
1288 3520 1580 3592 magistris,
1612 3520 1749 3575 sicut
1778 3521 1829 3573 in

1939 2960 2146 3015 viamus
2190 2962 2320 3026 Deo,
2360 2960 2503 3032 quod
2545 2960 2721 3018 facere
2762 2975 2871 3018 non
2924 2978 3226 3033 possumus,
3278 2969 3381 3025 nisi
3409 2971 3531 3043 ejus

1940 3054 2269 3109 voluntatem
2310 3053 2585 3108 iaciamus.
2626 3054 2684 3108 in
2723 3069 2852 3108 olm
2896 3068 3201 3126 sariam-ts,
3239 3077 3306 3115 ετ
3334 3078 3529 3119 εκτει-

1940 3163 2114 3203 ιεετυ
2161 3162 2444 3203 striarum.
2494 3147 2682 3203 Omnis
2724 3147 3007 3218 sapientia,
3042 3160 3098 3205 et
3124 3152 3448 3223 intellectus,
3477 3168 3533 3216 et

1944 3241 2209 3309 operatio,
2252 3240 2459 3297 scilicet
2504 3241 2627 3309 quia
2666 3240 2996 3310 impossibile
3022 3246 3251 3301 estsine
3286 3248 3390 3306 ﬁde
3419 3252 3533 3321 pla-

1943 3348 2065 3389 cere
2088 3333 2234 3400 Deo;
2264 3333 2340 3388 sic
2370 3344 2424 3389 et
2451 3335 2580 3403 ﬁdes
2605 3335 2713 3389 sine
2736 3334 2973 3406 operibus
3002 3346 3203 3393 mortua
3226 3352 3322 3397 est.
3344 3345 3533 3401 Omnis

1940 3426 2199 3495 sapientia
2222 3435 2306 3482 est
2332 3441 2436 3481 non
2460 3428 2634 3483 solum
2662 3429 2936 3483 historiam
2960 3428 3169 3485 Veteris
3200 3431 3531 3493 Testamenti

1941 3516 2102 3579 scire,
2130 3517 2224 3572 sed
2251 3518 2411 3572 etiam
2434 3519 2731 3587 spiritalem
2754 3517 3160 3587 intelligentiam
3184 3538 3531 3595 cognoscere.

234 3609 347 3663 alio
396 3610 517 3665 loco
563 3610 691 3665 dicit
726 3628 740 3665 :
775 3608 913 3665 Deus
954 3624 1120 3667 autem
1164 3614 1273 3683 spei
1317 3615 1511 3684 repleat
1551 3630 1640 3669 vos
1697 3614 1833 3669 omni

1944 3610 2024 3665 υτ
2052 3628 2348 3669 Ακθυιετιε
2374 3629 2530 3670 sicut;
2562 3614 2697 3681 Deo,
2730 3629 2831 3667 res
2856 3626 3020 3666 omnis
3050 3628 3376 3675 rmcsurss.
3407 3622 3530 3676 Am-

236 3703 446 3774 gaudio,
474 3712 521 3757 et
558 3721 683 3774 pace
716 3705 769 3759 in
808 3707 1079 3771 credendo,
1111 3715 1165 3759 ut
1188 3707 1456 3761 abundetis
1476 3707 1531 3760 in
1557 3723 1646 3779 spe
1669 3708 1835 3761 etvir—

222 3804 345 3851 tute
366 3796 594 3865 Spiritus
621 3798 803 3851 sancti.
837 3796 974 3853 Deus
996 3806 1163 3851 autem
1190 3798 1451 3869 patientia:
1471 3808 1517 3853 et
1548 3799 1725 3854 solatii
1751 3800 1835 3853 det

224 3891 376 3945 vobis
416 3892 640 3961 idipsum
682 3910 861 3963 sapere
900 3894 952 3947 in
991 3894 1291 3947 alterutrum
1335 3892 1614 3947 secundum
1658 3889 1835 3945 Iesum

230 3982 522 4049 Christum,
560 3997 613 4039 ut
655 3988 920 4042 unanimes
955 4003 1060 4040 uno
1094 4003 1179 4040 ore
1219 3986 1560 4054 honoriﬁcetis
1599 3985 1761 4040 Deum
1788 3995 1835 4039 et

237 4077 453 4134 Patrem
490 4081 700 4136 Domini
725 4083 885 4137 nostri
904 4081 1031 4137 Iesu
1057 4081 1265 4136 Christi.
1294 4081 1358 4136 Et
1388 4081 1577 4136 iterum
1611 4100 1623 4133 :
1655 4078 1833 4134 lt'leeto

234 4189 408 4243 genua
452 4190 564 4228 mea
609 4175 675 4227 ad
722 4173 932 4229 Patrem
961 4174 1169 4227 Domini
1193 4175 1354 4227 nostri
1376 4172 1501 4227 Jesu
1525 4170 1733 4226 Christi.
1766 4171 1835 4227 Ut

242 4278 423 4322 autem
455 4276 510 4322 et
539 4269 783 4338 discipuli
813 4284 911 4339 pro
942 4269 1212 4340 magistris
1239 4283 1395 4323 orare
1425 4267 1676 4333 debeant,
1722 4268 1835 4337 ipse

238 4368 297 4416 et
326 4359 453 4415 alibi
475 4360 603 4415 dicit
631 4379 646 4416 :
682 4360 902 4433 Expedit
926 4361 1066 4415 vobis
1096 4376 1244 4415 orare
1282 4375 1374 4431 pro
1397 4359 1562 4414 nobis.
1604 4359 1734 4414 Nam
1767 4359 1835 4414 de

228 4452 397 4510 beato
434 4453 600 4509 Petro
628 4455 681 4509 in
716 4469 934 4509 carcere
986 4454 1157 4523 posito
1200 4454 1449 4525 legimus,
1494 4453 1617 4520 quia
1662 4452 1833 4509 oratio

242 4546 414 4602 ﬁebat
433 4547 552 4602 sine
576 4547 978 4603 intermissione
1001 4547 1067 4603 ab
1088 4547 1313 4602 ecclesia
1340 4547 1408 4602 ad
1433 4546 1599 4602 Deum
1622 4562 1720 4617 pro
1745 4562 1831 4604 eo.

224 4640 391 4709 Quod
442 4651 621 4696 autem
664 4656 770 4695 non
812 4639 946 4694 dixit
997 4642 1339 4712 singulariter
1381 4654 1486 4697 non
1526 4655 1702 4707 cesso,
1736 4642 1833 4698 sed

560 4747 663 4785 non
714 4748 991 4800 cessamus,
1022 4734 1163 4787 etde
1189 4748 1249 4789 se
1279 4734 1379 4790 hoc
1402 4733 1631 4801 dicebat,
1676 4744 1728 4789 ct
1767 4734 1833 4788 de

224 4826 358 4880 aliis
404 4826 495 4897 qui
546 4842 667 4881 cum
708 4826 800 4881 illo
844 4836 1017 4881 erant.
1050 4826 1308 4892 Quamvis
1357 4842 1515 4882 orare
1564 4826 1833 4896 postulare

230 4935 403 4975 unum
441 4919 536 4987 sit,
564 4918 669 4975 hoc
696 4919 938 4983 interest,
973 4920 1095 4990 quia
1125 4934 1280 4974 orare
1305 4920 1531 4974 dicimus
1560 4919 1627 4974 de
1660 4918 1831 4974 levio-

1941 3703 2128 3761 bnlare
2158 3705 2306 3771 dicit,
2343 3720 2447 3762 non
2476 3708 2648 3763 solum
2677 3720 2925 3775 corpore,
2965 3708 3061 3762 sed
3103 3722 3310 3778 mente;
3343 3712 3529 3768 artibu-

1939 3788 2051 3850 lare
2075 3798 2144 3852 de
2175 3796 2371 3854 virtute
2397 3799 2450 3853 in
2481 3800 2754 3854 virtutem.
2784 3800 2951 3868 Digne
2976 3801 3231 3867 ambulat,
3267 3801 3356 3871 qui
3383 3813 3530 3860 recte

1935 3887 2089 3955 vivit,
2143 3901 2197 3944 et
2241 3888 2373 3944 alios
2412 3906 2507 3959 per
2545 3892 2743 3959 bonum
2770 3893 3074 3964 exemplum
3106 3895 3344 3959 attrahit,
3372 3895 3523 3965 juxta

1938 3980 2066 4034 illud
2094 3999 2108 4034 :
2143 3981 2246 4047 Qui
2266 3984 2431 4053 audit,
2457 3984 2635 4039 dicat:
2670 3984 2814 4041 Veni.
2863 3987 2976 4043 Deo
3007 4003 3102 4058 per
3127 3988 3306 4042 omnia
3334 3990 3529 4057 placet,

1939 4071 2026 4141 qui
2053 4075 2153 4126 hoc
2183 4074 2441 4144 adimplet
2469 4076 2608 4145 quod
2640 4077 2889 4131 subditur
2919 4096 2931 4130 :
2965 4078 3018 4133 In
3044 4079 3171 4133 omni
3198 4094 3366 4133 HPltRE
3398 4095 3529 4134 nouo

1941 4181 2410 4233 FRL‘CTIFICANTES,
2444 4184 2513 4222 ετ
2545 4184 2881 4225 causeam-cs
2913 4185 2962 4225 ut
2992 4183 3231 4227 suum“
3261 4172 3382 4227 Dm.
3412 4170 3531 4228 Non

1936 4258 2076 4312 dixit
2125 4258 2177 4313 in
2228 4274 2355 4327 uno,
2405 4260 2502 4329 sed
2542 4260 2594 4315 in
2623 4263 2799 4328 omni;
2830 4278 2934 4319 non
2964 4264 3096 4320 dicit
3122 4273 3432 4320 constantes
3461 4265 3527 4319 ad

1940 4360 2173 4422 tempus,
2203 4354 2296 4408 sed
2329 4355 2696 4425 fructiﬁcantes
2719 4366 2767 4410 et
2795 4366 3072 4412 crescentes
3099 4360 3152 4409 in
3176 4358 3385 4412 scientia
3408 4356 3524 4420 Dei,

1936 4445 1992 4500 id
2021 4455 2106 4502 est
2136 4447 2203 4502 de
2231 4446 2479 4503 omnibus
2514 4449 2666 4504 bonis
2695 4450 2771 4503 illi
2798 4452 3029 4505 sciamus
3067 4448 3265 4517 gratias
3302 4446 3527 4515 referre,

1933 4537 2083 4608 juxta
2105 4539 2235 4595 illud
2266 4557 2281 4594 :
2308 4538 2490 4594 Gratia
2515 4539 2609 4594 Dei
2636 4556 2783 4605 sum;
2811 4549 2866 4595 et
2894 4557 2907 4592 :
2937 4538 3060 4593 Non
3082 4536 3244 4602 nobis,
3289 4538 3526 4608 Domine,

1932 4648 2040 4685 non
2066 4632 2235 4697 nobis,
2259 4634 2348 4687 sed
2374 4633 2565 4685 nouiini
2586 4641 2672 4687 tuo
2695 4633 2761 4684 da
2782 4630 3020 4701 gloriam.
3062 4630 3329 4698 Quoniam
3358 4633 3529 4702 ipsius

1932 4734 2020 4779 est
2053 4726 2205 4778 nobis
2238 4726 2495 4793 pedicare
2525 4740 2575 4778 IN
2606 4739 2734 4778 num
2766 4739 3017 4779 νιιιτυτε.
3046 4722 3234 4778 Omnis
3258 4724 3426 4779 virtus
3445 4736 3531 4779 est

1942 4820 2035 4875 Dei
2060 4820 2283 4888 donum,
2316 4819 2404 4889 qui
2430 4818 2611 4873 omnia
2637 4828 2895 4887 praestare
2916 4825 3114 4889 potest.
3140 4817 3331 4874 Omnis
3360 4818 3531 4875 virtus

1934 4921 2020 4967 est
2050 4921 2105 4967 et
2131 4912 2330 4968 mentis
2374 4920 2429 4966 et
2470 4912 2732 4981 corporis.
2777 4912 3088 4967 Conlirmati
3119 4927 3149 4966 a
3176 4912 3318 4983 quo?
3367 4911 3471 4967 nisi
3500 4927 3530 4966 a

228 5012 386 5070 ribus
428 5011 614 5082 rebus,
647 5013 915 5083 postulare
944 5019 1123 5067 autem
1152 5011 1220 5067 de
1247 5011 1538 5081 majoribus
1559 5019 1613 5066 et
1638 5010 1830 5066 dilﬁci-
1858 5007 1911 5070 D
1938 5003 2186 5059 Βοιώτιοι
2247 5002 2399 5059 Unde
2440 5013 2496 5057 et
2544 5003 2671 5058 alibi
2709 5004 2820 5058 ait:
2852 5004 2953 5071 Qui
2996 5015 3043 5060 et
3080 5007 3402 5076 conﬁrmavit
3442 5021 3531 5059 vos

226 5102 482 5161 iioribtrs.
514 5103 727 5159 Orando
778 5114 886 5172 est,
942 5106 1028 5173 qni
1059 5113 1201 5159 stant
1248 5119 1318 5159 ne
1366 5103 1593 5170 cadant;
1648 5114 1831 5173 postu-

234 5197 425 5276 iando,
453 5207 513 5253 ut
550 5199 642 5269 qui
680 5197 862 5269 jaceat
890 5206 1131 5269 surgant.
1164 5197 1440 5253 Oraudum
1479 5207 1561 5252 est
1605 5206 1660 5251 ut
1700 5197 1830 5265 justi

229 5299 672 5357 remunerentur,
726 5290 1099 5361 paenitendum
1143 5302 1200 5345 ut
1240 5292 1493 5346 scelerati
1528 5290 1828 5361 justiticen-

226 5394 342 5440 tur.
395 5382 483 5441 Dr
520 5399 833 5440 manu
880 5401 939 5438 IN
976 5399 1266 5439 AGRI‘I‘IONI
1324 5399 1653 5439 votum/tris
1709 5383 1826 5438 Dst.

236 5476 478 5533 Primum
527 5477 880 5549 quaerendum
912 5485 993 5530 cst
1020 5476 1148 5546 quid
1180 5477 1248 5531 sit
1280 5477 1441 5542 Deus,
1488 5476 1637 5546 juxta
1686 5476 1829 5544 psal-

228 5572 415 5627 miste
440 5585 649 5638 vocem,
693 5571 785 5642 qui
812 5573 885 5626 ait
918 5589 929 5624 :
964 5571 1190 5638 Quaerite
1214 5570 1510 5637 Dominum,
1556 5582 1602 5626 et
1632 5573 1831 5642 conﬁr-

232 5663 483 5731 mantini;
518 5664 734 5737 σιω-ἑκ
762 5664 943 5733 [σάθης
967 5666 1077 5736 ejus
1116 5679 1348 5734 semper;
1388 5664 1582 5720 deinde
1627 5666 1831 5736 agnitio

236 5758 530 5813 voluntatis
556 5759 675 5829 ejus
700 5757 825 5829 quid
853 5757 985 5812 velit
1012 5756 1176 5823 Deus,
1218 5756 1355 5810 sicut
1384 5757 1525 5811 idem
1557 5758 1832 5828 apostolus

236 5855 313 5908 ait
347 5871 360 5907 :
392 5851 470 5907 'Ut
497 5853 719 5923 probetis
760 5869 875 5920 qua:
911 5852 977 5906 sit
1012 5852 1248 5906 voluntas
1293 5850 1387 5906 Dei
1429 5853 1579 5917 bona,
1626 5861 1670 5905 et
1711 5851 1833 5906 bene

234 5948 467 6017 placens,
499 5956 543 6003 et
573 5949 815 6018 perfecta.
850 5946 938 6002 De
966 5945 1210 6017 quu‘llta
1246 5944 1404 6018 Cod]
1448 5947 1676 6018 qualiter
1716 5963 1829 6003 ser-

1934 5110 2093 5165 tisque
2142 5095 2196 5147 in
2246 5094 2400 5165 ﬁnem
2442 5094 2555 5149 sine
2603 5096 2834 5150 crimine.
2894 5097 3179 5153 Securum!
3232 5112 3531 5152 perimunt

1932 5204 2253 5245 CLARI‘I'ATIS
2301 5203 2459 5257 stus,
2509 5188 2562 5245 id
2609 5199 2693 5246 est
2741 5192 3035 5248 secundum
3086 5194 3205 5261 ejus
3246 5192 3530 5258 virtutem,

1930 5285 2148 5339 dicente
2190 5283 2473 5339 Psalmista
2510 5302 2521 5337 :
2560 5282 2944 5341 Fortitudinem
2978 5302 3143 5341 nteant
3166 5287 3242 5339 ad
3279 5296 3325 5339 te
3360 5294 3532 5338 custo-

1934 5381 2096 5436 diam.
2144 5380 2285 5435 Hinc
2342 5382 2596 5436 Dominus
2644 5381 2717 5435 ait
2763 5400 2775 5433 :
2810 5381 2947 5438 Sine
2982 5398 3068 5435 me
3108 5380 3237 5434 nihil
3278 5381 3532 5451 potestis;

1934 5471 2171 5528 Lucerna
2199 5472 2410 5544 pedibus
2440 5476 2561 5529 meis
2589 5474 2799 5528 verbum
2825 5484 2988 5538 tuum,
3024 5474 3262 5541 Domine,
3289 5485 3338 5530 et
3359 5475 3531 5530 tamen

1936 5568 2127 5620 smilis
2154 5568 2303 5621 meis.
2330 5566 2388 5621 in
2419 5582 2546 5621 ostro
2576 5582 2872 5634 PA'I'IENTIA,
2919 5568 2971 5623 id
3004 5577 3098 5623 est
3122 5584 3243 5623 cum
3262 5569 3532 5640 proximis

1932 5672 1995 5718 et
2033 5664 2287 5735 subjectis
2328 5673 2489 5733 atque
2524 5664 2825 5732 extmieis,
2850 5674 2910 5718 et
2930 5664 3378 5735 persequentibus
3396 5679 3524 5720 unus.

1944 5759 2021 5812 Er
2052 5773 2504 5821 LONGANIMITATE,
2548 5766 2615 5812 ut
2659 5760 3068 5828 sempersitmts
3099 5759 3360 5830 patientes
3380 5767 3443 5813 ut
3460 5758 3528 5814 in

1943 5855 2236 5923 prosperis,
2272 5854 2342 5907 ita
2362 5851 2422 5906 in
2452 5851 2715 5909 adversis.
2752 5852 2868 5909 Cum
2892 5869 3109 5911 GM'DIO.
3146 5853 3365 5910 Scilicet
3390 5852 3530 5907 utin

1943 5943 2374 6001 tribulationibus
2414 5960 2631 6018 scalper
2672 5948 2971 6019 gaudeatis,
3022 5958 3272 6012 monente
3332 5944 3528 6001 iacebo
