4042 6348
528 412 628 473 847

1956 410 2360 474 LUCULENTII

3713 406 3816 461 848

527 532 774 599 apostolo
805 546 821 585 :
852 530 1018 587 Omne
1046 532 1295 603 gaudium
1316 530 1621 599 existimate,
1651 532 1837 602 fratres
1858 531 1979 597 mei,
2002 547 2117 585 cum
2142 539 2193 595 Α
2220 530 2341 585 estis
2383 544 2501 583 cum
2547 525 2908 582 maledixerint
2956 523 3096 579 vobis
3148 522 3381 578 homines
3406 560 3425 589 ,
3472 531 3522 576 et
3570 524 3815 591 persecuti

527 621 582 675 in
610 622 765 677 variis
795 623 1485 680 tentationibusincideritis.
1521 624 1618 682 Vel
1648 640 1743 694 per
1762 625 2038 697 passiones
2063 636 2118 681 et
2224 640 2311 679 vos
2356 622 2568 695 fuerint,
2619 629 2667 675 et
2717 618 2940 675 dixerint
2986 633 3135 672 omne
3180 617 3375 671 malum
3421 614 3699 669 Macrum
3735 629 3816 666 res

527 715 901 774 tribulationes
950 718 1185 775 futurum
1230 719 1481 791 gaudium
1516 735 1637 776 cum
1679 720 1897 776 Christo
1944 720 2116 789 perci-

529 809 711 883 piatis,
751 812 1045 872 secundum
1084 814 1253 885 ipsius
1293 815 1615 885 promissum
1659 813 1887 871 dicentis
1925 811 2117 869 :Beati

2224 717 2517 772 mentientes
2559 723 2768 786 propter
2802 728 2917 779 me;
2959 704 3243 784 gaudete‘et
3268 709 3545 777 essultate,
3580 707 3818 778 quoniam

2226 827 2413 866 merces
2434 819 2599 865 uestra
2625 807 2789 862 multa
2817 815 2890 863 est
2917 808 2971 861 in
3000 806 3146 861 calo.

546 938 3819 984 ψ

2020 1067 2349 1217 XV.

541 1274 759 1343 Lectio
803 1277 1104 1357 Epistolas
1153 1278 1322 1341 beati
1380 1280 1557 1341 Pauli
1586 1278 1858 1358 apostoli
1899 1268 1995 1358 ad;
2029 1275 2440 1358 Colossenses
2494 1271 2623 1358 (ιιι,
2659 1271 2766 1358 12)
2799 1292 2815 1332 :
2851 1273 3141 1358 fratres,
3187 1271 3436 1336 induite
3482 1289 3623 1345 vos,
3660 1272 3818 1334 sicut

1237 1360 1412 1422 electi
1443 1360 1561 1422 Dei
1578 1402 1595 1435 ,
1626 1352 1833 1421 sancti
1866 1365 1923 1419 et
1950 1355 2200 1428 dilecti,
2234 1354 2475 1415 viscera
2502 1352 2971 1429 misericordia,
3001 1358 3122 1417 etc.

1719 1498 2153 1559 COMMENTUM
2194 1492 2630 1554 LUCULENTII.

604 1643 961 1701 Colossenses
988 1650 1116 1699 sunt
1160 1641 1303 1699 sicut
1348 1638 1715 1697 Laodiceuses
1761 1638 1962 1695 Asiani.
2010 1637 2125 1703 His,

534 1745 757 1809 accepto
788 1736 957 1793 verbo
1004 1734 1270 1803 veritatis,
1320 1734 1549 1791 ﬁrmiter
1586 1741 1851 1790 steterunt
1893 1732 1945 1787 in
2000 1730 2124 1795 fide,

533 1845 635 1887 nec
673 1831 838 1887 falsos
878 1837 1198 1901 receperunt
1243 1828 1535 1899 apostolos.
1568 1828 1626 1883 ln
1657 1836 1861 1883 tantum
1904 1822 2127 1895 perfecti

534 1921 716 1996 {Cod.,
748 1920 1043 1994 persecuti]
1090 1931 1270 1989 erant,
1299 1928 1358 1976 ut
1398 1921 1640 1991 apostolo
1670 1935 1776 1975 non
1802 1918 2126 1989 indigerent,

538 2013 642 2070 nisi
664 2014 1045 2070 exhortatione
1076 2021 1302 2069 tantum.
1359 2013 1614 2069 Hortatur
1644 2027 1739 2070 eos
1759 2012 2049 2081 Apostolus
2076 2018 2132 2066 et
2162 2054 2207 2114 Β

537 2104 794 2161 admonet
841 2105 1071 2176 qualiter
1116 2104 1389 2160 Christum
1434 2104 1671 2171 induant,
1718 2105 1952 2159 dicens:
1989 2102 2128 2157 Fuit-

534 2209 690 2263 rm,
722 2212 941 2253 INDUITE
972 2211 1088 2264 V08,
1114 2211 1263 2253 SICUT
1292 2212 1484 2253 ELEC'H
1521 2198 1640 2262 DEI,
1684 2212 1901 2252 VISCERA
1926 2209 2131 2251 HlSERl-

534 2305 759 2348 conum.
812 2291 947 2348 Nota
993 2293 1118 2362 quia
1156 2291 1277 2348 aliis
1324 2292 1601 2363 discipulis
1645 2293 1776 2350 dicit
1822 2292 2130 2362 :Quotquot

535 2384 840 2452 credidistis,
864 2382 1124 2440 Christum
1148 2384 1423 2450 induistis;
1455 2384 1541 2440 hic
1563 2400 1690 2442 vero
1718 2385 2131 2441 Colossensibus

538 2475 668 2533 dicit
692 2495 704 2531 :
729 2476 940 2532 lnduite
958 2493 1065 2547 vos,
1090 2478 1218 2531 sicut
1238 2477 1384 2531 electi
1406 2475 1527 2532 Dei.
1551 2479 1628 2532 Ac
1650 2477 1697 2533 si
1718 2475 1861 2532 dicat
1886 2495 1898 2530 :
1924 2475 2132 2531 lnduite

538 2585 636 2625 vos
676 2570 862 2626 Jesum
888 2568 1181 2626 Christum.
1213 2570 1278 2625 Et
1304 2570 1443 2625 bene
1479 2568 1629 2635 dicit,
1680 2570 1810 2623 sicut
1851 2569 1995 2623 electi
2036 2565 2133 2622 Dei

538 2677 749 2730 SMC“,
796 2662 920 2731 quia
966 2675 999 2714 a
1043 2661 1152 2717 Deo
1188 2660 1352 2717 electi
1383 2668 1559 2725 erant,
1589 2661 1728 2715 sicut
1755 2660 2015 2716 Dominus
2045 2660 2130 2715 di-

538 2753 758 2824 scipulis
778 2753 965 2809 dicens
988 2767 1003 2807 :
1028 2751 1154 2808 Non
1175 2769 1264 2808 vos
1284 2769 1363 2807 me
1382 2752 1623 2823 elegistis,
1655 2753 1745 2807 sed
1763 2769 1858 2825 ego
1878 2753 2006 2825 elegi
2025 2770 2132 2808 vos.

539 2848 608 2902 Et
649 2845 940 2918 Apostolus
972 2863 984 2899 :
1019 2845 1157 2913 Quos
1197 2847 1469 2918 prtescivit,
1510 2848 1603 2902 hos
1643 2856 1692 2900 et
1729 2848 1942 2902 vocavit.
1994 2846 2153 2904 Bene.

539 2939 723 3004 sancti,
747 2938 871 3008 quia
893 2947 947 2996 et
967 2938 1084 3009 ipse
1103 2948 1321 2996 sanctus
1342 2946 1425 2996 est
1443 2939 1534 3011 qui
1554 2940 1684 2997 dicit
1708 2958 1722 2994 :
1747 2940 1932 2997 Sancti
1953 2949 2129 3007 estote,

538 3032 661 3101 quia
681 3048 775 3103 ego
802 3042 1009 3088 sanctus
1037 3049 1172 3089 sum.
1231 3032 1445 3091 Viscera
1492 3035 1860 3091 misericordia:
1896 3035 2027 3091 dicit
2054 3022 2134 3089 vi-

537 3139 689 3180 scera
736 3126 971 3197 pietatis,
1016 3126 1141 3196 quia
1184 3126 1239 3182 in
1285 3135 1491 3184 tantum
1533 3143 1631 3184 vos
1671 3128 1881 3198 dilexit,
1930 3136 1985 3183 ut
2026 3142 2130 3182 non

536 3220 770 3288 pretium
813 3218 959 3275 aliud
981 3234 1078 3290 pro
1106 3219 1258 3275 vobis
1289 3220 1465 3289 daret,
1499 3221 1593 3277 sed
1620 3221 1892 3292 proprium
1920 3220 2131 3290 sangui-

536 3323 665 3364 nem
705 3308 973 3365 funderet.
1018 3309 1095 3365 De
1124 3325 1233 3381 quo
1269 3311 1396 3368 olim
1448 3312 1709 3383 propheta
1761 3312 2082 3382 praedixerat
2115 3329 2127 3364 :

540 3397 641 3452 Per
669 3401 863 3455 viscera
886 3402 1249 3457 misericordia:
1280 3401 1375 3457 Dei
1407 3405 1589 3471 nostri,
1621 3408 1675 3460 in
1703 3405 1886 3476 quibus
1910 3406 2130 3460 uisitauit

538 3509 632 3548 nos
671 3494 839 3548 oriens
877 3510 941 3549 ea:
971 3494 1098 3551 alto.
1146 3497 1571 3554 BENIGNITATEI.
1605 3497 1723 3553 Jam
1755 3498 1940 3568 incipit
1966 3513 2134 3569 expo-

538 3602 672 3645 nere
714 3589 841 3660 quid
885 3598 978 3645 aut
1015 3590 1245 3661 qualiter
1296 3592 1446 3649 indui
1482 3608 1543 3649 se
1578 3593 1809 3650 debeant
1848 3607 1966 3648 cum
2010 3593 2138 3649 dicit

540 3683 928 3757 benignitatem.
964 3685 1109 3742 Bene
1137 3686 1268 3743 dicit
1296 3686 1690 3761 benignitatem;
1734 3688 1835 3743 hoc
1863 3696 1945 3744 est
1969 3687 2135 3744 bene-

544 3778 859 3847 volentiam,
912 3778 1017 3836 hoc
1059 3790 1142 3837 est
1183 3790 1244 3838 ut
1284 3780 1401 3837 sitis
1440 3782 1685 3839 benevoli
1725 3782 1793 3837 ad
1821 3796 2033 3847 omnes,
2064 3782 2136 3837 ita

543 3870 829 3941 diligentes
865 3880 925 3927 ut
946 3873 1324 3944 vosmetipsos.
1370 3873 1770 3930 llumurnsu.
1823 3875 1951 3931 Post
1978 3874 2138 3929 beni-

536 3964 796 4033 gnitatem
848 3966 1089 4036 sequitur
1133 3966 1432 4021 humilitas.
1483 3967 1767 4023 Humilitas
1815 3982 2005 4037 magna
2054 3973 2140 4021 est

538 4057 729 4124 virtus,
770 4074 889 4128 quae
920 4058 1165 4115 homines
1208 4060 1432 4132 angelos
1477 4060 1627 4118 fecit.
1660 4062 1734 4118 De
1765 4061 1865 4116 hac
1907 4077 2138 4132 namque

540 4150 740 4207 dicitur
772 4168 787 4205 :
819 4151 919 4219 Qui
948 4153 1057 4207 sine
1094 4153 1383 4209 humilitate
1402 4156 1637 4211 virtutem
1662 4165 1958 4229 congregat,
1988 4157 2139 4227 quasi

540 4245 629 4312 qui
669 4244 723 4298 in
760 4255 962 4299 ventum
1010 4246 1267 4317 pulverem
1310 4258 1505 4318 portat,
1546 4257 1593 4303 et
1634 4251 1779 4319 quasi
1818 4249 1906 4319 qui
1947 4264 2139 4304 merces

541 4339 885 4410 congregavit,
931 4337 1066 4393 misit
1095 4355 1181 4393 eas
1210 4341 1263 4394 in
1293 4340 1557 4395 sacculum
1598 4352 1879 4411 pertusum.
1931 4342 1995 4397 Et
2035 4342 2138 4396 Do—

538 4429 717 4485 minus
744 4431 871 4487 dicit
906 4450 917 4484 :
949 4431 1144 4487 Discite
1182 4450 1215 4486 a
1256 4450 1334 4488 me
1373 4435 1493 4504 quia
1524 4434 1661 4489 mitis
1701 4451 1813 4488 sum
1842 4444 1890 4489 et
1930 4434 2136 4488 humilis

539 4526 712 4581 corde.
754 4525 1096 4583 Monssruu.
1131 4527 1391 4585 Modestia
1420 4530 1533 4599 ipsa
1562 4538 1645 4586 est
1669 4537 1725 4584 et
1756 4529 2130 4600 temperantia,

543 4633 649 4672 una
689 4633 756 4674 ex
794 4628 1027 4691 quatuor
1056 4622 1343 4679 virtutibus
1396 4621 1802 4692 principalibus.
1863 4621 2136 4678 Modestus

543 4713 710 4777 enim,
743 4713 795 4768 id
824 4724 907 4769 est
937 4724 1290 4785 temperatus,
1317 4715 1481 4773 debet
1504 4731 1627 4772 esse
1656 4714 1879 4785 quilibet
1906 4715 1988 4770 vir
2015 4729 2137 4785 per-

2233 1633 2362 1703 puli,
2387 1632 2431 1686 si
2451 1631 2775 1687 dilectionem
2798 1630 3083 1686 habueritis
3104 1631 3161 1685 in
3187 1631 3416 1686 invicem.
3447 1629 3528 1686 Ετ
3556 1644 3824 1688 pommus

2229 1738 2641 1780 vontsusrtesis.
2689 1722 2744 1778 ld
2783 1731 2868 1779 est
2891 1723 3208 1779 alterutrum
3244 1723 3600 1781 dimittentes.
3631 1724 3689 1780 Si
3715 1741 3825 1789 oens

2233 1835 2500 1875 snvsusus
2526 1834 2760 1884 Αιιρυιςιι
2786 1834 2959 1873 ιιηετ
2985 1833 3291 1881 uvescunt.
3327 1816 3385 1873 ld
3437 1826 3523 1873 est
3574 1818 3623 1873 si
3677 1826 3732 1872 tu
3774 1818 3823 1873 in

2233 1915 2411 1985 aliquo
2442 1915 2685 1983 fratrem,
2713 1921 2803 1968 aut
2834 1912 3003 1969 frater
3030 1922 3085 1970 te
3112 1912 3268 1978 laesit,
3301 1912 3536 1968 invicem
3563 1912 3823 1969 dimittere

2233 2008 2465 2076 debetis,
2496 2008 2548 2062 id
2576 2015 2664 2065 est
2687 2008 2914 2075 donare,
2943 2016 3164 2078 propter
3190 2005 3646 2073 illudzbimittite,
3674 2016 3726 2061 et
3748 2007 3826 2060 di-

2234 2104 2462 2159 mittetur
2500 2103 2676 2169 oobis;
2721 2102 2861 2170 date,
2888 2110 2935 2156 et
2961 2101 3169 2156 dabitur
3194 2100 3364 2170 vobis;
3400 2099 3544 2171 quod
3574 2099 3668 2171 qui
3697 2100 3827 2155 leue-

2234 2196 2329 2263 rit,
2362 2194 2684 2252 llducialiter
2708 2194 2873 2250 audet
2899 2194 3081 2249 dicere
3121 2193 3175 2248 in
3218 2191 3466 2248 oratione
3512 2190 3823 2248 Dominica:

2234 2286 2448 2341 Dimitte
2494 2287 2642 2341 nobis
2690 2287 2864 2341 debita
2905 2294 3101 2349 nostra,
3141 2285 3275 2340 sicut
3321 2293 3367 2340 et
3397 2300 3491 2339 nos
3530 2285 3827 2340 dimittimus

2238 2381 2547 2436 debitoribus
2574 2379 2783 2435 nostris.

2304 2474 2481 2528 SUPER
2520 2487 2681 2528 οιιΝιΑ
2728 2487 2910 2527 AUTBI
2961 2487 3100 2539 HAEC,
3142 2486 3491 2527 εειΑιιιτΑτει
3536 2486 3822 2537 ιιηεκτῑε,

2235 2585 2371 2633 ounn
2414 2585 2510 2623 ss'r
2560 2583 2831 2623 vmcuwu
2884 2581 3284 2622 esurscrtouts.
3343 2566 3476 2623 Huic
3521 2567 3703 2623 simile
3753 2577 3827 2622 est

2236 2660 2366 2716 illud
2392 2660 2622 2731 apostoli
2662 2659 2805 2716 Petri
2840 2677 2852 2713 :
2889 2658 3067 2714 Estote
3105 2661 3404 2731 prudentes,
3448 2670 3497 2714 et
3538 2660 3743 2731 vigilate
3779 2659 3826 2712 in

2241 2755 2597 2822 orationibus;
2632 2763 2752 2810 ante
2779 2754 2951 2808 omnia
2979 2763 3151 2808 antem
3177 2763 3411 2807 mutuam
3436 2754 3490 2807 in
3517 2754 3827 2821 nobismetip-

2235 2848 2308 2903 sis
2345 2846 2643 2901 charitatem
2674 2846 2968 2900 continuam
2999 2844 3258 2899 habentes.
3283 2844 3533 2900 Charitas
3553 2843 3825 2915 aliquoties

2237 2941 2379 2996 inter
2401 2947 2631 2995 caeteras
2659 2938 2887 2995 virtutes
2912 2938 3087 3009 prima
3118 2937 3334 3008 ponitur
3352 2937 3423 2993 ab
3442 2938 3693 3007 apostolo
3720 2952 3830 3008 pro-

2237 3042 2355 3104 pter
2378 3031 2717 3103 dignitatem,
2750 3033 2835 3088 vel
2867 3031 3361 3098 mansuetudinem,
3394 3046 3463 3087 eo
3488 3031 3639 3101 quod
3676 3031 3833 3101 major

2237 3124 2307 3179 sit
2335 3124 2548 3180 caneris
2576 3123 2881 3181 virtutibus.
2919 3123 3024 3181 Ubi
3052 3139 3186 3181 vero
3228 3124 3418 3180 ultimo
3448 3124 3576 3181 loco
3606 3126 3831 3195 ponitur,

2242 3232 2347 3272 non
2399 3228 2618 3288 propter
2672 3218 3019 3289 exiguitatem
3066 3217 3154 3274 vel
3201 3217 3645 3286 diminutionem,
3700 3218 3833 3289 quod

2237 3311 2412 3366 minor
2437 3311 2527 3375 sit,
2558 3312 2653 3367 sed
2698 3319 2916 3382 propter
2942 3310 3349 3369 fundamentum
3378 3312 3467 3368 vel
3506 3312 3828 3369 solidamen-

2237 3413 2348 3459 tum
2377 3405 2611 3475 ponitur.
2638 3405 2779 3460 sicut
2806 3418 2905 3475 pro
2935 3403 3184 3475 Ephesiis
3212 3415 3331 3460 orat
3350 3405 3540 3463 dicens
3572 3423 3586 3461 :
3615 3405 3687 3460 In
3710 3408 3830 3460 clu-

2241 3498 2391 3553 ritate
2411 3498 2628 3552 radicati
2652 3507 2699 3552 et
2719 3498 2961 3568 fundati;
2990 3498 3106 3569 ipsa
3134 3507 3219 3554 est
3243 3499 3387 3554 enim
3415 3498 3571 3554 radix
3590 3500 3825 3554 omnium

2243 3592 2518 3657 virtutum,
2548 3592 2667 3647 sine
2695 3608 2800 3663 qua
2829 3595 3055 3649 virtutes
3099 3602 3308 3649 caetera:
3339 3594 3467 3650 vitia
3499 3605 3831 3664 reputantur.

2245 3684 2397 3741 Sicut
2418 3687 2585 3755 enim,
2617 3685 2767 3744 verbi
2809 3688 2981 3757 gratia
3017 3680 3219 3755 dicam,
3259 3688 3454 3758 aliquis
3481 3689 3649 3744 homo
3679 3690 3837 3745 niani-

2240 3778 2426 3848 pulum
2455 3777 2660 3835 faciens
2706 3795 2773 3835 ex
2817 3780 3038 3850 virgulis
3062 3780 3387 3851 agrestibus,
3418 3796 3652 3839 necesse
3679 3792 3759 3839 est
3789 3792 3837 3839 ut

2244 3888 2367 3929 cum
2395 3888 2501 3929 una
2531 3888 2599 3930 ex
2621 3875 2725 3930 illis
2749 3884 2802 3931 et
2822 3883 3047 3930 caeteras
3076 3877 3430 3948 constringat,
3460 3893 3532 3933 ne
3559 3878 3668 3934 huc
3694 3879 3838 3934 illuc-

2241 3981 2347 4037 que
2374 3966 2789 4037 dispergantur;
2832 3967 2913 4023 sic
2961 3982 3185 4024 necesse
3206 3978 3290 4025 est
3313 3976 3370 4025 ut
3398 3970 3708 4043 quicunque
3744 3986 3837 4027 cs:-

2244 4069 2389 4115 tcras
2438 4060 2665 4116 virtutes
2712 4060 2913 4116 habere
2963 4060 3279 4130 desiderat,
3335 4062 3535 4119 habeat
3572 4066 3838 4121 vinculum

2243 4150 2615 4221 perfectionis,
2646 4152 2985 4221 charitateni,
3009 4154 3132 4226 quia
3160 4163 3219 4209 ut
3244 4155 3355 4211 dixi
3383 4164 3599 4214 caetera:
3620 4159 3837 4215 virtutes

2242 4248 2362 4304 sine
2407 4248 2675 4304 charitate
2698 4248 2826 4304 nihil
2859 4259 3004 4305 sunt.
3042 4249 3177 4305 Hinc
3201 4249 3328 4307 alibi
3360 4250 3492 4307 dicit
3523 4255 3832 4324 apostolus:

2243 4341 2305 4396 Si
2349 4341 2539 4414 linguis
2583 4341 2849 4397 hominum
2878 4342 3058 4413 loquar
3097 4352 3143 4397 et
3184 4343 3510 4415 angelorum,
3539 4348 3835 4404 charitatem

2241 4449 2341 4487 non
2369 4434 2602 4500 habeam,
2635 4435 2803 4503 factus
2828 4451 2943 4491 sum
2967 4434 3103 4490 velut
3124 4451 3193 4491 tes
3214 4453 3404 4492 sonans
3434 4448 3526 4493 aut
3555 4442 3836 4511 cymbalum

2242 4527 2484 4582 tinniens.
2529 4527 2604 4582 Er
2643 4544 2742 4583 pax
2773 4528 2991 4584 Cunter
3036 4542 3311 4585 sxsunrrr
3357 4546 3412 4586 ιιι
3456 4546 3717 4591 conplens
3750 4551 3835 4590 vs-

2241 4633 2409 4674 srms.
2458 4618 2568 4676 Pax
2612 4631 2796 4678 nostra
2839 4622 3084 4678 Christus
3125 4632 3231 4691 est,
3277 4621 3493 4681 dicente
3536 4629 3833 4696 Apostolo:

2240 4716 2362 4787 Ipse
2378 4726 2450 4771 est
2473 4733 2577 4787 pax
2597 4728 2796 4783 nostra,
2820 4717 2911 4789 qui
2929 4716 3049 4787 fecit
3070 4724 3287 4788 utraque
3308 4734 3491 4775 unum.
3515 4719 3583 4774 Et
3602 4722 3795 4777 iterum
3820 4740 3833 4774 :

544 4807 860 4875 l'ectus,non
889 4811 1060 4866 solum
1089 4811 1144 4866 in
1165 4811 1288 4867 cibo
1308 4821 1363 4868 et
1385 4821 1512 4882 potu
1534 4822 1751 4882 propter
1776 4810 1933 4866 illud:
1958 4813 2137 4866 Atten-
2160 4852 2212 4911 υ
2244 4808 2361 4863 Pas:
2386 4809 2480 4864 Dei
2501 4826 2615 4881 quae
2635 4820 2911 4882 exsuperat
2934 4827 3135 4866 omnem
3154 4828 3381 4878 sensum,
3408 4813 3669 4868 custodiat
3685 4815 3837 4869 corde

540 4902 646 4954 dite
693 4918 757 4956 ne
795 4914 1069 4972 graventur
1093 4906 1250 4961 corda
1279 4914 1439 4962 vestra
1459 4907 1513 4960 in
1535 4905 1750 4977 crapula
1789 4916 1836 4960 et
1869 4906 2128 4971 ebrietate,

539 5008 728 5049 verum
757 4995 917 5050 etiam
948 4998 1000 5051 in
1032 4998 1375 5070 cogitatione,
1408 5009 1465 5055 et
1502 4999 1793 5068 locutione,
1843 5009 1897 5054 et
1938 5015 2131 5071 opera-

540 5087 707 5154 tione,
755 5097 809 5143 et
850 5088 902 5143 in
944 5090 1092 5145 omni
1132 5102 1275 5147 actu.
1317 5092 1675 5149 Pnnssrun.
1720 5092 1935 5149 Patiens
1971 5092 2132 5149 debet

539 5194 660 5235 csse
698 5182 781 5246 vir
825 5180 1116 5249 perfectus,
1166 5195 1415 5241 monente
1460 5185 1763 5255 Apostolo:
1809 5183 2003 5238 Pacem
2046 5199 2129 5237 se-

540 5274 775 5340 ctamini,
802 5284 850 5329 et
876 5278 1291 5333 sanctimoniam.
1342 5279 1407 5334 Et
1448 5279 1705 5336 Dominus
1734 5279 1863 5336 dicit
1890 5296 1903 5334 :
1934 5278 2002 5333 In
2040 5293 2133 5350 pa-

537 5367 715 5423 tientia
773 5379 937 5426 vestra
1011 5373 1334 5442 possidebitis
1388 5376 1588 5431 animas
1635 5384 1845 5431 vestras.
1900 5373 1969 5428 Et
2022 5372 2127 5428 alia

536 5458 813 5533 Scriptura
851 5464 982 5521 dicit
1013 5483 1027 5523 :
1059 5465 1331 5537 Sapientia
1365 5470 1460 5524 viri
1502 5487 1590 5541 per
1626 5470 1923 5543 patientiam
1946 5468 2129 5540 digno-

536 5557 713 5610 scitur.
742 5557 1161 5615 Surponuu'rss
1200 5578 1436 5620 INVICEI.
1484 5563 1659 5634 lpsum
1700 5575 1783 5621 est
1818 5564 1959 5636 quod
1999 5563 2127 5619 alibi

534 5644 667 5702 dicit
697 5665 711 5702 :
742 5648 887 5704 Alter
931 5651 1140 5708 alterius
1165 5670 1319 5709 onera
1348 5664 1567 5727 portate,
1606 5666 1656 5712 et
1685 5660 1758 5711 sic
1785 5656 2127 5719 adimplebitis

536 5737 703 5811 legem
741 5741 949 5798 Christi.
1001 5745 1111 5801 Lex
1154 5747 1355 5805 Christi
1401 5751 1622 5811 dilectio
1652 5760 1756 5820 est,
1798 5766 1957 5822 quam
2002 5758 2126 5806 tunc

538 5830 851 5901 implemus,
895 5836 940 5891 si
983 5836 1212 5895 invicem
1254 5856 1351 5900 nos
1400 5841 1723 5901 sutlerimus.
1771 5842 1841 5899 Et
1870 5842 2127 5898 Dominus

536 5919 669 5979 dicit
702 5940 716 5976 :
745 5922 814 5979 In
855 5924 951 5981 hoc
987 5941 1287 5999 cognoscent
1327 5949 1495 5991 omnes
1537 5936 1661 6004 quia
1698 5935 1794 5994 mei
1826 5934 1944 5990 estis
1973 5934 2127 5990 disci-

2240 4912 2405 4956 vestra
2441 4912 2487 4956 et
2524 4901 2890 4975 intelligentias
2915 4914 3123 4958 vestras.
3158 4903 3405 4959 Exsultat
3432 4904 3578 4959 enim
3620 4904 3676 4960 in
3712 4920 3835 4961 cor-

2239 4993 2394 5049 dibus
2444 5003 2779 5063 sanctorum,
2829 5010 2951 5051 cum
2999 5009 3094 5052 eos
3138 4996 3409 5052 exsultare
3445 4995 3597 5053 facit.
3630 4997 3833 5070 Dequa

2238 5091 2597 5149 exsultatione
2638 5092 2900 5163 propheta
2944 5092 3075 5149 dicit
3122 5112 3135 5147 :
3180 5092 3535 5150 Exsultabunt
3575 5094 3742 5151 sancti
3783 5098 3832 5149 in

2238 5185 2425 5256 gloria.
2457 5182 2593 5242 Huic
2632 5186 2810 5242 simile
2833 5194 2918 5242 est
2944 5187 3085 5257 quod
3125 5185 3289 5243 alibi:
3316 5186 3459 5242 Misit
3489 5187 3631 5243 Deus
3660 5188 3833 5259 Spiri-

2239 5286 2349 5331 tum
2391 5276 2516 5333 Filii
2561 5281 2644 5334 sui
2682 5280 2736 5333 in
2775 5280 2935 5334 corda
2959 5278 3267 5336 clamantem
3298 5297 3319 5336 :
3346 5282 3488 5337 Abba
3516 5281 3701 5352 Pater,
3726 5294 3785 5341 et
3812 5301 3828 5340 :

2239 5372 2364 5446 Ipse
2390 5374 2622 5449 Spiritus
2660 5377 3006 5434 testimonium
3032 5377 3209 5433 reddet
3237 5377 3444 5449 spiritui
3465 5387 3666 5447 nostro,
3693 5381 3829 5451 quod

2236 5485 2414 5523 sumus
2436 5470 2536 5538 ﬁlii
2560 5468 2675 5524 Dei.

2310 5560 2363 5615 lu
2396 5575 2498 5626 ouo
2529 5576 2595 5615 ετ
2623 5575 2816 5617 vocnt
2856 5576 3029 5628 es'rts,
3075 5562 3127 5618 id
3160 5571 3243 5620 est
3266 5562 3322 5619 in
3347 5562 3588 5632 Christo,
3618 5565 3708 5637 qui
3745 5581 3828 5622 eos

2236 5653 2429 5707 vocavit
2456 5652 2520 5708 de
2556 5651 2774 5707 tenebris
2811 5654 2867 5707 in
2912 5652 3213 5711 admirabile
3250 5655 3423 5711 lumen
3450 5671 3621 5711 suum.
3656 5654 3825 5713 Utnnn

2234 5760 2435 5817 corpus
2461 5745 2591 5802 dicit
2615 5753 2855 5801 sanctam
2883 5744 3205 5814 Eeclesiam,
3235 5760 3538 5819 quanquam
3560 5747 3619 5803 in
3648 5756 3826 5816 partes

2234 5838 2405 5895 divisa
2429 5842 2518 5908 sit,
2548 5838 2804 5896 membris
2832 5837 3065 5896 fidelium
3097 5847 3276 5898 tamen
3304 5839 3531 5898 collecta
3557 5854 3721 5895 unum
3741 5846 3823 5895 est

2236 5946 2452 6005 corpus.
2496 5932 2595 5989 Vos
2621 5932 2743 5989 estis
2783 5948 2967 6006 corpus
3002 5931 3211 6005 Christi,
3257 5934 3388 5991 dicit
3436 5932 3743 6005 Apost-ilus,
3774 5938 3820 5985 et
