4042 6348
338 408 363 458 ἓ
376 405 440 456 49)

1634 405 1698 460 ΙΝ
1736 406 1887 462 CAP.
1930 403 1973 462 ΙΙ
2007 405 2100 463 AD
2140 406 2369 464 TlTUM.

3512 414 3617 469 850

336 523 560 576 membra
595 523 658 577 de
704 524 958 594 membris,
991 532 1045 579 et
1077 541 1091 579 :
1126 525 1272 580 Sicut
1309 524 1360 577 in
1392 538 1494 577 uno
1523 537 1736 591 corpore
1761 521 1924 576 multa
1950 525 2001 585 Α
2029 521 2230 592 respuit
2255 521 2441 588 Vetus,
2472 535 2575 574 non
2607 528 2690 576 est
2713 519 2902 576 doetus
2923 521 3070 575 omni
3094 526 3380 592 sapientia.
3403 527 3573 581 Aliter
3601 546 3614 579 :

336 615 560 669 membra
586 614 849 670 habemus.
882 617 957 671 Er
987 633 1145 673 GRATI
1179 631 1398 671 esrors.
1446 615 1501 670 ld
1550 625 1631 670 est
1676 615 1916 685 gratiosi,

335 709 693 778 acceptabiles
719 709 784 763 ad
817 725 1024 766 omnes.
1054 710 1206 766 Sicut
1235 711 1375 766 idem
1399 710 1465 765 de
1490 724 1548 765 se
1569 708 1696 764 dicit
1727 728 1740 762 :
1776 708 1921 764 Sicut

332 811 384 858 ιι
413 819 502 872 ego
533 819 621 872 per
643 804 814 857 omnia
845 805 1075 859 omnibus
1104 805 1296 871 placeo.
1348 803 1566 858 Vensuu
1595 799 1839 866 Cuntsrt,
1870 799 1922 854 id

333 902 420 951 est
446 895 690 950 doctrina
715 895 930 962 Christi,
966 905 1021 952 et
1054 897 1399 966 Evangelium
1430 894 1648 958 Christi,
1691 907 1921 949 manu

340 999 392 1038 IN
419 1000 570 1040 vonts
624 1003 990 1055 anonnssrsa,
1026 1000 1081 1042 ut
1112 990 1215 1044 hoc
1243 987 1384 1058 quod
1428 987 1722 1057 intelligitis
1761 999 1924 1055 opere

335 1079 674 1147 complestis.
703 1080 1048 1136 Abundanter
1080 1082 1221 1136 enim
1250 1081 1303 1135 in
1334 1080 1593 1152 quolibet,
1623 1095 1744 1136 cum
1777 1087 1923 1135 recte

332 1169 604 1243 intelligit,
651 1181 706 1228 et
756 1188 920 1243 opere
963 1175 1181 1243 implet;
1224 1173 1743 1245 superabundanter,
1801 1187 1920 1228 cum

337 1261 457 1319 aliis
484 1272 687 1334 erogat.
732 1265 960 1335 Propter
982 1267 1108 1322 illud
1143 1267 1285 1336 quod
1324 1267 1580 1321 Dominus
1605 1266 1772 1321 dicit:
1799 1267 1926 1331 Quis

339 1370 489 1430 putas
520 1369 593 1413 est
621 1359 791 1428 fidelis
822 1362 1144 1430 dispensator
1167 1371 1212 1415 et
1240 1364 1463 1432 prudens
1491 1378 1640 1432 quem
1666 1361 1926 1414 constituit

335 1452 591 1508 Dominus
630 1470 783 1523 super
823 1456 1078 1524 familiam
1121 1456 1315 1510 suam?
1360 1456 1427 1510 Et
1474 1456 1711 1511 iterum:
1746 1453 1926 1510 Omnis

336 1546 503 1600 scriba
549 1547 727 1600 doctus
771 1547 825 1600 in
871 1565 1026 1620 regno
1071 1551 1334 1617 calorum,
1386 1550 1568 1604 similis
1613 1559 1684 1602 est
1733 1549 1926 1602 homini

335 1638 718 1707 patrifamilias,
740 1637 827 1709 qui
848 1641 1040 1711 profert
1062 1641 1126 1694 de
1147 1642 1386 1696 thesauro
1401 1657 1496 1696 suo
1513 1657 1644 1695 nova
1665 1649 1710 1695 et
1734 1650 1921 1696 vetera.

335 1726 390 1782 lu
421 1743 546 1783 oum
576 1746 874 1799 summis,
907 1732 959 1786 id
990 1741 1071 1787 est
1097 1734 1150 1787 in
1177 1733 1358 1788 Veteri
1401 1743 1454 1788 et
1479 1733 1533 1788 in
1558 1733 1706 1788 Novo
1733 1733 1919 1788 Testa-

334 1832 538 1878 mento.
581 1823 680 1890 Qui
728 1827 870 1881 enim
919 1827 1106 1896 recipit
1149 1825 1352 1882 Novum
1394 1827 1821 1890 Testamentum,
1868 1819 2002 1883 etB

335 1965 532 1976 ——————

558 1967 803 1980 *-

1975 610 1983 619 ’
2023 615 2075 666 in
2120 613 2257 668 omni
2286 613 2554 682 sapientia,
2588 612 2642 666 in
2668 613 2840 667 littera
2859 621 2922 668 'et
2954 614 3224 669 intellectu
3251 616 3535 684 spirituali,
3563 618 3616 673 in

2029 705 2282 776 allegoria
2324 714 2382 759 ιιι
2428 704 2529 758 hoc
2577 704 2717 774 quod
2767 705 2894 777 legit
2947 705 3302 773 Spiritualiter
3350 708 3618 765 disserere

2031 801 2222 856 valeat.
2268 800 2546 855 Docasrss
2586 815 2655 853 ετ
2701 814 3105 855 commonemus.
3154 801 3417 857 Docentes
3459 801 3617 871 alios,

2030 904 2436 950 commonentes
2462 893 2838 964 vosmetipsos.
2873 892 2926 949 Id
2972 894 3144 964 ipsum
3185 905 3270 951 est
3307 895 3450 967 quod
3496 895 3618 954 aliis

2031 985 2302 1056 discipulis
2332 985 2454 1042 dicit
2483 1003 2495 1038 :
2532 986 2633 1053 Qui
2659 986 2804 1040 docet
2831 987 2885 1040 in
2915 986 3167 1052 doctrina,
3204 988 3290 1057 qui
3316 987 3617 1044 exhortatur

2029 1082 2080 1135 in
2119 1080 2452 1136 exhortando.
2486 1079 2637 1145 Quod
2683 1079 2753 1134 ibi
2793 1078 2944 1147 dicit,
2979 1081 3067 1150 qui
3105 1080 3249 1134 docet
3279 1082 3333 1135 in
3358 1081 3616 1149 doctrina,

2031 1177 2132 1232 hoc
2156 1185 2210 1232 et
2239 1176 2322 1230 hic
2353 1177 2483 1231 dicit
2512 1177 2763 1231 docentes.
2795 1176 2858 1231 Et
2883 1176 3024 1246 quod
3051 1177 3142 1242 ibi,
3173 1178 3263 1248 qtti
3293 1177 3617 1245 exhortatur,

2032 1269 2130 1324 hoc
2177 1279 2230 1324 et
2281 1270 2369 1323 hic
2417 1278 2789 1323 commonentes
2839 1284 3210 1325 vosuertesos.
3258 1270 3412 1327 Unde
3454 1281 3510 1328 et
3548 1273 3618 1329 ad

2029 1362 2208 1416 Titum
2252 1380 2264 1416 :
2309 1361 2440 1416 Hcce
2481 1361 2684 1432 loquere
2727 1372 2771 1416 et
2819 1364 3110 1418 exhortare.
3158 1364 3264 1420 Sed
3310 1366 3364 1420 in
3412 1381 3516 1435 quo
3557 1379 3619 1422 se

2030 1469 2374 1510 commonere
2424 1454 2700 1516 deberent.
2749 1457 3032 1512 evidenter
3073 1457 3283 1528 aperuit
3330 1474 3453 1514 cum
3493 1458 3619 1514 sub-

2024 1547 2202 1622 junxit
2252 1565 2266 1602 :
2319 1549 2369 1603 In
2428 1563 2641 1604 PSALMIS
2694 1567 2758 1604 er
2811 1566 3025 1607 uvuuts.
3085 1550 3329 1607 Psalmus
3383 1555 3619 1620 pertinet

2029 1643 2094 1696 ad
2118 1657 2332 1713 corpus,
2364 1643 2595 1713 hymnus
2625 1644 2690 1699 ad
2724 1653 2978 1710 mentem,
3011 1647 3279 1704 canticum
3305 1647 3375 1703 ad
3406 1648 3617 1706 fortitu-

2029 1736 2276 1793 dinem...

1785 2091 2181 2238 XVI.

327 2299 542 2365 Lectio
571 2297 873 2377 Epistolte
902 2297 1069 2362 beati
1095 2297 1276 2361 Pauli
1307 2295 1580 2376 apostoli
1615 2294 1934 2378 adtl‘ilum
1971 2297 2039 2378 (ιι
2059 2342 2076 2373 ,
2097 2296 2207 2378 41)
2242 2317 2256 2356 :
2286 2299 2607 2378 Apparuit
2636 2302 2850 2378 gratia
2879 2303 2997 2365 Dei
3023 2303 3382 2366 Saluatoris
3405 2305 3616 2367 nostri

1546 2374 1831 2437 omnibus
1860 2374 2243 2450 hominibus,
2279 2374 2397 2441 etc;

1515 2519 1951 2580 COMMENTUM
1990 2520 2424 2580 LUCULENTII.

396 2661 553 2719 Titus
584 2662 967 2732 interpretatur
996 2674 1246 2733 quaerens
1276 2660 1474 2716 bonum
1503 2660 1619 2715 sive
1663 2658 1914 2714 luctatus.

327 2761 558 2816 Secutus
596 2765 679 2813 est
716 2758 939 2812 Paulum
981 2757 1316 2826 apostolum,
1355 2764 1410 2811 et
1449 2765 1636 2826 pastor
1674 2755 1915 2810 ecclesiae

327 2852 442 2906 sive
474 2851 732 2919 magister
760 2849 828 2902 ab
857 2849 1048 2904 eodem
1076 2849 1401 2904 constitutus
1433 2857 1554 2913 est,
1588 2863 1707 2902 cum
1740 2847 1870 2902 dicit
1897 2863 1912 2900 :

326 2943 504 3016 Hujus
542 2945 617 2996 rei
645 2945 810 3014 gratia
837 2943 1022 3013 reliqui
1057 2951 1103 2996 te
1131 2941 1295 2996 Creta:
1324 2953 1377 2996 ut
1405 2957 1520 3012 qua:
1545 2943 1729 2996 desunt
1755 2943 1918 2996 corri-

325 3054 417 3109 gas
445 3046 491 3091 et
521 3037 805 3091 constituas
834 3036 1098 3106 episcopos
1130 3051 1218 3104 per
1252 3037 1476 3090 civitates
1500 3077 1514 3101 ,
1542 3037 1671 3090 sicut
1698 3054 1789 3107 ego
1818 3038 1907 3092 tibi

326 3131 578 3200 disposui.
612 3129 800 3186 Omnis
827 3129 916 3201 qui
943 3129 1139 3184 bonum
1168 3131 1389 3200 quaerit,
1420 3130 1472 3185 id
1502 3140 1584 3186 est
1624 3131 1906 3188 Dominum

325 3238 387 3279 ac
427 3225 587 3278 vitam
645 3231 930 3286 atternam,
990 3221 1284 3291 Epistolam
1337 3223 1473 3277 hanc
1515 3223 1578 3276 ad
1631 3238 1690 3277 se
1728 3234 1915 3279 noscat

322 3315 686 3384 conscriptam
709 3358 722 3381 ,
750 3329 846 3384 per
866 3327 1025 3384 quam
1051 3313 1345 3369 erudiatur.
1374 3314 1665 3384 Dupliciter
1689 3316 1914 3387 intelligi

323 3415 501 3477 potest
531 3405 676 3475 quod
707 3406 856 3460 dicit.
892 3406 1164 3460 Areum"
1191 3422 1388 3462 GRA'I‘IA
1415 3407 1783 3472 SALVATORIS;
1815 3408 1916 3463 hoc

2029 2662 2114 2733 ci,
2149 2662 2369 2718 Barbari
2414 2672 2468 2719 et
2507 2663 2757 2735 Scythae,
2786 2667 2927 2722 servi
2954 2675 3009 2723 et
3034 2668 3269 2736 domini,
3315 2670 3616 2728 circumcisi

2026 2766 2081 2810 et
2112 2757 2373 2828 praeputia
2410 2755 2678 2824 habentis,
2711 2758 2933 2813 masculi
2960 2768 3014 2814 et
3041 2759 3273 2828 tentiam,
3303 2761 3396 2816 sed
3429 2776 3618 2819 omnes

2028 2848 2082 2902 in
2113 2846 2330 2904 Christo
2373 2865 2536 2904 unum
2581 2863 2786 2905 sumus.
2831 2849 2948 2904 Non
2979 2860 3062 2907 est
3087 2852 3231 2907 enim
3260 2867 3615 2922 personarum

2027 2949 2296 3008 acceptor,
2323 2940 2410 3009 qui
2441 2956 2612 2994 omnes
2642 2940 2748 2994 vult
2774 2941 2941 2995 salvos
2967 2942 3079 3010 ﬁeri
3097 2985 3112 3010 ,
3143 2952 3189 2996 et
3217 2943 3286 2996 ad
3306 2946 3615 3014 agnitionem

2025 3031 2250 3084 veritatis
2276 3031 2466 3085 venire.
2492 3030 2690 3084 Omnes
2719 3031 2860 3085 enim
2894 3032 2960 3084 ad
2990 3047 3210 3102 regnum
3238 3049 3390 3087 suum
3423 3045 3611 3100 vocat;

2023 3137 2216 3178 omnes
2253 3132 2379 3194 post
2419 3124 2682 3180 ollensam
2730 3124 2876 3179 Patri
2925 3135 3112 3180 nostro
3144 3142 3329 3181 sumus
3372 3131 3612 3184 reconci-

2024 3213 2186 3268 liandi
2210 3258 2224 3281 ,
2257 3230 2362 3270 non
2399 3231 2498 3284 per
2527 3217 2715 3271 merita
2749 3225 2963 3287 nostra,
2992 3219 3086 3276 sed
3117 3235 3211 3289 per
3241 3220 3462 3290 gratiam
3494 3223 3612 3276 Sal-

2021 3304 2255 3371 vatoris,
2289 3306 2342 3360 id
2371 3315 2454 3362 est
2484 3306 2623 3362 Filii.
2669 3309 2801 3376 Quae
2839 3311 3008 3377 gratia
3054 3312 3257 3380 patris,
3301 3324 3393 3368 aut
3439 3316 3612 3383 gratia

2023 3397 2194 3452 Filii?
2225 3414 2327 3463 qua
2361 3401 2624 3469 redempti
2658 3415 2875 3468 sumus,
2909 3402 2995 3458 cui
3029 3403 3225 3458 dicitur
3252 3420 3348 3473 per
3375 3406 3609 3476 prophe-

320 3508 405 3554 est
434 3499 518 3553 vel
546 3499 660 3567 ipse
690 3497 961 3564 Salvator,
996 3498 1063 3554 de
1093 3513 1197 3568 quo
1227 3498 1459 3554 Joannes
1485 3519 1496 3551 :
1535 3498 1771 3553 Vidimus
1800 3500 1909 3570 glo-
1940 3493 1986 3559 C
2021 3499 2131 3544 lam
2161 3508 2173 3543 ε
2211 3489 2319 3545 Pro
2347 3491 2509 3546 nihilo
2536 3492 2755 3547 salvabis
2786 3510 2895 3548 nos.

320 3591 456 3644 riam
483 3593 618 3661 ejus,
645 3590 862 3660 gloriam
891 3593 1039 3658 quasi
1067 3591 1318 3662 unigeniti
1347 3608 1378 3644 a
1411 3589 1586 3645 Patre.
1621 3590 1721 3658 Qui
1748 3606 1913 3661 appa-

323 3679 428 3735 ruit
456 3681 522 3735 ad
555 3681 657 3736 hoc
687 3689 745 3734 ut
775 3681 826 3735 in
858 3695 917 3735 se
947 3680 1294 3737 credentibus
1335 3682 1487 3738 daret
1522 3684 1762 3737 bravium
1794 3685 1916 3742 vitae

325 3783 572 3842 aeternae,
608 3775 747 3844 quod
781 3774 948 3847 [Cod.
971 3818 984 3840 ,
1012 3773 1210 3846 quem]
1241 3777 1417 3830 nullus
1447 3777 1587 3832 valet
1614 3779 1904 3849 consequi,

325 3868 428 3923 nisi
452 3869 682 3938 gratuita
710 3868 804 3923 Dei
829 3867 1220 3922 misericordia.
1247 3868 1353 3921 Aut
1376 3876 1520 3923 certe
1545 3870 1715 3938 gratia
1737 3872 1911 3927 sancti

325 3961 646 4030 Evangelii,
698 3976 818 4030 quae
866 3975 960 4028 per
1010 3961 1320 4015 universum
1371 3961 1565 4015 claruit
1612 3963 1910 4031 mundum,

323 4053 551 4107 Domino
579 4051 923 4121 praecipiente
947 4050 1224 4120 discipulis
1256 4068 1268 4104 :
1305 4049 1385 4105 Ite
1412 4053 1467 4104 in
1493 4055 1746 4106 mundum
1789 4055 1910 4108 uni-

323 4162 559 4212 versum;
582 4145 858 4216 pradicate
885 4145 1224 4216 Evangelium
1247 4146 1384 4199 omni
1408 4157 1675 4202 creaturw.
1711 4149 1785 4205 De
1807 4165 1910 4220 qua

322 4237 488 4308 gratia
501 4236 628 4291 dicit
642 4237 929 4306 propheta:
954 4235 1253 4308 Equuavit
1267 4239 1489 4307 gratiam
1508 4241 1561 4292 in
1578 4241 1818 4310 gratiam.
1845 4243 1911 4298 Et

321 4327 558 4384 Joannes
583 4346 597 4383 :
624 4327 699 4382 De
715 4329 1031 4398 plenitudine
1051 4331 1162 4392 eius
1184 4346 1356 4384 omnes
1377 4333 1664 4399 accepimus
1688 4335 1908 4403 gratiam

321 4437 416 4492 pro
437 4422 623 4493 gratia.
645 4419 881 4476 Osismos
903 4436 1202 4486 nommsus,
1226 4422 1339 4477 sive
1358 4422 1576 4493 ludatis,
1597 4426 1711 4480 sive
1733 4427 1911 4481 omni-

325 4517 424 4572 bus
454 4516 761 4571 nationibus
788 4531 910 4586 qua:
935 4519 986 4570 in
1018 4531 1138 4570 eum
1168 4516 1535 4572 crediderunt.
1564 4518 1643 4573 Ad
1679 4519 1778 4573 hoc
1808 4520 1913 4574 illis

321 4609 604 4681 apparuit,
631 4617 712 4674 ut,
760 4608 942 4663 relicta
986 4617 1263 4673 creatura,
1311 4608 1538 4664 adorent
1575 4607 1909 4664 Creatorem.

323 4701 591 4756 ERUDIENS
632 4715 748 4754 nos.
782 4700 837 4753 ld
889 4707 1002 4767 est,
1058 4699 1258 4755 docens
1302 4716 1416 4754 nos.
1464 4701 1718 4755 Eruditus
1766 4703 1908 4756 enim

323 4792 515 4848 dicitur
566 4793 794 4858 doctus,
843 4790 1080 4846 imbutus
1124 4801 1284 4863 atque
1327 4793 1640 4848 instructus.
1687 4794 1836 4849 Sicut
1877 4811 1908 4850 e

2092 3583 2173 3639 Ur
2207 3599 2549 3640 ABNEGAN'I‘ES
2585 3601 2933 3642 lHPlETATEH.
2977 3586 3306 3658 lmpietatem
3328 3631 3342 3655 ,
3387 3588 3610 3644 idolola-

2019 3677 2212 3744 triam,
2267 3679 2353 3733 vel
2410 3679 2779 3734 inﬁdelitatem
2832 3680 3005 3735 dicit:
3064 3681 3178 3749 ipsa
3230 3689 3313 3734 est
3364 3679 3610 3749 impietas

2022 3785 2179 3838 quam
2218 3770 2509 3827 Zacharias
2550 3773 2811 3842 prepheta
2855 3768 2990 3827 vidit
3027 3773 3220 3828 sedere
3259 3788 3422 3842 super
3461 3790 3605 3830 mas-

2026 3877 2138 3916 sam
2183 3864 2518 3933 plumbeam,
2551 3866 2603 3919 in
2645 3866 2905 3920 foramine
2951 3867 3241 3936 amphorae.
3286 3868 3608 3925 δεςυωκιλ

2020 3970 2301 4011 DESIDERIA
2330 3956 2460 4011 dicit
2485 3966 2637 4012 actus
2664 3959 2905 4014 carnales
2925 4002 2939 4024 ,
2971 3975 3104 4030 quos
3133 3964 3418 4031 Apostolus
3444 3979 3609 4033 expo-

2019 4047 2095 4101 nit
2121 4065 2133 4100 :
2165 4047 2448 4118 Manifesta
2475 4060 2592 4102 sunt
2618 4067 2770 4119 apera
2801 4053 2989 4115 carnis,
3017 4069 3134 4122 qua:
3159 4062 3275 4108 sunt
3309 4057 3602 4125 fornicatio,

2018 4140 2341 4194 immunditia
2364 4182 2379 4206 ,
2410 4141 2619 4196 luxuria
2639 4183 2652 4208 ,
2687 4144 2944 4197 idolorum
2973 4146 3213 4201 servitus.
3261 4147 3328 4202 Et
3365 4148 3608 4220 adjungit

2019 4234 2242 4290 virtutes
2284 4251 2404 4290 cum
2451 4236 2619 4292 dicit:
2670 4237 2891 4293 Fructus
2937 4240 3165 4310 Spiritus
3207 4252 3281 4296 est
3319 4245 3604 4315 gaudium,

2017 4343 2149 4393 pax,
2185 4327 2464 4395 patientia,
2499 4330 2900 4401 longanimitas,
2933 4331 3162 4399 bonitas,
3197 4333 3497 4408 benignitas.
3531 4336 3607 4391 Ita

2019 4425 2118 4475 hoc
2164 4421 2214 4475 in
2245 4422 2365 4477 loco
2392 4424 2568 4478 omnia
2598 4426 2724 4480 vitia
2757 4428 3165 4496 comprehendit
3192 4444 3311 4482 cum
3341 4432 3414 4484 ait
3444 4449 3456 4483 :
3505 4431 3606 4485 De-

2022 4513 2158 4567 clina
2189 4532 2218 4566 a
2247 4516 2406 4570 malo.
2435 4516 2748 4588 Perstringit
2771 4530 2823 4572 et
2851 4521 3101 4573 virtutem
3129 4533 3250 4573 cum
3275 4522 3352 4574 ait
3381 4539 3391 4572 :
3427 4519 3492 4574 Et
3522 4524 3607 4588 fac

2016 4607 2222 4659 bonum.
2255 4608 2471 4662 Sonam.
2505 4609 2782 4663 Sobrietas
2804 4651 2817 4674 ,
2850 4620 2906 4663 ut
2935 4627 2963 4664 a
3008 4611 3302 4679 majoribus
3349 4614 3599 4678 traditur,

2017 4714 2118 4751 una
2151 4709 2232 4751 est
2261 4713 2326 4752 ev
2355 4707 2580 4766 quatuor
2610 4700 2893 4753 virtutibus
2926 4702 3328 4772 principalibus.
3357 4705 3599 4771 Quatuor

2016 4790 2236 4842 virtutes
2277 4783 2628 4858 principales,
2681 4791 3001 4860 prudentia,
3052 4792 3345 4862 fortitudo,
3393 4807 3601 4867 tempe-

319 4894 506 4940 contra
527 4926 541 4950 ,
573 4884 873 4939 ineruditus
902 4883 1102 4939 dicitur
1131 4885 1321 4940 brutus
1343 4926 1360 4953 ,
1393 4885 1517 4940 ideo
1549 4885 1690 4955 quod
1721 4900 1908 4940 carere
1936 4888 1988 4948 D
2013 4882 2182 4935 rantia
2207 4923 2220 4947 ,
2251 4881 2479 4949 justitia.
2530 4881 2806 4936 Sobrietas
2838 4883 2950 4950 ipsa
2981 4893 3062 4939 est
3105 4887 3486 4954 temperantia;
3519 4896 3603 4943 est

327 4977 536 5031 videtur
565 4991 728 5031 sensu
755 4977 837 5030 vel
871 4975 1174 5046 prudentia.
1221 4976 1456 5033 Erudire
1499 4977 1715 5044 dicitur,
1758 4979 1908 5047 quasi

319 5084 351 5124 a
393 5084 517 5124 rure
554 5068 858 5124 sublevare.
910 5067 1139 5124 Erudire
1180 5082 1276 5124 nos
1315 5069 1517 5136 voluit,
1549 5069 1640 5140 qui
1681 5069 1820 5138 ligna
1858 5078 1912 5124 et

319 5164 526 5235 lapides
576 5163 927 5232 colebamus,
982 5179 1043 5220 se
1093 5178 1422 5235 cognoscere
1465 5164 1608 5219 fecit.
1654 5164 1804 5220 Sicut
1843 5164 1908 5220 ad

324 5259 622 5315 Jerusalem
653 5260 1004 5330 peccatricem
1039 5275 1134 5330 per
1161 5259 1448 5316 Jeremiam
1483 5261 1798 5332 prophetam
1831 5261 1911 5315 di-

320 5353 504 5408 citur:
539 5350 794 5420 Erudire,
829 5353 1156 5422 Jerusalem,
1197 5371 1288 5409 nec
1325 5355 1530 5409 recedat
1569 5356 1742 5408 anima
1778 5365 1904 5412 ate.

321 5445 390 5500 Ει
422 5445 562 5501 bene
592 5455 708 5514 post
739 5445 1052 5515 decalogum
1085 5446 1364 5514 doctrinae,
1395 5446 1520 5517 quid
1548 5447 1750 5501 senex?
1779 5446 1904 5516 quid

318 5536 493 5590 unus?
541 5535 669 5607 quid
721 5537 992 5606 virgines?
1040 5538 1168 5606 quid
1211 5537 1619 5594 adolescentes?
1665 5539 1791 5609 quid
1839 5538 1905 5594 ad

321 5637 624 5684 extremum
675 5641 864 5684 servos
908 5626 1201 5684 admonere
1244 5629 1560 5684 debuisset?
1612 5643 1804 5684 omnes
1850 5629 1906 5683 in

318 5736 486 5776 unum
530 5721 942 5794 comprehendit
985 5722 1216 5778 dicens:
1262 5723 1516 5792 Apparuit
1558 5724 1693 5777 enim
1735 5723 1905 5794 gratia

319 5811 610 5869 Saluatoris
653 5816 816 5870 nostri
857 5815 1090 5870 omnibus
1133 5815 1454 5882 hominibus,
1499 5816 1736 5870 erudiens
1769 5831 1905 5881 nos;

319 5904 444 5974 quia
477 5903 623 5962 nulla
653 5914 734 5964 est
757 5904 900 5972 apud
927 5905 1080 5965 illum
1107 5904 1442 5973 ditlsrontia,
1476 5903 1649 5966 Judaei
1674 5913 1728 5965 st
1754 5904 1905 5964 Gm-

2015 4975 2156 5029 enim
2186 4975 2532 5044 temperantia
2563 4976 2613 5029 in
2642 4975 2763 5030 cibo
2790 4985 2842 5031 et
2868 4987 2993 5046 potu
3012 5018 3027 5044 ,
3061 4989 3278 5048 propter
3302 4981 3428 5036 illud
3455 4982 3602 5051 quod

2016 5067 2274 5122 Dominus
2316 5067 2426 5120 ait:
2470 5067 2727 5121 Attendite
2755 5084 2818 5122 ne
2848 5080 3119 5140 graventur
3147 5071 3305 5125 corda
3350 5082 3514 5126 vestra
3543 5074 3600 5127 in

2013 5166 2227 5235 crapula
2258 5172 2305 5219 et
2336 5164 2596 5219 ebrietate.
2626 5165 2731 5218 Sed
2764 5165 2814 5218 in
2846 5165 3170 5235 cogitatione
3196 5181 3406 5236 quoque
3435 5175 3489 5221 et
3519 5167 3601 5222 lo-

2013 5261 2228 5316 cutione
2257 5269 2311 5314 et
2340 5260 2683 5329 operatione,
2717 5259 2768 5313 in
2801 5261 2948 5328 omni
2993 5269 3114 5314 actu
3161 5269 3346 5314 nostro
3392 5271 3600 5332 tempe-

2013 5355 2112 5409 rati
2138 5369 2258 5408 esse
2285 5353 2570 5419 debemus,
2603 5353 2725 5423 quia
2753 5368 2913 5408 omne
2941 5353 3081 5422 quod
3115 5354 3276 5409 nimis
3318 5364 3435 5419 est,
3481 5357 3598 5412 sive

2011 5451 2078 5502 de
2105 5460 2316 5502 sursum
2347 5445 2445 5513 sit,
2477 5447 2591 5501 sive
2619 5445 2684 5499 de
2712 5446 2962 5500 deorsum
2983 5486 2998 5508 ,
3029 5445 3080 5499 in
3113 5445 3296 5500 vitium
3325 5449 3598 5515 reputabi-

2014 5549 2116 5593 tur.
2167 5537 2244 5591 Er
2274 5553 2449 5603 JUSTE,
2493 5537 2544 5591 id
2585 5545 2666 5592 est
2706 5536 2952 5591 fideliter.
2992 5535 3173 5591 Justus
3210 5554 3273 5591 ea:
3310 5539 3416 5607 ﬁde
3451 5541 3596 5596 vivit.

2013 5631 2166 5687 Unde
2191 5639 2245 5687 et
2274 5630 2510 5686 Joannes
2537 5647 2550 5684 :
2588 5627 2767 5682 Omnis
2793 5629 2880 5697 qui
2906 5630 3032 5698 facit
3053 5630 3348 5700 justitiam,
3379 5647 3444 5685 ea:
3485 5631 3597 5687 Deo

2012 5734 2109 5778 est.
2156 5724 2320 5791 Cujus
2367 5720 2653 5791 participes
2698 5729 2855 5786 sunt,
2899 5720 3193 5789 pudicitia,
3241 5723 3492 5788 castitas,
3541 5734 3595 5779 et

2016 5814 2206 5869 horum
2236 5811 2448 5877 similia.
2479 5811 2553 5864 Er
2581 5827 2665 5866 PlE
2697 5825 2944 5877 VIVAIIUS,
2973 5811 3075 5866 hoc
3103 5821 3185 5869 est
3211 5811 3477 5882 religiose.
3514 5814 3591 5870 Ne

2016 5907 2158 5963 enim
2192 5903 2542 5962 immoderata
2572 5906 2644 5962 sit
2667 5903 2906 5974 iustitia,
2943 5905 3108 5973 pietas
3139 5905 3436 5961 comitanda
3469 5917 3587 5966 est.
