  <div class='ocr_page' id='page_1' title='image "/cluster/home/n/w/nwhite01/storage/ocr_20150623/72/hvd.32044015469364/433.png"; bbox 0 0 4042 6348; ppageno 0'>
   <div class='ocr_carea' id='block_1_1' title="bbox 561 366 662 428">
    <p class='ocr_par' dir='ltr' id='par_1_1' title="bbox 561 366 662 428">
     <span class='ocr_line' id='line_1_1' title="bbox 561 366 662 428; baseline -0.069 0"><span class='ocrx_word' id='word_1_1' title='bbox 561 366 662 428; x_wconf 71' lang='grc'><strong>881</strong></span> 
     </span>
    </p>
   </div>
   <div class='ocr_carea' id='block_1_2' title="bbox 2038 366 3808 428">
    <p class='ocr_par' dir='ltr' id='par_1_2' title="bbox 2038 366 3808 428">
     <span class='ocr_line' id='line_1_2' title="bbox 2038 366 3808 428; baseline -0.002 -1"><span class='ocrx_word' id='word_1_2' title='bbox 2038 366 2454 428; x_wconf 60' lang='grc' dir='ltr'><strong>ωουιειητιι</strong></span> <span class='ocrx_word' id='word_1_3' title='bbox 2478 402 2481 403; x_wconf 53' lang='grc' dir='ltr'><em>ν</em></span> <span class='ocrx_word' id='word_1_4' title='bbox 3728 368 3808 427; x_wconf 72' lang='lat'><strong>352</strong></span> 
     </span>
    </p>
   </div>
   <div class='ocr_carea' id='block_1_3' title="bbox 559 442 3807 565">
    <p class='ocr_par' dir='ltr' id='par_1_3' title="bbox 559 442 3807 565">
     <span class='ocr_line' id='line_1_3' title="bbox 559 442 3807 565; baseline 0.002 -26"><span class='ocrx_word' id='word_1_5' title='bbox 559 498 683 555; x_wconf 79' lang='lat' dir='ltr'><strong>qua:</strong></span> <span class='ocrx_word' id='word_1_6' title='bbox 713 496 834 553; x_wconf 85' lang='lat' dir='ltr'><strong>pars</strong></span> <span class='ocrx_word' id='word_1_7' title='bbox 862 490 947 538; x_wconf 89' lang='lat' dir='ltr'><strong>est</strong></span> <span class='ocrx_word' id='word_1_8' title='bbox 968 478 1212 551; x_wconf 70' lang='lat' dir='ltr'><strong>iustitiae.</strong></span> <span class='ocrx_word' id='word_1_9' title='bbox 1248 480 1309 535; x_wconf 87' lang='lat' dir='ltr'><strong>Et</strong></span> <span class='ocrx_word' id='word_1_10' title='bbox 1329 481 1470 537; x_wconf 87' lang='lat' dir='ltr'><strong>sicut</strong></span> <span class='ocrx_word' id='word_1_11' title='bbox 1501 480 1686 536; x_wconf 88' lang='lat' dir='ltr'><strong>beatus</strong></span> <span class='ocrx_word' id='word_1_12' title='bbox 1713 482 2043 553; x_wconf 85' lang='lat' dir='ltr'><strong>Augustinus</strong></span> <span class='ocrx_word' id='word_1_13' title='bbox 2073 484 2155 540; x_wconf 84' lang='lat' dir='ltr'><strong>di-</strong></span> <span class='ocrx_word' id='word_1_14' title='bbox 2176 487 2235 550; x_wconf 74' lang='grc' dir='ltr'>Α</span> <span class='ocrx_word' id='word_1_15' title='bbox 2258 483 2411 541; x_wconf 93' lang='lat' dir='ltr'><strong>Sicut</strong></span> <span class='ocrx_word' id='word_1_16' title='bbox 2441 482 2582 540; x_wconf 90' lang='lat' dir='ltr'><strong>idem</strong></span> <span class='ocrx_word' id='word_1_17' title='bbox 2613 483 2891 555; x_wconf 72' lang='lat' dir='ltr'><strong>apostolus</strong></span> <span class='ocrx_word' id='word_1_18' title='bbox 2921 482 3090 539; x_wconf 89' lang='lat' dir='ltr'><strong>dicit:</strong></span> <span class='ocrx_word' id='word_1_19' title='bbox 3124 483 3366 540; x_wconf 76' lang='lat' dir='ltr'><strong>Tradidit</strong></span> <span class='ocrx_word' id='word_1_20' title='bbox 3400 486 3714 560; x_wconf 71' lang='lat' dir='ltr'><strong>semetipsum</strong></span> <span class='ocrx_word' id='word_1_21' title='bbox 3736 512 3807 565; x_wconf 75' lang='lat' dir='ltr'><strong>pro</strong></span> 
     </span>
    </p>
   </div>
   <div class='ocr_carea' id='block_1_4' title="bbox 558 574 2177 645">
    <p class='ocr_par' dir='ltr' id='par_1_4' title="bbox 558 574 2177 645">
     <span class='ocr_line' id='line_1_4' title="bbox 558 574 2177 645; baseline -0.001 -13"><span class='ocrx_word' id='word_1_22' title='bbox 558 579 665 642; x_wconf 82' lang='lat' dir='ltr'><strong>cit,</strong></span> <span class='ocrx_word' id='word_1_23' title='bbox 699 576 791 632; x_wconf 87' lang='lat' dir='ltr'><strong>Dei</strong></span> <span class='ocrx_word' id='word_1_24' title='bbox 820 575 994 630; x_wconf 86' lang='lat' dir='ltr'><strong>cultor</strong></span> <span class='ocrx_word' id='word_1_25' title='bbox 1026 574 1363 645; x_wconf 85' lang='lat' dir='ltr'><strong>intelligitur.</strong></span> <span class='ocrx_word' id='word_1_26' title='bbox 1400 574 1453 629; x_wconf 81' lang='lat' dir='ltr'><strong>ltt</strong></span> <span class='ocrx_word' id='word_1_27' title='bbox 1483 590 1584 630; x_wconf 89' lang='lat' dir='ltr'><strong>noc</strong></span> <span class='ocrx_word' id='word_1_28' title='bbox 1615 589 1866 644; x_wconf 58' lang='lat' dir='ltr'><strong>secum,</strong></span> <span class='ocrx_word' id='word_1_29' title='bbox 1900 575 1955 632; x_wconf 89' lang='lat' dir='ltr'><strong>id</strong></span> <span class='ocrx_word' id='word_1_30' title='bbox 1986 586 2069 633; x_wconf 90' lang='lat' dir='ltr'><strong>est</strong></span> <span class='ocrx_word' id='word_1_31' title='bbox 2098 577 2177 631; x_wconf 85' lang='lat' dir='ltr'><strong>in‘</strong></span> 
     </span>
    </p>
   </div>
   <div class='ocr_carea' id='block_1_5' title="bbox 552 668 2151 740">
    <p class='ocr_par' dir='ltr' id='par_1_5' title="bbox 552 668 2151 740">
     <span class='ocr_line' id='line_1_5' title="bbox 552 668 2151 740; baseline -0.001 -16"><span class='ocrx_word' id='word_1_32' title='bbox 552 670 821 739; x_wconf 69' lang='lat' dir='ltr'><strong>praesenti</strong></span> <span class='ocrx_word' id='word_1_33' title='bbox 853 670 961 723; x_wconf 84' lang='lat' dir='ltr'><strong>vita</strong></span> <span class='ocrx_word' id='word_1_34' title='bbox 978 713 998 740; x_wconf 90' lang='lat'><strong>,</strong></span> <span class='ocrx_word' id='word_1_35' title='bbox 1030 677 1253 740; x_wconf 76' lang='lat' dir='ltr'><strong>propter</strong></span> <span class='ocrx_word' id='word_1_36' title='bbox 1284 668 1414 725; x_wconf 90' lang='lat' dir='ltr'><strong>illud</strong></span> <span class='ocrx_word' id='word_1_37' title='bbox 1448 669 1589 739; x_wconf 92' lang='lat' dir='ltr'><strong>quod</strong></span> <span class='ocrx_word' id='word_1_38' title='bbox 1619 669 1873 724; x_wconf 89' lang='lat' dir='ltr'><strong>Dominus</strong></span> <span class='ocrx_word' id='word_1_39' title='bbox 1902 671 2014 724; x_wconf 86' lang='lat' dir='ltr'><strong>ait:</strong></span> <span class='ocrx_word' id='word_1_40' title='bbox 2051 669 2151 736; x_wconf 89' lang='lat' dir='ltr'><strong>Qui</strong></span> 
     </span>
    </p>
   </div>
   <div class='ocr_carea' id='block_1_6' title="bbox 558 763 2152 836">
    <p class='ocr_par' dir='ltr' id='par_1_6' title="bbox 558 763 2152 836">
     <span class='ocr_line' id='line_1_6' title="bbox 558 763 2152 836; baseline 0.003 -19"><span class='ocrx_word' id='word_1_41' title='bbox 558 765 955 836; x_wconf 74' lang='lat' dir='ltr'><strong>perseveraverit</strong></span> <span class='ocrx_word' id='word_1_42' title='bbox 990 778 1143 829; x_wconf 81' lang='lat' dir='ltr'><strong>usque</strong></span> <span class='ocrx_word' id='word_1_43' title='bbox 1170 764 1221 817; x_wconf 85' lang='lat' dir='ltr'><strong>in</strong></span> <span class='ocrx_word' id='word_1_44' title='bbox 1243 764 1419 831; x_wconf 78' lang='lat' dir='ltr'><strong>ﬁnem,</strong></span> <span class='ocrx_word' id='word_1_45' title='bbox 1437 763 1518 818; x_wconf 85' lang='lat' dir='ltr'><strong>hic</strong></span> <span class='ocrx_word' id='word_1_46' title='bbox 1547 764 1717 818; x_wconf 85' lang='lat' dir='ltr'><strong>salvus</strong></span> <span class='ocrx_word' id='word_1_47' title='bbox 1748 765 1863 818; x_wconf 87' lang='lat' dir='ltr'><strong>erit.</strong></span> <span class='ocrx_word' id='word_1_48' title='bbox 1888 764 2017 832; x_wconf 67' lang='lat' dir='ltr'><strong>Quae</strong></span> <span class='ocrx_word' id='word_1_49' title='bbox 2040 764 2152 833; x_wconf 87' lang='lat' dir='ltr'><strong>pie-</strong></span> 
     </span>
    </p>
   </div>
   <div class='ocr_carea' id='block_1_7' title="bbox 562 858 2151 917">
    <p class='ocr_par' dir='ltr' id='par_1_7' title="bbox 562 858 2151 917">
     <span class='ocr_line' id='line_1_7' title="bbox 562 858 2151 917; baseline 0 -3"><span class='ocrx_word' id='word_1_50' title='bbox 562 868 648 916; x_wconf 86' lang='lat' dir='ltr'><strong>tas</strong></span> <span class='ocrx_word' id='word_1_51' title='bbox 700 876 986 916; x_wconf 66' lang='lat' dir='ltr'><strong>ADYEN&#39;I&#39;UI</strong></span> <span class='ocrx_word' id='word_1_52' title='bbox 1034 874 1244 916; x_wconf 67' lang='grc' dir='ltr'><strong>ειοιιιι</strong></span> <span class='ocrx_word' id='word_1_53' title='bbox 1294 875 1359 913; x_wconf 80' lang='grc' dir='ltr'><strong>ετ</strong></span> <span class='ocrx_word' id='word_1_54' title='bbox 1408 859 1749 915; x_wconf 75' lang='lat' dir='ltr'><strong>St‘Lvnoats</strong></span> <span class='ocrx_word' id='word_1_55' title='bbox 1793 875 1980 917; x_wconf 77' lang='lat' dir='ltr'><strong>NOSTRI</strong></span> <span class='ocrx_word' id='word_1_56' title='bbox 2023 858 2151 914; x_wconf 80' lang='lat' dir='ltr'><strong>Jesu</strong></span> 
     </span>
    </p>
   </div>
   <div class='ocr_carea' id='block_1_8' title="bbox 562 951 2150 1022">
    <p class='ocr_par' dir='ltr' id='par_1_8' title="bbox 562 951 2150 1022">
     <span class='ocr_line' id='line_1_8' title="bbox 562 951 2150 1022; baseline -0.001 -14"><span class='ocrx_word' id='word_1_57' title='bbox 562 952 795 1008; x_wconf 71' lang='lat' dir='ltr'><strong>Cumas</strong></span> <span class='ocrx_word' id='word_1_58' title='bbox 813 962 1100 1022; x_wconf 80' lang='lat' dir='ltr'><strong>exspectat</strong></span> <span class='ocrx_word' id='word_1_59' title='bbox 1119 993 1135 1017; x_wconf 91' lang='lat'><strong>,</strong></span> <span class='ocrx_word' id='word_1_60' title='bbox 1167 967 1353 1007; x_wconf 81' lang='lat' dir='ltr'><strong>secura</strong></span> <span class='ocrx_word' id='word_1_61' title='bbox 1382 951 1450 1007; x_wconf 92' lang='lat' dir='ltr'><strong>de</strong></span> <span class='ocrx_word' id='word_1_62' title='bbox 1481 952 1588 1008; x_wconf 90' lang='lat' dir='ltr'><strong>lide</strong></span> <span class='ocrx_word' id='word_1_63' title='bbox 1618 961 1670 1006; x_wconf 95' lang='lat' dir='ltr'><strong>et</strong></span> <span class='ocrx_word' id='word_1_64' title='bbox 1697 967 1860 1022; x_wconf 88' lang='lat' dir='ltr'><strong>opere</strong></span> <span class='ocrx_word' id='word_1_65' title='bbox 1896 966 2002 1006; x_wconf 86' lang='lat' dir='ltr'><strong>suo</strong></span> <span class='ocrx_word' id='word_1_66' title='bbox 2032 970 2048 1018; x_wconf 87' lang='lat'><strong>;</strong></span> <span class='ocrx_word' id='word_1_67' title='bbox 2075 952 2150 1007; x_wconf 92' lang='lat' dir='ltr'><strong>si-</strong></span> 
     </span>
    </p>
   </div>
   <div class='ocr_carea' id='block_1_9' title="bbox 536 1042 2152 1117">
    <p class='ocr_par' dir='ltr' id='par_1_9' title="bbox 536 1042 2152 1117">
     <span class='ocr_line' id='line_1_9' title="bbox 536 1042 2152 1117; baseline -0.002 -16"><span class='ocrx_word' id='word_1_68' title='bbox 536 1054 661 1117; x_wconf 68' lang='lat' dir='ltr'><strong>cut</strong></span> <span class='ocrx_word' id='word_1_69' title='bbox 680 1062 721 1102; x_wconf 82' lang='lat' dir='ltr'><strong>e</strong></span> <span class='ocrx_word' id='word_1_70' title='bbox 740 1055 934 1101; x_wconf 82' lang='lat' dir='ltr'><strong>contra</strong></span> <span class='ocrx_word' id='word_1_71' title='bbox 960 1046 1213 1115; x_wconf 82' lang='lat' dir='ltr'><strong>impietas</strong></span> <span class='ocrx_word' id='word_1_72' title='bbox 1242 1042 1577 1101; x_wconf 79' lang='lat' dir='ltr'><strong>reformidat.</strong></span> <span class='ocrx_word' id='word_1_73' title='bbox 1612 1048 1832 1099; x_wconf 67' lang='lat' dir='ltr'><strong>BEATAI</strong></span> <span class='ocrx_word' id='word_1_74' title='bbox 1861 1059 1993 1098; x_wconf 76' lang='lat' dir='ltr'><strong>SPBI</strong></span> <span class='ocrx_word' id='word_1_75' title='bbox 2024 1042 2152 1099; x_wconf 87' lang='lat' dir='ltr'><strong>dicit</strong></span> 
     </span>
    </p>
   </div>
   <div class='ocr_carea' id='block_1_10' title="bbox 556 1136 2150 1208">
    <p class='ocr_par' dir='ltr' id='par_1_10' title="bbox 556 1136 2150 1208">
     <span class='ocr_line' id='line_1_10' title="bbox 556 1136 2150 1208; baseline -0.004 -12"><span class='ocrx_word' id='word_1_76' title='bbox 556 1140 838 1196; x_wconf 64' lang='lat' dir='ltr'><strong>caelestem</strong></span> <span class='ocrx_word' id='word_1_77' title='bbox 869 1138 1113 1208; x_wconf 85' lang='lat' dir='ltr'><strong>patriam.</strong></span> <span class='ocrx_word' id='word_1_78' title='bbox 1144 1138 1238 1193; x_wconf 85' lang='lat' dir='ltr'><strong>Est</strong></span> <span class='ocrx_word' id='word_1_79' title='bbox 1266 1139 1408 1193; x_wconf 90' lang='lat' dir='ltr'><strong>enim</strong></span> <span class='ocrx_word' id='word_1_80' title='bbox 1431 1152 1557 1207; x_wconf 74' lang='lat' dir='ltr'><strong>Spes</strong></span> <span class='ocrx_word' id='word_1_81' title='bbox 1586 1139 1915 1207; x_wconf 78' lang='lat' dir='ltr'><strong>exspectatio</strong></span> <span class='ocrx_word' id='word_1_82' title='bbox 1940 1136 2150 1190; x_wconf 74' lang='lat' dir='ltr'><strong>futuro-</strong></span> 
     </span>
    </p>
   </div>
   <div class='ocr_carea' id='block_1_11' title="bbox 559 1228 2151 1301">
    <p class='ocr_par' dir='ltr' id='par_1_11' title="bbox 559 1228 2151 1301">
     <span class='ocr_line' id='line_1_11' title="bbox 559 1228 2151 1301; baseline -0.001 -16"><span class='ocrx_word' id='word_1_83' title='bbox 559 1244 680 1285; x_wconf 86' lang='lat' dir='ltr'><strong>rum</strong></span> <span class='ocrx_word' id='word_1_84' title='bbox 711 1229 993 1285; x_wconf 79' lang='lat' dir='ltr'><strong>bonorum.</strong></span> <span class='ocrx_word' id='word_1_85' title='bbox 1024 1229 1161 1299; x_wconf 84' lang='lat' dir='ltr'><strong>Spes</strong></span> <span class='ocrx_word' id='word_1_86' title='bbox 1187 1228 1327 1284; x_wconf 90' lang='lat' dir='ltr'><strong>dicta</strong></span> <span class='ocrx_word' id='word_1_87' title='bbox 1357 1239 1475 1297; x_wconf 90' lang='lat' dir='ltr'><strong>est,</strong></span> <span class='ocrx_word' id='word_1_88' title='bbox 1506 1230 1657 1300; x_wconf 84' lang='lat' dir='ltr'><strong>quasi</strong></span> <span class='ocrx_word' id='word_1_89' title='bbox 1683 1238 1831 1285; x_wconf 90' lang='lat' dir='ltr'><strong>recte</strong></span> <span class='ocrx_word' id='word_1_90' title='bbox 1870 1229 2151 1301; x_wconf 78' lang='lat' dir='ltr'><strong>gradiendi</strong></span> 
     </span>
    </p>
   </div>
   <div class='ocr_carea' id='block_1_12' title="bbox 554 1323 2153 1395">
    <p class='ocr_par' dir='ltr' id='par_1_12' title="bbox 554 1323 2153 1395">
     <span class='ocr_line' id='line_1_12' title="bbox 554 1323 2153 1395; baseline 0.001 -18"><span class='ocrx_word' id='word_1_91' title='bbox 554 1336 680 1393; x_wconf 76' lang='lat' dir='ltr'><strong>pes.</strong></span> <span class='ocrx_word' id='word_1_92' title='bbox 724 1323 799 1378; x_wconf 89' lang='lat' dir='ltr'><strong>De</strong></span> <span class='ocrx_word' id='word_1_93' title='bbox 837 1338 940 1394; x_wconf 85' lang='lat' dir='ltr'><strong>qua</strong></span> <span class='ocrx_word' id='word_1_94' title='bbox 976 1324 1311 1395; x_wconf 72' lang='lat' dir='ltr'><strong>Apostolus:</strong></span> <span class='ocrx_word' id='word_1_95' title='bbox 1356 1324 1487 1393; x_wconf 78' lang='lat' dir='ltr'><strong>Spes</strong></span> <span class='ocrx_word' id='word_1_96' title='bbox 1526 1342 1638 1395; x_wconf 68' lang='lat' dir='ltr'><strong>quae</strong></span> <span class='ocrx_word' id='word_1_97' title='bbox 1676 1325 1896 1389; x_wconf 85' lang='lat' dir='ltr'><strong>videtur,</strong></span> <span class='ocrx_word' id='word_1_98' title='bbox 1940 1340 2041 1378; x_wconf 88' lang='lat' dir='ltr'><strong>non</strong></span> <span class='ocrx_word' id='word_1_99' title='bbox 2079 1334 2153 1378; x_wconf 86' lang='lat' dir='ltr'><strong>est</strong></span> 
     </span>
    </p>
   </div>
   <div class='ocr_carea' id='block_1_13' title="bbox 565 1412 2152 1487">
    <p class='ocr_par' dir='ltr' id='par_1_13' title="bbox 565 1412 2152 1487">
     <span class='ocr_line' id='line_1_13' title="bbox 565 1412 2152 1487; baseline 0.003 -22"><span class='ocrx_word' id='word_1_100' title='bbox 565 1428 703 1482; x_wconf 86' lang='lat' dir='ltr'><strong>spes.</strong></span> <span class='ocrx_word' id='word_1_101' title='bbox 744 1412 1026 1468; x_wconf 85' lang='lat' dir='ltr'><strong>Contraria</strong></span> <span class='ocrx_word' id='word_1_102' title='bbox 1056 1424 1139 1470; x_wconf 89' lang='lat' dir='ltr'><strong>est</strong></span> <span class='ocrx_word' id='word_1_103' title='bbox 1170 1415 1245 1469; x_wconf 87' lang='lat' dir='ltr'><strong>illi</strong></span> <span class='ocrx_word' id='word_1_104' title='bbox 1274 1414 1573 1483; x_wconf 82' lang='lat' dir='ltr'><strong>desperatio</strong></span> <span class='ocrx_word' id='word_1_105' title='bbox 1593 1460 1608 1481; x_wconf 88' lang='lat'><strong>,</strong></span> <span class='ocrx_word' id='word_1_106' title='bbox 1639 1416 1725 1471; x_wconf 89' lang='lat' dir='ltr'><strong>cui</strong></span> <span class='ocrx_word' id='word_1_107' title='bbox 1759 1416 1902 1471; x_wconf 88' lang='lat' dir='ltr'><strong>nulla</strong></span> <span class='ocrx_word' id='word_1_108' title='bbox 1930 1426 2010 1471; x_wconf 85' lang='lat' dir='ltr'><strong>est</strong></span> <span class='ocrx_word' id='word_1_109' title='bbox 2041 1431 2152 1487; x_wconf 69' lang='lat' dir='ltr'><strong>pa:-</strong></span> 
     </span>
    </p>
   </div>
   <div class='ocr_carea' id='block_1_14' title="bbox 561 1503 2139 1578">
    <p class='ocr_par' dir='ltr' id='par_1_14' title="bbox 561 1503 2139 1578">
     <span class='ocr_line' id='line_1_14' title="bbox 561 1503 2139 1578; baseline 0.003 -20"><span class='ocrx_word' id='word_1_110' title='bbox 561 1503 770 1559; x_wconf 87' lang='lat' dir='ltr'><strong>nitendi</strong></span> <span class='ocrx_word' id='word_1_111' title='bbox 827 1504 1077 1562; x_wconf 86' lang='lat' dir='ltr'><strong>facultas.</strong></span> <span class='ocrx_word' id='word_1_112' title='bbox 1139 1507 1386 1574; x_wconf 87' lang='lat' dir='ltr'><strong>Quandiu</strong></span> <span class='ocrx_word' id='word_1_113' title='bbox 1446 1509 1591 1563; x_wconf 91' lang='lat' dir='ltr'><strong>enim</strong></span> <span class='ocrx_word' id='word_1_114' title='bbox 1650 1508 1814 1565; x_wconf 86' lang='lat' dir='ltr'><strong>homo</strong></span> <span class='ocrx_word' id='word_1_115' title='bbox 1873 1519 2139 1578; x_wconf 69' lang='lat' dir='ltr'><strong>peccatum</strong></span> 
     </span>
    </p>
   </div>
   <div class='ocr_carea' id='block_1_15' title="bbox 562 1598 2149 1669">
    <p class='ocr_par' dir='ltr' id='par_1_15' title="bbox 562 1598 2149 1669">
     <span class='ocr_line' id='line_1_15' title="bbox 562 1598 2149 1669; baseline 0.001 -18"><span class='ocrx_word' id='word_1_116' title='bbox 562 1607 741 1665; x_wconf 84' lang='lat' dir='ltr'><strong>amat,</strong></span> <span class='ocrx_word' id='word_1_117' title='bbox 776 1598 1009 1654; x_wconf 87' lang='lat' dir='ltr'><strong>iuturam</strong></span> <span class='ocrx_word' id='word_1_118' title='bbox 1042 1601 1429 1657; x_wconf 85' lang='lat' dir='ltr'><strong>beatitudinem</strong></span> <span class='ocrx_word' id='word_1_119' title='bbox 1461 1617 1565 1655; x_wconf 90' lang='lat' dir='ltr'><strong>non</strong></span> <span class='ocrx_word' id='word_1_120' title='bbox 1596 1611 1813 1669; x_wconf 83' lang='lat' dir='ltr'><strong>sperat;</strong></span> <span class='ocrx_word' id='word_1_121' title='bbox 1846 1602 1937 1657; x_wconf 85' lang='lat' dir='ltr'><strong>sed</strong></span> <span class='ocrx_word' id='word_1_122' title='bbox 1969 1603 2055 1656; x_wconf 91' lang='lat' dir='ltr'><strong>ille</strong></span> <span class='ocrx_word' id='word_1_123' title='bbox 2088 1600 2149 1653; x_wconf 84' lang='lat' dir='ltr'><strong>ti-</strong></span> 
     </span>
    </p>
   </div>
   <div class='ocr_carea' id='block_1_16' title="bbox 563 1689 2151 1762">
    <p class='ocr_par' dir='ltr' id='par_1_16' title="bbox 563 1689 2151 1762">
     <span class='ocr_line' id='line_1_16' title="bbox 563 1689 2151 1762; baseline 0.003 -20"><span class='ocrx_word' id='word_1_124' title='bbox 563 1689 851 1747; x_wconf 87' lang='lat' dir='ltr'><strong>ducialiter</strong></span> <span class='ocrx_word' id='word_1_125' title='bbox 876 1701 1187 1762; x_wconf 78' lang='lat' dir='ltr'><strong>exspectat,</strong></span> <span class='ocrx_word' id='word_1_126' title='bbox 1218 1692 1307 1761; x_wconf 85' lang='lat' dir='ltr'><strong>qui</strong></span> <span class='ocrx_word' id='word_1_127' title='bbox 1340 1696 1454 1762; x_wconf 87' lang='lat' dir='ltr'><strong>ejus</strong></span> <span class='ocrx_word' id='word_1_128' title='bbox 1486 1693 1765 1761; x_wconf 67' lang='lat' dir='ltr'><strong>praeceptis</strong></span> <span class='ocrx_word' id='word_1_129' title='bbox 1806 1692 1857 1746; x_wconf 95' lang='lat' dir='ltr'><strong>in</strong></span> <span class='ocrx_word' id='word_1_130' title='bbox 1902 1694 2151 1749; x_wconf 89' lang='lat' dir='ltr'><strong>omnibus</strong></span> 
     </span>
    </p>
   </div>
   <div class='ocr_carea' id='block_1_17' title="bbox 562 1770 2153 1856">
    <p class='ocr_par' dir='ltr' id='par_1_17' title="bbox 562 1770 2153 1856">
     <span class='ocr_line' id='line_1_17' title="bbox 562 1770 2153 1856; baseline 0.003 -19"><span class='ocrx_word' id='word_1_131' title='bbox 562 1782 921 1855; x_wconf 82' lang='lat' dir='ltr'><strong>Obtemperat.</strong></span> <span class='ocrx_word' id='word_1_132' title='bbox 958 1785 1033 1839; x_wconf 90' lang='lat' dir='ltr'><strong>De</strong></span> <span class='ocrx_word' id='word_1_133' title='bbox 1064 1800 1166 1856; x_wconf 90' lang='lat' dir='ltr'><strong>qua</strong></span> <span class='ocrx_word' id='word_1_134' title='bbox 1201 1800 1305 1839; x_wconf 94' lang='lat' dir='ltr'><strong>non</strong></span> <span class='ocrx_word' id='word_1_135' title='bbox 1351 1786 1520 1855; x_wconf 86' lang='lat' dir='ltr'><strong>potuit</strong></span> <span class='ocrx_word' id='word_1_136' title='bbox 1562 1786 1790 1855; x_wconf 88' lang='lat' dir='ltr'><strong>amplius</strong></span> <span class='ocrx_word' id='word_1_137' title='bbox 1826 1770 2059 1852; x_wconf 84' lang='lat' dir='ltr'><strong>sentire,</strong></span> <span class='ocrx_word' id='word_1_138' title='bbox 2095 1796 2153 1841; x_wconf 93' lang='lat' dir='ltr'><strong>ut</strong></span> 
     </span>
    </p>
   </div>
   <div class='ocr_carea' id='block_1_18' title="bbox 2258 579 3805 647">
    <p class='ocr_par' dir='ltr' id='par_1_18' title="bbox 2258 579 3805 647">
     <span class='ocr_line' id='line_1_18' title="bbox 2258 579 3805 647; baseline 0.008 -14"><span class='ocrx_word' id='word_1_139' title='bbox 2258 580 2402 635; x_wconf 82' lang='lat' dir='ltr'><strong>nobis</strong></span> <span class='ocrx_word' id='word_1_140' title='bbox 2428 579 2735 634; x_wconf 70' lang='lat' dir='ltr'><strong>oblationem</strong></span> <span class='ocrx_word' id='word_1_141' title='bbox 2761 588 2809 634; x_wconf 90' lang='lat' dir='ltr'><strong>et</strong></span> <span class='ocrx_word' id='word_1_142' title='bbox 2838 580 3058 635; x_wconf 80' lang='lat' dir='ltr'><strong>hostiam</strong></span> <span class='ocrx_word' id='word_1_143' title='bbox 3087 581 3194 637; x_wconf 88' lang='lat' dir='ltr'><strong>Deo</strong></span> <span class='ocrx_word' id='word_1_144' title='bbox 3226 583 3279 636; x_wconf 82' lang='lat' dir='ltr'><strong>in</strong></span> <span class='ocrx_word' id='word_1_145' title='bbox 3310 584 3529 638; x_wconf 75' lang='lat' dir='ltr'><strong>adorent</strong></span> <span class='ocrx_word' id='word_1_146' title='bbox 3570 591 3805 647; x_wconf 72' lang='lat' dir='ltr'><strong>suavitatis.</strong></span> 
     </span>
    </p>
   </div>
   <div class='ocr_carea' id='block_1_19' title="bbox 2254 670 3803 743">
    <p class='ocr_par' dir='ltr' id='par_1_19' title="bbox 2254 670 3803 743">
     <span class='ocr_line' id='line_1_19' title="bbox 2254 670 3803 743; baseline 0.008 -18"><span class='ocrx_word' id='word_1_147' title='bbox 2254 670 2429 738; x_wconf 84' lang='lat' dir='ltr'><strong>Quare</strong></span> <span class='ocrx_word' id='word_1_148' title='bbox 2458 686 2583 742; x_wconf 86' lang='lat' dir='ltr'><strong>ergo</strong></span> <span class='ocrx_word' id='word_1_149' title='bbox 2609 671 2888 743; x_wconf 86' lang='lat' dir='ltr'><strong>culpamus</strong></span> <span class='ocrx_word' id='word_1_150' title='bbox 2912 673 3129 729; x_wconf 66' lang='lat' dir='ltr'><strong>Judaeos</strong></span> <span class='ocrx_word' id='word_1_151' title='bbox 3164 676 3245 729; x_wconf 86' lang='lat' dir='ltr'><strong>vel</strong></span> <span class='ocrx_word' id='word_1_152' title='bbox 3274 675 3473 730; x_wconf 78' lang='lat' dir='ltr'><strong>ludam</strong></span> <span class='ocrx_word' id='word_1_153' title='bbox 3493 717 3509 742; x_wconf 93' lang='lat'><strong>,</strong></span> <span class='ocrx_word' id='word_1_154' title='bbox 3540 692 3654 732; x_wconf 88' lang='lat' dir='ltr'><strong>cum</strong></span> <span class='ocrx_word' id='word_1_155' title='bbox 3692 682 3803 739; x_wconf 68' lang='lat' dir='ltr'><strong>dicit</strong></span> 
     </span>
    </p>
   </div>
   <div class='ocr_carea' id='block_1_20' title="bbox 2260 764 3804 835">
    <p class='ocr_par' dir='ltr' id='par_1_20' title="bbox 2260 764 3804 835">
     <span class='ocr_line' id='line_1_20' title="bbox 2260 764 3804 835; baseline 0.005 -17"><span class='ocrx_word' id='word_1_156' title='bbox 2260 764 2544 832; x_wconf 81' lang='lat' dir='ltr'><strong>Apostolus</strong></span> <span class='ocrx_word' id='word_1_157' title='bbox 2568 808 2581 829; x_wconf 91' lang='lat'><strong>,</strong></span> <span class='ocrx_word' id='word_1_158' title='bbox 2614 765 2735 834; x_wconf 90' lang='lat' dir='ltr'><strong>quia</strong></span> <span class='ocrx_word' id='word_1_159' title='bbox 2783 768 2895 835; x_wconf 91' lang='lat' dir='ltr'><strong>ipse</strong></span> <span class='ocrx_word' id='word_1_160' title='bbox 2936 780 2994 821; x_wconf 86' lang='lat' dir='ltr'><strong>se</strong></span> <span class='ocrx_word' id='word_1_161' title='bbox 3037 766 3298 823; x_wconf 81' lang='lat' dir='ltr'><strong>tradidit?</strong></span> <span class='ocrx_word' id='word_1_162' title='bbox 3337 768 3633 824; x_wconf 87' lang='lat' dir='ltr'><strong>Sciendum</strong></span> <span class='ocrx_word' id='word_1_163' title='bbox 3669 785 3804 831; x_wconf 77' lang='lat' dir='ltr'><strong>tamen</strong></span> 
     </span>
    </p>
   </div>
   <div class='ocr_carea' id='block_1_21' title="bbox 2255 857 3805 932">
    <p class='ocr_par' dir='ltr' id='par_1_21' title="bbox 2255 857 3805 932">
     <span class='ocr_line' id='line_1_21' title="bbox 2255 857 3805 932; baseline 0.005 -20"><span class='ocrx_word' id='word_1_164' title='bbox 2255 866 2337 912; x_wconf 71' lang='lat' dir='ltr'><strong>eat</strong></span> <span class='ocrx_word' id='word_1_165' title='bbox 2366 859 2491 927; x_wconf 89' lang='lat' dir='ltr'><strong>quia</strong></span> <span class='ocrx_word' id='word_1_166' title='bbox 2522 857 2739 912; x_wconf 85' lang='lat' dir='ltr'><strong>tradidit</strong></span> <span class='ocrx_word' id='word_1_167' title='bbox 2769 874 2891 914; x_wconf 90' lang='lat' dir='ltr'><strong>eum</strong></span> <span class='ocrx_word' id='word_1_168' title='bbox 2935 859 3103 916; x_wconf 80' lang='lat' dir='ltr'><strong>Judas</strong></span> <span class='ocrx_word' id='word_1_169' title='bbox 3138 872 3364 932; x_wconf 82' lang='lat' dir='ltr'><strong>propter</strong></span> <span class='ocrx_word' id='word_1_170' title='bbox 3404 863 3702 931; x_wconf 84' lang='lat' dir='ltr'><strong>avaritiam,</strong></span> <span class='ocrx_word' id='word_1_171' title='bbox 3742 869 3805 921; x_wconf 65' lang='lat' dir='ltr'><strong>lt;-</strong></span> 
     </span>
    </p>
   </div>
   <div class='ocr_carea' id='block_1_22' title="bbox 2256 950 3802 1025">
    <p class='ocr_par' dir='ltr' id='par_1_22' title="bbox 2256 950 3802 1025">
     <span class='ocr_line' id='line_1_22' title="bbox 2256 950 3802 1025; baseline 0.006 -21"><span class='ocrx_word' id='word_1_172' title='bbox 2256 950 2358 1005; x_wconf 76' lang='lat' dir='ltr'><strong>dzei</strong></span> <span class='ocrx_word' id='word_1_173' title='bbox 2408 961 2626 1020; x_wconf 82' lang='lat' dir='ltr'><strong>propter</strong></span> <span class='ocrx_word' id='word_1_174' title='bbox 2676 951 2930 1007; x_wconf 86' lang='lat' dir='ltr'><strong>invidiam</strong></span> <span class='ocrx_word' id='word_1_175' title='bbox 2986 953 3131 1009; x_wconf 88' lang='lat' dir='ltr'><strong>Deus</strong></span> <span class='ocrx_word' id='word_1_176' title='bbox 3180 953 3337 1009; x_wconf 87' lang='lat' dir='ltr'><strong>Pater</strong></span> <span class='ocrx_word' id='word_1_177' title='bbox 3392 972 3493 1025; x_wconf 92' lang='lat' dir='ltr'><strong>pro</strong></span> <span class='ocrx_word' id='word_1_178' title='bbox 3540 970 3705 1012; x_wconf 84' lang='lat' dir='ltr'><strong>nostra</strong></span> <span class='ocrx_word' id='word_1_179' title='bbox 3746 978 3802 1014; x_wconf 66' lang='grc' dir='ltr'><strong>τηις</strong></span> 
     </span>
    </p>
   </div>
   <div class='ocr_carea' id='block_1_23' title="bbox 2256 1044 3805 1120">
    <p class='ocr_par' dir='ltr' id='par_1_23' title="bbox 2256 1044 3805 1120">
     <span class='ocr_line' id='line_1_23' title="bbox 2256 1044 3805 1120; baseline 0.006 -21"><span class='ocrx_word' id='word_1_180' title='bbox 2256 1044 2603 1114; x_wconf 81' lang='lat' dir='ltr'><strong>demptione,</strong></span> <span class='ocrx_word' id='word_1_181' title='bbox 2639 1046 2806 1101; x_wconf 83' lang='lat' dir='ltr'><strong>Filius</strong></span> <span class='ocrx_word' id='word_1_182' title='bbox 2840 1049 2954 1118; x_wconf 86' lang='lat' dir='ltr'><strong>ipse</strong></span> <span class='ocrx_word' id='word_1_183' title='bbox 2984 1063 3043 1103; x_wconf 89' lang='lat' dir='ltr'><strong>se</strong></span> <span class='ocrx_word' id='word_1_184' title='bbox 3076 1048 3297 1104; x_wconf 89' lang='lat' dir='ltr'><strong>tradidit</strong></span> <span class='ocrx_word' id='word_1_185' title='bbox 3329 1064 3435 1120; x_wconf 92' lang='lat' dir='ltr'><strong>pro</strong></span> <span class='ocrx_word' id='word_1_186' title='bbox 3465 1062 3643 1105; x_wconf 83' lang='lat' dir='ltr'><strong>nostra</strong></span> <span class='ocrx_word' id='word_1_187' title='bbox 3672 1055 3805 1108; x_wconf 73' lang='lat' dir='ltr'><strong>citari-</strong></span> 
     </span>
    </p>
   </div>
   <div class='ocr_carea' id='block_1_24' title="bbox 2258 1138 3808 1211">
    <p class='ocr_par' dir='ltr' id='par_1_24' title="bbox 2258 1138 3808 1211">
     <span class='ocr_line' id='line_1_24' title="bbox 2258 1138 3808 1211; baseline 0.006 -20"><span class='ocrx_word' id='word_1_188' title='bbox 2258 1144 2390 1192; x_wconf 90' lang='lat' dir='ltr'><strong>tate.</strong></span> <span class='ocrx_word' id='word_1_189' title='bbox 2426 1138 2576 1194; x_wconf 87' lang='lat' dir='ltr'><strong>Sicut</strong></span> <span class='ocrx_word' id='word_1_190' title='bbox 2607 1140 2659 1193; x_wconf 93' lang='lat' dir='ltr'><strong>in</strong></span> <span class='ocrx_word' id='word_1_191' title='bbox 2690 1140 3016 1211; x_wconf 78' lang='lat' dir='ltr'><strong>Apocalypsi</strong></span> <span class='ocrx_word' id='word_1_192' title='bbox 3049 1141 3181 1198; x_wconf 84' lang='lat' dir='ltr'><strong>dicit</strong></span> <span class='ocrx_word' id='word_1_193' title='bbox 3220 1141 3465 1198; x_wconf 83' lang='lat' dir='ltr'><strong>Joannes</strong></span> <span class='ocrx_word' id='word_1_194' title='bbox 3494 1162 3506 1196; x_wconf 94' lang='lat'><strong>:</strong></span> <span class='ocrx_word' id='word_1_195' title='bbox 3542 1144 3637 1211; x_wconf 80' lang='lat' dir='ltr'><strong>Qui</strong></span> <span class='ocrx_word' id='word_1_196' title='bbox 3671 1148 3808 1201; x_wconf 55' lang='lat' dir='ltr'><strong>dilui</strong></span> 
     </span>
    </p>
   </div>
   <div class='ocr_carea' id='block_1_25' title="bbox 2256 1232 3806 1310">
    <p class='ocr_par' dir='ltr' id='par_1_25' title="bbox 2256 1232 3806 1310">
     <span class='ocr_line' id='line_1_25' title="bbox 2256 1232 3806 1310; baseline 0.009 -27"><span class='ocrx_word' id='word_1_197' title='bbox 2256 1246 2383 1297; x_wconf 85' lang='lat' dir='ltr'><strong>nos,</strong></span> <span class='ocrx_word' id='word_1_198' title='bbox 2416 1243 2464 1286; x_wconf 89' lang='lat' dir='ltr'><strong>et</strong></span> <span class='ocrx_word' id='word_1_199' title='bbox 2508 1232 2629 1287; x_wconf 74' lang='lat' dir='ltr'><strong>lavit</strong></span> <span class='ocrx_word' id='word_1_200' title='bbox 2669 1251 2761 1290; x_wconf 84' lang='lat' dir='ltr'><strong>nos</strong></span> <span class='ocrx_word' id='word_1_201' title='bbox 2802 1253 2832 1288; x_wconf 88' lang='lat' dir='ltr'><strong>a</strong></span> <span class='ocrx_word' id='word_1_202' title='bbox 2876 1238 3094 1301; x_wconf 79' lang='lat' dir='ltr'><strong>peccatis</strong></span> <span class='ocrx_word' id='word_1_203' title='bbox 3134 1238 3323 1292; x_wconf 90' lang='lat' dir='ltr'><strong>nostris</strong></span> <span class='ocrx_word' id='word_1_204' title='bbox 3368 1239 3428 1291; x_wconf 75' lang='lat' dir='ltr'><strong>in</strong></span> <span class='ocrx_word' id='word_1_205' title='bbox 3460 1240 3806 1310; x_wconf 69' lang='lat' dir='ltr'><strong>sanguinem.</strong></span> 
     </span>
    </p>
   </div>
   <div class='ocr_carea' id='block_1_26' title="bbox 2254 1324 3807 1402">
    <p class='ocr_par' dir='ltr' id='par_1_26' title="bbox 2254 1324 3807 1402">
     <span class='ocr_line' id='line_1_26' title="bbox 2254 1324 3807 1402; baseline 0.008 -23"><span class='ocrx_word' id='word_1_206' title='bbox 2254 1324 2429 1380; x_wconf 77' lang='lat' dir='ltr'><strong>Aliter</strong></span> <span class='ocrx_word' id='word_1_207' title='bbox 2460 1341 2589 1393; x_wconf 89' lang='lat' dir='ltr'><strong>ergo</strong></span> <span class='ocrx_word' id='word_1_208' title='bbox 2618 1340 2740 1381; x_wconf 91' lang='lat' dir='ltr'><strong>eum</strong></span> <span class='ocrx_word' id='word_1_209' title='bbox 2772 1326 2943 1383; x_wconf 73' lang='lat' dir='ltr'><strong>ludas</strong></span> <span class='ocrx_word' id='word_1_210' title='bbox 2974 1330 3234 1399; x_wconf 87' lang='lat' dir='ltr'><strong>tradidit,</strong></span> <span class='ocrx_word' id='word_1_211' title='bbox 3277 1331 3445 1387; x_wconf 77' lang='lat' dir='ltr'><strong>aliter</strong></span> <span class='ocrx_word' id='word_1_212' title='bbox 3468 1331 3669 1402; x_wconf 63' lang='lat' dir='ltr'><strong>Judaei,</strong></span> <span class='ocrx_word' id='word_1_213' title='bbox 3693 1336 3807 1391; x_wconf 81' lang='lat' dir='ltr'><strong>aliter</strong></span> 
     </span>
    </p>
   </div>
   <div class='ocr_carea' id='block_1_27' title="bbox 2257 1418 3131 1490">
    <p class='ocr_par' dir='ltr' id='par_1_27' title="bbox 2257 1418 3131 1490">
     <span class='ocr_line' id='line_1_27' title="bbox 2257 1418 3131 1490; baseline 0.006 -18"><span class='ocrx_word' id='word_1_214' title='bbox 2257 1418 2442 1483; x_wconf 85' lang='lat' dir='ltr'><strong>Pater,</strong></span> <span class='ocrx_word' id='word_1_215' title='bbox 2473 1419 2630 1474; x_wconf 89' lang='lat' dir='ltr'><strong>aliter</strong></span> <span class='ocrx_word' id='word_1_216' title='bbox 2658 1420 2773 1490; x_wconf 80' lang='lat' dir='ltr'><strong>ipse</strong></span> <span class='ocrx_word' id='word_1_217' title='bbox 2803 1436 2861 1476; x_wconf 85' lang='lat' dir='ltr'><strong>se</strong></span> <span class='ocrx_word' id='word_1_218' title='bbox 2892 1424 3131 1477; x_wconf 87' lang='lat' dir='ltr'><strong>tradidit.</strong></span> 
     </span>
    </p>
   </div>
   <div class='ocr_carea' id='block_1_28' title="bbox 2333 1510 3807 1579">
    <p class='ocr_par' dir='ltr' id='par_1_28' title="bbox 2333 1510 3807 1579">
     <span class='ocr_line' id='line_1_28' title="bbox 2333 1510 3807 1579; baseline 0.009 -13"><span class='ocrx_word' id='word_1_219' title='bbox 2333 1510 2413 1567; x_wconf 81' lang='lat' dir='ltr'><strong>Ur</strong></span> <span class='ocrx_word' id='word_1_220' title='bbox 2460 1527 2556 1567; x_wconf 80' lang='lat' dir='ltr'><strong>nos</strong></span> <span class='ocrx_word' id='word_1_221' title='bbox 2606 1529 2909 1570; x_wconf 75' lang='lat' dir='ltr'><strong>asutuens&#39;r</strong></span> <span class='ocrx_word' id='word_1_222' title='bbox 2960 1531 3024 1570; x_wconf 67' lang='lat' dir='ltr'><strong>se</strong></span> <span class='ocrx_word' id='word_1_223' title='bbox 3065 1531 3190 1571; x_wconf 76' lang='lat' dir='ltr'><strong>OlNl</strong></span> <span class='ocrx_word' id='word_1_224' title='bbox 3231 1533 3577 1577; x_wconf 74' lang='lat' dir='ltr'><strong>tntourrns.</strong></span> <span class='ocrx_word' id='word_1_225' title='bbox 3613 1519 3807 1579; x_wconf 78' lang='lat' dir='ltr'><strong>Redemit</strong></span> 
     </span>
    </p>
   </div>
   <div class='ocr_carea' id='block_1_29' title="bbox 2273 1607 3807 1687">
    <p class='ocr_par' dir='ltr' id='par_1_29' title="bbox 2273 1607 3807 1687">
     <span class='ocr_line' id='line_1_29' title="bbox 2273 1607 3807 1687; baseline 0.007 -27"><span class='ocrx_word' id='word_1_226' title='bbox 2273 1622 2369 1661; x_wconf 81' lang='lat' dir='ltr'><strong>nos</strong></span> <span class='ocrx_word' id='word_1_227' title='bbox 2397 1607 2465 1662; x_wconf 88' lang='lat' dir='ltr'><strong>ab</strong></span> <span class='ocrx_word' id='word_1_228' title='bbox 2492 1609 2635 1662; x_wconf 86' lang='lat' dir='ltr'><strong>omni</strong></span> <span class='ocrx_word' id='word_1_229' title='bbox 2664 1608 2978 1678; x_wconf 84' lang='lat' dir='ltr'><strong>iniquitate,</strong></span> <span class='ocrx_word' id='word_1_230' title='bbox 3011 1609 3286 1668; x_wconf 79' lang='lat' dir='ltr'><strong>fundendo</strong></span> <span class='ocrx_word' id='word_1_231' title='bbox 3313 1627 3416 1682; x_wconf 90' lang='lat' dir='ltr'><strong>pro</strong></span> <span class='ocrx_word' id='word_1_232' title='bbox 3448 1614 3605 1669; x_wconf 86' lang='lat' dir='ltr'><strong>nobis</strong></span> <span class='ocrx_word' id='word_1_233' title='bbox 3641 1619 3807 1687; x_wconf 70' lang='lat' dir='ltr'><strong>ungui-</strong></span> 
     </span>
    </p>
   </div>
   <div class='ocr_carea' id='block_1_30' title="bbox 2258 1700 3801 1777">
    <p class='ocr_par' dir='ltr' id='par_1_30' title="bbox 2258 1700 3801 1777">
     <span class='ocr_line' id='line_1_30' title="bbox 2258 1700 3801 1777; baseline 0.006 -24"><span class='ocrx_word' id='word_1_234' title='bbox 2258 1714 2379 1754; x_wconf 90' lang='lat' dir='ltr'><strong>nem</strong></span> <span class='ocrx_word' id='word_1_235' title='bbox 2410 1714 2565 1755; x_wconf 85' lang='lat' dir='ltr'><strong>suum</strong></span> <span class='ocrx_word' id='word_1_236' title='bbox 2602 1718 2617 1765; x_wconf 86' lang='lat'><strong>;</strong></span> <span class='ocrx_word' id='word_1_237' title='bbox 2648 1700 2840 1755; x_wconf 84' lang='lat' dir='ltr'><strong>eodem</strong></span> <span class='ocrx_word' id='word_1_238' title='bbox 2872 1702 3087 1758; x_wconf 85' lang='lat' dir='ltr'><strong>dicente</strong></span> <span class='ocrx_word' id='word_1_239' title='bbox 3117 1720 3133 1758; x_wconf 91' lang='lat'><strong>:</strong></span> <span class='ocrx_word' id='word_1_240' title='bbox 3168 1701 3343 1775; x_wconf 79' lang='lat' dir='ltr'><strong>Empti</strong></span> <span class='ocrx_word' id='word_1_241' title='bbox 3370 1705 3517 1759; x_wconf 76' lang='lat' dir='ltr'><strong>enim</strong></span> <span class='ocrx_word' id='word_1_242' title='bbox 3540 1707 3656 1761; x_wconf 84' lang='lat' dir='ltr'><strong>estis</strong></span> <span class='ocrx_word' id='word_1_243' title='bbox 3679 1710 3801 1777; x_wconf 80' lang='lat' dir='ltr'><strong>pretio</strong></span> 
     </span>
    </p>
   </div>
   <div class='ocr_carea' id='block_1_31' title="bbox 2258 1792 3800 1864">
    <p class='ocr_par' dir='ltr' id='par_1_31' title="bbox 2258 1792 3800 1864">
     <span class='ocr_line' id='line_1_31' title="bbox 2258 1792 3800 1864; baseline 0.003 -19"><span class='ocrx_word' id='word_1_244' title='bbox 2258 1809 2463 1864; x_wconf 88' lang='lat' dir='ltr'><strong>magno.</strong></span> <span class='ocrx_word' id='word_1_245' title='bbox 2519 1792 2584 1845; x_wconf 77' lang='lat' dir='ltr'><strong>Et</strong></span> <span class='ocrx_word' id='word_1_246' title='bbox 2638 1792 2898 1861; x_wconf 81' lang='lat' dir='ltr'><strong>propheta</strong></span> <span class='ocrx_word' id='word_1_247' title='bbox 2940 1793 3111 1848; x_wconf 86' lang='lat' dir='ltr'><strong>dicit:</strong></span> <span class='ocrx_word' id='word_1_248' title='bbox 3154 1793 3333 1850; x_wconf 83' lang='lat' dir='ltr'><strong>Gratis</strong></span> <span class='ocrx_word' id='word_1_249' title='bbox 3390 1797 3666 1851; x_wconf 71' lang='lat' dir='ltr'><strong>venundati</strong></span> <span class='ocrx_word' id='word_1_250' title='bbox 3698 1798 3800 1852; x_wconf 78' lang='lat' dir='ltr'><strong>ruis.</strong></span> 
     </span>
    </p>
   </div>
   <div class='ocr_carea' id='block_1_32' title="bbox 563 1878 3803 1961">
    <p class='ocr_par' dir='ltr' id='par_1_32' title="bbox 563 1878 3803 1961">
     <span class='ocr_line' id='line_1_32' title="bbox 563 1878 3803 1961; baseline 0.003 -28"><span class='ocrx_word' id='word_1_251' title='bbox 563 1892 682 1933; x_wconf 87' lang='lat' dir='ltr'><strong>eam</strong></span> <span class='ocrx_word' id='word_1_252' title='bbox 712 1878 1078 1946; x_wconf 82' lang='lat' dir='ltr'><strong>beatiﬁcaret,</strong></span> <span class='ocrx_word' id='word_1_253' title='bbox 1109 1894 1269 1949; x_wconf 89' lang='lat' dir='ltr'><strong>quam</strong></span> <span class='ocrx_word' id='word_1_254' title='bbox 1297 1893 1417 1933; x_wconf 91' lang='lat' dir='ltr'><strong>cum</strong></span> <span class='ocrx_word' id='word_1_255' title='bbox 1451 1879 1559 1933; x_wconf 87' lang='lat' dir='ltr'><strong>ait:</strong></span> <span class='ocrx_word' id='word_1_256' title='bbox 1592 1881 2005 1935; x_wconf 72' lang='lat' dir='ltr'><strong>EXSPECTANTES</strong></span> <span class='ocrx_word' id='word_1_257' title='bbox 2032 1881 2151 1934; x_wconf 87' lang='lat' dir='ltr'><strong>bea-</strong></span> <span class='ocrx_word' id='word_1_258' title='bbox 2186 1888 2233 1949; x_wconf 81' lang='grc' dir='ltr'><strong>Β</strong></span> <span class='ocrx_word' id='word_1_259' title='bbox 2260 1886 2335 1939; x_wconf 81' lang='lat' dir='ltr'><strong>Ab</strong></span> <span class='ocrx_word' id='word_1_260' title='bbox 2382 1890 2523 1940; x_wconf 88' lang='lat' dir='ltr'><strong>omni</strong></span> <span class='ocrx_word' id='word_1_261' title='bbox 2564 1887 2848 1955; x_wconf 80' lang='lat' dir='ltr'><strong>iniquitate.</strong></span> <span class='ocrx_word' id='word_1_262' title='bbox 2899 1886 2955 1941; x_wconf 93' lang='lat' dir='ltr'><strong>ln</strong></span> <span class='ocrx_word' id='word_1_263' title='bbox 3002 1888 3305 1957; x_wconf 89' lang='lat' dir='ltr'><strong>baptismo,</strong></span> <span class='ocrx_word' id='word_1_264' title='bbox 3350 1889 3448 1943; x_wconf 92' lang='lat' dir='ltr'><strong>ubi</strong></span> <span class='ocrx_word' id='word_1_265' title='bbox 3491 1890 3741 1961; x_wconf 77' lang='lat' dir='ltr'><strong>originalis</strong></span> <span class='ocrx_word' id='word_1_266' title='bbox 3768 1901 3803 1945; x_wconf 81' lang='lat' dir='ltr'><strong>et</strong></span> 
     </span>
    </p>
   </div>
   <div class='ocr_carea' id='block_1_33' title="bbox 556 1968 2149 2041">
    <p class='ocr_par' dir='ltr' id='par_1_33' title="bbox 556 1968 2149 2041">
     <span class='ocr_line' id='line_1_33' title="bbox 556 1968 2149 2041; baseline -0.002 -16"><span class='ocrx_word' id='word_1_267' title='bbox 556 1979 667 2025; x_wconf 84' lang='lat' dir='ltr'><strong>tam</strong></span> <span class='ocrx_word' id='word_1_268' title='bbox 698 1983 860 2038; x_wconf 83' lang='lat' dir='ltr'><strong>spem.</strong></span> <span class='ocrx_word' id='word_1_269' title='bbox 888 1968 1036 2025; x_wconf 80' lang='lat' dir='ltr'><strong>Bene</strong></span> <span class='ocrx_word' id='word_1_270' title='bbox 1065 1969 1262 2025; x_wconf 82' lang='lat' dir='ltr'><strong>beatam</strong></span> <span class='ocrx_word' id='word_1_271' title='bbox 1292 1986 1463 2040; x_wconf 88' lang='lat' dir='ltr'><strong>spem,</strong></span> <span class='ocrx_word' id='word_1_272' title='bbox 1497 1968 1616 2041; x_wconf 87' lang='lat' dir='ltr'><strong>quia</strong></span> <span class='ocrx_word' id='word_1_273' title='bbox 1650 1986 1739 2024; x_wconf 88' lang='lat' dir='ltr'><strong>nec</strong></span> <span class='ocrx_word' id='word_1_274' title='bbox 1778 1969 1957 2024; x_wconf 79' lang='lat' dir='ltr'><strong>oculus</strong></span> <span class='ocrx_word' id='word_1_275' title='bbox 1990 1970 2114 2023; x_wconf 81' lang='lat' dir='ltr'><strong>vidit</strong></span> <span class='ocrx_word' id='word_1_276' title='bbox 2135 2012 2149 2037; x_wconf 91' lang='lat'><strong>,</strong></span> 
     </span>
    </p>
   </div>
   <div class='ocr_carea' id='block_1_34' title="bbox 544 2062 2153 2132">
    <p class='ocr_par' dir='ltr' id='par_1_34' title="bbox 544 2062 2153 2132">
     <span class='ocr_line' id='line_1_34' title="bbox 544 2062 2153 2132; baseline -0.002 -13"><span class='ocrx_word' id='word_1_277' title='bbox 544 2079 651 2119; x_wconf 74' lang='lat' dir='ltr'><strong>Jtec</strong></span> <span class='ocrx_word' id='word_1_278' title='bbox 676 2067 815 2117; x_wconf 85' lang='lat' dir='ltr'><strong>auris</strong></span> <span class='ocrx_word' id='word_1_279' title='bbox 845 2063 1070 2130; x_wconf 79' lang='lat' dir='ltr'><strong>audivit,</strong></span> <span class='ocrx_word' id='word_1_280' title='bbox 1107 2080 1199 2118; x_wconf 87' lang='lat' dir='ltr'><strong>nec</strong></span> <span class='ocrx_word' id='word_1_281' title='bbox 1238 2065 1291 2117; x_wconf 90' lang='lat' dir='ltr'><strong>in</strong></span> <span class='ocrx_word' id='word_1_282' title='bbox 1328 2079 1416 2117; x_wconf 89' lang='lat' dir='ltr'><strong>cor</strong></span> <span class='ocrx_word' id='word_1_283' title='bbox 1454 2062 1671 2116; x_wconf 80' lang='lat' dir='ltr'><strong>hominis</strong></span> <span class='ocrx_word' id='word_1_284' title='bbox 1710 2062 1971 2129; x_wconf 76' lang='lat' dir='ltr'><strong>ascendit,</strong></span> <span class='ocrx_word' id='word_1_285' title='bbox 2015 2062 2153 2132; x_wconf 64' lang='lat' dir='ltr'><strong>quod</strong></span> 
     </span>
    </p>
   </div>
   <div class='ocr_carea' id='block_1_35' title="bbox 557 2153 2149 2228">
    <p class='ocr_par' dir='ltr' id='par_1_35' title="bbox 557 2153 2149 2228">
     <span class='ocr_line' id='line_1_35' title="bbox 557 2153 2149 2228; baseline -0.001 -18"><span class='ocrx_word' id='word_1_286' title='bbox 557 2158 865 2228; x_wconf 56' lang='lat' dir='ltr'><strong>praeparavit</strong></span> <span class='ocrx_word' id='word_1_287' title='bbox 890 2156 1138 2212; x_wconf 85' lang='lat' dir='ltr'><strong>Dominus</strong></span> <span class='ocrx_word' id='word_1_288' title='bbox 1163 2156 1492 2227; x_wconf 81' lang='lat' dir='ltr'><strong>diligentibus</strong></span> <span class='ocrx_word' id='word_1_289' title='bbox 1522 2172 1595 2209; x_wconf 88' lang='lat' dir='ltr'><strong>se.</strong></span> <span class='ocrx_word' id='word_1_290' title='bbox 1631 2153 1820 2209; x_wconf 87' lang='lat' dir='ltr'><strong>Nullus</strong></span> <span class='ocrx_word' id='word_1_291' title='bbox 1850 2156 1992 2208; x_wconf 86' lang='lat' dir='ltr'><strong>enim</strong></span> <span class='ocrx_word' id='word_1_292' title='bbox 2024 2169 2149 2208; x_wconf 83' lang='lat' dir='ltr'><strong>nar-</strong></span> 
     </span>
    </p>
   </div>
   <div class='ocr_carea' id='block_1_36' title="bbox 556 2245 2150 2321">
    <p class='ocr_par' dir='ltr' id='par_1_36' title="bbox 556 2245 2150 2321">
     <span class='ocr_line' id='line_1_36' title="bbox 556 2245 2150 2321; baseline -0.002 -19"><span class='ocrx_word' id='word_1_293' title='bbox 556 2262 683 2303; x_wconf 89' lang='lat' dir='ltr'><strong>rare</strong></span> <span class='ocrx_word' id='word_1_294' title='bbox 708 2257 887 2321; x_wconf 87' lang='lat' dir='ltr'><strong>potest</strong></span> <span class='ocrx_word' id='word_1_295' title='bbox 915 2250 1088 2319; x_wconf 89' lang='lat' dir='ltr'><strong>qualis</strong></span> <span class='ocrx_word' id='word_1_296' title='bbox 1116 2258 1198 2303; x_wconf 91' lang='lat' dir='ltr'><strong>est</strong></span> <span class='ocrx_word' id='word_1_297' title='bbox 1229 2249 1314 2303; x_wconf 90' lang='lat' dir='ltr'><strong>illa</strong></span> <span class='ocrx_word' id='word_1_298' title='bbox 1348 2247 1619 2303; x_wconf 81' lang='lat' dir='ltr'><strong>beatitudo</strong></span> <span class='ocrx_word' id='word_1_299' title='bbox 1640 2254 1980 2311; x_wconf 88' lang='lat' dir='ltr'><strong>sanctorum;</strong></span> <span class='ocrx_word' id='word_1_300' title='bbox 2007 2245 2150 2315; x_wconf 86' lang='lat' dir='ltr'><strong>quod</strong></span> 
     </span>
    </p>
   </div>
   <div class='ocr_carea' id='block_1_37' title="bbox 557 2336 2149 2409">
    <p class='ocr_par' dir='ltr' id='par_1_37' title="bbox 557 2336 2149 2409">
     <span class='ocr_line' id='line_1_37' title="bbox 557 2336 2149 2409; baseline 0.001 -17"><span class='ocrx_word' id='word_1_301' title='bbox 557 2338 792 2396; x_wconf 85' lang='lat' dir='ltr'><strong>Joannes</strong></span> <span class='ocrx_word' id='word_1_302' title='bbox 822 2342 1170 2396; x_wconf 89' lang='lat' dir='ltr'><strong>considerans</strong></span> <span class='ocrx_word' id='word_1_303' title='bbox 1199 2340 1407 2395; x_wconf 86' lang='lat' dir='ltr'><strong>dicebat</strong></span> <span class='ocrx_word' id='word_1_304' title='bbox 1437 2360 1448 2393; x_wconf 92' lang='lat'><strong>:</strong></span> <span class='ocrx_word' id='word_1_305' title='bbox 1488 2339 1642 2395; x_wconf 88' lang='lat' dir='ltr'><strong>Nunc</strong></span> <span class='ocrx_word' id='word_1_306' title='bbox 1668 2339 1767 2409; x_wconf 86' lang='lat' dir='ltr'><strong>ﬁlii</strong></span> <span class='ocrx_word' id='word_1_307' title='bbox 1797 2336 1894 2395; x_wconf 86' lang='lat' dir='ltr'><strong>Dei</strong></span> <span class='ocrx_word' id='word_1_308' title='bbox 1933 2356 2149 2408; x_wconf 89' lang='lat' dir='ltr'><strong>sumus,</strong></span> 
     </span>
    </p>
   </div>
   <div class='ocr_carea' id='block_1_38' title="bbox 558 2435 1518 2504">
    <p class='ocr_par' dir='ltr' id='par_1_38' title="bbox 558 2435 1518 2504">
     <span class='ocr_line' id='line_1_38' title="bbox 558 2435 1518 2504; baseline 0.002 -17"><span class='ocrx_word' id='word_1_309' title='bbox 558 2442 607 2487; x_wconf 87' lang='lat' dir='ltr'><strong>et</strong></span> <span class='ocrx_word' id='word_1_310' title='bbox 636 2435 868 2488; x_wconf 87' lang='lat' dir='ltr'><strong>nondum</strong></span> <span class='ocrx_word' id='word_1_311' title='bbox 897 2443 1113 2503; x_wconf 86' lang='lat' dir='ltr'><strong>apparet</strong></span> <span class='ocrx_word' id='word_1_312' title='bbox 1145 2435 1280 2504; x_wconf 85' lang='lat' dir='ltr'><strong>quod</strong></span> <span class='ocrx_word' id='word_1_313' title='bbox 1307 2436 1518 2489; x_wconf 85' lang='lat' dir='ltr'><strong>erimus.</strong></span> 
     </span>
    </p>
   </div>
   <div class='ocr_carea' id='block_1_39' title="bbox 634 2532 2149 2606">
    <p class='ocr_par' dir='ltr' id='par_1_39' title="bbox 634 2532 2149 2606">
     <span class='ocr_line' id='line_1_39' title="bbox 634 2532 2149 2606; baseline -0.001 -18"><span class='ocrx_word' id='word_1_314' title='bbox 634 2535 699 2587; x_wconf 82' lang='lat' dir='ltr'><strong>Et</strong></span> <span class='ocrx_word' id='word_1_315' title='bbox 738 2535 1009 2588; x_wconf 87' lang='lat' dir='ltr'><strong>adventum</strong></span> <span class='ocrx_word' id='word_1_316' title='bbox 1045 2536 1225 2606; x_wconf 78' lang='lat' dir='ltr'><strong>gloria:</strong></span> <span class='ocrx_word' id='word_1_317' title='bbox 1260 2550 1418 2589; x_wconf 68' lang='lat' dir='ltr'><strong>MAGNI</strong></span> <span class='ocrx_word' id='word_1_318' title='bbox 1460 2534 1580 2589; x_wconf 83' lang='lat' dir='ltr'><strong>DEI.</strong></span> <span class='ocrx_word' id='word_1_319' title='bbox 1624 2534 1924 2589; x_wconf 78' lang='lat' dir='ltr'><strong>Adventum</strong></span> <span class='ocrx_word' id='word_1_320' title='bbox 1968 2532 2149 2602; x_wconf 69' lang='lat' dir='ltr'><strong>gloria:</strong></span> 
     </span>
    </p>
   </div>
   <div class='ocr_carea' id='block_1_40' title="bbox 558 2627 2151 2698">
    <p class='ocr_par' dir='ltr' id='par_1_40' title="bbox 558 2627 2151 2698">
     <span class='ocr_line' id='line_1_40' title="bbox 558 2627 2151 2698; baseline -0.001 -17"><span class='ocrx_word' id='word_1_321' title='bbox 558 2627 692 2681; x_wconf 77' lang='lat' dir='ltr'><strong>dicit</strong></span> <span class='ocrx_word' id='word_1_322' title='bbox 720 2628 863 2683; x_wconf 84' lang='lat' dir='ltr'><strong>diem</strong></span> <span class='ocrx_word' id='word_1_323' title='bbox 890 2627 1078 2698; x_wconf 80' lang='lat' dir='ltr'><strong>judicii</strong></span> <span class='ocrx_word' id='word_1_324' title='bbox 1100 2668 1114 2689; x_wconf 89' lang='lat'><strong>,</strong></span> <span class='ocrx_word' id='word_1_325' title='bbox 1144 2628 1360 2697; x_wconf 79' lang='lat' dir='ltr'><strong>quando</strong></span> <span class='ocrx_word' id='word_1_326' title='bbox 1392 2643 1563 2682; x_wconf 76' lang='lat' dir='ltr'><strong>omnes</strong></span> <span class='ocrx_word' id='word_1_327' title='bbox 1589 2628 1870 2681; x_wconf 84' lang='lat' dir='ltr'><strong>astabimus</strong></span> <span class='ocrx_word' id='word_1_328' title='bbox 1899 2635 2018 2679; x_wconf 81' lang='lat' dir='ltr'><strong>ante</strong></span> <span class='ocrx_word' id='word_1_329' title='bbox 2058 2627 2151 2680; x_wconf 87' lang='lat' dir='ltr'><strong>tri-</strong></span> 
     </span>
    </p>
   </div>
   <div class='ocr_carea' id='block_1_41' title="bbox 557 2718 2147 2792">
    <p class='ocr_par' dir='ltr' id='par_1_41' title="bbox 557 2718 2147 2792">
     <span class='ocr_line' id='line_1_41' title="bbox 557 2718 2147 2792; baseline 0.003 -20"><span class='ocrx_word' id='word_1_330' title='bbox 557 2719 715 2774; x_wconf 87' lang='lat' dir='ltr'><strong>bunal</strong></span> <span class='ocrx_word' id='word_1_331' title='bbox 744 2718 956 2774; x_wconf 78' lang='lat' dir='ltr'><strong>Christi.</strong></span> <span class='ocrx_word' id='word_1_332' title='bbox 984 2719 1134 2776; x_wconf 84' lang='lat' dir='ltr'><strong>Bene</strong></span> <span class='ocrx_word' id='word_1_333' title='bbox 1170 2721 1343 2792; x_wconf 73' lang='lat' dir='ltr'><strong>mgni</strong></span> <span class='ocrx_word' id='word_1_334' title='bbox 1370 2719 1502 2785; x_wconf 88' lang='lat' dir='ltr'><strong>Dei,</strong></span> <span class='ocrx_word' id='word_1_335' title='bbox 1528 2721 1653 2790; x_wconf 83' lang='lat' dir='ltr'><strong>quia</strong></span> <span class='ocrx_word' id='word_1_336' title='bbox 1682 2734 1907 2791; x_wconf 88' lang='lat' dir='ltr'><strong>magnus</strong></span> <span class='ocrx_word' id='word_1_337' title='bbox 1932 2719 2111 2776; x_wconf 86' lang='lat' dir='ltr'><strong>veniet</strong></span> <span class='ocrx_word' id='word_1_338' title='bbox 2133 2762 2147 2785; x_wconf 89' lang='lat'><strong>,</strong></span> 
     </span>
    </p>
   </div>
   <div class='ocr_carea' id='block_1_42' title="bbox 558 2812 2145 2885">
    <p class='ocr_par' dir='ltr' id='par_1_42' title="bbox 558 2812 2145 2885">
     <span class='ocr_line' id='line_1_42' title="bbox 558 2812 2145 2885; baseline 0.002 -19"><span class='ocrx_word' id='word_1_339' title='bbox 558 2812 647 2884; x_wconf 66' lang='lat' dir='ltr'><strong>qui</strong></span> <span class='ocrx_word' id='word_1_340' title='bbox 674 2813 851 2882; x_wconf 86' lang='lat' dir='ltr'><strong>primo</strong></span> <span class='ocrx_word' id='word_1_341' title='bbox 876 2814 1097 2869; x_wconf 78' lang='lat' dir='ltr'><strong>immitis</strong></span> <span class='ocrx_word' id='word_1_342' title='bbox 1126 2816 1303 2881; x_wconf 84' lang='lat' dir='ltr'><strong>venit,</strong></span> <span class='ocrx_word' id='word_1_343' title='bbox 1334 2816 1473 2870; x_wconf 87' lang='lat' dir='ltr'><strong>sicut</strong></span> <span class='ocrx_word' id='word_1_344' title='bbox 1506 2815 1629 2885; x_wconf 83' lang='lat' dir='ltr'><strong>ipse</strong></span> <span class='ocrx_word' id='word_1_345' title='bbox 1670 2815 1845 2870; x_wconf 89' lang='lat' dir='ltr'><strong>dicit:</strong></span> <span class='ocrx_word' id='word_1_346' title='bbox 1892 2815 2023 2870; x_wconf 87' lang='lat' dir='ltr'><strong>Cum</strong></span> <span class='ocrx_word' id='word_1_347' title='bbox 2064 2833 2145 2869; x_wconf 84' lang='lat' dir='ltr'><strong>se-</strong></span> 
     </span>
    </p>
   </div>
   <div class='ocr_carea' id='block_1_43' title="bbox 554 2905 2147 2979">
    <p class='ocr_par' dir='ltr' id='par_1_43' title="bbox 554 2905 2147 2979">
     <span class='ocr_line' id='line_1_43' title="bbox 554 2905 2147 2979; baseline 0.003 -22"><span class='ocrx_word' id='word_1_348' title='bbox 554 2905 697 2958; x_wconf 87' lang='lat' dir='ltr'><strong>derit</strong></span> <span class='ocrx_word' id='word_1_349' title='bbox 725 2921 816 2960; x_wconf 79' lang='lat' dir='ltr'><strong>rea:</strong></span> <span class='ocrx_word' id='word_1_350' title='bbox 846 2905 898 2959; x_wconf 84' lang='lat' dir='ltr'><strong>in</strong></span> <span class='ocrx_word' id='word_1_351' title='bbox 924 2906 1057 2960; x_wconf 85' lang='lat' dir='ltr'><strong>solio</strong></span> <span class='ocrx_word' id='word_1_352' title='bbox 1086 2908 1232 2978; x_wconf 82' lang='lat' dir='ltr'><strong>regni</strong></span> <span class='ocrx_word' id='word_1_353' title='bbox 1273 2909 1389 2973; x_wconf 88' lang='lat' dir='ltr'><strong>sui,</strong></span> <span class='ocrx_word' id='word_1_354' title='bbox 1421 2908 1866 2979; x_wconf 78' lang='lat' dir='ltr'><strong>congregabuntur</strong></span> <span class='ocrx_word' id='word_1_355' title='bbox 1893 2920 2010 2963; x_wconf 83' lang='lat' dir='ltr'><strong>ante</strong></span> <span class='ocrx_word' id='word_1_356' title='bbox 2033 2925 2147 2963; x_wconf 88' lang='lat' dir='ltr'><strong>eunt</strong></span> 
     </span>
    </p>
   </div>
   <div class='ocr_carea' id='block_1_44' title="bbox 559 2996 2145 3066">
    <p class='ocr_par' dir='ltr' id='par_1_44' title="bbox 559 2996 2145 3066">
     <span class='ocr_line' id='line_1_44' title="bbox 559 2996 2145 3066; baseline 0.006 -19"><span class='ocrx_word' id='word_1_357' title='bbox 559 3009 733 3049; x_wconf 82' lang='lat' dir='ltr'><strong>omnes</strong></span> <span class='ocrx_word' id='word_1_358' title='bbox 760 3006 957 3066; x_wconf 81' lang='lat' dir='ltr'><strong>gentes.</strong></span> <span class='ocrx_word' id='word_1_359' title='bbox 994 3001 1058 3053; x_wconf 61' lang='lat' dir='ltr'><strong>lit</strong></span> <span class='ocrx_word' id='word_1_360' title='bbox 1087 2996 1281 3055; x_wconf 82' lang='lat' dir='ltr'><strong>iterum</strong></span> <span class='ocrx_word' id='word_1_361' title='bbox 1312 3014 1327 3053; x_wconf 90' lang='lat'><strong>:</strong></span> <span class='ocrx_word' id='word_1_362' title='bbox 1360 2998 1506 3054; x_wconf 83' lang='lat' dir='ltr'><strong>Tunc</strong></span> <span class='ocrx_word' id='word_1_363' title='bbox 1532 3000 1775 3055; x_wconf 82' lang='lat' dir='ltr'><strong>uidebunt</strong></span> <span class='ocrx_word' id='word_1_364' title='bbox 1804 2998 2002 3056; x_wconf 83' lang='lat' dir='ltr'><strong>Filium</strong></span> <span class='ocrx_word' id='word_1_365' title='bbox 2048 3002 2145 3056; x_wconf 83' lang='lat' dir='ltr'><strong>lto—</strong></span> 
     </span>
    </p>
   </div>
   <div class='ocr_carea' id='block_1_45' title="bbox 558 3088 2145 3168">
    <p class='ocr_par' dir='ltr' id='par_1_45' title="bbox 558 3088 2145 3168">
     <span class='ocr_line' id='line_1_45' title="bbox 558 3088 2145 3168; baseline 0.003 -26"><span class='ocrx_word' id='word_1_366' title='bbox 558 3088 711 3143; x_wconf 84' lang='lat' dir='ltr'><strong>minis</strong></span> <span class='ocrx_word' id='word_1_367' title='bbox 759 3090 1039 3145; x_wconf 82' lang='lat' dir='ltr'><strong>uenientem</strong></span> <span class='ocrx_word' id='word_1_368' title='bbox 1088 3092 1142 3145; x_wconf 86' lang='lat' dir='ltr'><strong>in</strong></span> <span class='ocrx_word' id='word_1_369' title='bbox 1194 3095 1354 3160; x_wconf 83' lang='lat' dir='ltr'><strong>nube,</strong></span> <span class='ocrx_word' id='word_1_370' title='bbox 1396 3109 1523 3147; x_wconf 76' lang='lat' dir='ltr'><strong>cum</strong></span> <span class='ocrx_word' id='word_1_371' title='bbox 1564 3104 1816 3163; x_wconf 74' lang='lat' dir='ltr'><strong>potestate</strong></span> <span class='ocrx_word' id='word_1_372' title='bbox 1858 3112 2052 3168; x_wconf 79' lang='lat' dir='ltr'><strong>magna</strong></span> <span class='ocrx_word' id='word_1_373' title='bbox 2098 3106 2145 3149; x_wconf 89' lang='lat' dir='ltr'><strong>et</strong></span> 
     </span>
    </p>
   </div>
   <div class='ocr_carea' id='block_1_46' title="bbox 558 3185 2146 3255">
    <p class='ocr_par' dir='ltr' id='par_1_46' title="bbox 558 3185 2146 3255">
     <span class='ocr_line' id='line_1_46' title="bbox 558 3185 2146 3255; baseline 0.005 -22"><span class='ocrx_word' id='word_1_374' title='bbox 558 3186 842 3255; x_wconf 82' lang='lat' dir='ltr'><strong>majestate.</strong></span> <span class='ocrx_word' id='word_1_375' title='bbox 868 3185 953 3241; x_wconf 87' lang='lat' dir='ltr'><strong>De</strong></span> <span class='ocrx_word' id='word_1_376' title='bbox 985 3186 1087 3241; x_wconf 82' lang='lat' dir='ltr'><strong>hoc</strong></span> <span class='ocrx_word' id='word_1_377' title='bbox 1115 3185 1244 3242; x_wconf 91' lang='lat' dir='ltr'><strong>dicit</strong></span> <span class='ocrx_word' id='word_1_378' title='bbox 1271 3196 1326 3242; x_wconf 89' lang='lat' dir='ltr'><strong>et</strong></span> <span class='ocrx_word' id='word_1_379' title='bbox 1356 3187 1547 3243; x_wconf 81' lang='lat' dir='ltr'><strong>Petrus</strong></span> <span class='ocrx_word' id='word_1_380' title='bbox 1573 3203 1586 3245; x_wconf 89' lang='lat'><strong>:</strong></span> <span class='ocrx_word' id='word_1_381' title='bbox 1621 3187 1921 3243; x_wconf 81' lang='lat' dir='ltr'><strong>Inveniatur</strong></span> <span class='ocrx_word' id='word_1_382' title='bbox 1949 3189 2003 3242; x_wconf 90' lang='lat' dir='ltr'><strong>in</strong></span> <span class='ocrx_word' id='word_1_383' title='bbox 2030 3188 2146 3241; x_wconf 79' lang='lat' dir='ltr'><strong>tost-</strong></span> 
     </span>
    </p>
   </div>
   <div class='ocr_carea' id='block_1_47' title="bbox 2258 1976 3804 2050">
    <p class='ocr_par' dir='ltr' id='par_1_47' title="bbox 2258 1976 3804 2050">
     <span class='ocr_line' id='line_1_47' title="bbox 2258 1976 3804 2050; baseline 0.003 -20"><span class='ocrx_word' id='word_1_384' title='bbox 2258 1977 2487 2031; x_wconf 88' lang='lat' dir='ltr'><strong>actualia</strong></span> <span class='ocrx_word' id='word_1_385' title='bbox 2540 1984 2760 2047; x_wconf 81' lang='lat' dir='ltr'><strong>peccata</strong></span> <span class='ocrx_word' id='word_1_386' title='bbox 2811 1977 3196 2046; x_wconf 87' lang='lat' dir='ltr'><strong>dimittuntur;</strong></span> <span class='ocrx_word' id='word_1_387' title='bbox 3252 1979 3411 2050; x_wconf 84' lang='lat' dir='ltr'><strong>sive,</strong></span> <span class='ocrx_word' id='word_1_388' title='bbox 3471 1981 3611 2035; x_wconf 83' lang='lat' dir='ltr'><strong>sicut</strong></span> <span class='ocrx_word' id='word_1_389' title='bbox 3655 1976 3804 2035; x_wconf 86' lang='lat' dir='ltr'><strong>dictum</strong></span> 
     </span>
    </p>
   </div>
   <div class='ocr_carea' id='block_1_48' title="bbox 2250 2068 3803 2143">
    <p class='ocr_par' dir='ltr' id='par_1_48' title="bbox 2250 2068 3803 2143">
     <span class='ocr_line' id='line_1_48' title="bbox 2250 2068 3803 2143; baseline 0.003 -18"><span class='ocrx_word' id='word_1_390' title='bbox 2250 2078 2384 2136; x_wconf 72' lang='lat' dir='ltr'><strong>est,</strong></span> <span class='ocrx_word' id='word_1_391' title='bbox 2436 2068 2712 2125; x_wconf 84' lang='lat' dir='ltr'><strong>fundendo</strong></span> <span class='ocrx_word' id='word_1_392' title='bbox 2759 2073 3075 2141; x_wconf 88' lang='lat' dir='ltr'><strong>sanguinem</strong></span> <span class='ocrx_word' id='word_1_393' title='bbox 3123 2086 3279 2127; x_wconf 84' lang='lat' dir='ltr'><strong>suum</strong></span> <span class='ocrx_word' id='word_1_394' title='bbox 3326 2088 3431 2143; x_wconf 91' lang='lat' dir='ltr'><strong>pro</strong></span> <span class='ocrx_word' id='word_1_395' title='bbox 3482 2074 3662 2141; x_wconf 90' lang='lat' dir='ltr'><strong>nobis,</strong></span> <span class='ocrx_word' id='word_1_396' title='bbox 3696 2074 3803 2143; x_wconf 75' lang='lat' dir='ltr'><strong>juxta</strong></span> 
     </span>
    </p>
   </div>
   <div class='ocr_carea' id='block_1_49' title="bbox 2248 2162 3805 2231">
    <p class='ocr_par' dir='ltr' id='par_1_49' title="bbox 2248 2162 3805 2231">
     <span class='ocr_line' id='line_1_49' title="bbox 2248 2162 3805 2231; baseline 0.003 -16"><span class='ocrx_word' id='word_1_397' title='bbox 2248 2162 2540 2231; x_wconf 64' lang='lat' dir='ltr'><strong>praelatum</strong></span> <span class='ocrx_word' id='word_1_398' title='bbox 2574 2163 2941 2218; x_wconf 87' lang='lat' dir='ltr'><strong>testimonium</strong></span> <span class='ocrx_word' id='word_1_399' title='bbox 2976 2181 2985 2213; x_wconf 96' lang='lat'><strong>:</strong></span> <span class='ocrx_word' id='word_1_400' title='bbox 3024 2163 3127 2228; x_wconf 88' lang='lat' dir='ltr'><strong>Qui</strong></span> <span class='ocrx_word' id='word_1_401' title='bbox 3157 2165 3338 2218; x_wconf 76' lang='lat' dir='ltr'><strong>dilexit</strong></span> <span class='ocrx_word' id='word_1_402' title='bbox 3384 2182 3483 2219; x_wconf 85' lang='lat' dir='ltr'><strong>nos</strong></span> <span class='ocrx_word' id='word_1_403' title='bbox 3523 2177 3571 2219; x_wconf 88' lang='lat' dir='ltr'><strong>et</strong></span> <span class='ocrx_word' id='word_1_404' title='bbox 3610 2168 3713 2219; x_wconf 71' lang='lat' dir='ltr'><strong>lavit</strong></span> <span class='ocrx_word' id='word_1_405' title='bbox 3744 2182 3805 2219; x_wconf 75' lang='lat' dir='ltr'><strong>nos</strong></span> 
     </span>
    </p>
   </div>
   <div class='ocr_carea' id='block_1_50' title="bbox 2255 2254 3803 2327">
    <p class='ocr_par' dir='ltr' id='par_1_50' title="bbox 2255 2254 3803 2327">
     <span class='ocr_line' id='line_1_50' title="bbox 2255 2254 3803 2327; baseline 0.001 -19"><span class='ocrx_word' id='word_1_406' title='bbox 2255 2272 2285 2308; x_wconf 93' lang='lat' dir='ltr'><strong>a</strong></span> <span class='ocrx_word' id='word_1_407' title='bbox 2313 2256 2534 2326; x_wconf 71' lang='lat' dir='ltr'><strong>peccatis</strong></span> <span class='ocrx_word' id='word_1_408' title='bbox 2562 2255 2750 2309; x_wconf 82' lang='lat' dir='ltr'><strong>nostris</strong></span> <span class='ocrx_word' id='word_1_409' title='bbox 2777 2256 2830 2309; x_wconf 89' lang='lat' dir='ltr'><strong>in</strong></span> <span class='ocrx_word' id='word_1_410' title='bbox 2872 2256 3131 2327; x_wconf 81' lang='lat' dir='ltr'><strong>sanguine</strong></span> <span class='ocrx_word' id='word_1_411' title='bbox 3170 2272 3286 2310; x_wconf 88' lang='lat' dir='ltr'><strong>suo.</strong></span> <span class='ocrx_word' id='word_1_412' title='bbox 3329 2256 3493 2323; x_wconf 86' lang='lat' dir='ltr'><strong>Quod</strong></span> <span class='ocrx_word' id='word_1_413' title='bbox 3535 2256 3657 2311; x_wconf 85' lang='lat' dir='ltr'><strong>dicit</strong></span> <span class='ocrx_word' id='word_1_414' title='bbox 3686 2254 3803 2309; x_wconf 69' lang='lat' dir='ltr'><strong>Joau~</strong></span> 
     </span>
    </p>
   </div>
   <div class='ocr_carea' id='block_1_51' title="bbox 2254 2342 3796 2419">
    <p class='ocr_par' dir='ltr' id='par_1_51' title="bbox 2254 2342 3796 2419">
     <span class='ocr_line' id='line_1_51' title="bbox 2254 2342 3796 2419; baseline -0.001 -17"><span class='ocrx_word' id='word_1_415' title='bbox 2254 2364 2354 2403; x_wconf 83' lang='lat' dir='ltr'><strong>nes</strong></span> <span class='ocrx_word' id='word_1_416' title='bbox 2384 2366 2397 2399; x_wconf 86' lang='lat'><strong>:</strong></span> <span class='ocrx_word' id='word_1_417' title='bbox 2431 2345 2573 2402; x_wconf 80' lang='lat' dir='ltr'><strong>Fecit</strong></span> <span class='ocrx_word' id='word_1_418' title='bbox 2607 2364 2697 2403; x_wconf 89' lang='lat' dir='ltr'><strong>nos</strong></span> <span class='ocrx_word' id='word_1_419' title='bbox 2726 2346 2832 2402; x_wconf 88' lang='lat' dir='ltr'><strong>Deo</strong></span> <span class='ocrx_word' id='word_1_420' title='bbox 2862 2358 3036 2401; x_wconf 86' lang='lat' dir='ltr'><strong>nostro</strong></span> <span class='ocrx_word' id='word_1_421' title='bbox 3060 2365 3271 2419; x_wconf 86' lang='lat' dir='ltr'><strong>regnum</strong></span> <span class='ocrx_word' id='word_1_422' title='bbox 3290 2391 3305 2415; x_wconf 92' lang='lat'><strong>,</strong></span> <span class='ocrx_word' id='word_1_423' title='bbox 3335 2349 3628 2404; x_wconf 87' lang='lat' dir='ltr'><strong>sacerdotes</strong></span> <span class='ocrx_word' id='word_1_424' title='bbox 3657 2342 3744 2402; x_wconf 79' lang='lat' dir='ltr'><strong>Deo</strong></span> <span class='ocrx_word' id='word_1_425' title='bbox 3765 2360 3796 2400; x_wconf 79' lang='lat' dir='ltr'><strong>et</strong></span> 
     </span>
    </p>
   </div>
   <div class='ocr_carea' id='block_1_52' title="bbox 2255 2439 3799 2510">
    <p class='ocr_par' dir='ltr' id='par_1_52' title="bbox 2255 2439 3799 2510">
     <span class='ocr_line' id='line_1_52' title="bbox 2255 2439 3799 2510; baseline 0.001 -17"><span class='ocrx_word' id='word_1_426' title='bbox 2255 2440 2442 2508; x_wconf 90' lang='lat' dir='ltr'><strong>Patri,</strong></span> <span class='ocrx_word' id='word_1_427' title='bbox 2477 2440 2579 2495; x_wconf 86' lang='lat' dir='ltr'><strong>hoc</strong></span> <span class='ocrx_word' id='word_1_428' title='bbox 2608 2450 2662 2495; x_wconf 91' lang='lat' dir='ltr'><strong>et</strong></span> <span class='ocrx_word' id='word_1_429' title='bbox 2692 2439 2778 2494; x_wconf 89' lang='lat' dir='ltr'><strong>hic</strong></span> <span class='ocrx_word' id='word_1_430' title='bbox 2802 2439 2931 2495; x_wconf 93' lang='lat' dir='ltr'><strong>dicit</strong></span> <span class='ocrx_word' id='word_1_431' title='bbox 2958 2440 3271 2510; x_wconf 87' lang='lat' dir='ltr'><strong>Apostolus.</strong></span> <span class='ocrx_word' id='word_1_432' title='bbox 3300 2439 3563 2496; x_wconf 73' lang='lat' dir='ltr'><strong>Poenum</strong></span> <span class='ocrx_word' id='word_1_433' title='bbox 3593 2455 3799 2497; x_wconf 65' lang='grc' dir='ltr'><strong>κωτι-</strong></span> 
     </span>
    </p>
   </div>
   <div class='ocr_carea' id='block_1_53' title="bbox 2252 2532 3800 2604">
    <p class='ocr_par' dir='ltr' id='par_1_53' title="bbox 2252 2532 3800 2604">
     <span class='ocr_line' id='line_1_53' title="bbox 2252 2532 3800 2604; baseline -0.003 -15"><span class='ocrx_word' id='word_1_434' title='bbox 2252 2549 2417 2590; x_wconf 68' lang='grc' dir='ltr'><strong>Βιιῑι</strong></span> <span class='ocrx_word' id='word_1_435' title='bbox 2442 2577 2457 2603; x_wconf 88' lang='grc'><em>,</em></span> <span class='ocrx_word' id='word_1_436' title='bbox 2488 2534 2539 2589; x_wconf 92' lang='lat' dir='ltr'><strong>id</strong></span> <span class='ocrx_word' id='word_1_437' title='bbox 2564 2544 2651 2590; x_wconf 85' lang='lat' dir='ltr'><strong>est</strong></span> <span class='ocrx_word' id='word_1_438' title='bbox 2680 2534 2931 2604; x_wconf 89' lang='lat' dir='ltr'><strong>placitum</strong></span> <span class='ocrx_word' id='word_1_439' title='bbox 2961 2533 3047 2589; x_wconf 87' lang='lat' dir='ltr'><strong>vel</strong></span> <span class='ocrx_word' id='word_1_440' title='bbox 3077 2532 3377 2603; x_wconf 76' lang='lat' dir='ltr'><strong>perfectum</strong></span> <span class='ocrx_word' id='word_1_441' title='bbox 3401 2578 3416 2603; x_wconf 90' lang='lat'><strong>,</strong></span> <span class='ocrx_word' id='word_1_442' title='bbox 3452 2542 3511 2588; x_wconf 93' lang='lat' dir='ltr'><strong>ut</strong></span> <span class='ocrx_word' id='word_1_443' title='bbox 3542 2534 3643 2589; x_wconf 91' lang='lat' dir='ltr'><strong>Deo</strong></span> <span class='ocrx_word' id='word_1_444' title='bbox 3665 2534 3721 2586; x_wconf 91' lang='lat' dir='ltr'><strong>sit</strong></span> <span class='ocrx_word' id='word_1_445' title='bbox 3741 2546 3800 2585; x_wconf 66' lang='lat' dir='ltr'><strong>ae</strong></span> 
     </span>
    </p>
   </div>
   <div class='ocr_carea' id='block_1_54' title="bbox 2251 2625 3796 2698">
    <p class='ocr_par' dir='ltr' id='par_1_54' title="bbox 2251 2625 3796 2698">
     <span class='ocr_line' id='line_1_54' title="bbox 2251 2625 3796 2698; baseline -0.005 -15"><span class='ocrx_word' id='word_1_446' title='bbox 2251 2635 2442 2698; x_wconf 87' lang='lat' dir='ltr'><strong>ceptus</strong></span> <span class='ocrx_word' id='word_1_447' title='bbox 2465 2668 2481 2695; x_wconf 92' lang='lat'><strong>,</strong></span> <span class='ocrx_word' id='word_1_448' title='bbox 2516 2636 2569 2681; x_wconf 93' lang='lat' dir='ltr'><strong>et</strong></span> <span class='ocrx_word' id='word_1_449' title='bbox 2598 2626 2692 2696; x_wconf 85' lang='lat' dir='ltr'><strong>qui</strong></span> <span class='ocrx_word' id='word_1_450' title='bbox 2723 2634 2848 2682; x_wconf 87' lang='lat' dir='ltr'><strong>ante</strong></span> <span class='ocrx_word' id='word_1_451' title='bbox 2877 2625 3118 2694; x_wconf 78' lang='lat' dir='ltr'><strong>diaboli,</strong></span> <span class='ocrx_word' id='word_1_452' title='bbox 3150 2641 3293 2682; x_wconf 91' lang='lat' dir='ltr'><strong>nunc</strong></span> <span class='ocrx_word' id='word_1_453' title='bbox 3326 2625 3428 2681; x_wconf 82' lang='lat' dir='ltr'><strong>Dei</strong></span> <span class='ocrx_word' id='word_1_454' title='bbox 3471 2634 3553 2681; x_wconf 84' lang='lat' dir='ltr'><strong>est</strong></span> <span class='ocrx_word' id='word_1_455' title='bbox 3592 2625 3796 2695; x_wconf 80' lang='lat' dir='ltr'><strong>populus,</strong></span> 
     </span>
    </p>
   </div>
   <div class='ocr_carea' id='block_1_55' title="bbox 2251 2717 3798 2790">
    <p class='ocr_par' dir='ltr' id='par_1_55' title="bbox 2251 2717 3798 2790">
     <span class='ocr_line' id='line_1_55' title="bbox 2251 2717 3798 2790; baseline -0.001 -18"><span class='ocrx_word' id='word_1_456' title='bbox 2251 2719 2495 2775; x_wconf 88' lang='lat' dir='ltr'><strong>dicentes</strong></span> <span class='ocrx_word' id='word_1_457' title='bbox 2528 2734 2649 2775; x_wconf 89' lang='lat' dir='ltr'><strong>cum</strong></span> <span class='ocrx_word' id='word_1_458' title='bbox 2681 2719 2969 2775; x_wconf 87' lang='lat' dir='ltr'><strong>Psalmista</strong></span> <span class='ocrx_word' id='word_1_459' title='bbox 3002 2736 3016 2772; x_wconf 91' lang='lat'><strong>:</strong></span> <span class='ocrx_word' id='word_1_460' title='bbox 3049 2718 3165 2773; x_wconf 87' lang='lat' dir='ltr'><strong>Nos</strong></span> <span class='ocrx_word' id='word_1_461' title='bbox 3196 2728 3374 2772; x_wconf 87' lang='lat' dir='ltr'><strong>autem</strong></span> <span class='ocrx_word' id='word_1_462' title='bbox 3402 2717 3623 2790; x_wconf 71' lang='lat' dir='ltr'><strong>populus</strong></span> <span class='ocrx_word' id='word_1_463' title='bbox 3647 2720 3736 2788; x_wconf 66' lang='lat' dir='ltr'><strong>ejus</strong></span> <span class='ocrx_word' id='word_1_464' title='bbox 3762 2724 3798 2771; x_wconf 77' lang='lat' dir='ltr'><strong>et</strong></span> 
     </span>
    </p>
   </div>
   <div class='ocr_carea' id='block_1_56' title="bbox 2253 2804 3795 2882">
    <p class='ocr_par' dir='ltr' id='par_1_56' title="bbox 2253 2804 3795 2882">
     <span class='ocr_line' id='line_1_56' title="bbox 2253 2804 3795 2882; baseline -0.002 -18"><span class='ocrx_word' id='word_1_465' title='bbox 2253 2827 2364 2864; x_wconf 85' lang='lat' dir='ltr'><strong>oves</strong></span> <span class='ocrx_word' id='word_1_466' title='bbox 2393 2826 2599 2881; x_wconf 77' lang='lat' dir='ltr'><strong>pascua:</strong></span> <span class='ocrx_word' id='word_1_467' title='bbox 2628 2812 2760 2882; x_wconf 84' lang='lat' dir='ltr'><strong>ejus.</strong></span> <span class='ocrx_word' id='word_1_468' title='bbox 2803 2809 3166 2867; x_wconf 64' lang='lat' dir='ltr'><strong>Securos“</strong></span> <span class='ocrx_word' id='word_1_469' title='bbox 3211 2824 3468 2865; x_wconf 71' lang='lat' dir='ltr'><strong>BONORUI</strong></span> <span class='ocrx_word' id='word_1_470' title='bbox 3512 2824 3730 2873; x_wconf 79' lang='lat' dir='ltr'><strong>OPEllUl,</strong></span> <span class='ocrx_word' id='word_1_471' title='bbox 3760 2804 3795 2861; x_wconf 73' lang='lat' dir='ltr'><strong>id</strong></span> 
     </span>
    </p>
   </div>
   <div class='ocr_carea' id='block_1_57' title="bbox 2250 2899 3795 2967">
    <p class='ocr_par' dir='ltr' id='par_1_57' title="bbox 2250 2899 3795 2967">
     <span class='ocr_line' id='line_1_57' title="bbox 2250 2899 3795 2967; baseline -0.004 -10"><span class='ocrx_word' id='word_1_472' title='bbox 2250 2909 2369 2967; x_wconf 89' lang='lat' dir='ltr'><strong>est,</strong></span> <span class='ocrx_word' id='word_1_473' title='bbox 2426 2902 2707 2956; x_wconf 89' lang='lat' dir='ltr'><strong>virtutum.</strong></span> <span class='ocrx_word' id='word_1_474' title='bbox 2771 2900 2928 2957; x_wconf 89' lang='lat' dir='ltr'><strong>Sicut</strong></span> <span class='ocrx_word' id='word_1_475' title='bbox 2987 2901 3126 2957; x_wconf 91' lang='lat' dir='ltr'><strong>idem</strong></span> <span class='ocrx_word' id='word_1_476' title='bbox 3181 2901 3349 2956; x_wconf 88' lang='lat' dir='ltr'><strong>dicit:</strong></span> <span class='ocrx_word' id='word_1_477' title='bbox 3414 2900 3485 2957; x_wconf 85' lang='lat' dir='ltr'><strong>Ut</strong></span> <span class='ocrx_word' id='word_1_478' title='bbox 3528 2902 3579 2955; x_wconf 87' lang='lat' dir='ltr'><strong>in</strong></span> <span class='ocrx_word' id='word_1_479' title='bbox 3616 2899 3795 2954; x_wconf 70' lang='lat' dir='ltr'><strong>omnibs:</strong></span> 
     </span>
    </p>
   </div>
   <div class='ocr_carea' id='block_1_58' title="bbox 2250 2992 3797 3066">
    <p class='ocr_par' dir='ltr' id='par_1_58' title="bbox 2250 2992 3797 3066">
     <span class='ocr_line' id='line_1_58' title="bbox 2250 2992 3797 3066; baseline -0.005 -16"><span class='ocrx_word' id='word_1_480' title='bbox 2250 2995 2581 3050; x_wconf 76' lang='lat' dir='ltr'><strong>exhibeamus</strong></span> <span class='ocrx_word' id='word_1_481' title='bbox 2616 2996 2955 3066; x_wconf 83' lang='lat' dir='ltr'><strong>nosmetipsos</strong></span> <span class='ocrx_word' id='word_1_482' title='bbox 2987 2997 3117 3048; x_wconf 86' lang='lat' dir='ltr'><strong>sicut</strong></span> <span class='ocrx_word' id='word_1_483' title='bbox 3150 2992 3243 3047; x_wconf 82' lang='lat' dir='ltr'><strong>Dei</strong></span> <span class='ocrx_word' id='word_1_484' title='bbox 3272 2993 3547 3048; x_wconf 88' lang='lat' dir='ltr'><strong>ministros</strong></span> <span class='ocrx_word' id='word_1_485' title='bbox 3567 3035 3580 3058; x_wconf 92' lang='lat'><strong>,</strong></span> <span class='ocrx_word' id='word_1_486' title='bbox 3610 2992 3659 3046; x_wconf 88' lang='lat' dir='ltr'><strong>in</strong></span> <span class='ocrx_word' id='word_1_487' title='bbox 3681 2992 3797 3043; x_wconf 79' lang='lat' dir='ltr'><strong>multa</strong></span> 
     </span>
    </p>
   </div>
   <div class='ocr_carea' id='block_1_59' title="bbox 2248 3085 3791 3160">
    <p class='ocr_par' dir='ltr' id='par_1_59' title="bbox 2248 3085 3791 3160">
     <span class='ocr_line' id='line_1_59' title="bbox 2248 3085 3791 3160; baseline -0.005 -18"><span class='ocrx_word' id='word_1_488' title='bbox 2248 3090 2535 3160; x_wconf 78' lang='lat' dir='ltr'><strong>patientia,</strong></span> <span class='ocrx_word' id='word_1_489' title='bbox 2590 3089 2643 3142; x_wconf 88' lang='lat' dir='ltr'><strong>in</strong></span> <span class='ocrx_word' id='word_1_490' title='bbox 2690 3087 2914 3159; x_wconf 75' lang='lat' dir='ltr'><strong>vigiliis,</strong></span> <span class='ocrx_word' id='word_1_491' title='bbox 2961 3088 3015 3141; x_wconf 87' lang='lat' dir='ltr'><strong>in</strong></span> <span class='ocrx_word' id='word_1_492' title='bbox 3054 3086 3305 3159; x_wconf 84' lang='lat' dir='ltr'><strong>jejuniis,</strong></span> <span class='ocrx_word' id='word_1_493' title='bbox 3354 3096 3409 3142; x_wconf 82' lang='lat' dir='ltr'><strong>et</strong></span> <span class='ocrx_word' id='word_1_494' title='bbox 3455 3085 3683 3140; x_wconf 82' lang='lat' dir='ltr'><strong>charitate</strong></span> <span class='ocrx_word' id='word_1_495' title='bbox 3716 3092 3791 3136; x_wconf 74' lang='lat' dir='ltr'><strong>non</strong></span> 
     </span>
    </p>
   </div>
   <div class='ocr_carea' id='block_1_60' title="bbox 2247 3176 3789 3255">
    <p class='ocr_par' dir='ltr' id='par_1_60' title="bbox 2247 3176 3789 3255">
     <span class='ocr_line' id='line_1_60' title="bbox 2247 3176 3789 3255; baseline -0.003 -20"><span class='ocrx_word' id='word_1_496' title='bbox 2247 3183 2389 3251; x_wconf 79' lang='lat' dir='ltr'><strong>ﬁcta,</strong></span> <span class='ocrx_word' id='word_1_497' title='bbox 2420 3198 2511 3253; x_wconf 88' lang='lat' dir='ltr'><strong>per</strong></span> <span class='ocrx_word' id='word_1_498' title='bbox 2538 3198 2684 3237; x_wconf 88' lang='lat' dir='ltr'><strong>arma</strong></span> <span class='ocrx_word' id='word_1_499' title='bbox 2702 3184 2923 3255; x_wconf 77' lang='lat' dir='ltr'><strong>justitia:</strong></span> <span class='ocrx_word' id='word_1_500' title='bbox 2950 3198 2982 3236; x_wconf 91' lang='lat' dir='ltr'><strong>a</strong></span> <span class='ocrx_word' id='word_1_501' title='bbox 3011 3182 3205 3236; x_wconf 72' lang='lat' dir='ltr'><strong>dextris</strong></span> <span class='ocrx_word' id='word_1_502' title='bbox 3248 3190 3295 3239; x_wconf 84' lang='lat' dir='ltr'><strong>et</strong></span> <span class='ocrx_word' id='word_1_503' title='bbox 3336 3198 3373 3236; x_wconf 87' lang='lat' dir='ltr'><strong>a</strong></span> <span class='ocrx_word' id='word_1_504' title='bbox 3415 3181 3647 3237; x_wconf 85' lang='lat' dir='ltr'><strong>sinistris.</strong></span> <span class='ocrx_word' id='word_1_505' title='bbox 3686 3176 3789 3250; x_wconf 84' lang='lat' dir='ltr'><strong>Ergo</strong></span> 
     </span>
    </p>
   </div>
   <div class='ocr_carea' id='block_1_61' title="bbox 561 3272 3786 3350">
    <p class='ocr_par' dir='ltr' id='par_1_61' title="bbox 561 3272 3786 3350">
     <span class='ocr_line' id='line_1_61' title="bbox 561 3272 3786 3350; baseline -0.001 -23"><span class='ocrx_word' id='word_1_506' title='bbox 561 3276 677 3329; x_wconf 86' lang='lat' dir='ltr'><strong>dem</strong></span> <span class='ocrx_word' id='word_1_507' title='bbox 707 3286 752 3328; x_wconf 87' lang='lat' dir='ltr'><strong>et</strong></span> <span class='ocrx_word' id='word_1_508' title='bbox 781 3277 999 3346; x_wconf 83' lang='lat' dir='ltr'><strong>gloriam</strong></span> <span class='ocrx_word' id='word_1_509' title='bbox 1040 3288 1091 3331; x_wconf 88' lang='lat' dir='ltr'><strong>et</strong></span> <span class='ocrx_word' id='word_1_510' title='bbox 1130 3279 1490 3337; x_wconf 71' lang='lat' dir='ltr'><strong>reuelationem</strong></span> <span class='ocrx_word' id='word_1_511' title='bbox 1533 3278 1661 3335; x_wconf 75' lang='lat' dir='ltr'><strong>Iesu</strong></span> <span class='ocrx_word' id='word_1_512' title='bbox 1696 3278 1893 3336; x_wconf 78' lang='lat' dir='ltr'><strong>Christi</strong></span> <span class='ocrx_word' id='word_1_513' title='bbox 1938 3279 2146 3336; x_wconf 83' lang='lat' dir='ltr'><strong>Domini</strong></span> <span class='ocrx_word' id='word_1_514' title='bbox 2173 3284 2221 3350; x_wconf 75' lang='grc' dir='ltr'>ο</span> <span class='ocrx_word' id='word_1_515' title='bbox 2254 3282 2549 3330; x_wconf 84' lang='lat' dir='ltr'><strong>sectatores</strong></span> <span class='ocrx_word' id='word_1_516' title='bbox 2600 3274 2860 3331; x_wconf 81' lang='lat' dir='ltr'><strong>debemus</strong></span> <span class='ocrx_word' id='word_1_517' title='bbox 2908 3289 3029 3331; x_wconf 86' lang='lat' dir='ltr'><strong>esse</strong></span> <span class='ocrx_word' id='word_1_518' title='bbox 3072 3276 3333 3331; x_wconf 89' lang='lat' dir='ltr'><strong>bonorum</strong></span> <span class='ocrx_word' id='word_1_519' title='bbox 3384 3290 3634 3344; x_wconf 88' lang='lat' dir='ltr'><strong>operum,</strong></span> <span class='ocrx_word' id='word_1_520' title='bbox 3676 3272 3786 3327; x_wconf 90' lang='lat' dir='ltr'><strong>utin</strong></span> 
     </span>
    </p>
   </div>
   <div class='ocr_carea' id='block_1_62' title="bbox 560 3369 2147 3434">
    <p class='ocr_par' dir='ltr' id='par_1_62' title="bbox 560 3369 2147 3434">
     <span class='ocr_line' id='line_1_62' title="bbox 560 3369 2147 3434; baseline 0.004 -13"><span class='ocrx_word' id='word_1_521' title='bbox 560 3369 751 3434; x_wconf 85' lang='lat' dir='ltr'><strong>nostri,</strong></span> <span class='ocrx_word' id='word_1_522' title='bbox 794 3382 841 3423; x_wconf 87' lang='lat' dir='ltr'><strong>et</strong></span> <span class='ocrx_word' id='word_1_523' title='bbox 878 3369 1171 3426; x_wconf 76' lang='lat' dir='ltr'><strong>Saluatoris</strong></span> <span class='ocrx_word' id='word_1_524' title='bbox 1216 3372 1378 3425; x_wconf 85' lang='lat' dir='ltr'><strong>nostri</strong></span> <span class='ocrx_word' id='word_1_525' title='bbox 1418 3371 1548 3428; x_wconf 81' lang='lat' dir='ltr'><strong>Jesu</strong></span> <span class='ocrx_word' id='word_1_526' title='bbox 1590 3372 1799 3428; x_wconf 81' lang='lat' dir='ltr'><strong>Christi.</strong></span> <span class='ocrx_word' id='word_1_527' title='bbox 1845 3374 2147 3428; x_wconf 77' lang='lat' dir='ltr'><strong>Notandum</strong></span> 
     </span>
    </p>
   </div>
   <div class='ocr_carea' id='block_1_63' title="bbox 560 3461 2149 3535">
    <p class='ocr_par' dir='ltr' id='par_1_63' title="bbox 560 3461 2149 3535">
     <span class='ocr_line' id='line_1_63' title="bbox 560 3461 2149 3535; baseline 0.006 -21"><span class='ocrx_word' id='word_1_528' title='bbox 560 3461 703 3530; x_wconf 93' lang='lat' dir='ltr'><strong>quod</strong></span> <span class='ocrx_word' id='word_1_529' title='bbox 734 3462 786 3517; x_wconf 92' lang='lat' dir='ltr'><strong>in</strong></span> <span class='ocrx_word' id='word_1_530' title='bbox 820 3462 919 3518; x_wconf 90' lang='lat' dir='ltr'><strong>hac</strong></span> <span class='ocrx_word' id='word_1_531' title='bbox 952 3464 1102 3519; x_wconf 92' lang='lat' dir='ltr'><strong>brevi</strong></span> <span class='ocrx_word' id='word_1_532' title='bbox 1136 3466 1370 3535; x_wconf 85' lang='lat' dir='ltr'><strong>Epistola</strong></span> <span class='ocrx_word' id='word_1_533' title='bbox 1401 3466 1485 3523; x_wconf 87' lang='lat' dir='ltr'><strong>bis</strong></span> <span class='ocrx_word' id='word_1_534' title='bbox 1512 3467 1682 3524; x_wconf 85' lang='lat' dir='ltr'><strong>Deum</strong></span> <span class='ocrx_word' id='word_1_535' title='bbox 1714 3469 2010 3524; x_wconf 75' lang='lat' dir='ltr'><strong>nominavit</strong></span> <span class='ocrx_word' id='word_1_536' title='bbox 2048 3470 2149 3523; x_wconf 89' lang='lat' dir='ltr'><strong>Do-</strong></span> 
     </span>
    </p>
   </div>
   <div class='ocr_carea' id='block_1_64' title="bbox 557 3553 2147 3630">
    <p class='ocr_par' dir='ltr' id='par_1_64' title="bbox 557 3553 2147 3630">
     <span class='ocr_line' id='line_1_64' title="bbox 557 3553 2147 3630; baseline 0.003 -22"><span class='ocrx_word' id='word_1_537' title='bbox 557 3556 761 3608; x_wconf 86' lang='lat' dir='ltr'><strong>tninum</strong></span> <span class='ocrx_word' id='word_1_538' title='bbox 796 3553 1022 3621; x_wconf 82' lang='lat' dir='ltr'><strong>Jesum;</strong></span> <span class='ocrx_word' id='word_1_539' title='bbox 1054 3571 1217 3626; x_wconf 81' lang='lat' dir='ltr'><strong>supra</strong></span> <span class='ocrx_word' id='word_1_540' title='bbox 1248 3558 1338 3613; x_wconf 84' lang='lat' dir='ltr'><strong>ubi</strong></span> <span class='ocrx_word' id='word_1_541' title='bbox 1374 3557 1452 3612; x_wconf 88' lang='lat' dir='ltr'><strong>ait</strong></span> <span class='ocrx_word' id='word_1_542' title='bbox 1484 3575 1499 3611; x_wconf 89' lang='lat'><strong>:</strong></span> <span class='ocrx_word' id='word_1_543' title='bbox 1544 3560 1801 3629; x_wconf 74' lang='lat' dir='ltr'><strong>Apparuit</strong></span> <span class='ocrx_word' id='word_1_544' title='bbox 1828 3562 1993 3630; x_wconf 73' lang='lat' dir='ltr'><strong>gratia</strong></span> <span class='ocrx_word' id='word_1_545' title='bbox 2024 3560 2147 3617; x_wconf 80' lang='lat' dir='ltr'><strong>Sal—</strong></span> 
     </span>
    </p>
   </div>
   <div class='ocr_carea' id='block_1_65' title="bbox 561 3648 2151 3727">
    <p class='ocr_par' dir='ltr' id='par_1_65' title="bbox 561 3648 2151 3727">
     <span class='ocr_line' id='line_1_65' title="bbox 561 3648 2151 3727; baseline 0.008 -28"><span class='ocrx_word' id='word_1_546' title='bbox 561 3650 751 3703; x_wconf 72' lang='lat' dir='ltr'><strong>stataria</strong></span> <span class='ocrx_word' id='word_1_547' title='bbox 780 3650 941 3703; x_wconf 89' lang='lat' dir='ltr'><strong>nostri</strong></span> <span class='ocrx_word' id='word_1_548' title='bbox 972 3648 1089 3704; x_wconf 88' lang='lat' dir='ltr'><strong>Dei.</strong></span> <span class='ocrx_word' id='word_1_549' title='bbox 1143 3651 1206 3705; x_wconf 77' lang='lat' dir='ltr'><strong>Et</strong></span> <span class='ocrx_word' id='word_1_550' title='bbox 1234 3650 1323 3706; x_wconf 91' lang='lat' dir='ltr'><strong>hic</strong></span> <span class='ocrx_word' id='word_1_551' title='bbox 1348 3667 1472 3708; x_wconf 73' lang='lat' dir='ltr'><strong>cum</strong></span> <span class='ocrx_word' id='word_1_552' title='bbox 1507 3653 1636 3708; x_wconf 89' lang='lat' dir='ltr'><strong>dicit</strong></span> <span class='ocrx_word' id='word_1_553' title='bbox 1662 3672 1676 3707; x_wconf 89' lang='lat'><strong>:</strong></span> <span class='ocrx_word' id='word_1_554' title='bbox 1722 3657 1998 3709; x_wconf 80' lang='lat' dir='ltr'><strong>aduentum</strong></span> <span class='ocrx_word' id='word_1_555' title='bbox 2036 3657 2151 3727; x_wconf 76' lang='lat' dir='ltr'><strong>glo-</strong></span> 
     </span>
    </p>
   </div>
   <div class='ocr_carea' id='block_1_66' title="bbox 556 3741 2149 3813">
    <p class='ocr_par' dir='ltr' id='par_1_66' title="bbox 556 3741 2149 3813">
     <span class='ocr_line' id='line_1_66' title="bbox 556 3741 2149 3813; baseline 0.007 -19"><span class='ocrx_word' id='word_1_556' title='bbox 556 3741 651 3795; x_wconf 75' lang='lat' dir='ltr'><strong>riw</strong></span> <span class='ocrx_word' id='word_1_557' title='bbox 678 3744 851 3813; x_wconf 85' lang='lat' dir='ltr'><strong>magni</strong></span> <span class='ocrx_word' id='word_1_558' title='bbox 879 3741 979 3798; x_wconf 89' lang='lat' dir='ltr'><strong>Dei</strong></span> <span class='ocrx_word' id='word_1_559' title='bbox 1008 3752 1057 3799; x_wconf 85' lang='lat' dir='ltr'><strong>et</strong></span> <span class='ocrx_word' id='word_1_560' title='bbox 1088 3743 1376 3802; x_wconf 77' lang='lat' dir='ltr'><strong>Saluatoris</strong></span> <span class='ocrx_word' id='word_1_561' title='bbox 1403 3748 1565 3803; x_wconf 87' lang='lat' dir='ltr'><strong>nostri</strong></span> <span class='ocrx_word' id='word_1_562' title='bbox 1593 3747 1721 3803; x_wconf 74' lang='lat' dir='ltr'><strong>Iesu</strong></span> <span class='ocrx_word' id='word_1_563' title='bbox 1749 3748 1964 3805; x_wconf 77' lang='lat' dir='ltr'><strong>Christi.</strong></span> <span class='ocrx_word' id='word_1_564' title='bbox 1994 3749 2149 3806; x_wconf 70' lang='lat' dir='ltr'><strong>ieeus</strong></span> 
     </span>
    </p>
   </div>
   <div class='ocr_carea' id='block_1_67' title="bbox 554 3835 2149 3908">
    <p class='ocr_par' dir='ltr' id='par_1_67' title="bbox 554 3835 2149 3908">
     <span class='ocr_line' id='line_1_67' title="bbox 554 3835 2149 3908; baseline 0.005 -19"><span class='ocrx_word' id='word_1_565' title='bbox 554 3835 834 3905; x_wconf 82' lang='lat' dir='ltr'><strong>prOprium</strong></span> <span class='ocrx_word' id='word_1_566' title='bbox 882 3852 1081 3893; x_wconf 86' lang='lat' dir='ltr'><strong>nomen</strong></span> <span class='ocrx_word' id='word_1_567' title='bbox 1126 3848 1249 3905; x_wconf 86' lang='lat' dir='ltr'><strong>est,</strong></span> <span class='ocrx_word' id='word_1_568' title='bbox 1304 3839 1691 3908; x_wconf 81' lang='lat' dir='ltr'><strong>interpretatur</strong></span> <span class='ocrx_word' id='word_1_569' title='bbox 1736 3840 1986 3896; x_wconf 79' lang='lat' dir='ltr'><strong>Salvator</strong></span> <span class='ocrx_word' id='word_1_570' title='bbox 2034 3843 2149 3898; x_wconf 84' lang='lat' dir='ltr'><strong>sive</strong></span> 
     </span>
    </p>
   </div>
   <div class='ocr_carea' id='block_1_68' title="bbox 560 3931 2149 3997">
    <p class='ocr_par' dir='ltr' id='par_1_68' title="bbox 560 3931 2149 3997">
     <span class='ocr_line' id='line_1_68' title="bbox 560 3931 2149 3997; baseline 0.003 -11"><span class='ocrx_word' id='word_1_571' title='bbox 560 3931 834 3997; x_wconf 73' lang='lat' dir='ltr'><strong>salutaris.</strong></span> <span class='ocrx_word' id='word_1_572' title='bbox 860 3932 1107 3987; x_wconf 85' lang='lat' dir='ltr'><strong>Christus</strong></span> <span class='ocrx_word' id='word_1_573' title='bbox 1131 3948 1261 3987; x_wconf 81' lang='lat' dir='ltr'><strong>vero</strong></span> <span class='ocrx_word' id='word_1_574' title='bbox 1286 3934 1357 3988; x_wconf 85' lang='lat' dir='ltr'><strong>ab</strong></span> <span class='ocrx_word' id='word_1_575' title='bbox 1380 3935 1633 3989; x_wconf 81' lang='lat' dir='ltr'><strong>unctione</strong></span> <span class='ocrx_word' id='word_1_576' title='bbox 1658 3934 1872 3991; x_wconf 91' lang='lat' dir='ltr'><strong>dicitur.</strong></span> <span class='ocrx_word' id='word_1_577' title='bbox 1902 3934 2149 3990; x_wconf 74' lang='lat' dir='ltr'><strong>Citrisma</strong></span> 
     </span>
    </p>
   </div>
   <div class='ocr_carea' id='block_1_69' title="bbox 559 4025 2150 4099">
    <p class='ocr_par' dir='ltr' id='par_1_69' title="bbox 559 4025 2150 4099">
     <span class='ocr_line' id='line_1_69' title="bbox 559 4025 2150 4099; baseline 0.003 -21"><span class='ocrx_word' id='word_1_578' title='bbox 559 4039 795 4094; x_wconf 84' lang='lat' dir='ltr'><strong>namque</strong></span> <span class='ocrx_word' id='word_1_579' title='bbox 814 4025 1000 4080; x_wconf 79' lang='lat' dir='ltr'><strong>unctio</strong></span> <span class='ocrx_word' id='word_1_580' title='bbox 1026 4026 1434 4096; x_wconf 82' lang='lat' dir='ltr'><strong>interpretatur.</strong></span> <span class='ocrx_word' id='word_1_581' title='bbox 1464 4028 1667 4085; x_wconf 81' lang='lat' dir='ltr'><strong>[luctus</strong></span> <span class='ocrx_word' id='word_1_582' title='bbox 1690 4040 1771 4084; x_wconf 90' lang='lat' dir='ltr'><strong>est</strong></span> <span class='ocrx_word' id='word_1_583' title='bbox 1800 4031 1916 4099; x_wconf 85' lang='lat' dir='ltr'><strong>ipse</strong></span> <span class='ocrx_word' id='word_1_584' title='bbox 1943 4030 2150 4099; x_wconf 82' lang='lat' dir='ltr'><strong>specia-</strong></span> 
     </span>
    </p>
   </div>
   <div class='ocr_carea' id='block_1_70' title="bbox 557 4115 2148 4191">
    <p class='ocr_par' dir='ltr' id='par_1_70' title="bbox 557 4115 2148 4191">
     <span class='ocr_line' id='line_1_70' title="bbox 557 4115 2148 4191; baseline 0.004 -21"><span class='ocrx_word' id='word_1_585' title='bbox 557 4115 685 4171; x_wconf 89' lang='lat' dir='ltr'><strong>liter</strong></span> <span class='ocrx_word' id='word_1_586' title='bbox 713 4132 823 4185; x_wconf 74' lang='lat' dir='ltr'><strong>pra:</strong></span> <span class='ocrx_word' id='word_1_587' title='bbox 848 4118 1102 4175; x_wconf 74' lang='lat' dir='ltr'><strong>omnibus</strong></span> <span class='ocrx_word' id='word_1_588' title='bbox 1142 4119 1284 4176; x_wconf 74' lang='lat' dir='ltr'><strong>dono</strong></span> <span class='ocrx_word' id='word_1_589' title='bbox 1325 4121 1559 4191; x_wconf 82' lang='lat' dir='ltr'><strong>Spiritus</strong></span> <span class='ocrx_word' id='word_1_590' title='bbox 1600 4124 1808 4189; x_wconf 83' lang='lat' dir='ltr'><strong>sancti,</strong></span> <span class='ocrx_word' id='word_1_591' title='bbox 1852 4124 1993 4178; x_wconf 82' lang='lat' dir='ltr'><strong>sicut</strong></span> <span class='ocrx_word' id='word_1_592' title='bbox 2017 4122 2148 4179; x_wconf 85' lang='lat' dir='ltr'><strong>dicit</strong></span> 
     </span>
    </p>
   </div>
   <div class='ocr_carea' id='block_1_71' title="bbox 554 4207 2147 4283">
    <p class='ocr_par' dir='ltr' id='par_1_71' title="bbox 554 4207 2147 4283">
     <span class='ocr_line' id='line_1_71' title="bbox 554 4207 2147 4283; baseline 0.006 -23"><span class='ocrx_word' id='word_1_593' title='bbox 554 4207 815 4278; x_wconf 81' lang='lat' dir='ltr'><strong>propheta</strong></span> <span class='ocrx_word' id='word_1_594' title='bbox 849 4226 861 4261; x_wconf 91' lang='lat'><strong>:</strong></span> <span class='ocrx_word' id='word_1_595' title='bbox 898 4208 1059 4265; x_wconf 64' lang='lat' dir='ltr'><strong>Unaait</strong></span> <span class='ocrx_word' id='word_1_596' title='bbox 1088 4219 1138 4265; x_wconf 79' lang='lat' dir='ltr'><strong>ts</strong></span> <span class='ocrx_word' id='word_1_597' title='bbox 1166 4208 1330 4277; x_wconf 86' lang='lat' dir='ltr'><strong>Deus,</strong></span> <span class='ocrx_word' id='word_1_598' title='bbox 1364 4212 1503 4267; x_wconf 87' lang='lat' dir='ltr'><strong>Deus</strong></span> <span class='ocrx_word' id='word_1_599' title='bbox 1528 4225 1643 4268; x_wconf 80' lang='lat' dir='ltr'><strong>tuus</strong></span> <span class='ocrx_word' id='word_1_600' title='bbox 1676 4215 1790 4269; x_wconf 88' lang='lat' dir='ltr'><strong>oleo</strong></span> <span class='ocrx_word' id='word_1_601' title='bbox 1816 4215 2013 4269; x_wconf 62' lang='lat' dir='ltr'><strong>laetitia:</strong></span> <span class='ocrx_word' id='word_1_602' title='bbox 2040 4231 2147 4283; x_wconf 72' lang='lat' dir='ltr'><strong>pra:</strong></span> 
     </span>
    </p>
   </div>
   <div class='ocr_carea' id='block_1_72' title="bbox 554 4299 2143 4373">
    <p class='ocr_par' dir='ltr' id='par_1_72' title="bbox 554 4299 2143 4373">
     <span class='ocr_line' id='line_1_72' title="bbox 554 4299 2143 4373; baseline 0.006 -21"><span class='ocrx_word' id='word_1_603' title='bbox 554 4299 876 4355; x_wconf 81' lang='lat' dir='ltr'><strong>consortibus</strong></span> <span class='ocrx_word' id='word_1_604' title='bbox 916 4302 1041 4356; x_wconf 88' lang='lat' dir='ltr'><strong>tuis.</strong></span> <span class='ocrx_word' id='word_1_605' title='bbox 1085 4300 1289 4357; x_wconf 82' lang='lat' dir='ltr'><strong>Idcirco</strong></span> <span class='ocrx_word' id='word_1_606' title='bbox 1326 4314 1508 4359; x_wconf 86' lang='lat' dir='ltr'><strong>autem</strong></span> <span class='ocrx_word' id='word_1_607' title='bbox 1551 4307 1825 4373; x_wconf 85' lang='lat' dir='ltr'><strong>apostolus</strong></span> <span class='ocrx_word' id='word_1_608' title='bbox 1866 4306 1950 4360; x_wconf 84' lang='lat' dir='ltr'><strong>bis</strong></span> <span class='ocrx_word' id='word_1_609' title='bbox 1981 4306 2143 4361; x_wconf 87' lang='lat' dir='ltr'><strong>Deum</strong></span> 
     </span>
    </p>
   </div>
   <div class='ocr_carea' id='block_1_73' title="bbox 554 4390 2142 4463">
    <p class='ocr_par' dir='ltr' id='par_1_73' title="bbox 554 4390 2142 4463">
     <span class='ocr_line' id='line_1_73' title="bbox 554 4390 2142 4463; baseline 0.004 -17"><span class='ocrx_word' id='word_1_610' title='bbox 554 4390 886 4461; x_wconf 84' lang='lat' dir='ltr'><strong>nominavit,</strong></span> <span class='ocrx_word' id='word_1_611' title='bbox 917 4400 976 4447; x_wconf 88' lang='lat' dir='ltr'><strong>ut</strong></span> <span class='ocrx_word' id='word_1_612' title='bbox 1017 4392 1138 4463; x_wconf 86' lang='lat' dir='ltr'><strong>plus</strong></span> <span class='ocrx_word' id='word_1_613' title='bbox 1176 4394 1416 4451; x_wconf 81' lang='lat' dir='ltr'><strong>mulceat</strong></span> <span class='ocrx_word' id='word_1_614' title='bbox 1450 4396 1749 4452; x_wconf 82' lang='lat' dir='ltr'><strong>audientes.</strong></span> <span class='ocrx_word' id='word_1_615' title='bbox 1794 4397 1944 4453; x_wconf 91' lang='lat' dir='ltr'><strong>Sicut</strong></span> <span class='ocrx_word' id='word_1_616' title='bbox 1984 4400 2142 4452; x_wconf 89' lang='lat' dir='ltr'><strong>etiam</strong></span> 
     </span>
    </p>
   </div>
   <div class='ocr_carea' id='block_1_74' title="bbox 546 4482 2139 4558">
    <p class='ocr_par' dir='ltr' id='par_1_74' title="bbox 546 4482 2139 4558">
     <span class='ocr_line' id='line_1_74' title="bbox 546 4482 2139 4558; baseline 0 -17"><span class='ocrx_word' id='word_1_617' title='bbox 546 4484 607 4541; x_wconf 83' lang='lat' dir='ltr'><strong>in</strong></span> <span class='ocrx_word' id='word_1_618' title='bbox 635 4482 862 4538; x_wconf 81' lang='lat' dir='ltr'><strong>Psalmis</strong></span> <span class='ocrx_word' id='word_1_619' title='bbox 888 4484 1085 4541; x_wconf 82' lang='lat' dir='ltr'><strong>dicitur</strong></span> <span class='ocrx_word' id='word_1_620' title='bbox 1110 4503 1124 4539; x_wconf 92' lang='lat'><strong>:</strong></span> <span class='ocrx_word' id='word_1_621' title='bbox 1156 4485 1321 4553; x_wconf 87' lang='lat' dir='ltr'><strong>Deus,</strong></span> <span class='ocrx_word' id='word_1_622' title='bbox 1356 4485 1492 4540; x_wconf 86' lang='lat' dir='ltr'><strong>Deus</strong></span> <span class='ocrx_word' id='word_1_623' title='bbox 1520 4503 1695 4548; x_wconf 83' lang='lat' dir='ltr'><strong>meus.</strong></span> <span class='ocrx_word' id='word_1_624' title='bbox 1722 4495 1915 4558; x_wconf 87' lang='lat' dir='ltr'><strong>respice</strong></span> <span class='ocrx_word' id='word_1_625' title='bbox 1953 4490 2005 4541; x_wconf 87' lang='lat' dir='ltr'><strong>in</strong></span> <span class='ocrx_word' id='word_1_626' title='bbox 2045 4505 2139 4543; x_wconf 87' lang='lat' dir='ltr'><strong>me.</strong></span> 
     </span>
    </p>
   </div>
   <div class='ocr_carea' id='block_1_75' title="bbox 550 4575 2144 4644">
    <p class='ocr_par' dir='ltr' id='par_1_75' title="bbox 550 4575 2144 4644">
     <span class='ocr_line' id='line_1_75' title="bbox 550 4575 2144 4644; baseline 0.002 -13"><span class='ocrx_word' id='word_1_627' title='bbox 550 4575 653 4644; x_wconf 75' lang='lat' dir='ltr'><strong>Qus</strong></span> <span class='ocrx_word' id='word_1_628' title='bbox 694 4590 856 4631; x_wconf 72' lang='lat' dir='ltr'><strong>neutr</strong></span> <span class='ocrx_word' id='word_1_629' title='bbox 897 4592 1228 4633; x_wconf 72' lang='lat' dir='ltr'><strong>seusrtpsuu</strong></span> <span class='ocrx_word' id='word_1_630' title='bbox 1274 4593 1377 4635; x_wconf 71' lang='lat' dir='ltr'><strong>eno</strong></span> <span class='ocrx_word' id='word_1_631' title='bbox 1424 4593 1594 4634; x_wconf 75' lang='lat' dir='ltr'><strong>nonis.</strong></span> <span class='ocrx_word' id='word_1_632' title='bbox 1638 4579 1796 4634; x_wconf 84' lang='lat' dir='ltr'><strong>Jesus</strong></span> <span class='ocrx_word' id='word_1_633' title='bbox 1834 4579 1874 4634; x_wconf 88' lang='lat' dir='ltr'><strong>F</strong></span> <span class='ocrx_word' id='word_1_634' title='bbox 1882 4579 2003 4633; x_wconf 84' lang='lat' dir='ltr'><strong>ilius</strong></span> <span class='ocrx_word' id='word_1_635' title='bbox 2051 4580 2144 4635; x_wconf 91' lang='lat' dir='ltr'><strong>Dei</strong></span> 
     </span>
    </p>
   </div>
   <div class='ocr_carea' id='block_1_76' title="bbox 2260 3365 3795 3436">
    <p class='ocr_par' dir='ltr' id='par_1_76' title="bbox 2260 3365 3795 3436">
     <span class='ocr_line' id='line_1_76' title="bbox 2260 3365 3795 3436; baseline -0.004 -15"><span class='ocrx_word' id='word_1_636' title='bbox 2260 3365 2415 3421; x_wconf 88' lang='lat' dir='ltr'><strong>bouis</strong></span> <span class='ocrx_word' id='word_1_637' title='bbox 2465 3366 2721 3436; x_wconf 86' lang='lat' dir='ltr'><strong>operibus</strong></span> <span class='ocrx_word' id='word_1_638' title='bbox 2778 3380 3108 3423; x_wconf 88' lang='lat' dir='ltr'><strong>crescamus.</strong></span> <span class='ocrx_word' id='word_1_639' title='bbox 3164 3365 3222 3420; x_wconf 94' lang='lat' dir='ltr'><strong>ln</strong></span> <span class='ocrx_word' id='word_1_640' title='bbox 3274 3366 3387 3422; x_wconf 83' lang='lat' dir='ltr'><strong>illis</strong></span> <span class='ocrx_word' id='word_1_641' title='bbox 3435 3365 3669 3422; x_wconf 89' lang='lat' dir='ltr'><strong>videlicet</strong></span> <span class='ocrx_word' id='word_1_642' title='bbox 3709 3374 3795 3433; x_wconf 74' lang='lat' dir='ltr'><strong>qua</strong></span> 
     </span>
    </p>
   </div>
   <div class='ocr_carea' id='block_1_77' title="bbox 2256 3456 3793 3530">
    <p class='ocr_par' dir='ltr' id='par_1_77' title="bbox 2256 3456 3793 3530">
     <span class='ocr_line' id='line_1_77' title="bbox 2256 3456 3793 3530; baseline -0.005 -17"><span class='ocrx_word' id='word_1_643' title='bbox 2256 3460 2546 3527; x_wconf 83' lang='lat' dir='ltr'><strong>Apostolus</strong></span> <span class='ocrx_word' id='word_1_644' title='bbox 2585 3468 2867 3515; x_wconf 87' lang='lat' dir='ltr'><strong>enumerat</strong></span> <span class='ocrx_word' id='word_1_645' title='bbox 2914 3459 3100 3515; x_wconf 86' lang='lat' dir='ltr'><strong>dicens</strong></span> <span class='ocrx_word' id='word_1_646' title='bbox 3134 3475 3147 3513; x_wconf 92' lang='lat'><strong>:</strong></span> <span class='ocrx_word' id='word_1_647' title='bbox 3200 3456 3434 3514; x_wconf 85' lang='lat' dir='ltr'><strong>Fructus</strong></span> <span class='ocrx_word' id='word_1_648' title='bbox 3480 3458 3688 3530; x_wconf 78' lang='lat' dir='ltr'><strong>Spiritus</strong></span> <span class='ocrx_word' id='word_1_649' title='bbox 3726 3460 3793 3508; x_wconf 78' lang='lat' dir='ltr'><strong>est.</strong></span> 
     </span>
    </p>
   </div>
   <div class='ocr_carea' id='block_1_78' title="bbox 2262 3552 3795 3623">
    <p class='ocr_par' dir='ltr' id='par_1_78' title="bbox 2262 3552 3795 3623">
     <span class='ocr_line' id='line_1_78' title="bbox 2262 3552 3795 3623; baseline -0.002 -17"><span class='ocrx_word' id='word_1_650' title='bbox 2262 3552 2388 3606; x_wconf 75' lang='lat' dir='ltr'><strong>lltec</strong></span> <span class='ocrx_word' id='word_1_651' title='bbox 2424 3554 2636 3623; x_wconf 82' lang='lat' dir='ltr'><strong>loquere</strong></span> <span class='ocrx_word' id='word_1_652' title='bbox 2660 3564 2709 3609; x_wconf 92' lang='lat' dir='ltr'><strong>et</strong></span> <span class='ocrx_word' id='word_1_653' title='bbox 2738 3555 3032 3609; x_wconf 72' lang='lat' dir='ltr'><strong>exhortare.</strong></span> <span class='ocrx_word' id='word_1_654' title='bbox 3068 3554 3311 3623; x_wconf 83' lang='lat' dir='ltr'><strong>Loquere</strong></span> <span class='ocrx_word' id='word_1_655' title='bbox 3356 3555 3577 3623; x_wconf 84' lang='lat' dir='ltr'><strong>verbis,</strong></span> <span class='ocrx_word' id='word_1_656' title='bbox 3612 3553 3703 3607; x_wconf 78' lang='lat' dir='ltr'><strong>hoc</strong></span> <span class='ocrx_word' id='word_1_657' title='bbox 3737 3556 3795 3604; x_wconf 78' lang='lat' dir='ltr'><strong>est</strong></span> 
     </span>
    </p>
   </div>
   <div class='ocr_carea' id='block_1_79' title="bbox 2256 3644 3790 3717">
    <p class='ocr_par' dir='ltr' id='par_1_79' title="bbox 2256 3644 3790 3717">
     <span class='ocr_line' id='line_1_79' title="bbox 2256 3644 3790 3717; baseline -0.001 -19"><span class='ocrx_word' id='word_1_658' title='bbox 2256 3645 2487 3715; x_wconf 81' lang='lat' dir='ltr'><strong>praedica</strong></span> <span class='ocrx_word' id='word_1_659' title='bbox 2512 3662 2529 3711; x_wconf 88' lang='lat'><strong>;</strong></span> <span class='ocrx_word' id='word_1_660' title='bbox 2561 3646 2851 3702; x_wconf 80' lang='lat' dir='ltr'><strong>exltortare</strong></span> <span class='ocrx_word' id='word_1_661' title='bbox 2876 3646 3177 3716; x_wconf 62' lang='lat' dir='ltr'><strong>exemplis;</strong></span> <span class='ocrx_word' id='word_1_662' title='bbox 3207 3646 3349 3717; x_wconf 85' lang='lat' dir='ltr'><strong>quod</strong></span> <span class='ocrx_word' id='word_1_663' title='bbox 3376 3647 3548 3711; x_wconf 86' lang='lat' dir='ltr'><strong>dicis,</strong></span> <span class='ocrx_word' id='word_1_664' title='bbox 3570 3645 3644 3700; x_wconf 83' lang='lat' dir='ltr'><strong>lac</strong></span> <span class='ocrx_word' id='word_1_665' title='bbox 3666 3644 3790 3715; x_wconf 84' lang='lat' dir='ltr'><strong>prius.</strong></span> 
     </span>
    </p>
   </div>
   <div class='ocr_carea' id='block_1_80' title="bbox 2256 3740 3792 3811">
    <p class='ocr_par' dir='ltr' id='par_1_80' title="bbox 2256 3740 3792 3811">
     <span class='ocr_line' id='line_1_80' title="bbox 2256 3740 3792 3811; baseline -0.003 -16"><span class='ocrx_word' id='word_1_666' title='bbox 2256 3740 2405 3796; x_wconf 92' lang='lat' dir='ltr'><strong>Tunc</strong></span> <span class='ocrx_word' id='word_1_667' title='bbox 2437 3741 2581 3795; x_wconf 87' lang='lat' dir='ltr'><strong>enim</strong></span> <span class='ocrx_word' id='word_1_668' title='bbox 2611 3742 2714 3795; x_wconf 83' lang='lat' dir='ltr'><strong>erit</strong></span> <span class='ocrx_word' id='word_1_669' title='bbox 2744 3750 2866 3811; x_wconf 90' lang='lat' dir='ltr'><strong>apta</strong></span> <span class='ocrx_word' id='word_1_670' title='bbox 2900 3740 3099 3796; x_wconf 88' lang='lat' dir='ltr'><strong>locutio</strong></span> <span class='ocrx_word' id='word_1_671' title='bbox 3120 3782 3137 3809; x_wconf 88' lang='lat'><strong>,</strong></span> <span class='ocrx_word' id='word_1_672' title='bbox 3171 3742 3215 3796; x_wconf 91' lang='lat' dir='ltr'><strong>si</strong></span> <span class='ocrx_word' id='word_1_673' title='bbox 3248 3740 3399 3810; x_wconf 86' lang='lat' dir='ltr'><strong>quod</strong></span> <span class='ocrx_word' id='word_1_674' title='bbox 3442 3740 3681 3811; x_wconf 66' lang='lat' dir='ltr'><strong>prmdicat</strong></span> <span class='ocrx_word' id='word_1_675' title='bbox 3713 3748 3792 3789; x_wconf 82' lang='lat' dir='ltr'><strong>ma-</strong></span> 
     </span>
    </p>
   </div>
   <div class='ocr_carea' id='block_1_81' title="bbox 2252 3828 3790 3903">
    <p class='ocr_par' dir='ltr' id='par_1_81' title="bbox 2252 3828 3790 3903">
     <span class='ocr_line' id='line_1_81' title="bbox 2252 3828 3790 3903; baseline -0.003 -17"><span class='ocrx_word' id='word_1_676' title='bbox 2252 3833 2438 3902; x_wconf 89' lang='lat' dir='ltr'><strong>gister,</strong></span> <span class='ocrx_word' id='word_1_677' title='bbox 2472 3833 2622 3903; x_wconf 90' lang='lat' dir='ltr'><strong>prius</strong></span> <span class='ocrx_word' id='word_1_678' title='bbox 2654 3843 2907 3902; x_wconf 85' lang='lat' dir='ltr'><strong>operatus</strong></span> <span class='ocrx_word' id='word_1_679' title='bbox 2936 3832 3125 3902; x_wconf 88' lang='lat' dir='ltr'><strong>luerit,</strong></span> <span class='ocrx_word' id='word_1_680' title='bbox 3158 3833 3298 3889; x_wconf 80' lang='lat' dir='ltr'><strong>sicut</strong></span> <span class='ocrx_word' id='word_1_681' title='bbox 3324 3833 3396 3891; x_wconf 91' lang='lat' dir='ltr'><strong>de</strong></span> <span class='ocrx_word' id='word_1_682' title='bbox 3425 3833 3642 3889; x_wconf 89' lang='lat' dir='ltr'><strong>Domino</strong></span> <span class='ocrx_word' id='word_1_683' title='bbox 3665 3828 3790 3897; x_wconf 85' lang='lat' dir='ltr'><strong>scrip-</strong></span> 
     </span>
    </p>
   </div>
   <div class='ocr_carea' id='block_1_82' title="bbox 2255 3918 3788 3996">
    <p class='ocr_par' dir='ltr' id='par_1_82' title="bbox 2255 3918 3788 3996">
     <span class='ocr_line' id='line_1_82' title="bbox 2255 3918 3788 3996; baseline -0.005 -16"><span class='ocrx_word' id='word_1_684' title='bbox 2255 3936 2365 3980; x_wconf 90' lang='lat' dir='ltr'><strong>tum</strong></span> <span class='ocrx_word' id='word_1_685' title='bbox 2396 3936 2478 3982; x_wconf 83' lang='lat' dir='ltr'><strong>est</strong></span> <span class='ocrx_word' id='word_1_686' title='bbox 2503 3945 2513 3978; x_wconf 94' lang='lat'><strong>:</strong></span> <span class='ocrx_word' id='word_1_687' title='bbox 2550 3926 2683 3994; x_wconf 83' lang='lat' dir='ltr'><strong>Quia</strong></span> <span class='ocrx_word' id='word_1_688' title='bbox 2713 3928 2863 3996; x_wconf 65' lang='lat' dir='ltr'><strong>capit</strong></span> <span class='ocrx_word' id='word_1_689' title='bbox 2885 3925 3039 3981; x_wconf 85' lang='lat' dir='ltr'><strong>Jesus</strong></span> <span class='ocrx_word' id='word_1_690' title='bbox 3072 3930 3240 3996; x_wconf 78' lang='lat' dir='ltr'><strong>facere</strong></span> <span class='ocrx_word' id='word_1_691' title='bbox 3268 3935 3317 3979; x_wconf 91' lang='lat' dir='ltr'><strong>et</strong></span> <span class='ocrx_word' id='word_1_692' title='bbox 3344 3926 3551 3980; x_wconf 84' lang='lat' dir='ltr'><strong>docere.</strong></span> <span class='ocrx_word' id='word_1_693' title='bbox 3579 3922 3670 3980; x_wconf 87' lang='lat' dir='ltr'><strong>Sed</strong></span> <span class='ocrx_word' id='word_1_694' title='bbox 3692 3918 3788 3977; x_wconf 83' lang='lat' dir='ltr'><strong>edi-</strong></span> 
     </span>
    </p>
   </div>
   <div class='ocr_carea' id='block_1_83' title="bbox 2252 4014 3786 4089">
    <p class='ocr_par' dir='ltr' id='par_1_83' title="bbox 2252 4014 3786 4089">
     <span class='ocr_line' id='line_1_83' title="bbox 2252 4014 3786 4089; baseline -0.001 -16"><span class='ocrx_word' id='word_1_695' title='bbox 2252 4034 2410 4073; x_wconf 87' lang='lat' dir='ltr'><strong>vcrso</strong></span> <span class='ocrx_word' id='word_1_696' title='bbox 2440 4018 2678 4074; x_wconf 91' lang='lat' dir='ltr'><strong>nonnulli</strong></span> <span class='ocrx_word' id='word_1_697' title='bbox 2710 4019 2915 4089; x_wconf 80' lang='lat' dir='ltr'><strong>majora</strong></span> <span class='ocrx_word' id='word_1_698' title='bbox 2940 4018 3147 4084; x_wconf 84' lang='lat' dir='ltr'><strong>dicunt,</strong></span> <span class='ocrx_word' id='word_1_699' title='bbox 3177 4020 3392 4073; x_wconf 88' lang='lat' dir='ltr'><strong>minora</strong></span> <span class='ocrx_word' id='word_1_700' title='bbox 3427 4019 3597 4074; x_wconf 82' lang='lat' dir='ltr'><strong>facere</strong></span> <span class='ocrx_word' id='word_1_701' title='bbox 3627 4014 3786 4072; x_wconf 76' lang='lat' dir='ltr'><strong>nolunt.</strong></span> 
     </span>
    </p>
   </div>
   <div class='ocr_carea' id='block_1_84' title="bbox 2248 4109 3785 4179">
    <p class='ocr_par' dir='ltr' id='par_1_84' title="bbox 2248 4109 3785 4179">
     <span class='ocr_line' id='line_1_84' title="bbox 2248 4109 3785 4179; baseline -0.005 -15"><span class='ocrx_word' id='word_1_702' title='bbox 2248 4111 2387 4165; x_wconf 79' lang='lat' dir='ltr'><strong>sicut</strong></span> <span class='ocrx_word' id='word_1_703' title='bbox 2416 4110 2620 4165; x_wconf 67' lang='lat' dir='ltr'><strong>Scriba:</strong></span> <span class='ocrx_word' id='word_1_704' title='bbox 2653 4120 2705 4165; x_wconf 92' lang='lat' dir='ltr'><strong>et</strong></span> <span class='ocrx_word' id='word_1_705' title='bbox 2736 4109 3032 4174; x_wconf 76' lang='lat' dir='ltr'><strong>Pharisaei,</strong></span> <span class='ocrx_word' id='word_1_706' title='bbox 3074 4109 3143 4166; x_wconf 91' lang='lat' dir='ltr'><strong>de</strong></span> <span class='ocrx_word' id='word_1_707' title='bbox 3185 4109 3379 4179; x_wconf 81' lang='lat' dir='ltr'><strong>quibus</strong></span> <span class='ocrx_word' id='word_1_708' title='bbox 3418 4110 3662 4179; x_wconf 85' lang='lat' dir='ltr'><strong>scriptum</strong></span> <span class='ocrx_word' id='word_1_709' title='bbox 3697 4112 3785 4159; x_wconf 85' lang='lat' dir='ltr'><strong>est:</strong></span> 
     </span>
    </p>
   </div>
   <div class='ocr_carea' id='block_1_85' title="bbox 2250 4199 3784 4275">
    <p class='ocr_par' dir='ltr' id='par_1_85' title="bbox 2250 4199 3784 4275">
     <span class='ocr_line' id='line_1_85' title="bbox 2250 4199 3784 4275; baseline -0.007 -18"><span class='ocrx_word' id='word_1_710' title='bbox 2250 4204 2353 4257; x_wconf 77' lang='lat' dir='ltr'><strong>Alli</strong></span> <span class='ocrx_word' id='word_1_711' title='bbox 2358 4213 2477 4273; x_wconf 70' lang='lat' dir='ltr'><strong>gant</strong></span> <span class='ocrx_word' id='word_1_712' title='bbox 2496 4219 2652 4257; x_wconf 86' lang='lat' dir='ltr'><strong>onera</strong></span> <span class='ocrx_word' id='word_1_713' title='bbox 2664 4204 2843 4275; x_wconf 80' lang='lat' dir='ltr'><strong>gravia</strong></span> <span class='ocrx_word' id='word_1_714' title='bbox 2866 4212 2912 4256; x_wconf 92' lang='lat' dir='ltr'><strong>et</strong></span> <span class='ocrx_word' id='word_1_715' title='bbox 2928 4203 3193 4273; x_wconf 82' lang='lat' dir='ltr'><strong>imponunt</strong></span> <span class='ocrx_word' id='word_1_716' title='bbox 3216 4202 3269 4255; x_wconf 88' lang='lat' dir='ltr'><strong>in</strong></span> <span class='ocrx_word' id='word_1_717' title='bbox 3292 4202 3532 4256; x_wconf 80' lang='lat' dir='ltr'><strong>humeros</strong></span> <span class='ocrx_word' id='word_1_718' title='bbox 3553 4199 3784 4259; x_wconf 81' lang='lat' dir='ltr'><strong>hominum,</strong></span> 
     </span>
    </p>
   </div>
   <div class='ocr_carea' id='block_1_86' title="bbox 2250 4287 3787 4370">
    <p class='ocr_par' dir='ltr' id='par_1_86' title="bbox 2250 4287 3787 4370">
     <span class='ocr_line' id='line_1_86' title="bbox 2250 4287 3787 4370; baseline -0.007 -21"><span class='ocrx_word' id='word_1_719' title='bbox 2250 4297 2410 4370; x_wconf 79' lang='lat' dir='ltr'><strong>digito</strong></span> <span class='ocrx_word' id='word_1_720' title='bbox 2440 4305 2610 4349; x_wconf 84' lang='lat' dir='ltr'><strong>autem</strong></span> <span class='ocrx_word' id='word_1_721' title='bbox 2637 4312 2731 4351; x_wconf 88' lang='lat' dir='ltr'><strong>suo</strong></span> <span class='ocrx_word' id='word_1_722' title='bbox 2758 4296 2933 4349; x_wconf 86' lang='lat' dir='ltr'><strong>volunt</strong></span> <span class='ocrx_word' id='word_1_723' title='bbox 2966 4293 3076 4367; x_wconf 74' lang='lat' dir='ltr'><strong>[Ita</strong></span> <span class='ocrx_word' id='word_1_724' title='bbox 3104 4291 3259 4366; x_wconf 55' lang='grc' dir='ltr'><strong>ϐοὰ]</strong></span> <span class='ocrx_word' id='word_1_725' title='bbox 3287 4310 3346 4348; x_wconf 76' lang='lat' dir='ltr'><strong>ea</strong></span> <span class='ocrx_word' id='word_1_726' title='bbox 3368 4310 3590 4350; x_wconf 83' lang='lat' dir='ltr'><strong>movere.</strong></span> <span class='ocrx_word' id='word_1_727' title='bbox 3618 4291 3674 4347; x_wconf 80' lang='lat' dir='ltr'><strong>Et</strong></span> <span class='ocrx_word' id='word_1_728' title='bbox 3697 4287 3787 4358; x_wconf 71' lang='lat' dir='ltr'><strong>quia</strong></span> 
     </span>
    </p>
   </div>
   <div class='ocr_carea' id='block_1_87' title="bbox 2251 4379 3787 4458">
    <p class='ocr_par' dir='ltr' id='par_1_87' title="bbox 2251 4379 3787 4458">
     <span class='ocr_line' id='line_1_87' title="bbox 2251 4379 3787 4458; baseline -0.008 -15"><span class='ocrx_word' id='word_1_729' title='bbox 2251 4399 2479 4445; x_wconf 88' lang='lat' dir='ltr'><strong>noverat</strong></span> <span class='ocrx_word' id='word_1_730' title='bbox 2509 4390 2695 4445; x_wconf 83' lang='lat' dir='ltr'><strong>beatus</strong></span> <span class='ocrx_word' id='word_1_731' title='bbox 2726 4388 2924 4444; x_wconf 91' lang='lat' dir='ltr'><strong>Paulus</strong></span> <span class='ocrx_word' id='word_1_732' title='bbox 2951 4388 3229 4458; x_wconf 80' lang='lat' dir='ltr'><strong>apestolus</strong></span> <span class='ocrx_word' id='word_1_733' title='bbox 3260 4387 3563 4457; x_wconf 87' lang='lat' dir='ltr'><strong>scriptum:</strong></span> <span class='ocrx_word' id='word_1_734' title='bbox 3605 4383 3691 4450; x_wconf 87' lang='lat' dir='ltr'><strong>Qui</strong></span> <span class='ocrx_word' id='word_1_735' title='bbox 3712 4379 3787 4434; x_wconf 85' lang='lat' dir='ltr'><strong>sol-</strong></span> 
     </span>
    </p>
   </div>
   <div class='ocr_carea' id='block_1_88' title="bbox 2249 4469 3786 4537">
    <p class='ocr_par' dir='ltr' id='par_1_88' title="bbox 2249 4469 3786 4537">
     <span class='ocr_line' id='line_1_88' title="bbox 2249 4469 3786 4537; baseline -0.003 -1"><span class='ocrx_word' id='word_1_736' title='bbox 2249 4484 2370 4536; x_wconf 79' lang='lat' dir='ltr'><strong>uerit</strong></span> <span class='ocrx_word' id='word_1_737' title='bbox 2420 4499 2574 4536; x_wconf 88' lang='lat' dir='ltr'><strong>unum</strong></span> <span class='ocrx_word' id='word_1_738' title='bbox 2615 4482 2677 4536; x_wconf 90' lang='lat' dir='ltr'><strong>de</strong></span> <span class='ocrx_word' id='word_1_739' title='bbox 2718 4482 2973 4536; x_wconf 86' lang='lat' dir='ltr'><strong>mandatis</strong></span> <span class='ocrx_word' id='word_1_740' title='bbox 3012 4482 3122 4537; x_wconf 89' lang='lat' dir='ltr'><strong>istis</strong></span> <span class='ocrx_word' id='word_1_741' title='bbox 3162 4481 3385 4534; x_wconf 83' lang='lat' dir='ltr'><strong>minimis</strong></span> <span class='ocrx_word' id='word_1_742' title='bbox 3424 4490 3473 4535; x_wconf 90' lang='lat' dir='ltr'><strong>et</strong></span> <span class='ocrx_word' id='word_1_743' title='bbox 3498 4474 3703 4533; x_wconf 73' lang='lat' dir='ltr'><strong>docuerit</strong></span> <span class='ocrx_word' id='word_1_744' title='bbox 3736 4469 3786 4526; x_wconf 65' lang='grc' dir='ltr'><strong>εει</strong></span> 
     </span>
    </p>
   </div>
   <div class='ocr_carea' id='block_1_89' title="bbox 2249 4570 3785 4650">
    <p class='ocr_par' dir='ltr' id='par_1_89' title="bbox 2249 4570 3785 4650">
     <span class='ocr_line' id='line_1_89' title="bbox 2249 4570 3785 4650; baseline -0.002 -21"><span class='ocrx_word' id='word_1_745' title='bbox 2249 4578 2511 4645; x_wconf 80' lang='lat' dir='ltr'><strong>homines,</strong></span> <span class='ocrx_word' id='word_1_746' title='bbox 2540 4578 2782 4632; x_wconf 88' lang='lat' dir='ltr'><strong>minimus</strong></span> <span class='ocrx_word' id='word_1_747' title='bbox 2810 4577 3072 4632; x_wconf 85' lang='lat' dir='ltr'><strong>vocabitur</strong></span> <span class='ocrx_word' id='word_1_748' title='bbox 3104 4578 3158 4632; x_wconf 88' lang='lat' dir='ltr'><strong>in</strong></span> <span class='ocrx_word' id='word_1_749' title='bbox 3198 4594 3355 4650; x_wconf 82' lang='lat' dir='ltr'><strong>regno</strong></span> <span class='ocrx_word' id='word_1_750' title='bbox 3395 4579 3663 4639; x_wconf 67' lang='lat' dir='ltr'><strong>calorum;</strong></span> <span class='ocrx_word' id='word_1_751' title='bbox 3696 4570 3785 4626; x_wconf 79' lang='lat' dir='ltr'><strong>ideo</strong></span> 
     </span>
    </p>
   </div>
   <div class='ocr_carea' id='block_1_90' title="bbox 544 4666 3785 4747">
    <p class='ocr_par' dir='ltr' id='par_1_90' title="bbox 544 4666 3785 4747">
     <span class='ocr_line' id='line_1_90' title="bbox 544 4666 3785 4747; baseline 0.001 -26"><span class='ocrx_word' id='word_1_752' title='bbox 544 4666 701 4722; x_wconf 84' lang='lat' dir='ltr'><strong>dedit</strong></span> <span class='ocrx_word' id='word_1_753' title='bbox 726 4669 1077 4739; x_wconf 73' lang='lat' dir='ltr'><strong>semetipsum</strong></span> <span class='ocrx_word' id='word_1_754' title='bbox 1110 4684 1207 4739; x_wconf 91' lang='lat' dir='ltr'><strong>pro</strong></span> <span class='ocrx_word' id='word_1_755' title='bbox 1238 4668 1429 4740; x_wconf 89' lang='lat' dir='ltr'><strong>nobis,</strong></span> <span class='ocrx_word' id='word_1_756' title='bbox 1459 4670 1583 4739; x_wconf 83' lang='lat' dir='ltr'><strong>quia</strong></span> <span class='ocrx_word' id='word_1_757' title='bbox 1619 4685 1714 4739; x_wconf 88' lang='lat' dir='ltr'><strong>pro</strong></span> <span class='ocrx_word' id='word_1_758' title='bbox 1756 4670 1929 4725; x_wconf 74' lang='lat' dir='ltr'><strong>Salute</strong></span> <span class='ocrx_word' id='word_1_759' title='bbox 1972 4670 2136 4725; x_wconf 92' lang='lat' dir='ltr'><strong>totius</strong></span> <span class='ocrx_word' id='word_1_760' title='bbox 2168 4685 2221 4747; x_wconf 75' lang='grc' dir='ltr'><strong>υ</strong></span> <span class='ocrx_word' id='word_1_761' title='bbox 2244 4671 2519 4725; x_wconf 78' lang='lat' dir='ltr'><strong>exhortari</strong></span> <span class='ocrx_word' id='word_1_762' title='bbox 2554 4672 2763 4727; x_wconf 87' lang='lat' dir='ltr'><strong>curavit</strong></span> <span class='ocrx_word' id='word_1_763' title='bbox 2792 4670 3154 4741; x_wconf 88' lang='lat' dir='ltr'><strong>discipulum,</strong></span> <span class='ocrx_word' id='word_1_764' title='bbox 3198 4679 3254 4727; x_wconf 93' lang='lat' dir='ltr'><strong>ut</strong></span> <span class='ocrx_word' id='word_1_765' title='bbox 3294 4686 3416 4741; x_wconf 66' lang='lat' dir='ltr'><strong>qua</strong></span> <span class='ocrx_word' id='word_1_766' title='bbox 3455 4669 3668 4726; x_wconf 85' lang='lat' dir='ltr'><strong>docebat</strong></span> <span class='ocrx_word' id='word_1_767' title='bbox 3699 4676 3785 4718; x_wconf 74' lang='lat' dir='ltr'><strong>Ver-</strong></span> 
     </span>
    </p>
   </div>
   <div class='ocr_carea' id='block_1_91' title="bbox 540 4760 2130 4833">
    <p class='ocr_par' dir='ltr' id='par_1_91' title="bbox 540 4760 2130 4833">
     <span class='ocr_line' id='line_1_91' title="bbox 540 4760 2130 4833; baseline 0.001 -18"><span class='ocrx_word' id='word_1_768' title='bbox 540 4760 765 4830; x_wconf 69' lang='lat' dir='ltr'><strong>generis</strong></span> <span class='ocrx_word' id='word_1_769' title='bbox 792 4760 1013 4816; x_wconf 80' lang='lat' dir='ltr'><strong>humani</strong></span> <span class='ocrx_word' id='word_1_770' title='bbox 1040 4776 1103 4817; x_wconf 85' lang='lat' dir='ltr'><strong>se</strong></span> <span class='ocrx_word' id='word_1_771' title='bbox 1128 4762 1397 4819; x_wconf 85' lang='lat' dir='ltr'><strong>immolari</strong></span> <span class='ocrx_word' id='word_1_772' title='bbox 1427 4764 1672 4833; x_wconf 89' lang='lat' dir='ltr'><strong>permisit</strong></span> <span class='ocrx_word' id='word_1_773' title='bbox 1706 4761 1759 4817; x_wconf 93' lang='lat' dir='ltr'><strong>in</strong></span> <span class='ocrx_word' id='word_1_774' title='bbox 1802 4778 1896 4817; x_wconf 87' lang='lat' dir='ltr'><strong>ara</strong></span> <span class='ocrx_word' id='word_1_775' title='bbox 1934 4763 2130 4819; x_wconf 87' lang='lat' dir='ltr'><strong>crucis.</strong></span> 
     </span>
    </p>
   </div>
   <div class='ocr_carea' id='block_1_92' title="bbox 2242 4762 3123 4834">
    <p class='ocr_par' dir='ltr' id='par_1_92' title="bbox 2242 4762 3123 4834">
     <span class='ocr_line' id='line_1_92' title="bbox 2242 4762 3123 4834; baseline 0 -17"><span class='ocrx_word' id='word_1_776' title='bbox 2242 4763 2359 4830; x_wconf 85' lang='lat' dir='ltr'><strong>bis,</strong></span> <span class='ocrx_word' id='word_1_777' title='bbox 2389 4762 2642 4834; x_wconf 80' lang='lat' dir='ltr'><strong>operibus</strong></span> <span class='ocrx_word' id='word_1_778' title='bbox 2674 4762 2924 4833; x_wconf 87' lang='lat' dir='ltr'><strong>impleret</strong></span> <span class='ocrx_word' id='word_1_779' title='bbox 2954 4765 3123 4834; x_wconf 88' lang='lat' dir='ltr'><strong>prius.</strong></span> 
     </span>
    </p>
   </div>
   <div class='ocr_carea' id='block_1_93' title="bbox 546 4887 3781 4936">
    <p class='ocr_par' dir='ltr' id='par_1_93' title="bbox 546 4887 3781 4936">
     <span class='ocr_line' id='line_1_93' title="bbox 546 4887 3781 4936; baseline 0 -6"><span class='ocrx_word' id='word_1_780' title='bbox 546 4887 3781 4936; x_wconf 48' lang='lat' dir='ltr'><strong>War-Iw</strong></span> 
     </span>
    </p>
   </div>
   <div class='ocr_carea' id='block_1_94' title="bbox 1913 5022 2398 5172">
    <p class='ocr_par' dir='ltr' id='par_1_94' title="bbox 1913 5022 2398 5172">
     <span class='ocr_line' id='line_1_94' title="bbox 1913 5022 2398 5172; baseline -0.019 -4"><span class='ocrx_word' id='word_1_781' title='bbox 1913 5022 2398 5172; x_wconf 84' lang='lat' dir='ltr'><strong>XVII.</strong></span> 
     </span>
    </p>
   </div>
   <div class='ocr_carea' id='block_1_95' title="bbox 538 5215 3776 5314">
    <p class='ocr_par' dir='ltr' id='par_1_95' title="bbox 538 5215 3776 5314">
     <span class='ocr_line' id='line_1_95' title="bbox 538 5215 3776 5314; baseline -0.001 -27"><span class='ocrx_word' id='word_1_782' title='bbox 538 5220 768 5288; x_wconf 78' lang='lat' dir='ltr'><strong>Lectio</strong></span> <span class='ocrx_word' id='word_1_783' title='bbox 809 5223 1111 5305; x_wconf 66' lang='lat' dir='ltr'><strong>Epistolm</strong></span> <span class='ocrx_word' id='word_1_784' title='bbox 1150 5223 1322 5314; x_wconf 65' lang='lat' dir='ltr'><strong>beati</strong></span> <span class='ocrx_word' id='word_1_785' title='bbox 1370 5226 1553 5314; x_wconf 61' lang='lat' dir='ltr'><strong>Pauli</strong></span> <span class='ocrx_word' id='word_1_786' title='bbox 1584 5228 1866 5314; x_wconf 58' lang='lat' dir='ltr'><strong>apostoli</strong></span> <span class='ocrx_word' id='word_1_787' title='bbox 1900 5231 1980 5292; x_wconf 85' lang='lat' dir='ltr'><strong>ad</strong></span> <span class='ocrx_word' id='word_1_788' title='bbox 2031 5229 2334 5314; x_wconf 75' lang='lat' dir='ltr'><strong>Hebrteos</strong></span> <span class='ocrx_word' id='word_1_789' title='bbox 2388 5227 2470 5309; x_wconf 90' lang='lat' dir='ltr'><strong>(t,</strong></span> <span class='ocrx_word' id='word_1_790' title='bbox 2502 5227 2607 5314; x_wconf 76' lang='lat'><strong>1)_:</strong></span> <span class='ocrx_word' id='word_1_791' title='bbox 2646 5226 3009 5314; x_wconf 66' lang='lat' dir='ltr'><strong>Multi/aris</strong></span> <span class='ocrx_word' id='word_1_792' title='bbox 3060 5224 3398 5308; x_wconf 79' lang='lat' dir='ltr'><strong>multisque</strong></span> <span class='ocrx_word' id='word_1_793' title='bbox 3439 5218 3624 5287; x_wconf 67' lang='lat' dir='ltr'><strong>modis</strong></span> <span class='ocrx_word' id='word_1_794' title='bbox 3664 5215 3776 5278; x_wconf 66' lang='lat' dir='ltr'><strong>alii&quot;</strong></span> 
     </span>
    </p>
   </div>
   <div class='ocr_carea' id='block_1_96' title="bbox 1482 5307 2894 5390">
    <p class='ocr_par' dir='ltr' id='par_1_96' title="bbox 1482 5307 2894 5390">
     <span class='ocr_line' id='line_1_96' title="bbox 1482 5307 2894 5390; baseline 0.003 -22"><span class='ocrx_word' id='word_1_795' title='bbox 1482 5307 1653 5369; x_wconf 80' lang='lat' dir='ltr'><strong>Deus</strong></span> <span class='ocrx_word' id='word_1_796' title='bbox 1682 5307 1939 5390; x_wconf 80' lang='lat' dir='ltr'><strong>loquens</strong></span> <span class='ocrx_word' id='word_1_797' title='bbox 1964 5308 2257 5389; x_wconf 87' lang='lat' dir='ltr'><strong>patribus</strong></span> <span class='ocrx_word' id='word_1_798' title='bbox 2291 5312 2357 5369; x_wconf 82' lang='lat' dir='ltr'><strong>in</strong></span> <span class='ocrx_word' id='word_1_799' title='bbox 2388 5307 2737 5387; x_wconf 82' lang='lat' dir='ltr'><strong>prophetis,</strong></span> <span class='ocrx_word' id='word_1_800' title='bbox 2770 5313 2894 5372; x_wconf 92' lang='lat' dir='ltr'><strong>etc.</strong></span> 
     </span>
    </p>
   </div>
   <div class='ocr_carea' id='block_1_97' title="bbox 1707 5431 2621 5493">
    <p class='ocr_par' dir='ltr' id='par_1_97' title="bbox 1707 5431 2621 5493">
     <span class='ocr_line' id='line_1_97' title="bbox 1707 5431 2621 5493; baseline 0 -4"><span class='ocrx_word' id='word_1_801' title='bbox 1707 5431 2138 5492; x_wconf 73' lang='lat' dir='ltr'><strong>COMMENTUM</strong></span> <span class='ocrx_word' id='word_1_802' title='bbox 2180 5434 2621 5493; x_wconf 83' lang='lat' dir='ltr'><strong>LUCULENTII.</strong></span> 
     </span>
    </p>
   </div>
   <div class='ocr_carea' id='block_1_98' title="bbox 618 5532 2135 5617">
    <p class='ocr_par' dir='ltr' id='par_1_98' title="bbox 618 5532 2135 5617">
     <span class='ocr_line' id='line_1_98' title="bbox 618 5532 2135 5617; baseline 0.007 -24"><span class='ocrx_word' id='word_1_803' title='bbox 618 5532 836 5593; x_wconf 58' lang='lat' dir='ltr'><strong>ﬂabat</strong></span> <span class='ocrx_word' id='word_1_804' title='bbox 860 5536 931 5593; x_wconf 69' lang='lat' dir='ltr'><strong>ab</strong></span> <span class='ocrx_word' id='word_1_805' title='bbox 951 5537 1134 5597; x_wconf 67' lang='lat' dir='ltr'><strong>Rebar</strong></span> <span class='ocrx_word' id='word_1_806' title='bbox 1155 5550 1502 5613; x_wconf 63' lang='lat' dir='ltr'><strong>sculpserunt</strong></span> <span class='ocrx_word' id='word_1_807' title='bbox 1523 5556 1720 5601; x_wconf 87' lang='lat' dir='ltr'><strong>nomen</strong></span> <span class='ocrx_word' id='word_1_808' title='bbox 1736 5586 1751 5611; x_wconf 91' lang='lat'><strong>,</strong></span> <span class='ocrx_word' id='word_1_809' title='bbox 1774 5546 1867 5615; x_wconf 84' lang='lat' dir='ltr'><strong>qui</strong></span> <span class='ocrx_word' id='word_1_810' title='bbox 1896 5544 1993 5602; x_wconf 78' lang='lat' dir='ltr'><strong>fuit</strong></span> <span class='ocrx_word' id='word_1_811' title='bbox 2012 5560 2135 5617; x_wconf 85' lang='lat' dir='ltr'><strong>sep-</strong></span> 
     </span>
    </p>
   </div>
   <div class='ocr_carea' id='block_1_99' title="bbox 546 5628 2134 5707">
    <p class='ocr_par' dir='ltr' id='par_1_99' title="bbox 546 5628 2134 5707">
     <span class='ocr_line' id='line_1_99' title="bbox 546 5628 2134 5707; baseline 0.007 -23"><span class='ocrx_word' id='word_1_812' title='bbox 546 5628 718 5685; x_wconf 77' lang='lat' dir='ltr'><strong>timus</strong></span> <span class='ocrx_word' id='word_1_813' title='bbox 759 5632 827 5687; x_wconf 82' lang='lat' dir='ltr'><strong>ab</strong></span> <span class='ocrx_word' id='word_1_814' title='bbox 871 5630 1061 5687; x_wconf 83' lang='lat' dir='ltr'><strong>Adam.</strong></span> <span class='ocrx_word' id='word_1_815' title='bbox 1101 5632 1363 5691; x_wconf 65' lang='lat' dir='ltr'><strong>Hebrus</strong></span> <span class='ocrx_word' id='word_1_816' title='bbox 1407 5636 1790 5706; x_wconf 77' lang='lat' dir='ltr'><strong>interpretatur</strong></span> <span class='ocrx_word' id='word_1_817' title='bbox 1834 5638 2134 5707; x_wconf 85' lang='lat' dir='ltr'><strong>transiens,</strong></span> 
     </span>
    </p>
   </div>
   <div class='ocr_carea' id='block_1_100' title="bbox 544 5723 2132 5804">
    <p class='ocr_par' dir='ltr' id='par_1_100' title="bbox 544 5723 2132 5804">
     <span class='ocr_line' id='line_1_100' title="bbox 544 5723 2132 5804; baseline 0.004 -23"><span class='ocrx_word' id='word_1_818' title='bbox 544 5723 762 5782; x_wconf 68' lang='lat' dir='ltr'><strong>Hebraei</strong></span> <span class='ocrx_word' id='word_1_819' title='bbox 810 5734 1156 5787; x_wconf 79' lang='lat' dir='ltr'><strong>transedntes</strong></span> <span class='ocrx_word' id='word_1_820' title='bbox 1179 5775 1193 5798; x_wconf 93' lang='lat'><strong>,</strong></span> <span class='ocrx_word' id='word_1_821' title='bbox 1244 5747 1406 5804; x_wconf 85' lang='lat' dir='ltr'><strong>quam</strong></span> <span class='ocrx_word' id='word_1_822' title='bbox 1458 5741 1673 5803; x_wconf 86' lang='lat' dir='ltr'><strong>gentem</strong></span> <span class='ocrx_word' id='word_1_823' title='bbox 1722 5732 1863 5790; x_wconf 87' lang='lat' dir='ltr'><strong>Deos</strong></span> <span class='ocrx_word' id='word_1_824' title='bbox 1908 5734 2132 5789; x_wconf 89' lang='lat' dir='ltr'><strong>multum</strong></span> 
     </span>
    </p>
   </div>
   <div class='ocr_carea' id='block_1_101' title="bbox 546 5816 2133 5899">
    <p class='ocr_par' dir='ltr' id='par_1_101' title="bbox 546 5816 2133 5899">
     <span class='ocr_line' id='line_1_101' title="bbox 546 5816 2133 5899; baseline 0.006 -28"><span class='ocrx_word' id='word_1_825' title='bbox 546 5816 769 5885; x_wconf 84' lang='lat' dir='ltr'><strong>dilexit,</strong></span> <span class='ocrx_word' id='word_1_826' title='bbox 822 5818 879 5877; x_wconf 84' lang='lat' dir='ltr'><strong>in</strong></span> <span class='ocrx_word' id='word_1_827' title='bbox 936 5826 1139 5877; x_wconf 79' lang='lat' dir='ltr'><strong>tantum</strong></span> <span class='ocrx_word' id='word_1_828' title='bbox 1192 5833 1252 5877; x_wconf 93' lang='lat' dir='ltr'><strong>ut</strong></span> <span class='ocrx_word' id='word_1_829' title='bbox 1304 5822 1485 5879; x_wconf 88' lang='lat' dir='ltr'><strong>dicat:</strong></span> <span class='ocrx_word' id='word_1_830' title='bbox 1540 5824 1712 5881; x_wconf 73' lang='lat' dir='ltr'><strong>Israel</strong></span> <span class='ocrx_word' id='word_1_831' title='bbox 1764 5825 2133 5899; x_wconf 81' lang='lat' dir='ltr'><strong>primogenitus</strong></span> 
     </span>
    </p>
   </div>
   <div class='ocr_carea' id='block_1_102' title="bbox 545 5911 2135 6003">
    <p class='ocr_par' dir='ltr' id='par_1_102' title="bbox 545 5911 2135 6003">
     <span class='ocr_line' id='line_1_102' title="bbox 545 5911 2135 6003; baseline 0.007 -38"><span class='ocrx_word' id='word_1_832' title='bbox 545 5921 735 5973; x_wconf 78' lang='lat' dir='ltr'><strong>meus:</strong></span> <span class='ocrx_word' id='word_1_833' title='bbox 778 5915 828 5967; x_wconf 77' lang='lat' dir='ltr'><strong>et</strong></span> <span class='ocrx_word' id='word_1_834' title='bbox 870 5911 1284 6003; x_wconf 27' lang='lat' dir='ltr'><strong>sanctusﬁisrael</strong></span> <span class='ocrx_word' id='word_1_835' title='bbox 1333 5914 1582 5986; x_wconf 82' lang='lat' dir='ltr'><strong>Domino,</strong></span> <span class='ocrx_word' id='word_1_836' title='bbox 1630 5918 1880 5989; x_wconf 74' lang='lat' dir='ltr'><strong>primitiae</strong></span> <span class='ocrx_word' id='word_1_837' title='bbox 1928 5920 2135 5992; x_wconf 74' lang='lat' dir='ltr'><strong>{rugam</strong></span> 
     </span>
    </p>
   </div>
   <div class='ocr_carea' id='block_1_103' title="bbox 2252 5532 3769 5619">
    <p class='ocr_par' dir='ltr' id='par_1_103' title="bbox 2252 5532 3769 5619">
     <span class='ocr_line' id='line_1_103' title="bbox 2252 5532 3769 5619; baseline 0.003 -18"><span class='ocrx_word' id='word_1_838' title='bbox 2252 5550 2375 5619; x_wconf 84' lang='lat' dir='ltr'><strong>ejus.</strong></span> <span class='ocrx_word' id='word_1_839' title='bbox 2440 5546 2689 5618; x_wconf 84' lang='lat' dir='ltr'><strong>Legimus</strong></span> <span class='ocrx_word' id='word_1_840' title='bbox 2736 5546 2793 5602; x_wconf 86' lang='lat' dir='ltr'><strong>in</strong></span> <span class='ocrx_word' id='word_1_841' title='bbox 2842 5544 2982 5602; x_wconf 85' lang='lat' dir='ltr'><strong>libro</strong></span> <span class='ocrx_word' id='word_1_842' title='bbox 3022 5544 3301 5603; x_wconf 62' lang='lat' dir='ltr'><strong>Genusus</strong></span> <span class='ocrx_word' id='word_1_843' title='bbox 3340 5536 3483 5618; x_wconf 80' lang='lat' dir='ltr'><strong>quod</strong></span> <span class='ocrx_word' id='word_1_844' title='bbox 3517 5532 3769 5608; x_wconf 59' lang='lat' dir='ltr'><strong>suntm“</strong></span> 
     </span>
    </p>
   </div>
   <div class='ocr_carea' id='block_1_104' title="bbox 2244 5632 3770 5710">
    <p class='ocr_par' dir='ltr' id='par_1_104' title="bbox 2244 5632 3770 5710">
     <span class='ocr_line' id='line_1_104' title="bbox 2244 5632 3770 5710; baseline 0.001 -17"><span class='ocrx_word' id='word_1_845' title='bbox 2244 5638 2338 5694; x_wconf 80' lang='lat' dir='ltr'><strong>lilii</strong></span> <span class='ocrx_word' id='word_1_846' title='bbox 2370 5638 2496 5696; x_wconf 59' lang='lat' dir='ltr'><strong>Non</strong></span> <span class='ocrx_word' id='word_1_847' title='bbox 2538 5646 2657 5709; x_wconf 88' lang='lat' dir='ltr'><strong>post</strong></span> <span class='ocrx_word' id='word_1_848' title='bbox 2701 5650 2867 5710; x_wconf 81' lang='lat' dir='ltr'><strong>aquas</strong></span> <span class='ocrx_word' id='word_1_849' title='bbox 2906 5638 3091 5694; x_wconf 73' lang='lat' dir='ltr'><strong>diluvii</strong></span> <span class='ocrx_word' id='word_1_850' title='bbox 3128 5638 3186 5693; x_wconf 80' lang='lat' dir='ltr'><strong>in</strong></span> <span class='ocrx_word' id='word_1_851' title='bbox 3225 5645 3371 5694; x_wconf 77' lang='lat' dir='ltr'><strong>tem</strong></span> <span class='ocrx_word' id='word_1_852' title='bbox 3408 5637 3597 5695; x_wconf 60' lang='lat' dir='ltr'><strong>Sensit</strong></span> <span class='ocrx_word' id='word_1_853' title='bbox 3630 5632 3770 5695; x_wconf 63' lang='grc' dir='ltr'><strong>(σωρε-</strong></span> 
     </span>
    </p>
   </div>
   <div class='ocr_carea' id='block_1_105' title="bbox 2245 5724 3767 5802">
    <p class='ocr_par' dir='ltr' id='par_1_105' title="bbox 2245 5724 3767 5802">
     <span class='ocr_line' id='line_1_105' title="bbox 2245 5724 3767 5802; baseline -0.002 -17"><span class='ocrx_word' id='word_1_854' title='bbox 2245 5740 2367 5786; x_wconf 70' lang='grc' dir='ltr'><strong>τιιτιῑ</strong></span> <span class='ocrx_word' id='word_1_855' title='bbox 2395 5732 2663 5787; x_wconf 72' lang='lat' dir='ltr'><strong>mdittcare</strong></span> <span class='ocrx_word' id='word_1_856' title='bbox 2691 5738 2922 5798; x_wconf 82' lang='lat' dir='ltr'><strong>turrem,</strong></span> <span class='ocrx_word' id='word_1_857' title='bbox 2955 5731 3022 5787; x_wconf 81' lang='lat' dir='ltr'><strong>de</strong></span> <span class='ocrx_word' id='word_1_858' title='bbox 3048 5742 3153 5802; x_wconf 72' lang='lat' dir='ltr'><strong>qua</strong></span> <span class='ocrx_word' id='word_1_859' title='bbox 3181 5728 3467 5796; x_wconf 71' lang='lat' dir='ltr'><strong>dixerunt.</strong></span> <span class='ocrx_word' id='word_1_860' title='bbox 3490 5724 3620 5799; x_wconf 79' lang='lat' dir='ltr'><strong>quod</strong></span> <span class='ocrx_word' id='word_1_861' title='bbox 3642 5728 3767 5777; x_wconf 71' lang='grc' dir='ltr'><strong>αω-</strong></span> 
     </span>
    </p>
   </div>
   <div class='ocr_carea' id='block_1_106' title="bbox 2240 5814 3765 5894">
    <p class='ocr_par' dir='ltr' id='par_1_106' title="bbox 2240 5814 3765 5894">
     <span class='ocr_line' id='line_1_106' title="bbox 2240 5814 3765 5894; baseline -0.003 -15"><span class='ocrx_word' id='word_1_862' title='bbox 2240 5836 2366 5879; x_wconf 75' lang='lat' dir='ltr'><strong>men</strong></span> <span class='ocrx_word' id='word_1_863' title='bbox 2396 5824 2537 5879; x_wconf 84' lang='lat' dir='ltr'><strong>illius</strong></span> <span class='ocrx_word' id='word_1_864' title='bbox 2563 5824 2895 5894; x_wconf 77' lang='lat' dir='ltr'><strong>pertingeret</strong></span> <span class='ocrx_word' id='word_1_865' title='bbox 2918 5832 3091 5894; x_wconf 75' lang='lat' dir='ltr'><strong>usque</strong></span> <span class='ocrx_word' id='word_1_866' title='bbox 3116 5824 3184 5879; x_wconf 70' lang='lat' dir='ltr'><strong>ad</strong></span> <span class='ocrx_word' id='word_1_867' title='bbox 3210 5825 3408 5881; x_wconf 69' lang='lat' dir='ltr'><strong>emittm</strong></span> <span class='ocrx_word' id='word_1_868' title='bbox 3428 5867 3443 5891; x_wconf 91' lang='lat'><strong>,</strong></span> <span class='ocrx_word' id='word_1_869' title='bbox 3470 5828 3526 5879; x_wconf 89' lang='lat' dir='ltr'><strong>et</strong></span> <span class='ocrx_word' id='word_1_870' title='bbox 3544 5818 3587 5876; x_wconf 78' lang='lat' dir='ltr'><strong>si</strong></span> <span class='ocrx_word' id='word_1_871' title='bbox 3611 5814 3765 5871; x_wconf 67' lang='lat' dir='ltr'><strong>item</strong></span> 
     </span>
    </p>
   </div>
   <div class='ocr_carea' id='block_1_107' title="bbox 2244 5900 3761 5989">
    <p class='ocr_par' dir='ltr' id='par_1_107' title="bbox 2244 5900 3761 5989">
     <span class='ocr_line' id='line_1_107' title="bbox 2244 5900 3761 5989; baseline -0.003 -16"><span class='ocrx_word' id='word_1_872' title='bbox 2244 5918 2561 5975; x_wconf 71' lang='lat' dir='ltr'><strong>inundasset</strong></span> <span class='ocrx_word' id='word_1_873' title='bbox 2584 5916 2848 5976; x_wconf 72' lang='lat' dir='ltr'><strong>diluvium</strong></span> <span class='ocrx_word' id='word_1_874' title='bbox 2877 5926 2985 5975; x_wconf 77' lang='lat' dir='ltr'><strong>non</strong></span> <span class='ocrx_word' id='word_1_875' title='bbox 3012 5919 3284 5989; x_wconf 74' lang='lat' dir='ltr'><strong>perirent,</strong></span> <span class='ocrx_word' id='word_1_876' title='bbox 3325 5919 3462 5978; x_wconf 82' lang='lat' dir='ltr'><strong>sicut</strong></span> <span class='ocrx_word' id='word_1_877' title='bbox 3496 5912 3673 5973; x_wconf 79' lang='lat' dir='ltr'><strong>dudttnt</strong></span> <span class='ocrx_word' id='word_1_878' title='bbox 3706 5900 3761 5962; x_wconf 68' lang='lat' dir='ltr'><strong>lli</strong></span> 
     </span>
    </p>
   </div>
  </div>
