4042 6348
1493 364 1754 425 κω.
1797 363 2358 424 causam

2816 270 2871 283 οη.

3458 364 3568 430 εει

275 465 367 530 qiu
405 466 539 516 alite
579 472 679 517 eos
715 457 1061 518 exstiterant.
1109 438 1237 516 Non
1272 458 1691 518 reminiscentes
1730 457 1869 529 quod
1897 462 1946 523 Α
1975 460 2033 515 in
2072 459 2306 517 adventu
2345 456 2471 517 Filii
2510 458 2610 516 Dei
2647 459 2996 533 spiritualiter
3037 461 3204 525 fuisse
3245 462 3563 535 adimpleta.

273 554 485 611 dixerat
515 552 665 610 Deus
686 552 761 608 ad.
784 550 945 611 Νοω
976 549 1185 609 Ponant
1212 567 1388 608 arcum
1418 568 1589 611 meum
1621 554 1685 608 in
1714 552 1868 608 nubi-

275 646 368 701 bus
410 645 559 712 coeli,
603 654 652 699 et
676 644 985 700 recordabar
1012 644 1218 715 {aderis
1255 645 1387 713 mei,
1421 654 1479 700 ut
1517 661 1620 701 non
1660 646 1872 717 perdam

272 739 424 810 aquis
450 737 639 793 diluvii
664 753 866 793 omnem
891 753 1121 795 carnem.
1149 736 1445 794 Creverant
1484 737 1631 794 enim
1674 737 1866 805 nimis,

273 844 330 892 et
353 834 511 892 simul
533 833 775 892 habitare
804 844 912 891 n‘on
939 842 1227 904 poterant:
1252 843 1538 905 antequam
1564 830 1871 891 diiideren-

274 939 365 987 tur
392 929 448 985 in
478 928 729 1001 regiones
757 928 847 983 vel
876 936 1050 985 terras
1071 970 1093 997 ,
1132 926 1417 983 voluerunt
1454 926 1554 983 sibi
1596 928 1873 995 acquirere

278 1033 479 1079 nomen
500 1020 908 1095 sempiternale.
942 1019 1356 1089 Habueruntque
1387 1019 1583 1077 lateres
1604 1033 1702 1090 pro
1722 1018 1871 1075 saxis

278 1122 336 1172 et
364 1114 632 1171 bitumum
662 1111 792 1188 [Ita
821 1110 993 1184 ϐοά]
1024 1127 1121 1182 pro
1147 1120 1411 1169 caemento
1429 1151 1455 1179 ι
1490 1118 1548 1166 et
1590 1117 1872 1179 coeperunt

276 1206 551 1264 aediﬁcare
579 1204 739 1275 cujus
770 1206 952 1275 cperis
978 1212 1166 1261 auctor
1193 1204 1400 1261 exstitit
1425 1203 1740 1274 Nempbrot.
1772 1202 1866 1257 Vi-

271 1298 412 1356 dens
433 1312 567 1355 vero
597 1298 739 1354 Deus
762 1311 950 1357 eorum
982 1295 1337 1353 irrevocabile
1361 1294 1691 1365 propositum
1709 1336 1729 1363 ,
1754 1293 1865 1350 ait:

278 1388 463 1448 Venite
482 1392 820 1449 ascendamus
845 1400 891 1445 et
911 1391 1291 1464 confundamus
1314 1392 1384 1445 ibi
1409 1391 1640 1464 linguam
1667 1406 1865 1445 eorum.

1973 553 2055 613 De
2078 568 2191 627 qua
2212 552 2459 623 Epictola
2482 552 2639 611 multi
2665 551 2977 615 Latinorum
3004 553 3230 624 dicunt,
3266 558 3409 628 quod
3452 574 3562 633 non

1975 645 2049 703 sit
2074 644 2307 717 apostoli
2334 644 2525 714 Pauli,
2547 659 2614 702 eo
2653 646 2795 717 quod
2837 661 3035 705 nomen
3076 648 3251 718 ipsius
3288 649 3343 706 in
3382 651 3561 722 capite

1976 739 2365 810 pratiuslatum
2392 753 2501 796 non
2531 740 2641 809 sit,
2667 740 2759 798 sed
2791 740 3050 799 Barnabas
3089 741 3247 815 juxta
3270 742 3559 805 Tertullia-

1976 850 2141 904 num,
2170 835 2257 896 vel
2285 835 2483 902 Luem,
2511 843 2611 892 aut
2631 836 2963 903 Clementis,
2986 844 3078 891 aut
3101 836 3329 908 alicuius
3353 853 3420 895 ex
3448 837 3561 899 diss

1975 929 2175 999 cipulis
2220 929 2617 999 apostolorum.
2674 927 2882 998 Quibus
2939 928 3379 997 respondendum
3432 938 3557 997 est,

1972 1021 2096 1092 quia
2130 1019 2178 1078 si
2204 1019 2430 1091 apostoli
2461 1020 2613 1076 Pauli
2637 1035 2745 1079 non
2779 1028 2897 1087 est,
2937 1033 3045 1095 pro
3070 1034 3138 1081 es
3173 1020 3314 1091 quod
3361 1035 3559 1079 nomen

1974 1115 2141 1186 ipsius
2167 1116 2225 1170 in
2251 1114 2429 1186 capite
2458 1114 2845 1186 praititulatum
2874 1130 2987 1173 non
3009 1125 3090 1177 est
3111 1155 3128 1183 ,
3156 1129 3287 1189 ergo
3314 1129 3425 1177 nec.
3457 1116 3559 1171 ali-

1972 1207 2124 1278 cujus
2175 1206 2393 1262 illorttm
2435 1206 2566 1273 erit,
2612 1207 2739 1278 quia
2785 1206 2964 1269 nullus
2999 1204 3191 1265 eorum
3235 1206 3460 1267 habetur
3497 1209 3557 1263 in

1971 1299 2167 1370 capite.
2203 1296 2311 1356 Sed
2339 1297 2561 1353 omnino
2589 1297 2729 1354 scire
2759 1297 3020 1357 debemus
3060 1297 3229 1369 ipsius
3258 1313 3379 1367 esse
3421 1299 3559 1356 hanc

1974 1389 2291 1462 Epistulam.
2326 1389 2482 1459 Quod
2510 1403 2642 1446 vero
2685 1403 2884 1449 nomen
2912 1404 3066 1447 suum
3094 1390 3146 1446 in
3177 1388 3353 1462 capite
3379 1389 3559 1460 praeti-

280 1484 482 1556 Sicque
526 1480 722 1540 factum
751 1492 835 1540 est
862 1493 920 1539 ut
949 1484 1039 1555 qui
1071 1497 1229 1539 unam
1260 1481 1638 1553 loquebantur,
1665 1478 1869 1541 divide—
1973 1483 2143 1539 tulare
2184 1482 2392 1554 noluit,
2439 1482 2511 1541 ob
2553 1482 2729 1539 varias
2769 1497 2963 1540 causas
3005 1482 3134 1557 egit.
3177 1483 3357 1543 Prima
3392 1496 3558 1544 causa

278 1587 471 1636 rentur
499 1578 555 1633 in
581 1578 919 1650 septuaginta
948 1578 1077 1634 duo.
1113 1577 1317 1647 Lingua
1347 1592 1511 1646 vero,
1542 1592 1644 1648 qua
1675 1590 1866 1633 omnes
1968 1574 2204 1640 exstitit,
2234 1575 2363 1646 quia
2390 1581 2615 1630 noverat
2641 1572 2716 1631 ibi
2750 1573 2918 1631 Deum
2945 1584 3001 1630 et
3040 1574 3358 1649 magistrum
3397 1588 3558 1633 suum

262 1664 647 1741 loquebantur
671 1681 825 1728 antea
848 1712 861 1738 ,
895 1687 1000 1727 non
1031 1672 1291 1731 remansit
1317 1670 1417 1727 nisi
1444 1671 1784 1729 solummodo
1812 1671 1865 1727 in
1970 1665 2374 1723 fundamentum
2406 1666 2677 1738 posuisse.
2706 1665 2833 1722 ldeo
2861 1682 2968 1725 non
3008 1666 3109 1724 fuit
3152 1680 3314 1725 ausus
3357 1667 3556 1738 funda.

278 1762 444 1820 domo
475 1760 669 1821 lleber.
1970 1770 2197 1815 mentum
2225 1776 2412 1832 ponere
2441 1769 2625 1831 praeter
2650 1759 2704 1814 id
2732 1762 2870 1833 quod
2898 1761 3123 1828 positum
3161 1771 3265 1828 est,
3310 1759 3446 1831 quod
3482 1766 3557 1816 est

351 1856 429 1914 De
449 1858 601 1929 cujus
627 1857 789 1914 domo
813 1856 978 1930 longo
1000 1868 1122 1930 post,
1145 1867 1390 1928 tempore
1412 1867 1567 1915 natus
1593 1866 1676 1914 est
1698 1859 1869 1915 Abra.
1894 1849 1944 1921 Β
1975 1850 2210 1909 Christus
2251 1852 2425 1909 Iesus.
2467 1854 2715 1909 Secunda
2750 1869 2908 1911 causa
2941 1854 3036 1911 fuit
3054 1894 3070 1919 ,
3101 1856 3228 1926 quia
3255 1868 3363 1917 non
3400 1866 3555 1911 acce-

272 1948 432 2020 ham,
465 1965 625 2022 quem
660 1950 800 2008 Deus
830 1948 1061 2009 multum
1097 1951 1302 2009 dilexit.
1352 1952 1514 2009 Dedit
1548 1953 1599 2011 ei
1633 1952 1863 2009 circum-

268 2042 538 2103 cisionem
579 2044 911 2114 signaculum
953 2043 1075 2101 ﬁdei
1101 2084 1118 2113 ,
1162 2054 1209 2099 et
1250 2055 1544 2113 reputatum
1592 2054 1667 2100 est
1705 2046 1750 2102 ei
1790 2045 1858 2099 ad

263 2138 530 2213 justitiam
555 2153 575 2193 :
602 2138 823 2209 insuper
848 2139 1175 2209 promissum
1198 2148 1281 2196 est
1309 2140 1361 2197 ei
1388 2139 1530 2211 quod
1570 2141 1625 2197 in
1653 2141 1860 2196 semine

269 2230 393 2303 ejus
420 2230 804 2288 benedicentur
834 2248 1024 2289 omnes
1050 2243 1245 2305 gentes
1263 2278 1281 2305 ,
1313 2234 1398 2293 bis
1424 2236 1603 2292 verbis
1630 2234 1819 2291 dicens
1834 2254 1851 2299 ηε

273 2321 343 2377 In
365 2323 557 2377 semine
584 2332 671 2379 tuo
699 2326 1055 2380 benedicentur
1081 2316 1255 2381 omnes
1287 2336 1476 2397 gentes.
1519 2326 1672 2395 Quod
1701 2342 1867 2393 expoo

271 2435 405 2477 nens
437 2422 755 2492 Apostolus:
786 2420 908 2475 Non
932 2421 1078 2486 dicit,
1102 2420 1311 2492 inquit,
1341 2432 1389 2474 et
1415 2421 1691 2475 seminibus
1718 2421 1866 2492 quasi

269 2514 327 2570 in
372 2517 572 2582 multis,
616 2518 704 2573 sed
744 2517 895 2588 quasi
942 2518 999 2571 in
1044 2534 1174 2582 uno,
1217 2527 1265 2571 et
1304 2518 1486 2573 semini
1529 2526 1616 2572 tuo
1655 2517 1742 2586 qui
1789 2525 1866 2573 est

272 2609 530 2671 Christus.
576 2613 728 2668 Dedit
765 2613 813 2669 ei
856 2610 1005 2669 lsaac
1045 2613 1211 2668 lilium
1256 2628 1410 2668 suum
1458 2612 1510 2666 in
1553 2619 1862 2677 senecmte,

271 2719 431 2776 quem
461 2707 553 2762 die
579 2716 773 2762 octavo
798 2706 1139 2763 circumcidit
1164 2705 1221 2761 in
1249 2714 1431 2775 typum
1473 2705 1643 2759 nostri
1675 2703 1864 2759 Salva-

280 2797 453 2851 toris:
507 2805 560 2851 et
610 2797 759 2853 Isaac
799 2796 998 2865 Jacob,
1028 2807 1084 2853 et
1122 2797 1288 2854 Jacob
1326 2796 1608 2853 duodecim
1641 2797 1866 2865 patriar-

276 2887 444 2955 chas,
488 2888 581 2959 qui
629 2889 775 2944 ducti
818 2890 957 2945 tame
1000 2890 1398 2945 descenderunt
1436 2890 1491 2944 in
1536 2888 1860 2961 Emptum,

274 2980 365 3037 ubi
395 2980 739 3051 multiplicati
770 2981 932 3036 nimis
957 2978 1140 3036 afﬂicti
1180 2990 1301 3035 sunt
1348 2979 1714 3034 vehementer.
1757 2977 1866 3035 Sed

272 3071 329 3130 in
373 3089 535 3129 manu
581 3070 755 3129 valida
794 3072 1039 3138 liberati,
1088 3071 1142 3126 in
1187 3072 1354 3141 signis
1391 3077 1447 3127 et
1494 3068 1757 3140 portentis
1798 3068 1866 3133 de

282 3166 516 3237 Egypto
548 3165 724 3222 educti
744 3207 765 3234 ,
796 3163 1125 3221 transierunt
1152 3177 1299 3219 mare
1327 3161 1597 3227 Rubrum,
1620 3176 1716 3233 per
1738 3176 1866 3231 qua-

275 3257 523 3329 draginta
563 3273 735 3315 annos
776 3271 971 3313 manna
1014 3256 1127 3313 aliti
1166 3264 1326 3323 sunt,
1368 3271 1475 3310 non
1515 3262 1641 3310 sunt
1683 3255 1864 3310 attrita

272 3350 591 3407 vesnimenta
636 3366 844 3407 eorum.
891 3350 1033 3405 Deus
1079 3348 1249 3405 dediti
1311 3348 1417 3404 illis
1459 3348 1666 3419 legem,
1711 3354 1866 3405 tem—

275 3443 459 3519 plum,
491 3458 675 3513 aram,
708 3458 983 3510 mensam,
1027 3456 1192 3512 panes
1233 3440 1645 3513 propositionis,
1688 3442 1865 3497 velum

273 3539 537 3607 interius,
580 3539 866 3607 victimas,
904 3537 1216 3595 holocausta
1241 3579 1257 3609 ,
1304 3536 1590 3591 sacriﬁcia.
1638 3534 1865 3606 Insuper

248 3632 526 3706 .nromisit
564 3631 613 3686 ei
654 3630 851 3687 Filium
891 3646 1046 3687 suum
1086 3629 1155 3685 de
1194 3628 1382 3685 eadem
1422 3628 1591 3699 stirpe
1632 3630 1867 3685 nascitu-

278 3741 416 3780 rum.
449 3724 549 3792 Qui
582 3725 803 3780 veniens
832 3721 1148 3795 adimplevit
1175 3735 1293 3792 qua:
1322 3720 1482 3777 Pater
1510 3719 1864 3790 promiserat,

277 3816 399 3886 quia
435 3816 499 3872 de
530 3830 718 3872 eorum
749 3816 918 3886 stirpe
949 3812 1241 3871 secundum
1286 3825 1507 3868 carnem
1555 3821 1711 3867 natus
1751 3820 1864 3879 est,

274 3907 415 3963 sicut
446 3915 674 3963 testatur
703 3904 898 3962 Paulus
924 3926 933 3958 :
966 3903 1094 3961 Dico
1120 3903 1258 3959 enim
1286 3901 1549 3959 Christum
1571 3901 1748 3958 Iesum
1778 3904 1868 3958 mi-

272 4001 491 4056 nistrum
518 4002 679 4072 {uisse
710 3998 1114 4055 rircumcisionis
1142 4005 1350 4069 propter
1377 3997 1639 4052 ueritatem
1673 3995 1767 4051 Dei
1798 3996 1867 4051 ad

274 4096 661 4165 conﬁrmandus
706 4093 1073 4167 prontissiones
1123 4099 1350 4167 patrum.
1402 4089 1571 4157 Quem
1623 4089 1866 4147 videntes

276 4205 388 4247 non
443 4187 586 4245 sicut
638 4186 938 4243 debuerant
992 4192 1361 4257 receperunt,
1420 4181 1517 4238 sed
1583 4180 1867 4255 ejicientes

271 4292 428 4342 extra
479 4281 691 4339 vineam
741 4280 1075 4336 occiderunt.
1122 4277 1238 4335 Non
1281 4278 1350 4333 de
1394 4277 1645 4335 omnibus
1695 4277 1855 4347 dico,

273 4376 401 4451 quia
434 4391 500 4432 ex
528 4374 607 4431 eis
634 4372 902 4447 processit
930 4372 1083 4428 radix
1114 4378 1298 4429 sancta
1326 4378 1383 4427 et
1414 4384 1623 4437 massa,
1649 4368 1757 4427 hoc
1783 4378 1868 4426 est

272 4471 449 4530 sancti
476 4468 706 4541 apostoli
736 4476 790 4524 et
816 4465 971 4537 primi
1001 4466 1319 4532 credentes.
1346 4465 1441 4522 sed
1483 4480 1644 4539 quam
1681 4465 1864 4540 plures

269 4567 326 4621 in
357 4564 606 4620 c:ecitate
629 4569 1052 4627 remanserunt;
1093 4560 1160 4616 de
1201 4558 1394 4632 quibus
1433 4559 1693 4631 scriptum
1736 4572 1860 4619 est:

631 4615 1051 4727 mitissima
1077 4615 1146 4707 in?
1168 4615 1337 4708 Is‘rael
1375 4615 1564 4708 donec.
1885 4615 1943 4685 Β

266 4758 499 4829 gentium
526 4757 780 4820 introeat,
807 4761 857 4807 et
886 4752 959 4807 sic
1002 4752 1168 4807 omnis
1206 4749 1374 4805 Israel
1414 4749 1584 4804 salvus
1627 4750 1745 4804 erit.
1796 4750 1861 4809 Hi

268 4865 404 4905 vero
428 4848 520 4919 qui
554 4847 610 4903 in
642 4844 960 4901 inﬁdelitate
986 4850 1401 4907 remanserunt,
1436 4855 1532 4897 eos
1561 4840 1648 4909 qui
1693 4840 1760 4895 ad
1800 4838 1866 4894 ll-

271 4941 395 4998 detn
432 4938 726 4994 veniebant
750 4951 937 4993 eorum
979 4934 1333 4990 substantiam
1374 4932 1731 5002 diripiebant,
1766 4932 1864 4990 sed

272 5035 379 5106 ipsi
408 5034 681 5105 patienter
703 5029 1105 5087 substinebant.
1128 5026 1275 5095 Quos
1298 5026 1566 5082 collaudat
1590 5024 1865 5097 apostolus

268 5127 516 5184 Paulus:
559 5122 704 5178 Nam
748 5130 796 5177 et
841 5120 999 5177 uincti
1040 5120 1294 5189 compassi
1328 5120 1484 5186 estis,
1524 5127 1575 5173 et
1620 5119 1861 5188 rapinam

268 5221 523 5275 bonorum
572 5223 856 5271 uestrorum
908 5229 1025 5267 cum
1071 5210 1263 5283 gaudio
1301 5210 1614 5283 suscepistis.
1662 5211 1862 5267 Eorum

272 5323 464 5368 curam
483 5318 689 5380 gerens
714 5319 814 5376 per
844 5304 1085 5375 singulos
1113 5317 1285 5358 annos
1316 5302 1596 5357 collectam
1631 5298 1863 5357 iaciebat

264 5401 459 5459 dicens
486 5397 741 5456 fratribus
770 5414 782 5451 :
820 5394 1182 5450 Rccordamini
1210 5396 1435 5465 {rutrum
1463 5392 1653 5467 [Cod.,
1681 5393 1858 5447 fratri-

270 5490 395 5566 bus]
426 5491 515 5561 qui
536 5489 743 5546 suntin
770 5485 1063 5544 Jerusalem
1088 5503 1106 5552 ;
1132 5486 1488 5556 mittebatque
1513 5486 1620 5542 eis.

340 5585 606 5643 scribom
637 5581 799 5639 etiam
833 5578 1130 5651 Epistolas
1162 5578 1310 5633 misit
1332 5578 1413 5631 eis
1432 5616 1448 5642 ,
1480 5577 1531 5631 in
1562 5592 1668 5648 qua
1696 5576 1868 5632 soluit

262 5679 565 5737 autem
584 5722 598 5747 ,
630 5675 819 5731 msi-
848 5686 970 5745 que
986 5680 1126 5727 Me
1155 5670 1223 5726 ad
1254 5669 1488 5726 litteram
1514 5669 1864 5738 gerebantur,

260 5771 558 5830 ‘siltlnttum
579 5770 793 5826 scilicet
814 5810 829 5837 ,
862 5766 1329 5823 circmnc'rsionem
1349 5806 1364 5830 ,
1392 5764 1771 5831 neosneniam,
1804 5773 1862 5820 et

275 5864 468 5925 exetet'a
496 5870 617 5934 qua:
642 5862 724 5917 lex
744 5860 1094 5933 praecipiebat
1115 5902 1130 5929 ,
1158 5857 1335 5913 oumia
1368 5854 1543 5926 typica
1564 5854 1737 5913 fuisse
1755 5898 1769 5923 ,
1801 5863 1856 5912 et

1970 1959 2120 2017 perat
2152 1947 2202 2001 in
2234 1948 2313 2001 eis
2342 1945 2583 2015 ofﬁcium
2611 1948 3011 2019 praedicationis
3031 1990 3045 2015 ,
3076 1948 3169 2009 sed
3200 1949 3255 2007 in
3282 1946 3555 2025 gentibus,

1968 2039 2181 2121 dicente
2224 2038 2427 2108 Spiritu
2468 2047 2656 2096 sancto
2689 2057 2703 2094 :
2732 2038 3013 2113 Segregatc
3056 2040 3181 2097 mihi
3232 2039 3463 2099 Paulum
3504 2045 3556 2101 et

1969 2130 2292 2198 Barnabam,
2333 2131 2388 2186 in
2414 2147 2544 2203 opus
2573 2148 2670 2198 quo
2699 2134 2955 2200 assumpsi
2984 2148 3091 2188 eos.
3121 2130 3257 2201 Quia
3288 2132 3557 2207 unisquis’

1968 2238 2070 2294 que
2115 2239 2268 2279 suam
2310 2223 2641 2295 provinciam
2684 2224 2749 2279 ad
2793 2224 3193 2299 praedicandum
3235 2230 3554 2294 acceperat,

1970 2315 2109 2371 unde
2152 2313 2268 2387 ipse
2310 2316 2423 2372 ait:
2483 2317 2583 2386 Qui
2617 2325 2853 2388 operatus
2890 2327 2966 2379 est
2997 2315 3154 2376 Petro
3181 2317 3234 2372 in
3262 2316 3557 2391 apostolatu

1968 2406 2391 2474 circumcisionis,
2417 2418 2655 2475 operatus
2681 2417 2755 2466 est
2781 2418 2827 2464 et
2854 2409 2977 2469 mihi
2998 2410 3131 2467 inter
3157 2398 3348 2481 gentes.
3374 2409 3556 2469 Tertia

1968 2511 2128 2554 causa
2178 2496 2276 2553 luit
2319 2511 2443 2570 quia
2493 2512 2715 2557 exosum
2757 2514 2879 2556 eum
2925 2500 3191 2561 habebant
3238 2501 3439 2565 Judmi,
3488 2514 3556 2561 eo

1969 2590 2109 2667 quod
2132 2598 2416 2648 evacuaret
2436 2606 2650 2649 omnem
2680 2592 2840 2653 ritum
2872 2593 3024 2667 legis.
3053 2595 3279 2667 Quidam
3311 2596 3455 2653 enim
3487 2596 3557 2652 ad

1973 2685 2130 2742 [idem
2161 2685 2440 2743 venientes
2460 2727 2475 2752 ,
2510 2685 2646 2742 lilios
2675 2700 2801 2742 suos
2830 2686 3100 2756 baptizare
3145 2690 3344 2759 pariter
3369 2696 3422 2742 et
3451 2688 3557 2744 cir-

1969 2778 2275 2835 cumcidere
2302 2779 2587 2847 volebant,
2620 2780 2760 2850 quod
2792 2778 2990 2837 Paulus
3021 2781 3256 2839 funditus
3284 2781 3558 2851 prohibuit

1971 2871 2156 2927 dicens
2185 2889 2199 2927 :
2244 2870 2307 2928 Si
2344 2872 2771 2927 circumcidimini
2791 2914 2804 2939 ,
2850 2872 3081 2927 Christus
3114 2875 3254 2929 vobis
3281 2875 3410 2929 nihil
3438 2892 3558 2953 pro-

1970 2966 2131 3032 derit,
2163 2968 2216 3021 in
2246 2964 2449 3022 Christo
2474 2968 2608 3022 enim
2637 2964 2761 3021 Jesu
2802 2983 2960 3038 neque
3003 2969 3320 3023 circumcisio
3359 2969 3560 3039 aliquid

1970 3059 2133 3127 valet,
2182 3075 2342 3129 neque
2386 3060 2732 3128 prteputittm,
2764 3059 2853 3112 sed
2888 3060 3016 3128 ﬁdes
3055 3078 3168 3130 quae
3210 3060 3560 3131 prwdilectio-

1973 3167 2087 3205 nem
2117 3161 2381 3221 aperatur.
2414 3151 2567 3221 Quod
2599 3152 2644 3207 si
2678 3164 2871 3208 nomen
2903 3164 3060 3206 suum
3090 3152 3474 3224 praetitulasset
3505 3152 3560 3208 in

1973 3259 2058 3313 ea,
2087 3244 2312 3300 forsitan
2343 3261 2449 3301 non
2482 3262 2598 3301 eam
2629 3249 2965 3316 reciperent,
2991 3246 3113 3316 quia
3142 3244 3366 3317 quilibet
3398 3248 3560 3301 homo

1971 3358 2093 3398 eum
2132 3358 2289 3413 quem
2334 3343 2458 3397 odio
2502 3343 2697 3411 habet,
2746 3359 2852 3399 non
2895 3342 3070 3397 solum
3115 3341 3399 3412 epistolam
3440 3343 3560 3412 ejus

1971 3451 2078 3490 non
2103 3435 2332 3505 recipit,
2362 3437 2457 3491 sed
2483 3438 2647 3492 etiam
2677 3451 2870 3492 nomen
2899 3435 3044 3491 illius
3070 3434 3260 3490 audire
3287 3449 3394 3489 non
3422 3433 3557 3488 vult.

1970 3529 2169 3598 Quarta
2203 3543 2363 3584 causa
2394 3528 2713 3587 humilitatis
2743 3528 2981 3595 exstitit,
3024 3530 3204 3585 sciens
3246 3542 3434 3583 eorum
3465 3542 3561 3582 su-

1972 3625 2209 3694 perbiam
2238 3632 2293 3680 et
2320 3638 2469 3681 suam
2504 3623 2860 3679 humilitatem
2884 3662 2899 3688 ,
2942 3636 3141 3677 nomen
3184 3636 3340 3683 suum
3387 3619 3561 3675 noluit

1969 3726 2094 3772 ante
2126 3732 2345 3785 ponere.
2382 3716 2551 3789 Hujus
2581 3716 2659 3772 rei
2689 3730 2849 3770 causa
2879 3715 3043 3770 etiam
3076 3714 3263 3775 beatus
3289 3712 3554 3778 Joannes,

1970 3808 2026 3862 in
2065 3809 2237 3877 capite
2275 3807 2527 3878 Epistolas
2572 3822 2686 3861 sitae
2726 3821 2831 3861 non
2874 3805 3113 3874 protulit.
3158 3804 3355 3859 Dicunt
3393 3804 3558 3860 etiam

1969 3914 2086 3953 eam
2120 3898 2241 3956 ideo
2271 3914 2377 3953 non
2407 3913 2528 3954 esse
2546 3897 2732 3963 Pauli,
2758 3897 2882 3969 quia
2908 3905 3137 3952 caeteras
3158 3895 3427 3966 Epistolas
3449 3913 3560 3952 non

1972 3988 2049 4043 sic
2077 3989 2353 4043 rhetorico
2382 4001 2633 4042 sermone
2663 3987 3002 4058 composuit,
3034 3996 3088 4044 et
3127 4002 3194 4042 ex
3234 3986 3414 4043 Veteri
3452 3986 3559 4043 No-

1970 4096 2144 4151 voque
2169 4079 2519 4134 Testamento
2546 4078 2785 4146 fulclvlt,
2815 4076 3087 4149 quomodo
3116 4079 3216 4133 ista
3258 4079 3560 4149 composita

1969 4181 2051 4227 est
2080 4187 2198 4241 qua:
2227 4171 2293 4227 ad
2323 4171 2581 4227 Hebraeos
2612 4169 2829 4241 legitur.
2863 4169 3071 4236 Quibus
3116 4170 3558 4239 respondendum

1970 4273 2080 4330 est,
2132 4265 2257 4335 quia
2305 4273 2529 4321 caeteras
2581 4262 2853 4334 Epistolas
2901 4263 2953 4317 in
3006 4261 3287 4335 peregrina
3337 4264 3557 4331 scripsit

1968 4356 2181 4431 lingua,
2233 4358 2371 4413 hanc
2413 4372 2542 4413 vero
2583 4356 2636 4411 in
2692 4356 2925 4427 prepria,
2960 4366 3191 4412 caeteras
3231 4355 3287 4413 in
3328 4353 3514 4412 Greca
3538 4396 3552 4420 ,

1970 4450 2109 4505 hanc
2134 4449 2190 4504 in
2215 4450 2465 4508 Hebraea.
2506 4448 2617 4506 Nec
2652 4450 2848 4504 mirum
2879 4450 2925 4502 si
2956 4448 3310 4518 eloquentior,
3342 4462 3461 4517 quae
3502 4448 3557 4503 in

1970 4545 2185 4617 propria
2231 4544 2407 4616 lingua
2464 4544 2657 4614 scripta
2702 4551 2821 4609 est,
2870 4554 3030 4611 quam
3077 4554 3197 4615 quae
3245 4540 3298 4594 in
3342 4538 3552 4595 Graeca.

1968 4636 2196 4710 Dignum
2228 4637 2372 4692 enim
2405 4636 2482 4691 sic
2511 4643 2629 4689 erat
2659 4641 2719 4689 ut
2746 4646 2807 4688 ea
2838 4646 2996 4701 quam
3028 4632 3083 4685 in
3125 4631 3342 4701 propria
3375 4630 3559 4701 lingua

1969 4730 2238 4786 scribebat
2282 4727 2403 4798 plus
2447 4726 2722 4781 luculento
2769 4736 3021 4778 sermone
3067 4729 3451 4791 componeret,
3498 4731 3555 4777 et

1968 4822 2152 4878 Veteri
2194 4821 2456 4890 Novoque
2495 4818 2843 4873 Testamento
2878 4814 3112 4871 fulciret.
3144 4812 3308 4885 Cujus
3335 4829 3555 4871 sensum

1971 4924 2026 4969 et
2055 4912 2299 4969 ordinem
2330 4922 2517 4966 tenens
2544 4907 2873 4978 evangelista
2905 4906 3077 4963 Lucas
3104 4912 3229 4978 post
3270 4921 3554 4965 excessum

1970 5007 2198 5075 apostoli
2230 5004 2378 5060 Pauli
2404 5004 2592 5060 Graeco
2636 5015 2886 5058 sermone
2929 5000 3251 5071 composuit.
3295 4997 3400 5057 Sed
3442 4999 3557 5079 jam

1973 5114 2115 5155 nunc
2154 5099 2324 5169 ipsam
2366 5095 2715 5167 apostolicam
2759 5094 3062 5171 Epistulam
3106 5100 3396 5149 tractemus
3433 5104 3556 5162 qua

1973 5191 2043 5246 ita
2072 5189 2354 5247 exordium
2383 5188 2569 5243 habet.
3568 5178 3573 5183 ’

2043 5288 2379 5343 Μυιτιηιυε
2425 5300 2722 5349 nouisque
2772 5297 2927 5340 uonts
2966 5296 3093 5337 ouis
3142 5295 3272 5337 unus
3319 5295 3556 5346 Loquens

1972 5397 2228 5439 puniens
2257 5397 2308 5437 ιη
2339 5394 2650 5436 PBOPHETIS.
2683 5378 2836 5444 Quod
2864 5376 2996 5441 dicit
3024 5374 3337 5445 multifarie,
3368 5383 3554 5432 osten-

1973 5478 2050 5533 dit
2091 5476 2355 5547 quoddam
2392 5473 2703 5529 vaticinium
2747 5471 2911 5526 tuisse
2951 5485 3015 5523 ex
3048 5468 3193 5524 Filio
3232 5468 3345 5525 Dei.
3388 5468 3559 5526 Phari

1972 5573 2178 5635 Graece,
2222 5570 2411 5625 Latine
2442 5568 2587 5636 loqui
2633 5566 2850 5620 dicitur.
2878 5562 3166 5625 Multifarie
3193 5562 3343 5631 dicit,
3375 5563 3557 5619 multis

1964 5666 2349 5722 locationibus.
2378 5664 2550 5718 Multis
2581 5662 2721 5716 enim
2749 5659 2922 5715 modis
2950 5659 3158 5717 loeutus
3184 5668 3266 5714 est
3299 5658 3555 5717 Dotninus

1972 5758 2327 5815 anterioribus
2358 5754 2623 5816 Patribus,
2649 5752 2737 5821 qui
2779 5750 2991 5805 fuerunt
3039 5750 3092 5806 in
3136 5748 3316 5805 Veteri
3366 5747 3555 5803 Testa-

1974 5860 2157 5909 tnento
2189 5868 2203 5904 :
2234 5848 2514 5917 aliquoties
2550 5862 2643 5916 per
2670 5844 2922 5909 visiones,
2958 5842 3239 5916 aliquoties
3256 5856 3364 5923 per
3409 5841 3559 5897 siuti-
