4042 6348
597 360 703 412 8ῗίῗί

1568 351 1980 413 LUCULBNTH
2019 351 2084 409 IN
2122 349 2279 410 CAP.
2309 351 2329 407 I
2367 352 2458 408 AD
2499 352 2862 411 HEBREOS.
3731 367 3807 424 355

602 471 873 537 litudin‘es,
900 468 1186 539 anquoties
1214 482 1309 538 per
1349 467 1562 524 modos.
1589 466 1692 522 Per
1731 467 1986 532 visiones,
2021 476 2078 521 ut
2105 474 2186 520 est
2213 467 2261 528 Α
2289 465 2390 521 dor
2417 466 2624 537 gloriae,
2657 468 2758 526 hoc
2785 477 2868 526 est
2899 469 3041 527 Deus
3067 470 3136 527 de
3163 472 3311 542 ;Beo,
3340 486 3522 530 iumen
3543 473 3608 533 de
3645 472 3810 546 lumine.

599 565 727 621 illud
759 582 770 617 :
806 561 920 631 Ego
947 579 1146 632 quoque
1172 563 1389 618 visiones
1415 561 1769 631 multiplicavi,
1799 570 1846 614 et
1873 561 1926 614 in
1947 560 2182 614 manibus

596 657 970 730 map/telarum
997 655 1306 710 assimilatas
1336 672 1468 709 sum.
1501 654 1734 710 Locutus
1759 664 1842 710 est
1868 669 1961 724 per
1988 655 2180 710 simili-

591 754 832 816 tudines,
860 746 1000 804 sicut
1022 749 1205 804 multis
1233 749 1364 804 locis
1392 749 1618 804 inveniri
1654 748 1870 804 dicitur.
1916 748 2005 804 Sic
2054 747 2182 804 Eze-

596 846 736 900 chiel
767 859 888 898 cum
919 846 995 898 alt
1022 857 1038 898 :
1072 842 1138 895 Et
1166 851 1241 908 tu,
1271 843 1348 911 ﬁli
1370 843 1608 908 hominis,
1652 843 1865 913 perfode
1891 843 1980 898 tibi
2015 845 2184 913 parie-

596 950 694 992 tem
723 955 898 994 manu.
933 939 1034 993 Per
1063 937 1247 1005 verba,
1274 941 1408 993 sicut
1433 937 1581 994 Isaiae
1611 937 1886 1008 praphetaa
1912 955 1926 992 :
1957 936 2184 992 Verbum

596 1029 809 1084 Domini
835 1031 973 1102 quod
1003 1032 1196 1101 factum
1241 1039 1314 1086 est
1361 1033 1427 1085 ad
1475 1031 1669 1086 Isaiam
1713 1032 2032 1102 prophetam.
2080 1031 2184 1087 Per

593 1124 1020 1189 revelationem,
1070 1125 1210 1179 sicut
1255 1123 1478 1179 Danieli.
1529 1124 1630 1179 Per
1677 1139 1737 1179 se
1783 1125 1999 1194 ipsum,
2045 1124 2186 1179 sicut

594 1218 827 1272 A‘braha:
860 1233 875 1272 :
909 1217 1011 1271 Exi
1038 1218 1100 1270 de
1156 1227 1294 1272 terra
1343 1228 1448 1271 tua.
1499 1217 1564 1271 Et
1607 1215 1772 1287 Moysi
1807 1234 1819 1268 :
1861 1216 2186 1288 Loquebatur

592 1309 800 1380 Moyses
846 1327 964 1363 cum
1006 1308 1113 1364 Deo
1165 1309 1296 1379 facie
1337 1309 1402 1363 ad
1451 1310 1656 1379 faciem.
1688 1308 1754 1363 Et
1784 1308 1886 1363 hoc
1912 1317 1997 1364 est
2042 1308 2184 1380 quod

591 1402 722 1458 dicit
760 1421 774 1454 :
812 1401 1106 1472 Multifarie
1133 1411 1178 1456 et
1205 1401 1382 1455 multis
1411 1402 1596 1455 modis.
1633 1400 1801 1467 Olim,
1847 1401 1976 1455 dicit
2018 1410 2142 1456 ante
2165 1442 2180 1466 ,

589 1494 647 1549 in
676 1494 856 1549 Veteri
885 1495 1230 1550 Testamento
1259 1493 1482 1549 scilicet.
1517 1493 1837 1559 Novissime,
1857 1494 1984 1548 dicit
2008 1495 2185 1548 novis-

589 1589 730 1645 simo
755 1600 1020 1658 tempore,
1056 1588 1242 1642 diebus
1270 1588 1651 1642 incarnationis
1696 1588 1923 1640 Domini.
1961 1587 2035 1641 De
2069 1587 2187 1656 qui.

588 1683 693 1742 bus
719 1684 905 1738 diebus
937 1682 1076 1736 idem
1121 1681 1317 1735 Paulus
1345 1681 1514 1734 dicit:
1553 1678 1666 1733 Nos
1708 1695 1915 1743 sumus,
1963 1679 2017 1732 in
2062 1695 2186 1748 quos

589 1778 717 1845 ﬁnes
744 1775 1055 1829 swculorum
1081 1775 1407 1827 devenerunt.
1437 1755 1514 1826 Et~
1533 1771 1764 1827 Joannes
1791 1790 1801 1823 :
1839 1770 2041 1837 Filioli,
2089 1788 2184 1825 no-

2285 562 2628 632 omnipoteus
2657 564 2724 619 de
2752 565 3143 636 omnipotente,
3168 565 3335 622 Filius
3365 566 3436 623 de
3467 568 3634 637 Patre,
3659 576 3732 644 qui
3755 580 3812 631 dl-

2283 656 2356 711 cit
2387 674 2401 711 :
2432 656 2545 730 Ego
2572 676 2687 713 sum
2717 661 2826 714 lux.
2857 658 2924 714 Et
2950 658 3019 714 de
3044 673 3151 730 quo
3179 659 3429 716 Joannes
3453 679 3468 716 :
3496 659 3617 718 Erat
3636 667 3710 720 lux
3732 686 3814 724 vera

2284 767 2399 820 qute
2418 752 2676 807 illuminat
2701 769 2900 806 omnem
2919 753 3175 808 hominem
3194 755 3478 809 venientem
3499 757 3551 810 in
3574 759 3691 813 hunc
3706 780 3814 817 mert-

2285 843 2430 898 dum.
2458 844 2534 898 Er
2556 859 2746 899 nouns
2768 860 3102 900 suasurum
3128 861 3269 902 usus.
3289 845 3434 903 Cum
3454 848 3599 905 audis
3631 853 3816 921 ﬁguram,

2288 937 2396 991 noli
2449 937 2840 1003 scaudalizari;
2913 938 3139 1009 ﬁguram
3188 940 3334 996 enim
3380 940 3472 997 vel
3517 941 3816 1002 characterem

2289 1029 2391 1086 hoc
2426 1032 2478 1085 in
2503 1032 2620 1086 loco
2652 1045 2758 1086 non
2780 1047 2878 1100 pro
2903 1031 3274 1098 similitudine,
3303 1034 3402 1091 sed
3439 1049 3538 1105 pro
3559 1037 3745 1095 veritate
3766 1041 3818 1095 in-

2286 1127 2528 1196 telligere
2561 1127 2747 1193 debes,
2775 1127 3009 1196 qualiter
3038 1127 3084 1183 si
3132 1128 3329 1185 videris
3373 1129 3648 1202 imaginem
3675 1135 3816 1202 pictam

2289 1220 2344 1275 in
2388 1221 2594 1290 pariete
2618 1229 2673 1274 et
2699 1221 2850 1276 dicas
2884 1239 2896 1275 :
2935 1222 3075 1277 Ecce
3115 1225 3303 1288 homo,
3347 1239 3481 1280 ecce
3510 1241 3709 1292 manus,
3735 1243 3819 1285 ecce

2285 1310 2470 1381 pedes.
2505 1311 2608 1368 Sed
2639 1311 2794 1368 aliter
2841 1321 2923 1370 est
2953 1313 3151 1382 imago,
3209 1315 3370 1371 aliter
3415 1325 3506 1382 tu;
3538 1317 3622 1373 illa
3664 1335 3740 1388 per
3773 1325 3820 1376 si-

2287 1404 2668 1469 militudinem,
2723 1415 2777 1461 tu
2825 1422 2921 1475 per
2970 1407 3276 1464 veritatem.
3327 1409 3670 1479 Pon'rausoue
3708 1427 3820 1469 ctum

2286 1512 2457 1552 vsuuo
2487 1513 2735 1552 vmrurts
2757 1513 2890 1554 suas.
2920 1499 3163 1556 Verbum
3198 1510 3257 1556 et
3282 1503 3490 1557 veritas
3514 1503 3730 1560 Christus
3748 1518 3819 1569 est,

2288 1592 2356 1648 de
2385 1608 2489 1662 quo
2521 1593 2717 1649 Paulus
2748 1611 2762 1649 :
2795 1593 3028 1650 Christus
3059 1595 3156 1650 Dei
3184 1602 3345 1653 virtus
3376 1609 3427 1653 et
3469 1597 3568 1654 Dei
3610 1604 3817 1670 sapientia.

2289 1683 2356 1738 Et
2386 1684 2453 1740 de
2489 1701 2594 1756 quo
2625 1687 2858 1743 Joannes
2885 1706 2899 1742 :
2930 1689 2995 1743 In
3026 1692 3282 1762 principio
3326 1703 3442 1749 erat
3486 1695 3690 1750 verbum.
3728 1697 3821 1753 Dicit

2291 1786 2472 1834 autem
2503 1781 2792 1851 Apostolus
2821 1781 2888 1838 de
2920 1783 3056 1838 Filio
3099 1785 3212 1852 Dei,
3255 1787 3402 1856 quod
3435 1799 3637 1859 portans
3681 1795 3820 1858 omnia,

589 1870 797 1924 vissima
827 1869 956 1922 hora
987 1876 1082 1924 est.
1119 1868 1185 1922 Et
1214 1869 1405 1923 iterum
1437 1867 1631 1921 Paulus
1661 1884 1675 1921 :
1705 1868 1771 1922 At
1801 1868 1884 1922 ubi
1915 1866 2044 1921 venit
2069 1869 2186 1938 ple.»
2216 1859 2264 1920 B
2290 1872 2519 1929 destruit
2545 1874 2868 1931 Arianorum
2900 1881 3212 1947 vesaniam,
3237 1882 3331 1950 qui
3375 1881 3578 1949 dicunt,
3621 1882 3736 1953 quod
3755 1885 3817 1938 με.

589 1964 774 2020 nitudo
803 1963 1080 2030 temporis,
1117 1962 1254 2014 misit
1295 1960 1434 2014 Deus
1465 1959 1662 2013 Filium
1692 1977 1862 2014 suum.
1894 1960 2024 2014 Cum
2058 1977 2187 2016 vero

589 2056 758 2112 dicit:
798 2055 1097 2109 Novrssmrs
1128 2069 1312 2109 omnes
1342 2069 1490 2119 ISTIS,
1525 2068 1758 2108 LOCUTUS
1807 2069 1902 2107 csr
1949 2068 2097 2108 NOBIS
2137 2071 2188 2109 IN

590 2148 778 2216 Ftuo;
806 2163 869 2203 ac
899 2148 942 2202 si
969 2148 1111 2202 dicat
1138 2166 1150 2201 :
1176 2148 1302 2218 quid
1333 2147 1526 2201 mirum
1558 2147 1601 2201 si
1631 2147 1872 2216 patribus
1896 2147 2043 2200 misit
2067 2161 2190 2216 pro-

591 2242 807 2312 phe'as,
833 2252 887 2296 et
932 2257 1025 2310 per
1053 2255 1146 2295 cos
1175 2241 1253 2296 eis
1280 2241 1485 2295 locutus
1511 2251 1612 2304 est,
1644 2240 1733 2308 qui
1781 2240 1936 2294 nobis
1969 2255 2062 2307 per
2102 2239 2190 2294 Fi-

589 2331 726 2389 lium
770 2343 853 2389 est
894 2333 1148 2387 locutus?
1197 2332 1305 2387 Illis
1351 2333 1638 2402 prophetas
1676 2331 1982 2397 destinavit,
2036 2331 2226 2390 nobis-

592 2425 790 2482 Filium
819 2441 974 2480 suum
1005 2425 1185 2491 misit,
1219 2434 1272 2479 et
1301 2438 1396 2493 per
1420 2439 1541 2479 eum
1576 2424 1717 2493 loqui
1745 2424 1914 2492 .nobis
1943 2423 2190 2494 dignatus

594 2530 697 2577 est.
730 2520 808 2576 De
849 2536 954 2589 quo
991 2517 1274 2575 Matthteus
1305 2518 1436 2571 dicit
1477 2534 1491 2570 :
1525 2516 1655 2570 Erat
1701 2517 1886 2570 docens
1931 2532 2016 2570 eos
2060 2519 2192 2572 sicut

594 2625 892 2688 potestatem
923 2615 1110 2670 habens
1129 2658 1144 2682 ,
1176 2631 1278 2668 non
1310 2617 1439 2667 sicut
1485 2614 1785 2671 Scribarum
1824 2625 1870 2668 et
1901 2614 2195 2670 Pharisaeo-

596 2728 735 2764 rum.
767 2710 887 2777 Ipse
915 2707 1007 2778 qui
1039 2706 1306 2776 quondam
1340 2722 1434 2776 per
1463 2707 1794 2777 patriarchas
1824 2717 1877 2762 et
1908 2709 2194 2778 prophetas

593 2803 935 2872 loquebatur,
970 2815 1064 2870 per
1090 2800 1438 2870 semetipsum
1471 2799 1616 2869 loqui
1640 2799 1887 2869 dignatus
1916 2809 2020 2854 est.

666 2917 825 2985 Quen
864 2931 1176 2972 CONSTITUI'I‘
1215 2931 1484 2970 ILEREDEK
1512 2929 1905 2970 unrvcnsouuu.
1960 2915 2196 2971 Hmredi-

595 3025 677 3070 tas
707 3013 772 3067 ab
804 3013 955 3076 hero,
988 3011 1041 3065 id
1071 3019 1154 3065 est
1183 3025 1214 3065 a
1257 3010 1367 3064 Deo
1393 3009 1531 3064 dicta
1577 3018 1690 3074 est,
1721 3010 1863 3080 quod
1913 3024 1976 3065 ea
2027 3010 2195 3066 libera

594 3114 864 3177 potestate
894 3106 1146 3160 donetur.
1183 3102 1476 3158 Constituit
1506 3102 1670 3158 Pater
1697 3102 1892 3158 Filium
1923 3102 2192 3159 haeredetn

597 3202 1000 3263 universorum,
1030 3197 1080 3252 id
1110 3205 1193 3253 est
1228 3197 1389 3252 totius
1414 3197 1596 3250 mundi
1630 3211 1750 3250 cum
1795 3196 1926 3251 dicit
1961 3214 1974 3248 :
2007 3195 2196 3250 Omnia

598 3294 866 3366 subjecisti
895 3293 986 3346 sub
1013 3293 1223 3362 pedibus
1259 3296 1391 3363 ejus.
1416 3291 1568 3346 Unde
1590 3299 1641 3346 et
1668 3291 1806 3346 idem
1834 3291 1999 3348 Filius
2021 3292 2151 3347 dicit
2178 3311 2190 3346 :

598 3388 714 3459 Ego
746 3394 916 3440 autem
945 3386 1253 3439 constitutus
1282 3400 1396 3437 sum
1425 3398 1520 3436 rex
1545 3384 1607 3436 ab
1629 3399 1707 3437 eo.
1739 3383 2043 3452 Resurgens
2066 3399 2195 3455 ergo

599 3495 631 3533 a
671 3479 898 3534 mortuis
926 3477 1105 3531 datam
1132 3475 1230 3530 sibi
1263 3474 1456 3530 asserit
1479 3483 1828 3544 potestatem;
1853 3475 2151 3530 sicutidem
2179 3494 2192 3530 :

599 3571 742 3628 Data
763 3580 834 3625 est
866 3569 990 3623 mihi
1007 3569 1169 3622 omnis
1188 3574 1409 3636 potestas
1429 3563 1628 3619 in'caelo
1650 3573 1699 3618 et
1728 3566 1780 3618 in
1812 3576 1970 3618 terra.
2007 3565 2070 3621 Et
2097 3567 2196 3621 itc-

599 3679 719 3722 rum
753 3682 764 3716 :
795 3663 963 3718 Pater.
986 3678 1088 3716 non
1106 3659 1314 3732 judicat
1344 3674 1669 3729 quemquam,
1718 3659 1806 3712 sed
1856 3674 2002 3712 omne
2053 3660 2196 3726 iudi-

599 3760 736 3816 cium
761 3757 899 3813 dedit
929 3755 1091 3810 Filio.
1125 3753 1271 3824 Ergo
1298 3766 1402 3807 non
1446 3751 1554 3820 jam
1588 3751 1764 3821 portio
1813 3753 2024 3806 Domini
2073 3761 2194 3807 tan-

598 3863 716 3908 tum
742 3850 930 3916 Jacob,
963 3859 1016 3904 et
1045 3862 1163 3904 sors
1189 3846 1305 3916 ejus
1338 3847 1707 3900 tantummodo
1739 3845 1925 3913 Israel,
1955 3846 2050 3902 sed
2082 3861 2198 3901 om-

603 3961 700 4002 nes
731 3954 917 4013 gentes
947 3951 1001 3997 et
1029 3941 1306 4006 nationes,
1344 3947 1455 3993 toto
1480 3939 1612 3994 orbe
1653 3937 1898 4004 diffusas,
1943 3940 1994 3993 in
2027 3940 2198 3996 haere-

603 4039 826 4091 ditatem
858 4033 1130 4103 sanguinis
1157 4031 1354 4087 Christi
1381 4030 1777 4100 amplectimur.
1815 4029 1881 4085 Ut
1909 4031 1964 4084 in
1994 4033 2198 4088 nomine

601 4126 728 4182 Iesu
757 4142 902 4180 omne
930 4141 1065 4196 genu
1092 4127 1365 4193 ﬂectatur;
1392 4123 1446 4177 in
1477 4123 1528 4176 id
1559 4122 1703 4193 quod
1747 4123 1907 4178 homo
1935 4127 2198 4180 constitu-

601 4233 688 4276 tus
716 4228 799 4275 est
823 4234 851 4273 a
878 4219 1054 4277 Patre.
1077 4225 1132 4272 et
1158 4217 1333 4271 omnia
1355 4217 1404 4272 ei
1426 4217 1664 4285 subjecta
1689 4226 1814 4272 sunt
1839 4219 1905 4273 ab
1926 4233 2022 4285 eo;
2061 4219 2109 4274 in
2141 4219 2194 4274 id

601 4315 742 4385 quod
771 4313 988 4383 aequalis
1020 4310 1199 4377 Patri,
1233 4309 1373 4365 idem
1422 4309 1587 4365 Filius
1631 4311 1800 4366 dicit:
1849 4309 2035 4366 Omnia
2083 4330 2195 4368 mea

602 4422 692 4466 tua
715 4419 852 4479 sunt,
883 4419 931 4465 et
956 4417 1044 4463 tua
1073 4423 1208 4462 mea.
1242 4405 1357 4461 PER
1385 4421 1525 4468 oueu
1547 4421 1704 4461 rccrr
1727 4419 1959 4462 suum.
1987 4407 2192 4463 Subau-

604 4507 749 4561 ditur
778 4520 872 4575 per
905 4502 1092 4557 filium.
1126 4499 1302 4556 Utitur
1329 4499 1431 4554 hoc
1462 4499 1600 4569 apud
1631 4501 1912 4554 haereticos
1932 4501 2021 4571 qui
2048 4500 2191 4556 dice.

603 4599 734 4652 bant
767 4614 779 4650 :
815 4596 869 4654 Si
897 4603 980 4650 est
1007 4594 1276 4662 Christus,
1305 4600 1423 4647 erat
1451 4600 1661 4662 tempus
1685 4592 1898 4662 quando
1921 4608 2025 4648 non
2053 4606 2189 4664 erat,

597 4690 696 4747 sed
727 4689 776 4744 in
811 4689 911 4742 hoc
936 4702 1030 4743 eos
1052 4686 1280 4742 destruit
1308 4701 1430 4741 cum
1461 4685 1588 4740 dicit
1622 4702 1637 4740 :
1673 4685 1777 4739 Per
1803 4703 1952 4755 quem
1998 4688 2117 4756 fecit
2146 4699 2193 4741 et

597 4783 810 4838 saecula.
841 4779 992 4848 Quod
1018 4780 1163 4834 enim
1190 4778 1352 4846 dicit,
1388 4787 1441 4834 et
1469 4795 1618 4848 quem
1647 4780 1907 4833 constituit
1941 4781 2194 4834 hwredem

595 4876 976 4937 universorum,
1013 4871 1080 4926 ad
1125 4871 1506 4928 humanitatem
1555 4873 1806 4941 pertinet.
1860 4872 2013 4938 Quod
2064 4889 2193 4929 vero

596 4965 826 5032 addidit,
857 4981 948 5036 per
965 4980 1115 5034 quem
1137 4965 1255 5033 fecit
1289 4975 1338 5019 et
1367 4965 1574 5031 saecula,
1607 4966 1672 5019 ad
1695 4966 2055 5023 divinitatem.
2092 4967 2194 5023 Per

594 5059 792 5118 Filium
823 5055 970 5114 enim
1016 5056 1145 5110 fecit
1170 5054 1312 5109 Deus
1362 5054 1523 5109 Pater
1571 5057 1794 5118 saecula.
1837 5058 1976 5112 sicut
2025 5058 2189 5115 habes

594 5150 858 5220 scriptum
889 5165 904 5202 :
941 5146 1004 5201 In
1030 5146 1282 5216 principio
1309 5147 1429 5215 fecit
1473 5147 1610 5201 Deus
1651 5165 1832 5202 coetum
1877 5160 1925 5205 et
1977 5161 2186 5206 terram,

597 5241 847 5298 Ostendit
875 5253 997 5294 eum
1023 5244 1148 5291 ante
1172 5237 1356 5292 omnia
1381 5238 1577 5294 sascula
1597 5236 1764 5295 fuisse
1785 5255 1905 5296 cum
1929 5241 2108 5308 Patre,
2134 5253 2189 5300 et

593 5347 715 5389 cum
750 5346 812 5387 eo
855 5330 1035 5386 omnia
1063 5330 1391 5386 condidisse.
1424 5331 1577 5388 Unde
1607 5341 1659 5387 et
1686 5333 1921 5390 Joannes
1949 5351 1964 5389 :
1998 5336 2184 5391 Omnia

593 5438 684 5491 per
711 5423 880 5490 ipsum
910 5424 1047 5490 facta
1071 5430 1210 5476 sunt.
1244 5421 1312 5477 Et
1355 5423 1470 5492 ipse
1502 5425 1552 5478 in
1585 5423 1856 5492 Sapientia
1898 5426 2134 5495 loquitur
2165 5446 2178 5480 :

594 5510 842 5566 Dominus
870 5513 1091 5581 possedit
1119 5529 1198 5567 me
1223 5514 1276 5566 in
1328 5515 1476 5569 initio
1523 5516 1720 5568 viarum
1769 5534 1999 5572 suarum.
2032 5517 2182 5574 Sicut

588 5605 730 5658 enim
761 5604 1026 5658 neminem
1046 5604 1250 5673 judicat
1272 5605 1451 5671 Pater,
1475 5607 1566 5661 sed
1590 5609 1770 5662 omnia
1793 5610 1920 5664 dicit
1935 5610 2180 5679 judicare

588 5710 683 5764 per
715 5694 932 5759 Filium,
964 5711 1120 5762 quem
1145 5696 1381 5764 judicent
1411 5699 1615 5767 genuit,
1661 5701 1740 5754 sic
1789 5701 1949 5755 etiam
1981 5702 2176 5757 dicitur

585 5786 800 5852 operari
833 5801 928 5852 per
959 5785 1174 5851 Filium,
1205 5805 1361 5855 quem
1391 5801 1601 5846 constat
1628 5791 1876 5861 opiﬁcem
1899 5795 2169 5862 genuisse.

656 5874 759 5938 QUI
786 5885 889 5928 con
917 5890 998 5930 ξιτ
1026 5889 1291 5934 βριεμυοιι
1313 5894 1539 5937 atoma.
1573 5882 1688 5954 Ipse
1715 5893 1798 5940 est
1816 5881 1958 5941 enim
1989 5885 2171 5956 splen-

2299 1974 2381 2020 ter
2409 1967 2650 2036 praecipit
2674 1967 2897 2024 dicens:
2921 1968 3045 2025 Fiat
3067 1971 3158 2026 lua:
3182 1981 3235 2027 et
3261 1973 3438 2028 Filius
3459 1974 3721 2040 obedierit;
3740 1977 3821 2045 quia

2294 2060 2547 2126 ostendit,
2580 2061 2721 2132 quod
2749 2076 2849 2118 suo
2872 2063 3038 2119 verbo
3063 2073 3252 2120 cuncta
3275 2064 3528 2136 perfecit,
3561 2076 3750 2136 portans,
3769 2069 3818 2121 iu-

2293 2155 2429 2224 quit,
2459 2157 2634 2210 omnia
2653 2197 2667 2221 ,
2701 2155 2756 2211 id
2781 2166 2864 2212 cst
2888 2157 3214 2229 gubernans.
3245 2157 3507 2216 Continet
3536 2175 3733 2232 namque
3761 2176 3820 2215 ca-

2301 2247 2508 2314 dentia,
2555 2257 2611 2304 et
2636 2249 2702 2304 ad
2731 2249 2954 2304 nihilum
2986 2251 3278 2307 tendentia.
3312 2252 3471 2308 Sicut
3513 2256 3644 2310 enim
3679 2254 3820 2324 absque

2296 2341 2407 2396 ullo
2438 2342 2622 2398 labore
2650 2354 2844 2399 cuncta
2875 2346 3077 2400 creavit
3098 2361 3162 2401 ex
3187 2347 3389 2417 nihilo,
3418 2347 3564 2417 juxta
3596 2348 3714 2418 quod
3734 2349 3820 2401 scri-

2294 2443 2444 2505 ptum
2474 2445 2556 2490 est
2601 2455 2612 2488 :
2657 2437 2759 2501 Qui
2803 2447 2971 2493 manet
3000 2440 3054 2492 in
3081 2450 3357 2506 teternum,
3404 2451 3585 2495 cuncta
3609 2442 3758 2495 crearit
3777 2441 3818 2494 si-

2295 2527 2434 2591 mul;
2460 2529 2536 2582 sic
2563 2529 2741 2582 omnia
2770 2530 2909 2600 regit
2934 2539 2986 2584 et
3018 2532 3264 2586 continet
3291 2541 3351 2587 et
3381 2543 3558 2603 portat
3585 2535 3748 2602 alisque
3768 2534 3818 2585 lt-

2298 2621 2452 2675 bore.
2499 2618 2566 2673 In
2607 2620 2716 2690 ipso
2745 2620 2878 2674 enim
2931 2622 3160 2688 vivimus,
3212 2636 3478 2678 movemur
3517 2633 3562 2679 et
3605 2641 3759 2688 sumus,
3787 2633 3818 2678 et

2302 2710 2476 2764 omnia
2499 2711 2551 2764 in
2580 2711 2690 2781 ipso
2727 2721 2979 2778 constant,
3006 2714 3148 2769 sicut
3178 2714 3319 2771 idem
3347 2717 3615 2786 apostolus
3640 2716 3738 2770 alibi
3759 2715 3818 2769 ait.

2298 2804 2485 2874 Neque
2523 2805 2667 2861 enim
2713 2806 2911 2878 aliquid
2954 2809 3245 2865 subsistere
3275 2819 3526 2880 poterat,
3557 2809 3648 2865 nisi
3683 2824 3753 2879 per
3783 2824 3818 2864 se

2300 2897 2487 2951 omnia
2537 2896 2856 2952 contineret.
2888 2898 2954 2954 Et
2997 2898 3098 2954 hoc
3141 2910 3222 2956 est
3250 2901 3400 2970 quod
3425 2902 3540 2972 ipse
3561 2900 3703 2956 Filius
3736 2898 3819 2954 dicit

2296 2990 2542 3046 ludatis:
2587 2990 2747 3047 Pater
2793 3008 2931 3047 meus
2983 3010 3142 3064 usque
3181 2994 3338 3048 modo
3394 3005 3655 3066 operatur,
3687 3004 3726 3047 et
3761 3009 3819 3062 ego

2300 3100 2503 3153 aperor.
2535 3083 2667 3138 'I‘am
2701 3082 2853 3157 [Cod.
2876 3126 2890 3152 ,
2921 3085 3047 3157 non]
3093 3087 3237 3141 enim
3270 3088 3474 3144 missus
3518 3097 3594 3143 est
3629 3086 3819 3158 gubema-

2300 3190 2362 3230 re
2391 3177 2647 3231 mundum
2677 3192 2836 3245 qualn
2865 3192 3070 3232 creare.
3103 3178 3330 3246 Quando
3358 3184 3504 3237 enim
3553 3190 3730 3236 creatus
3767 3186 3819 3234 est

2224 3251 2273 3316 (ἶ
2305 3269 2560 3336 mundus,
2592 3285 2656 3324 ex
2687 3269 2856 3325 nihilo
2887 3269 3024 3325 facta
3053 3281 3177 3326 sunt
3202 3274 3385 3328 omnia
3413 3286 3471 3329 ut.
3493 3283 3672 3330 essent.
3695 3272 3737 3327 ln
3756 3285 3818 3340 gu-

2301 3363 2617 3418 bernatione
2642 3380 2770 3419 vero
2797 3365 2973 3434 agitur
2996 3375 3054 3420 ut
3072 3381 3132 3422 ea
3155 3381 3276 3436 quae
3303 3379 3434 3424 sunt
3455 3369 3519 3424 ad
3542 3368 3732 3424 nihilum
3748 3380 3817 3420 non

2298 3456 2611 3527 redigantur
2639 3471 2738 3511 nec
2771 3468 3014 3526 pereant.

2370 3547 2753 3604 PUBGATIONEM
2786 3565 3133 3606 paces-roum:
3162 3567 3408 3609 nemus.
3439 3553 3698 3623 Postquam
3720 3549 3816 3606 enim

2298 3641 2573 3710 apostolus
2603 3644 2858 3712 ostendit,
2890 3646 3017 3714 quia
3045 3645 3224 3700 omnia
3257 3648 3583 3716 gubernaret
3623 3658 3669 3702 et
3697 3645 3816 3700 conti-

2299 3743 2451 3791 neret
2479 3735 2652 3792 Filius’
2665 3752 2785 3807 qua:
2828 3737 2974 3804 fecit,
3003 3739 3173 3794 voluit
3211 3740 3376 3796 etiam
3409 3742 3718 3798 manifestare
3740 3739 3817 3807 ejus

2305 3843 2513 3899 curam,
2546 3829 2664 3900 ejus
2692 3830 3137 3895 misericordiam.
3162 3848 3323 3903 quam
3357 3850 3483 3906 erga
3510 3849 3601 3889 nos
3619 3829 3815 3893 exhibuit,

2278 3918 2482 3973 dicens
2527 3937 2538 3972 :
2573 3919 2942 3991 Purgationcm
2970 3933 3295 3992 peccatorum
3327 3927 3541 3996 faciens.
3572 3924 3698 3980 Fecit
3719 3921 3816 3977 enim

2298 4013 2669 4081 purgationem
2702 4023 3067 4085 peccatorum,
3104 4017 3318 4086 quando
3348 4019 3584 4089 pendens
3609 4019 3654 4073 in
3687 4028 3814 4079 cnice,

2301 4117 2486 4174 aperto
2527 4107 2692 4162 latere
2718 4108 2833 4177 ejus
2874 4110 3115 4164 manavit
3143 4112 3366 4180 sanguis
3394 4121 3449 4168 et
3491 4128 3614 4183 aqua
3656 4123 3732 4181 pro
3761 4120 3816 4160 re-

2309 4197 2618 4267 demptione
2650 4209 2856 4266 nostra,
2887 4199 3104 4256 dicente
3132 4203 3380 4269 apostolo
3409 4222 3421 4256 :
3455 4203 3618 4272 Empti
3639 4202 3744 4255 enim
3764 4213 3814 4251 cs-

2302 4292 2367 4346 tis
2396 4293 2558 4360 pretio
2583 4308 2792 4362 magno.
2823 4293 2890 4348 Et
2917 4292 3046 4348 illud
3079 4311 3092 4347 :
3126 4293 3228 4362 Qui
3255 4295 3442 4351 dilexit
3473 4313 3556 4350 nos
3578 4305 3620 4350 et
3641 4294 3738 4347 lauit
3757 4303 3814 4340 not

2297 4402 2329 4438 a
2351 4386 2571 4456 peccatis
2598 4386 2786 4440 nostris
2813 4386 2868 4439 in
2896 4387 3146 4457 sanguine
3187 4403 3298 4442 suo.
3333 4389 3409 4444 De
3442 4389 3536 4443 hac
3574 4385 3812 4457 purgatione

2299 4488 2643 4549 peccatorum
2675 4494 2772 4550 per
2812 4480 3028 4535 Petrum
3057 4480 3249 4536 dicitur
3277 4499 3289 4535 :
3324 4483 3426 4550 Qui
3466 4494 3654 4555 peccata
3690 4488 3812 4532 nostra

2300 4573 2410 4642 ipse
2440 4573 2646 4640 pertulit
2674 4573 2727 4626 in
2753 4588 2966 4642 corpore
2989 4589 3082 4627 suo
3112 4589 3267 4643 super
3291 4574 3505 4646 lignum.
3538 4571 3666 4627 Facit
3687 4567 3810 4640 quoti-

2303 4666 2390 4720 die
2417 4668 2794 4736 purgationem
2816 4676 3158 4735 peccatorum
3184 4683 3277 4738 per
3303 4669 3644 4738 baptismum;
3670 4665 3722 4719 de
3741 4672 3812 4728 (1υο

2301 4759 2494 4814 dicitur
2543 4776 2556 4810 :
2612 4759 2872 4829 Quotquot
2917 4759 3214 4815 credidistis
3247 4805 3262 4831 ,
3319 4759 3572 4815 Christum
3612 4752 3808 4811 induistis.

2305 4850 2455 4906 Facit
2480 4852 2640 4907 etiam
2668 4851 3040 4922 purgationem
3070 4862 3412 4922 peccatorum
3434 4894 3447 4918 ,
3479 4866 3591 4908 cum
3629 4845 3810 4903 ﬁdelibus

2305 4941 2418 4996 suis
2437 4955 2632 5011 corpus
2659 4952 2713 4997 et
2737 4943 3049 5014 sanguinem
3075 4960 3229 5000 suum
3254 4944 3343 4999 dat
3369 4941 3716 5002 comedendum
3733 4936 3808 5004 ipse

2288 5035 2378 5104 qui
2424 5034 2554 5090 dicit
2579 5051 2593 5088 :
2651 5034 2761 5108 Ego
2782 5052 2895 5091 sum
2923 5039 3072 5108 panis
3097 5040 3237 5092 vivus
3261 5040 3351 5109 qui
3377 5040 3439 5094 de
3467 5040 3581 5092 coelo
3606 5027 3808 5090 descendi;

2286 5138 2339 5183 et
2364 5145 2378 5184 :
2411 5127 2542 5183 Caro
2569 5145 2681 5184 mea
2702 5145 2816 5183 vere
2857 5141 2930 5184 est
2959 5130 3123 5196 cibus,
3154 5140 3203 5186 et
3243 5134 3452 5203 sanguis
3480 5146 3607 5184 meus
3644 5140 3732 5181 uere
3752 5126 3804 5174 ια

2287 5232 2458 5290 potus.
2503 5223 2570 5278 Et
2619 5223 2809 5278 iterum
2841 5241 2854 5277 :
2885 5225 2986 5278 nisi
3037 5225 3457 5281 manducaveritis
3496 5239 3676 5281 carnem
3715 5210 3805 5270 Filii

2291 5315 2509 5370 hominis
2530 5357 2544 5380 ,
2579 5325 2627 5369 et
2651 5315 2877 5369 biberitis
2907 5319 3019 5388 ejus
3043 5320 3366 5390 sanguinem,
3398 5334 3496 5374 non
3521 5310 3724 5371 habebitis
3747 5304 3798 5359 εἰ·

2291 5417 2396 5460 tam
2421 5408 2473 5460 in
2495 5407 2652 5461 vobis.
2687 5408 2751 5462 Et
2775 5425 2788 5461 :
2828 5409 2933 5475 Qui
2956 5411 3236 5466 manducat
3263 5429 3428 5469 meam
3446 5425 3629 5468 carnem
3651 5414 3690 5459 et
3709 5398 3792 5455 bibi!

2290 5505 2455 5542 meum
2485 5490 2802 5560 sanguinem,
2836 5490 2889 5544 in
2934 5507 3014 5544 me
3059 5504 3228 5548 manet
3267 5503 3316 5548 et
3369 5511 3459 5568 ego
3501 5495 3549 5544 in
3576 5491 3685 5558 ipso.
3723 5481 3796 5534 Ιιυ·

2290 5580 2382 5623 rus
2407 5582 2633 5637 namque
2659 5569 2723 5622 ad
2750 5571 3053 5638 passionem
3077 5571 3352 5643 discipulis
3380 5575 3450 5627 ait
3475 5589 3488 5626 :
3514 5568 3617 5623 Hoc
3633 5573 3693 5620 est
3710 5573 3792 5612 cof-

2285 5666 2381 5718 pus
2410 5666 2575 5703 meum
2598 5651 2736 5720 quod
2764 5666 2859 5720 pro
2886 5652 3023 5706 vobis
3046 5654 3277 5708 tradetur
3307 5658 3360 5710 in
3388 5651 3695 5710 renu'ssionem
3712 5652 3792 5707 ρει·

2283 5740 2537 5784 catorum.
2567 5730 2710 5785 Sicut
2739 5732 2882 5785 enim
2922 5731 3058 5802 ignis
3099 5734 3369 5804 liquefacit
3396 5748 3594 5797 ceram,
3627 5735 3672 5782 et
3697 5721 3792 5775 sicut

2283 5810 2496 5865 ﬂamma
2520 5810 2785 5865 comburit
2812 5811 3064 5881 stipulam
3086 5855 3102 5882 ,
3132 5812 3209 5869 sic
3255 5817 3454 5870 minora
3502 5817 3685 5882 peccata
3724 5808 3792 5870 Iler

2228 5957 2244 5965 _
2281 5889 2744 5962 participationem
2796 5893 3043 5964 corporis
3083 5903 3138 5954 et
3178 5893 3449 5966 sanguinis
3477 5885 3786 5950 Ghrlstlmm
