4042 6348
247 459 3512 493 —-———-———-————-—-——-——————n———u—————_—_——_

1609 574 2158 736 XVIII.

231 779 460 847 Lectio
483 774 782 860 Epistolas
809 779 838 841 Ι
867 779 1036 871 beati
1066 779 1231 871 Petri
1262 778 1536 871 apostoli
1571 777 1666 871 (v,
1689 777 1760 871 6.)¹
1785 776 2236 871 :‘Qharissimi,
2269 780 2696 871 humiliamini
2723 783 2834 846 sub
2863 787 3113 866 potenti
3139 803 3329 850 manu
3356 786 3470 852 Dat
3488 836 3509 871 ,

919 868 993 922 ut
1025 878 1133 922 vos
1163 857 1364 938 {Cod},
1396 861 1532 936 nos]
1565 857 1831 920 extollat
1857 857 1925 918 in
1959 867 2230 937 tempore
2258 863 2670 940 uisitationis,
2703 871 2822 929 etc.

1425 1001 1860 1061 COMMENTUM
1898 1001 2335 1064 LUCULENTII.

312 1144 626 1204 Humiliatio
653 1143 793 1201 enim
811 1141 996 1198 ultima
1019 1140 1365 1212 intelligitur;
1390 1154 1512 1196 nam
1537 1136 1818 1209 unusquis-
1847 1127 1912 1202 Α’
1928 1141 2178 1201 Diabolus
2204 1149 2348 1204 enim
2378 1149 2715 1210 adversarius
2753 1164 2911 1227 atque
2961 1155 3131 1213 hostis
3176 1165 3261 1214 est
3302 1174 3516 1230 generis

231 1255 343 1314 que
367 1254 428 1297 se
455 1238 737 1294 bumiliare
761 1237 922 1293 debet
960 1234 1273 1306 jejunando,
1307 1233 1533 1298 orando,
1568 1231 1822 1287 obedien-

231 1333 327 1399 do,
361 1332 625 1402 patienter
652 1330 874 1384 adversa
906 1327 1184 1383 tolerando
1207 1370 1222 1394 ,
1258 1335 1478 1396 propter
1505 1325 1635 1379 illud
1679 1322 1820 1392 quod

231 1425 494 1495 scriptum
525 1432 608 1478 est
638 1440 651 1477 :
689 1421 866 1476 Omnis
892 1421 977 1491 qui
1005 1436 1061 1474 se
1105 1418 1301 1474 exultat
1347 1418 1725 1484 humiliabitur,
1774 1424 1822 1470 et

231 1520 322 1590 qui
352 1533 406 1574 se
447 1516 685 1571 humiliat
714 1514 1049 1572 excitabitur.
1101 1512 1380 1566 Huiuiliari
1430 1525 1529 1566 nos
1582 1508 1823 1578 praecipit

232 1609 508 1682 apostolus
555 1607 742 1662 Petrus
789 1605 1021 1660 dicens:
1056 1604 1400 1659 HUIILIAMINI
1450 1618 1543 1657 sua
1591 1615 1819 1657 POTENTI

233 1720 378 1762 usu
409 1705 528 1758 DEI.
554 1701 834 1756 Humilitas
854 1701 996 1756 enim
1027 1698 1369 1755 multiformis
1393 1708 1473 1753 est
1496 1697 1687 1768 gratia.
1716 1694 1824 1748 Hu-

230 1799 389 1854 miles
419 1810 523 1851 non
549 1802 762 1865 oportet
801 1808 922 1848 esse
952 1800 1172 1862 propter
1208 1790 1342 1846 illud
1369 1790 1514 1859 quod
1561 1789 1822 1844 Dominus

232 1891 309 1947 ait
337 1907 352 1944 :
383 1889 578 1944 Discite
621 1905 654 1942 a
681 1903 762 1941 me
791 1889 914 1957 quia
943 1886 1103 1952 mitis,
1137 1901 1273 1951 sum,
1303 1894 1351 1938 et
1395 1883 1606 1937 humilis
1643 1882 1814 1937 corde.

230 1984 302 2040 Et
323 1982 444 2038 alibi
475 2000 491 2040 :
520 1980 691 2052 Super
718 1996 870 2050 quem
897 1981 1229 2049 requiescam,
1253 1978 1355 2031 nisi
1378 1993 1534 2048 super
1553 1976 1817 2038 humilem,

229 2088 277 2133 et
305 2077 552 2147 quietum,
585 2087 630 2130 et
661 2085 957 2129 trementem
985 2088 1242 2127 sermones
1269 2071 1448 2125 meos?
1477 2069 1587 2126 Sub
1627 2069 1820 2140 potenti

228 2185 387 2224 manu
414 2168 532 2223 Dei.
566 2168 751 2223 Manus
777 2166 922 2222 enim
953 2163 1048 2221 Dei
1077 2164 1362 2236 aliquoties
1389 2163 1704 2235 intelligitur
1733 2162 1821 2216 Fi-

227 2264 372 2332 lius,
412 2263 694 2334 aliquoties
739 2261 1002 2333 protectio
1046 2261 1255 2326 divina;
1305 2261 1473 2315 Filius
1512 2256 1820 2327 intelligitur

225 2379 454 2430 manus,
504 2371 562 2417 ut
605 2369 690 2417 est
736 2360 867 2415 illud
918 2359 1334 2430 propheticum:
1369 2356 1559 2411 Emitte
1608 2371 1818 2408 manum

224 2465 368 2513 tuam
389 2457 452 2512 de
479 2456 607 2510 alto.
633 2454 901 2510 Protectio
923 2453 1122 2518 divina,
1155 2462 1213 2508 ut
1242 2452 1486 2508 est'illud
1512 2470 1525 2504 :
1552 2450 1720 2504 Facta
1743 2457 1818 2504 est

1927 1231 2167 1303 humani,
2199 1241 2289 1308 qui
2319 1242 2387 1295 ab
2418 1243 2569 1298 initio
2599 1248 2780 1303 mundi
2811 1263 3024 1321 semper
3071 1261 3285 1306 sanctos
3334 1269 3516 1323 perse-

1926 1327 2013 1395 qui
2039 1343 2143 1383 non
2189 1331 2440 1402 destitit,
2493 1346 2653 1406 atque
2695 1338 2874 1396 caulas
2920 1341 3157 1397 ﬁdelium
3208 1342 3516 1418 dispergere

1926 1418 2130 1476 nititur.
2184 1421 2292 1478 Leo
2340 1441 2566 1498 namque
2608 1429 2800 1487 dicitur
2836 1433 3099 1504 diabolus,
3150 1451 3254 1491 non
3303 1449 3518 1510 pr0pter

1925 1510 2308 1584 fortitudinem,
2341 1521 2436 1575 sed
2481 1533 2699 1593 propter
2724 1528 2984 1582 saevitiam
3011 1547 3024 1596 ;
3059 1531 3183 1600 quia
3209 1548 3314 1587 non
3342 1533 3514 1588 solum

1926 1609 2133 1664 occulte
2162 1613 2462 1681 insidiatur,
2494 1633 2676 1673 verum
2707 1621 2867 1676 etiam
2893 1633 3076 1693 aperte
3101 1625 3270 1682 saevit.
3295 1627 3517 1683 Occulte

1927 1701 2226 1771 insidiatur,
2286 1708 2408 1778 quia
2461 1727 2840 1785 nonnunquam
2893 1733 2987 1788 per
3035 1719 3269 1777 nefarias
3315 1723 3518 1793 cogita-

1924 1793 2098 1850 tiones
2130 1797 2319 1855 suadet
2345 1803 2603 1872 aliquem,
2629 1822 2723 1875 per
2750 1811 3197 1881 gastrimargiam,
3225 1829 3320 1884 per
3345 1815 3519 1870 ebrie-

1927 1893 2112 1952 tatem,
2141 1904 2233 1957 per
2258 1893 2556 1961 avaritiam,
2590 1901 2898 1969 supplantat
2923 1903 3220 1974 iracundia,
3253 1907 3339 1962 vel
3363 1907 3518 1963 luxu-

1927 1979 2003 2032 ria
2050 1980 2336 2049 inquinat:
2389 1987 2620 2058 aliquem
2666 2007 2793 2047 vero
2844 2005 2899 2050 ut
2953 1997 3037 2052 leo
3093 1998 3281 2066 saevit,
3335 2008 3519 2072 aperte

1926 2074 2264 2142 persequitur
2286 2076 2582 2149 hominem,
2621 2083 2757 2138 sicut
2799 2086 2883 2141 hic
2905 2088 3036 2145 dicit
3072 2087 3266 2148 Petrus
3296 2101 3517 2162 aposto-

1926 2164 2009 2219 lus
2043 2183 2055 2231 ;
2090 2167 2423 2226 Adversarius
2446 2185 2605 2230 vester
2635 2177 2872 2235 diabolus
2904 2191 3151 2254 tanquam
3180 2187 3258 2240 leo
3287 2187 3518 2257 rugiens,

1925 2261 2103 2313 circuit
2131 2280 2360 2332 quaerens
2389 2284 2538 2337 quem
2578 2270 2801 2328 devoret.
2851 2275 3102 2333 Diabolus
3151 2281 3296 2335 enim
3328 2281 3518 2338 circuit

1926 2366 2356 2426 unumquemque
2389 2371 2656 2428 nostrum,
2693 2367 3025 2436 prospiciens
3057 2370 3157 2425 sibi
3189 2371 3390 2427 aditum
3423 2388 3517 2444 per

1925 2458 2082 2512 quem
2112 2447 2410 2519 irrumpere
2441 2456 2626 2522 possit,
2655 2466 2815 2527 atque
2841 2460 3110 2530 decipere,
3147 2464 3200 2518 in
3230 2479 3333 2534 qua
3366 2476 3516 2535 parte

223 2565 384 2621 super
399 2566 479 2604 me
494 2564 679 2604 manus
699 2545 929 2603 Domini.
950 2547 1056 2603 Sed
1080 2546 1133 2600 in
1149 2545 1248 2600 hoc
1273 2546 1391 2600 loco
1409 2544 1673 2614 protectio
1693 2543 1821 2598 divi-
1849 2541 1898 2600 B
1924 2538 1989 2591 ad
2022 2542 2352 2607 peccandum
2383 2545 2528 2600 videt
2554 2562 2676 2603 esse
2710 2552 3079 2619 procliviorem
3108 2554 3162 2610 in
3192 2572 3255 2611 ea
3286 2559 3514 2628 amplius

221 2658 290 2698 ua
321 2642 648 2714 intelligitur,
677 2650 812 2696 teste
835 2639 1148 2710 psalmista:
1176 2637 1459 2693 Protexisti
1482 2653 1581 2703 me,
1608 2636 1762 2701 Deus,
1785 2652 1818 2688 a

222 2745 472 2792 conventu
493 2736 900 2807 malignantium.
927 2735 1038 2790 Sub
1057 2734 1212 2805 cujus
1235 2749 1395 2788 mann
1417 2748 1515 2787 nos
1539 2729 1814 2786 humiliari

221 2827 728 2894 debemus,scilicet
752 2828 854 2882 sub
879 2827 1060 2881 divina
1082 2828 1439 2897 prmectione,
1466 2837 1522 2881 ut
1545 2841 1642 2881 nos
1669 2825 1817 2880 exal-

222 2922 614 2991 tare.dignetur
643 2921 695 2974 in
724 2920 811 2975 die
837 2921 1174 2975 visitationis.
1228 2921 1293 2974 Et
1319 2936 1370 2974 IN
1400 2935 1647 2973 τεηρυιιε
1692 2933 1817 2973 VISI-

223 3029 473 3072 'I‘ATIONIS
498 3031 512 3079 ;
542 3013 645 3069 hoc
670 3023 751 3069 est
783 3015 835 3068 in
865 3014 951 3069 die
977 3013 1163 3083 judicii
1193 3014 1407 3082 quando
1429 3029 1620 3069 omnes
1644 3013 1818 3068 humi-

223 3111 301 3166 les
327 3108 550 3164 exaltari
583 3106 947 3172 merebuntur,
980 3119 1033 3160 et
1082 3107 1296 3177 superbi
1340 3105 1628 3170 humiliari,
1678 3106 1818 3160 sicut

222 3201 328 3274 iam
364 3200 607 3270 superius
639 3199 840 3254 dictum
869 3207 950 3253 est
986 3217 998 3251 :
1034 3199 1214 3252 Omnis
1235 3199 1322 3266 qui
1349 3215 1401 3252 se
1426 3199 1615 3252 exultat
1645 3199 1816 3252 humi-

225 3297 454 3364 liabitur,
484 3305 532 3349 et
558 3295 647 3363 qui
672 3311 725 3349 se
747 3295 986 3347 humiliat
1030 3294 1358 3348 exaltabitur.
1413 3293 1480 3347 Et
1508 3308 1697 3348 omnes
1727 3308 1815 3348 re-

221 3391 374 3464 probi
403 3404 508 3444 una
532 3404 652 3443 cum
684 3387 860 3458 capite
886 3403 983 3442 suo
1029 3386 1376 3457 projicientur
1424 3387 1476 3440 in
1523 3386 1816 3442 infernum.

221 3486 411 3540 DINEM
439 3496 874 3538 SOLLICITUDINBal
909 3496 1150 3535 VESTRAM
1182 3495 1547 3535 PBOJICIENTES
1591 3492 1642 3534 IN
1683 3496 1814 3548 EUII,

225 3595 450 3643 unum“
479 3593 575 3633 lPSI
603 3592 743 3633 cum
767 3589 864 3629 nsr
897 3590 962 3627 ne
988 3588 1157 3626 VOBIS.
1191 3572 1378 3627 Simile
1407 3583 1489 3626 est
1522 3571 1649 3625 illud
1673 3570 1818 3640 quod

219 3673 292 3727 ait
321 3670 580 3726 Psamista
610 3686 624 3724 :
660 3667 814 3721 Jacta
851 3666 1127 3736 cogitatum
1175 3675 1318 3717 tuum
1364 3667 1417 3717 in
1457 3661 1704 3719 Domino.
1752 3663 1820 3719 Et

223 3765 478 3821 Dominus
510 3764 562 3817 in
595 3760 882 3830 Evangelia
915 3775 933 3813 :
968 3758 1147 3811 Nolite
1175 3758 1386 3810 solliciti
1409 3772 1516 3810 esse
1548 3758 1771 3811 dicentes
1796 3771 1816 3809 :

222 3860 364 3928 Quid
381 3857 820 3922 manducabimus,
839 3864 929 3907 aut
950 3854 1075 3923 quid
1100 3853 1362 3907 bibemus?
1385 3855 1477 3906 scit
1499 3855 1633 3908 enint
1659 3853 1819 3908 Pater

1923 2630 2232 2689 inardescit.
2266 2635 2482 2692 Scilicet
2510 2651 2600 2693 aut
2632 2656 2725 2709 per
2753 2642 3063 2712 dexteram;
3117 2656 3328 2704 tentans
3369 2649 3515 2706 enim

1923 2725 2195 2782 hominem
2224 2730 2276 2783 in
2309 2730 2512 2800 majora
2536 2732 2665 2787 vitia
2700 2777 2716 2802 ,
2745 2737 2790 2790 si
2821 2737 3072 2808 decipere
3101 2756 3207 2797 non
3236 2743 3511 2813 praevalet,

1923 2822 2129 2876 minora
2179 2823 2357 2888 infert,
2411 2835 2465 2880 et
2514 2826 2581 2882 de
2629 2827 2771 2883 bono
2817 2833 2959 2901 quod
3018 2833 3160 2890 videt
3203 2838 3513 2906 superbiam

1919 2913 2133 2985 ingerit,
2152 2927 2206 2970 ut
2237 2919 2314 2972 sic
2332 2934 2428 2990 per
2447 2919 2722 2976 dexteram
2744 2935 2951 2993 partem
2987 2927 3330 2997 ingrediatur.
3350 2929 3504 2997 Quia,

1922 3021 1979 3066 ut
2005 3011 2114 3067 dixi
2144 3011 2212 3065 ab
2241 3011 2415 3078 initio,
2449 3027 2517 3067 ex
2553 3030 2658 3082 quo
2691 3019 2892 3083 primus
2925 3021 3086 3073 homo
3111 3021 3288 3089 justus
3316 3023 3450 3078 Abel
3483 3037 3512 3076 a

1921 3103 2049 3159 Cain
2078 3103 2241 3161 fratre
2269 3120 2366 3159 suo
2391 3121 2486 3176 per
2529 3107 2782 3163 invidiam
2821 3119 2902 3164 est
2943 3110 3318 3181 interemptus,
3343 3128 3512 3182 usque

1920 3198 1984 3252 ad
2015 3200 2255 3253 ultimum
2288 3209 2554 3269 sanctum,
2608 3203 2696 3272 qui
2752 3203 2802 3257 in
2852 3205 3010 3259 ﬁnem
3062 3216 3365 3262 nascnturus
3407 3217 3512 3274 est,

1919 3289 2163 3344 diabolus
2195 3294 2438 3363 persequi
2471 3310 2576 3350 non
2606 3305 2800 3349 cessat.
2835 3293 2931 3351 CUI
2986 3312 3261 3354 assus'nru
3309 3316 3512 3357 ronrss

1922 3397 1973 3436 IN
2002 3398 2146 3438 rise.
2179 3383 2458 3439 lmitamini
2491 3401 2618 3456 ergo
2647 3387 2939 3455 Christum,
2971 3390 3062 3459 qui
3091 3389 3363 3446 diabolum
3394 3403 3509 3448 len-

1922 3486 2146 3532 tatorem
2181 3477 2231 3531 in
2264 3477 2478 3533 deserto
2505 3480 2648 3533 vicit.
2683 3478 2751 3533 Et
2777 3490 2923 3547 nota,
2955 3480 3077 3551 quia
3109 3496 3229 3537 cum
3260 3482 3390 3538 dicit
3431 3499 3512 3537 re-

1919 3571 2100 3634 sistite,
2154 3570 2357 3625 addidit
2396 3573 2447 3625 in
2477 3572 2602 3641 ﬁde,
2631 3574 2752 3641 quia
2781 3573 2922 3627 nulla
2974 3574 3141 3629 virtus
3188 3576 3265 3631 sic
3319 3576 3512 3645 poterit

1919 3664 2189 3719 diabolum
2223 3674 2494 3733 prostrare
2519 3667 2789 3736 quomodo
2818 3667 2949 3722 fides
2981 3668 3232 3736 perfecta,
3292 3669 3359 3724 de
3406 3683 3512 3739 qua

1921 3756 2178 3812 Dominus
2207 3776 2220 3810 :
2257 3760 2317 3813 Si
2345 3760 2599 3812 haberet-is
2628 3761 2780 3827 ﬁdem
2809 3772 2865 3815 ut
2897 3777 3116 3830 granum
3165 3761 3380 3831 sinapis.
3425 3760 3511 3814 di-

1921 3853 2098 3906 caretis
2125 3852 2244 3904 huic
2276 3855 2455 3918 monti,
2481 3857 2718 3917 transire,
2749 3854 2970 3910 obediret
2991 3857 3150 3911 vobis.

218 3964 376 4009 vester
405 3954 526 4022 quid
556 3950 693 4005 vobis
721 3966 849 4019 opus
882 3957 977 4002 est.
1009 3946 1134 4001 ldeo
1157 3960 1370 4000 onmem
1398 3945 1814 4003 sollicitudinem
1843 3929 1891 3994 Ο
1994 3944 2254 4000 Summas
2279 3962 2494 4000 EMIDEM
2519 3963 2804 4003 rassnounu
2836 3966 2889 4004 ει
2917 3966 3032 4014 ρυκε
3072 3966 3123 4005 nv
3169 3967 3348 4007 uvuoo
3393 3968 3510 4020 es'r,

217 4059 456 4105 nostram
481 4049 531 4102 in
564 4061 686 4102 eum
721 4043 986 4115 projicere
1013 4042 1274 4097 debemus
1300 4083 1314 4109 ,
1346 4057 1376 4094 a
1403 4056 1510 4111 quo
1539 4056 1698 4096 omne
1722 4043 1819 4098 bo-

217 4159 346 4200 num
378 4143 559 4212 largiri
586 4141 876 4196 credimus.
903 4140 971 4194 Et
997 4138 1252 4208 quidquid
1280 4139 1575 4209 perfectum
1599 4178 1613 4202 ,
1662 4137 1818 4208 quid-

219 4235 347 4306 quid
377 4235 575 4289 bonnm
620 4243 704 4287 est
745 4231 888 4302 quod
939 4231 1046 4301 agit
1092 4231 1272 4296 homo,
1325 4231 1392 4284 ab
1429 4231 1557 4299 ipso
1599 4229 1816 4299 accipit,

219 4336 360 4382 teste
388 4326 587 4380 Jacobo
605 4325 695 4395 qui
724 4325 856 4380 dicit
880 4342 892 4377 :
930 4323 1092 4377 Omne
1118 4323 1294 4377 datum
1321 4326 1569 4393 Optimum
1599 4334 1645 4378 et
1671 4339 1821 4378 omne

219 4424 415 4476 donum
445 4421 726 4490 perfectum
765 4420 1031 4474 desursum
1084 4429 1176 4473 est.
1221 4419 1289 4473 Et
1333 4419 1460 4473 alibi
1508 4420 1765 4490 scriptum
1801 4438 1815 4475 :

222 4514 354 4583 Quis
382 4515 600 4585 speravit
629 4514 684 4567 in
716 4513 938 4568 Domino
968 4522 1017 4566 et
1046 4513 1288 4582 confusus
1314 4523 1387 4567 est
1411 4512 1434 4566 ?

294 4606 474 4663 Sonnn
505 4620 727 4661 ssrore.
758 4605 1034 4662 Sobrietas
1056 4605 1197 4661 enim
1224 4621 1330 4660 non
1353 4607 1526 4661 solum
1550 4609 1813 4678 corporis,

221 4699 318 4755 sed
346 4709 401 4755 et
449 4699 642 4754 anima:
686 4699 1028 4768 intelligenda
1076 4709 1178 4753 est.
1232 4698 1381 4754 Sicut
1419 4698 1561 4753 enim
1604 4701 1816 4755 sobrius

222 4789 384 4846 debet
412 4804 532 4845 esse
559 4789 721 4844 homo
751 4792 1015 4855 exterior,
1051 4805 1241 4860 parcus
1271 4791 1526 4846 videlicet
1556 4806 1584 4844 a
1616 4793 1735 4846 cibo
1764 4801 1818 4846 et

222 4894 380 4955 potu,
416 4896 637 4955 propter
662 4884 792 4939 illud
843 4884 982 4955 quod
1035 4884 1290 4939 Dominus
1336 4885 1506 4940 dicit:
1561 4885 1816 4939 Attendite

222 4991 290 5030 ne
313 4985 586 5047 graventur
613 4977 769 5030 corda
794 4984 960 5031 vestra
990 4976 1042 5029 in
1070 4975 1284 5044 crapula
1309 4984 1356 5029 et
1405 4977 1647 5031 ebrietate
1671 4993 1691 5039 ;
1742 4976 1813 5030 ita

223 5067 389 5124 homo
416 5068 638 5123 interior
656 5066 711 5122 in
733 5067 947 5138 vigiliis,
978 5066 1223 5136 jejuniis,
1273 5074 1328 5120 et
1372 5067 1722 5134 orationibus,
1761 5076 1818 5123 et

223 5161 435 5217 caeteris
457 5161 610 5216 bonis
646 5160 922 5230 operibus.
969 5158 1046 5214 Er
1084 5174 1329 5214 VlGlLA‘l‘B
1376 5160 1536 5227 jnste.
1585 5159 1816 5229 Vigilare

223 5272 326 5314 nos
355 5263 568 5327 oportet
599 5263 818 5325 propter
845 5254 976 5308 illud
1007 5253 1149 5324 quod
1180 5253 1439 5322 scripturn
1472 5263 1554 5309 est
1588 5272 1600 5307 :
1646 5253 1714 5307 Et
1742 5257 1816 5308 υἱ-

223 5325 406 5425 gilate
423 5351 588 5420 juste,
621 5357 667 5403 et
702 5347 858 5402 nolite
889 5363 1118 5416 peccare.
1167 5347 1232 5399 Et
1264 5346 1520 5402 Dominus
1551 5348 1603 5402 in
1638 5348 1816 5402 Evan-
1845 5325 1894 5386 D

221 5444 367 5517 gelio
395 5460 409 5496 :
447 5441 671 5514 Vigilate
699 5457 762 5494 ne
802 5441 894 5509 ﬁat
935 5443 1060 5509 fuga
1091 5447 1257 5494 vestra
1284 5441 1467 5505 hieme,
1491 5440 1567 5494 rel
1587 5440 1812 5497 sabbato.

225 5537 294 5594 Et
319 5536 511 5592 iterum
542 5553 556 5589 :
593 5535 706 5589 Hoc
734 5544 904 5588 autem
936 5536 1112 5588 scitote
1139 5535 1259 5604 quia
1303 5537 1347 5588 si
1390 5536 1542 5589 sciret
1592 5538 1819 5607 paterfa-

223 5631 393 5686 milias
424 5648 521 5702 qua
553 5632 676 5684 liora
707 5633 793 5700 fur
823 5630 1032 5692 veniret,
1079 5627 1313 5696 vigilaret
1364 5629 1552 5698 utique.
1583 5628 1691 5685 Sed
1715 5629 1817 5688 hoc

224 5724 280 5778 in
314 5724 432 5778 loco
463 5732 679 5792 pr0pter
700 5721 830 5792 quid
856 5737 953 5777 nos
974 5729 1183 5790 oportet
1204 5720 1447 5789 vigilare,
1473 5719 1817 5792 insequenter

225 5813 547 5879 ostenditur,
577 5829 700 5876 QUIA
743 5828 1098 5868 ADVERSABIUS
1138 5827 1342 5866 vnsren
1386 5826 1638 5867 DIABOLUS
1682 5829 1816 5869 TAN-

135 5921 146 5928 “
226 5919 374 5969 QUAM
394 5918 498 5962 ικο
539 5918 760 5962 ιυαιεκε
805 5917 1024 5963 CIBCUI'I‘
1065 5915 1314 5965 ρυιιιςαι
1361 5913 1502 5966 ρυιιί
1553 5915 1816 5962 ιιιςνοηετ.

1923 4054 2138 4094 vasum:
2179 4057 2608 4098 FRATERNITATIS
2659 4060 2818 4099 FIEBI.
2890 4047 3146 4102 Eamdem
3212 4051 3512 4119 passionem

1922 4133 2052 4188 dicit
2077 4135 2128 4189 in
2161 4138 2381 4201 mundo,
2416 4138 2619 4193 scilicet
2644 4155 2802 4209 quam
2830 4142 3078 4197 universa
3105 4145 3303 4214 patitur
3328 4146 3511 4203 Eccle-

1922 4229 2018 4284 sia.
2054 4227 2240 4284 Nullus
2269 4232 2412 4285 enim
2445 4231 2618 4288 ﬁdelis
2649 4234 2701 4287 in
2734 4235 2931 4290 mundo
2983 4244 3088 4305 est,
3140 4238 3227 4307 qui
3269 4239 3512 4295 brevium

1923 4323 2048 4378 vita:
2093 4333 2311 4378 :eternzc
2356 4323 2631 4395 percipere
2660 4327 2859 4396 cupiat,
2896 4337 2950 4382 ut
2995 4329 3110 4384 sine
3154 4332 3398 4398 passione
3448 4331 3512 4388 ad

1924 4425 2134 4486 portum
2169 4420 2446 4486 pervenire
2476 4420 2664 4488 possit,
2690 4421 2843 4490 juxta
2890 4423 3030 4490 quod
3077 4423 3332 4492 scriptum
3382 4434 3464 4479 est
3497 4442 3511 4479 :

1929 4509 2104 4566 Multa:
2122 4511 2476 4566 tribulationes
2495 4515 2770 4579 iustorum,
2797 4526 2842 4567 et
2873 4516 2936 4568 de
2964 4515 3044 4568 Itis
3073 4518 3302 4569 omnibus
3330 4517 3512 4570 libera-

1923 4605 1991 4658 vit
2021 4621 2123 4658 eos.
2158 4605 2220 4659 Et
2252 4606 2390 4671 ideo,
2425 4607 2467 4660 si
2499 4606 2756 4662 fuerimus
2786 4608 2914 4660 socii
2950 4608 3241 4676 paSsionis,
3274 4609 3430 4662 simul
3463 4617 3514 4668 et

1923 4699 2330 4753 resurrectionis
2353 4699 2573 4753 erimus.
2599 4699 2666 4753 Et
2694 4699 2818 4752 alibi
2850 4715 2863 4749 :
2898 4697 3021 4750 Non
3044 4701 3390 4763 coronabitur,
3419 4701 3513 4754 nisi

1923 4790 2010 4857 qui
2039 4787 2264 4859 legitime
2309 4789 2591 4840 certaverit.
2641 4788 2708 4842 Et
2755 4788 2952 4842 Paulus
2993 4789 3314 4857 apostolus:
3363 4789 3515 4845 Foris

1923 4895 2128 4950 pugnae,
2182 4880 2316 4932 intus
2363 4881 2588 4933 timores.
2636 4882 2879 4934 Attamen
2929 4899 3028 4935 non
3079 4892 3198 4935 sunt
3249 4885 3514 4954 condigna!

1923 4974 2182 5042 passiones
2207 4973 2357 5042 hujus
2387 4974 2630 5042 temporis
2654 4976 2723 5026 ad
2753 4979 2982 5043 futuram
3007 4975 3246 5045 gloriam,
3277 4992 3389 5046 qua:
3436 4994 3514 5030 re-

1924 5065 2168 5119 velabitur
2196 5066 2247 5118 in
2280 5065 2441 5118 nobis.
2476 5067 2614 5120 Deus
2644 5081 2818 5120 aurea
2850 5083 3008 5122 ouuts
3036 5084 3269 5134 GBATIE,
3300 5083 3387 5132 QUI
3415 5083 3514 5122 vo-

1923 5172 2078 5212 CAVIT
2107 5172 2200 5211 N05
2229 5173 2277 5211 ΙΝ
2307 5173 2572 5211 ΕΤΕΒΝᾹΜ
2601 5175 2736 5214 διιλιι
2771 5175 3004 5215 GRATIAH
3059 5176 3111 5214 ΙΝ
3137 5175 3361 5215 CHRISTO
3385 5160 3514 5216 JESU

1923 5263 2157 5304 nonicuu
2185 5264 2390 5306 passos.
2424 5251 2642 5306 Vocavit
2681 5252 2824 5308 enim
2857 5269 2952 5308 nos
2982 5253 3124 5309 Deus
3173 5255 3224 5308 in
3257 5263 3514 5310 aeternam

1925 5360 2073 5399 suam
2103 5346 2326 5415 gloriam
2355 5345 2526 5415 primo
2557 5348 2620 5400 de
2645 5348 2864 5401 tenebris
2895 5349 2947 5402 in
2991 5349 3298 5402 admirabile
3344 5350 3514 5403 lumen

1924 5456 2096 5509 suum,
2129 5440 2253 5510 quia
2284 5456 2412 5510 quos
2444 5441 2699 5510 prtescivit
2728 5451 2775 5495 et
2819 5443 3201 5512 prtcdestinavit
3231 5444 3514 5513 conformes

1926 5534 2039 5602 ﬁeri
2065 5533 2306 5603 imaginis
2336 5533 2434 5602 ﬁlii
2463 5535 2567 5600 sui,
2592 5543 2644 5587 ut
2673 5536 2737 5587 sit
2764 5537 2872 5603 ipse
2900 5536 3268 5606 primogenitus
3298 5536 3350 5589 in
3383 5537 3513 5590 mul-

1925 5629 1989 5681 tis
2015 5627 2277 5697 fratribus.
2330 5627 2531 5684 Tamen
2585 5629 2867 5698 praesentis
2892 5631 3146 5698 temporis
3195 5631 3364 5700 gloria
3411 5645 3512 5685 non

1922 5729 2007 5775 est
2032 5731 2253 5788 aeterna,
2288 5723 2410 5791 quia
2441 5737 2818 5793 nonnunquam
2875 5724 3073 5791 deﬁcit,
3124 5726 3192 5780 de
3239 5742 3341 5796 qua
3388 5725 3510 5779 dicit

1927 5817 2206 5874 Joannes:
2249 5818 2444 5885 Filioli,
2479 5835 2615 5872 nunc
2662 5821 2760 5887 ﬁlii
2800 5818 2893 5874 Dei
2940 5837 3135 5889 sumus,
3191 5831 3238 5875 et
3287 5823 3510 5876 nondum

1928 5920 2138 5970 apparet
2171 5911 2292 5976 ςηὶι(
2320 5912 2526 5966 erimus;
2567 5913 2657 5968 Illa
2689 5921 2770 5970 est
2815 5923 3038 5981 aeterna,
3084 5930 3204 5984 qua:
3237 5923 3508 5983 permanet
