4042 6348
638 455 3906 521 WW

1323 610 1778 689 JOANNIS
1809 664 1832 705 ,
1893 602 2373 684 ABBATIS
2423 599 3160 676 BICLABENSIS
3190 647 3216 689 ,

1625 798 2828 965 CHRONICON
2884 902 2920 964 ,

1725 1050 2120 1095 CONTINUANS
2168 1049 2272 1094 UBI
2322 1047 2549 1093 VICTOR
2594 1047 2866 1094 DESINIT.

704 1274 829 1330 Post
856 1271 1164 1337 Eusebium,
1202 1266 1548 1326 Caesariensis
1578 1267 1832 1324 Ecclesia:
1882 1267 2217 1336 episcopum,
2247 1268 2299 1327 Α
2397 1264 2552 1318 Anno
2603 1278 2654 1318 tv
2701 1261 2896 1317 Justini
2950 1261 3292 1332 imperatoris
3336 1258 3428 1331 qui
3473 1266 3565 1314 est
3621 1257 3916 1328 Leovigildi

633 1363 1017 1436 Hieronymum
1048 1372 1160 1418 toto
1185 1361 1316 1418 orbe
1347 1371 1528 1417 notum
1561 1359 1953 1430 presbyterum,
1985 1371 2084 1411 nec
2110 1370 2216 1410 non

631 1466 690 1512 et
743 1456 1086 1525 Prosperum,
1137 1455 1309 1508 virum
1360 1453 1692 1523 religiosum,
1738 1460 1899 1520 atque
1949 1451 2219 1504 Victorem

633 1549 976 1606 Tununensis
1027 1548 1278 1604 Ecclesiae
1325 1547 1592 1602 Africanae
1639 1549 1968 1616 episcopum,
2001 1545 2090 1615 qui
2140 1544 2220 1599 hi-

629 1644 853 1699 storiam
885 1643 1124 1696 omnium
1155 1656 1294 1711 pene
1329 1640 1566 1710 gentium
1620 1653 1825 1692 summa
1858 1638 2122 1692 brevitate
2166 1645 2220 1691 et

632 1735 907 1805 diligentia
937 1743 1225 1790 contexere
1273 1734 1368 1787 visi
1402 1741 1546 1797 sunt,
1579 1740 1633 1786 et
1677 1746 1843 1800 usque
1871 1731 1937 1785 ad
1981 1740 2218 1785 nostram

561 1833 571 1839 ’
635 1834 851 1882 aetatem
893 1827 1196 1897 congeriem
1249 1824 1617 1894 perduxerunt
1667 1837 1951 1888 annorum,
2003 1831 2058 1877 et
2102 1837 2220 1893 quae

631 1930 751 1976 acta
779 1931 903 1976 sunt
931 1921 985 1975 in
1018 1919 1217 1974 mundo
1244 1920 1309 1973 ad
1341 1918 1666 1988 agnitionem
1699 1929 1934 1973 nostram
1967 1917 2222 1972 transmi-

632 2022 816 2068 serunt
843 2029 856 2066 :
883 2027 980 2067 nos
1026 2028 1154 2082 ergo
1203 2013 1256 2065 in
1298 2010 1564 2080 adjutorio
1623 2010 1834 2066 Domini
1879 2011 2049 2066 nostri
2093 2009 2221 2066 Jesu

633 2103 853 2171 Christi,
889 2119 1004 2173 qua:
1035 2103 1366 2173 temporibus
1412 2103 1610 2158 nostris
1636 2110 1754 2157 acta
1785 2112 1930 2169 sunt,
1975 2117 2040 2157 ex
2070 2111 2222 2172 parte

631 2199 771 2267 quod
810 2199 1016 2253 oculata
1069 2198 1174 2253 fide
1222 2197 1567 2267 pervidimus,
1615 2204 1670 2250 et
1697 2211 1767 2251 ex
1820 2204 1971 2265 parte
2000 2211 2119 2266 quae
2147 2211 2220 2251 ex

632 2291 804 2345 relatu
853 2289 1089 2346 fidelium
1139 2288 1447 2358 didicimus,
1499 2287 1803 2343 studuimus
1851 2287 1919 2344 ad
1976 2296 2222 2358 posteros

632 2384 957 2439 notescenda
987 2383 1136 2439 brevi
1176 2384 1316 2454 stylo
1349 2384 1734 2437 transmittere.
2014 2436 2020 2441 _
2157 2435 2164 2444 ,

700 2476 892 2543 Quinta
937 2475 1144 2531 decima
1176 2490 1303 2544 ergo
1331 2474 1644 2538 indictione,
1678 2481 1736 2528 ut
1761 2472 1967 2528 dictum
2000 2483 2103 2542 est,
2126 2473 2219 2530 Ju-

632 2567 862 2622 stiniano
904 2578 1138 2633 mortuo,
1168 2567 1410 2622 Justinus
1436 2567 1620 2637 junior
1668 2580 1838 2637 nepos
1881 2566 1998 2636 ejus
2027 2565 2218 2622 Roma-

633 2674 825 2715 norum
855 2658 1081 2715 efficitur
1106 2660 1416 2728 imperator.

704 2750 1067 2807 Romanorum
1097 2753 1230 2817 Llll,
1263 2762 1450 2822 regnat
1477 2767 1732 2808 JUSTINUS
1752 2752 1934 2822 junior
1960 2753 2114 2806 annis
2139 2767 2214 2808 ιι.

634 2841 734 2910 Qui
767 2843 1009 2898 Justinus
1038 2859 1177 2898 anno
1210 2845 1382 2913 primo
1415 2845 1563 2914 regni
1611 2844 1716 2911 sui,
1755 2860 1818 2899 ea
1865 2859 1985 2912 qua:
2031 2855 2218 2900 contra

633 2937 896 3007 synodum
927 2936 1418 2992 Chalcedonensem
1449 2936 1661 2991 fuerant
1708 2946 2088 3001 commentata,
2120 2935 2218 2992 de-

632 3033 831 3087 struxit
852 3032 1262 3103 symbolunique
1289 3041 1595 3086 sanctorum
1625 3047 1689 3086 cr.
1713 3033 1928 3087 Patrum
1955 3031 2219 3086 Constan-

637 3125 857 3194 tinopoli
883 3135 1345 3195 congregatarum,
1385 3135 1440 3180 et
1475 3125 1526 3179 in
1557 3125 1764 3196 synodo
1793 3123 2218 3180 Chalcedonensi

633 3218 973 3273 laudabiliter
1002 3228 1300 3286 receptum,
1354 3219 1405 3274 in
1439 3222 1584 3274 omni
1620 3219 1883 3274 catholica
1917 3219 2157 3274 Ecclesia
2189 3233 2218 3272 a

635 3309 832 3379 populo
845 3309 1232 3366 concinendum
1257 3311 1567 3379 intromisit,
1593 3313 1740 3382 prius
1760 3325 1919 3382 quam
1946 3311 2220 3367 Doniinica

633 3401 837 3456 dicatur
857 3403 1049 3458 oratio.

706 3501 1064 3552 Armenorum
1093 3512 1224 3567 gens
1245 3506 1298 3553 et
1331 3498 1624 3565 lberorum,
1655 3498 1745 3568 qui
1779 3512 1808 3552 a
1840 3496 2220 3566 prmdicatione

632 3589 994 3658 apostolorum
1018 3589 1214 3645 Christi
1236 3601 1588 3660 susceperunt
1613 3588 1938 3653 fidem,dum
1957 3605 1987 3644 a
2014 3587 2220 3644 Cosdra

633 3678 918 3734 Persarum
949 3681 1272 3752 imperatore
1295 3681 1360 3736 ad
1385 3683 1648 3737 culturam
1689 3680 1952 3738 idolorum
1983 3682 2216 3752 compel-

632 3774 891 3845 lerentur,
921 3788 1211 3836 renuentes
1242 3788 1346 3835 tam
1371 3779 1585 3852 impiam
1612 3779 1934 3850 jussionem,
1965 3779 2221 3837 Romanis

631 3882 692 3922 se
720 3883 841 3924 cum
897 3871 1184 3938 provincns
1213 3873 1325 3928 suis
1376 3871 1742 3939 tradiderunt;
1788 3887 1908 3944 qua:
1949 3887 2036 3928 res
2085 3875 2224 3930 inter

634 3956 909 4016 Romanos
937 3975 992 4016 et
1018 3963 1212 4020 Persas
1243 3966 1389 4032 pacis
1419 3965 1621 4020 foedera
1653 3965 1813 4034 rupit.

2325 1358 2466 1426 regis
2503 1355 2773 1411 secundus
2803 1371 2997 1424 annus,
3032 1355 3372 1411 Theocustus
3405 1353 3674 1424 magister
3707 1351 3918 1405 militum

2325 1450 2624 1520 provincia:
2670 1447 2937 1504 Africana:
2979 1463 3010 1503 a
3053 1448 3252 1504 Mauris
3307 1446 3450 1503 bello
3507 1455 3813 1518 superatus
3853 1448 3918 1500 in-

2327 1541 2490 1597 teriit.

2397 1633 2738 1705 Leovigildus
2754 1649 2847 1690 rex
2874 1633 2992 1689 loca
3019 1633 3283 1689 Bastaniaa
3307 1642 3362 1689 et
3381 1633 3738 1689 Malacitanm
3759 1637 3916 1690 urbis.

2325 1727 2555 1796 repulsis
2581 1725 2856 1792 militibus,
2885 1735 3079 1787 vastat,
3109 1735 3163 1780 et
3191 1724 3363 1779 victor
3385 1725 3528 1779 solio
3567 1725 3742 1781 redit.
3771 1725 3922 1780 Justi-

2325 1833 2425 1873 nus
2471 1819 2761 1889 imperator
2793 1834 2888 1888 per
2917 1817 3191 1872 Tiberium
3237 1817 3624 1873 excubitorum
3677 1820 3918 1873 conﬁtear

2325 1912 2378 1967 in
2399 1911 2624 1968 Thracia
2645 1912 2841 1967 bellum
2863 1912 3008 1982 genti
3039 1911 3394 1966 Barbarorum
3413 1911 3644 1982 ingerit,
3679 1921 3738 1966 et
3760 1914 3916 1966 victor

2324 2006 2568 2062 Tiberius
2615 2005 3126 2075 Constantinopolim
3170 2003 3329 2059 redit.
3373 2004 3430 2058 In
3461 2005 3757 2074 provincia
3799 2005 3912 2058 Gal-

2324 2101 2509 2167 lasciaz,
2540 2100 2674 2156 Miro
2703 2111 2824 2171 post
2855 2098 3273 2156 Theodomirum
3318 2097 3640 2154 Suevorum
3684 2112 3784 2153 rex
3815 2098 3914 2150 ett}-

2323 2194 2480 2250 citur.

2395 2290 2549 2343 Anno
2580 2303 2613 2342 v
2643 2287 2836 2344 Justini
2884 2287 3230 2360 imperatoris
3257 2288 3350 2360 qui
3379 2297 3462 2344 est
3504 2303 3566 2343 ιιι
3616 2287 3906 2356 Leovigildi

2324 2380 2466 2452 regis
2512 2395 2707 2449 annus,
2755 2380 2998 2436 Justinus
3025 2381 3318 2451 imperator
3347 2381 3677 2436 Armeniam
3706 2391 3762 2436 et
3808 2382 3908 2436 lbe-

2322 2475 2479 2542 riam,
2521 2476 2753 2545 repulsis
2783 2474 2984 2541 Persis,
3019 2474 3289 2530 Romanas
3332 2474 3648 2544 provincias
3677 2473 3839 2529 facit:
3867 2485 3910 2528 et

2324 2568 2520 2623 bellum
2563 2569 2841 2624 Persarum
2892 2567 3184 2637 imperator
3233 2580 3328 2638 per
3366 2567 3534 2622 duces
3576 2567 3761 2636 parcit
3785 2566 3910 2638 [per-

2247 2668 2297 2730 Β
2326 2660 2477 2731 agit].
2511 2661 2772 2715 Amabilis
2816 2661 3072 2732 magister
3118 2660 3322 2715 militiae
3356 2658 3635 2716 Africane
3666 2675 3698 2713 a
3728 2659 3909 2713 Mauris

2323 2751 2601 2806 occiditur.
2663 2751 3001 2822 Leovigildus
3056 2766 3152 2808 rex
3209 2751 3506 2808 Asinodam
3559 2751 3907 2808 fortissimam

2322 2845 2614 2912 civitatem,
2668 2845 2972 2915 proditione
3027 2844 3306 2915 cujusdam
3351 2843 3711 2900 Frainidanei
3767 2853 3908 2900 nocte

2321 2949 2580 3010 occupat:
2605 2950 2655 2995 et
2679 2939 2940 2994 militibus
2970 2939 3290 3006 interfectis,
3341 2949 3706 2994 memoratam
3738 2943 3907 2993 urbem

2298 3033 2388 3108 'ad
2416 3033 2711 3088 Gothorum
2739 3041 2957 3087 revocat
2973 3031 3116 3101 jura.
3143 3031 3383 3086 Donatus
3407 3031 3576 3088 abbas
3601 3034 3908 3088 monasterii

2325 3126 2599 3182 Pernilani
2628 3124 2944 3180 mirabilium
2975 3133 3228 3191 operator
3253 3123 3431 3177 clarus
3456 3122 3715 3178 habetur.

2394 3221 2548 3274 Anno
2589 3235 2640 3273 vt
2696 3217 2893 3273 Justini
2945 3215 3289 3287 imperatoris
3343 3216 3435 3286 qui
3473 3227 3560 3272 est
3614 3216 3908 3286 Leovigildi

2323 3313 2464 3383 regis
2495 3329 2546 3367 tv
2585 3327 2776 3376 annus,
2826 3309 3152 3382 Gepidarum
3192 3325 3420 3381 regnum
3472 3312 3643 3366 ﬁnem
3696 3314 3909 3379 accepit,

2323 3407 2481 3476 quia
2533 3405 2898 3475 Langobardis
2950 3404 3135 3474 proelio
3179 3405 3447 3472 superati,
3499 3403 3907 3459 Cunicmundus

2325 3516 2418 3556 rex
2445 3515 2631 3569 campo
2652 3499 2899 3554 occubuit
2923 3515 2936 3563 ;
2968 3507 3021 3552 et
3044 3497 3278 3552 thesauri
3307 3497 3428 3566 ejus
3450 3511 3546 3566 per
3573 3496 3909 3552 Trasaricum

2327 3596 2568 3651 Arriana:
2621 3604 2784 3650 secta:
2833 3593 3144 3663 episcOpum
3174 3635 3189 3659 ,
3251 3601 3305 3647 et
3357 3591 3707 3660 Reptilanem
3758 3591 3909 3646 Cuni-

2325 3691 2543 3745 cniundi
2585 3699 2832 3759 nepotem
2855 3687 3069 3742 Justino
3098 3688 3428 3756 imperatore
3456 3685 3910 3756 Constantinopo-

2327 3781 2417 3836 lim
2447 3781 2514 3837 ad
2543 3783 2801 3851 integrum
2827 3778 3070 3849 perducti
3099 3788 3246 3832 sunt.
3279 3778 3629 3847 Leovigildus
3663 3794 3762 3834 rex
3794 3779 3909 3833 Cor-

2327 3874 2522 3928 dubam
2552 3874 2820 3928 civitatem
2854 3871 2945 3926 diu
2974 3871 3164 3926 Gothis
3195 3870 3450 3925 rebellem
3479 3881 3646 3926 nocte
3675 3883 3909 3940 occupat,

2327 3976 2379 4020 et
2401 3966 2554 4021 cresis
2587 3963 2829 4020 hostibus
2856 3963 3128 4034 propriam
3157 3961 3320 4028 facit;
3350 3961 3664 4030 multasque
3693 3965 3850 4018 urbes
3870 3973 3909 4016 et

707 4052 863 4108 Anno
896 4070 932 4109 ιι
972 4056 1253 4110 memorati
1284 4057 1559 4127 principis,
1593 4058 1644 4111 in
1689 4059 1832 4128 regia
1863 4060 1995 4113 urbe
2023 4059 2225 4115 Etlie-
2251 4065 2298 4130 c
2328 4060 2567 4127 castella,
2602 4058 2877 4114 interfecta
2924 4058 3246 4113 rusticorum
3291 4056 3666 4125 multitudine,
3709 4058 3762 4112 in
3824 4058 3912 4111 Go-

634 4157 746 4199 rtus
772 4154 826 4199 et
854 4145 1081 4201 Additus
1111 4150 1338 4218 patricii,
1371 4151 1495 4204 dum
1522 4150 1735 4206 Justino
1764 4160 1991 4206 mortem
2023 4153 2222 4208 vellent

637 4251 848 4292 veneno
878 4239 1053 4307 potius
1077 4256 1232 4309 quam
1263 4243 1403 4296 ferro
1437 4258 1528 4309 per
1554 4243 1791 4297 medicos
1820 4243 2039 4306 inferre,
2076 4245 2222 4301 dete-

636 4331 964 4402 cti,capitali
989 4334 1252 4388 sententia
1280 4334 1452 4403 pttniri
1473 4335 1632 4405 jussi,
1668 4337 1812 4405 prior
1841 4352 1870 4391 a
1899 4337 2028 4393 feris
2054 4340 2221 4395 devo-

637 4434 825 4492 ratus,
894 4427 1163 4482 secundus
1223 4429 1483 4484 incendiis
1553 4440 1925 4487 concrematus
1998 4434 2219 4488 interiit.

639 4518 882 4574 Justinus
913 4518 1056 4574 ﬁlius
1095 4520 1349 4576 Germani
1378 4523 1618 4592 patricii,
1655 4525 2005 4580 consobrinus
2030 4525 2224 4582 Justini

640 4611 1001 4681 imperatoris,
1035 4612 1267 4670 factione
1299 4615 1512 4684 Sophia:
1535 4617 1787 4686 Augusta:
1819 4617 1870 4671 in
1901 4618 2224 4674 Alexandria

639 4703 924 4760 occiditur.
950 4703 1046 4759 His
1075 4707 1404 4776 temporibus
1434 4708 1786 4764 Athanaildus
1816 4726 1908 4766 rex
1927 4711 2223 4768 Gothorum

641 4797 693 4849 in
719 4796 972 4866 HiSpania
1018 4800 1142 4854 vitm
1171 4802 1330 4856 linem
1381 4803 1634 4873 suscepit,
1666 4811 1720 4858 et
1747 4803 1911 4858 Lulba
1958 4819 2054 4875 pro
2084 4820 2147 4862 eo
2172 4807 2224 4862 in

638 4905 862 4959 regnum
895 4893 1224 4960 provehitur.

711 4983 868 5037 Anno
894 4998 952 5038 ιιι
982 4983 1177 5041 Justini
1209 4988 1547 5056 imperatoris
1579 4987 1933 5046 Garamantes
1963 5004 2059 5060 per
2085 4989 2228 5062 lega-

640 5081 745 5140 tos,
776 5076 894 5144 pact
919 5073 987 5129 Β.
1021 5075 1081 5130 Ρ.
1110 5085 1165 5132 et
1195 5077 1320 5132 fidei
1351 5077 1666 5135 Christianae
1691 5081 1885 5135 sociari
1915 5080 2228 5136 desideran-

642 5177 726 5222 tes
755 5177 982 5237 poscunt
1010 5169 1135 5238 :qui
1172 5170 1352 5225 statim
1385 5179 1669 5243 utrumque
1703 5175 2015 5244 impetrant.
2047 5174 2228 5230 Theo-

643 5256 808 5313 dorus
859 5257 1141 5328 praefectus
1190 5259 1386 5315 Africae
1429 5275 1460 5315 a
1510 5263 1707 5318 Mauris
1761 5265 2073 5321 interfectus
2125 5275 2226 5322 est.

644 5349 991 5405 Mauritarum
1017 5365 1150 5422 gens
1167 5351 1248 5407 his
1271 5353 1601 5424 temporibus
1629 5356 1787 5412 fidem
1818 5359 2028 5427 recipit.
2063 5357 2231 5428 Hujus

2329 4154 2544 4210 thorutn
2599 4153 2894 4208 dominium
2948 4161 3186 4208 revocat.
3267 4151 3404 4207 Miro
3457 4151 3767 4208 Suevorutn
3835 4169 3910 4208 rex

2328 4246 2526 4302 bellum
2571 4255 2760 4302 contra
2789 4245 3067 4316 Aragones
3100 4254 3299 4301 movet.
3332 4244 3574 4300 Domnus
3603 4245 3910 4304 Helenensis

2330 4339 2586 4396 Ecclesiae
2619 4339 2905 4409 episcOpus
2929 4338 3107 4394 clarus
3141 4337 3370 4393 habetur

2400 4432 2556 4487 Anno
2587 4449 2659 4487 vn
2691 4429 2889 4488 Justini
2921 4432 3263 4502 imperatoris
3292 4430 3381 4502 qui
3428 4438 3512 4486 est
3551 4429 3854 4501 Leovigildi
3881 4446 3904 4482 ι

2327 4539 2522 4592 annus,
2555 4526 2818 4581 Alboinus
2846 4525 3322 4595 Langobardorum
3352 4538 3449 4579 rex
3480 4521 3722 4580 factione
3743 4525 3912 4592 conju-

2327 4617 2409 4689 gis
2435 4633 2546 4673 suae
2575 4633 2604 4672 a
2630 4619 2743 4673 suis
2773 4627 2929 4674 nocte
2967 4617 3311 4674 interficitur.
3339 4615 3605 4671 Thesauri
3636 4632 3769 4674 vero
3809 4620 3911 4686 ejus

2329 4726 2453 4770 cum
2503 4710 2614 4782 ipsa
2668 4713 2851 4782 regina
2894 4711 2946 4766 in
2999 4710 3310 4779 reipublicae
3347 4709 3607 4765 Romana:
3661 4712 3910 4767 ditionem

2331 4805 2645 4870 obveniunt,
2693 4811 2748 4859 et
2773 4803 3112 4873 Langobardi
3141 4803 3257 4858 sine
3291 4816 3416 4870 rege
3443 4811 3498 4857 et
3546 4802 3806 4858 thesauro
3835 4820 3912 4858 re-

2330 4911 2600 4951 mansere.
2633 4896 2724 4950 His
2770 4895 2958 4951 diebus
2993 4894 3159 4951 Luiba
3208 4910 3302 4949 rex
3333 4895 3457 4950 vita:
3489 4894 3654 4950 finem
3696 4899 3909 4966 accepit,

2331 4997 2386 5046 et
2423 4989 2676 5058 Hispania
2713 4989 2888 5042 omnis
2935 4988 2988 5042 in
3033 5002 3198 5057 regno
3247 4996 3301 5042 et
3331 4995 3598 5056 potestate
3631 4988 3910 5059 Leovigildi

2332 5083 2474 5152 regis
2499 5080 2780 5152 Galliaque
2808 5078 3170 5134 Narbonensis
3196 5078 3493 5134 concurrit.
3536 5077 3791 5134 Justinus
3822 5082 3912 5134 itu-

2333 5181 2550 5243 perator
2574 5173 2723 5243 gravi
2754 5171 3066 5227 infirmitate
3095 5169 3403 5226 concutitur
3432 5189 3444 5224 :
3473 5186 3592 5240 qua:
3641 5173 3913 5227 inﬁrmitas

2333 5265 2403 5319 ab
2433 5265 2554 5320 aliis
2585 5263 2803 5335 quidem
2849 5263 3062 5319 cerebri
3105 5263 3295 5331 matio,
3343 5262 3412 5317 ab
3447 5263 3568 5318 aliis
3617 5266 3915 5319 daemonum

2335 5357 2548 5414 vexatio
2579 5356 2883 5427 putabatur.
2917 5357 2972 5411 In
3003 5357 3148 5426 regia
3175 5357 3308 5412 urbe
3338 5357 3640 5412 mortalitas
3679 5357 3915 5427 inguina-

647 5441 856 5511 imperii
884 5457 1026 5520 anno
1046 5459 1106 5498 ιιι
1133 5443 1473 5517 Leoviglldus
1497 5463 1785 5518 germanus
1817 5450 2042 5507 Luibani
2066 5451 2224 5520 regis,
2253 5467 2307 5530 ι)
2338 5449 2403 5504 lis
2445 5449 2613 5518 plaga:
2643 5446 2968 5513 exardescit,
3017 5448 3068 5501 in
3099 5463 3203 5519 qua
3234 5447 3401 5502 multa
3447 5448 3616 5502 millia
3648 5448 3918 5503 hominum

645 5533 934 5603 superstite
988 5533 1182 5601 fratre,
1244 5537 1296 5590 in
1358 5553 1580 5608 regnum
1635 5539 1903 5597 citerioris
1961 5543 2228 5609 Hispaniae

647 5627 1022 5694 constituitur;
1091 5628 1442 5686 Gosuinthatn
1501 5633 1742 5689 relictam
1802 5635 2111 5691 Athanaildi
2173 5636 2226 5692 in

646 5720 956 5792 coniugium
995 5721 1225 5791 accipit;
1278 5733 1334 5780 et
1376 5727 1710 5795 provinciam
1759 5727 2056 5785 Gothorum
2108 5745 2229 5801 quae

645 5813 756 5877 jam
789 5829 886 5880 pro
917 5813 1208 5870 rebellione
1236 5815 1571 5873 diversorum
1614 5819 1788 5876 fuerat
1814 5822 2097 5891 diminuta,
2130 5822 2228 5879 mi-

647 5903 890 5961 rabiliter
904 5903 972 5960 ad
1000 5902 1254 5973 pristinos
1282 5917 1496 5966 revocat
1518 5909 1797 5968 terminans

2337 5541 2568 5596 vidimus
2596 5540 2877 5598 defecisse.
2912 5541 3252 5610 Leovigildus
3293 5556 3386 5597 rex
3419 5540 3698 5597 Sabariam
3731 5543 3918 5614 ingres-

2337 5650 2427 5690 sus
2454 5635 2624 5691 Sabos
2655 5644 2847 5701 vastat,
2873 5641 2927 5689 et
2957 5633 3284 5703 provinciam
3306 5633 3477 5705 ipsam
3506 5633 3560 5690 in
3587 5648 3747 5689 suam
3781 5636 3915 5691 redi-

2336 5727 2414 5798 git
2439 5727 2700 5782 ditionem
2725 5742 2739 5780 :
2763 5725 3004 5795 duosque
3034 5724 3174 5780 filios
3203 5738 3331 5781 suos
3350 5739 3417 5780 ex
3441 5725 3641 5780 amissa
3672 5724 3917 5797 conjuge,

2341 5819 2774 5890 Ermenegildum
2805 5828 2861 5874 et
2881 5818 3236 5885 Recaredum,
3267 5827 3549 5874 consortes
3577 5819 3734 5888 regni
3777 5818 3912 5874 facit.

2337 5909 2519 5983 Legati
2572 5909 2746 5981 gentis
2819 5906 3194 5969 Macuritarum
3261 5907 3785 5981 Constantinopolim
3836 5921 3912 5965 νο·
