4042 6348
95 559 131 574 ρ

117 5219 164 5288 δι

191 354 300 413 865

1055 350 1358 420 JOANNIS,
1397 349 1689 407 ABBATIS
1729 346 2212 420 BICLARENSIS,
2252 349 2661 409 CHRONICON.

3366 349 3474 410 806

190 469 352 524 niuut
379 483 394 522 :
420 465 610 522 dentes
649 463 1026 536 elephanttnos
1075 475 1133 520 et
1167 465 1638 536 camelopardalim
1687 463 1780 519 Ju-
1808 462 1864 524 A
1888 461 2142 520 Romana
2175 464 2433 522 Ecclesia
2464 465 2712 538 Pelagius
2731 462 2916 535 junior
2943 461 3222 522 ordinatur
3261 466 3474 538 episco-

156 563 336 631 ‘_Still0
367 560 594 631 principi
639 574 860 616 munera
910 559 1192 616 aﬁ‘erentes
1233 559 1338 615 sibi
1366 574 1486 615 cum
1528 559 1781 614 Romanis

189 655 462 712 amicitias
499 653 806 709 conciliant.
842 652 969 710 Post
998 652 1262 708 Joannem
1307 653 1564 709 Romana
1597 651 1782 707 Eccle-

187 750 286 804 sia
345 747 666 804 Benedictus
719 746 1000 802 ordinatur
1059 745 1364 818 episcopus.
1421 742 1638 800 Praefuit
1690 759 1785 797 an-

191 844 277 898 nis
307 859 380 899 tv.
426 843 682 898 Mausona
726 842 1080 898 Emeritensis
1124 840 1380 900 Ecclesia
1413 839 1700 911 episcopus
1728 838 1781 893 in

189 942 380 990 nostro
407 933 658 1004 dogmata
680 933 857 990 clarus
889 933 1136 989 habetur.

268 1027 425 1083 Anno
450 1042 542 1082 vnt
564 1025 782 1094 Justini,
806 1026 898 1096 qui
921 1034 976 1081 et
993 1024 1287 1096 Leovigildi
1305 1039 1358 1079 vt
1383 1037 1578 1089 annus,
1607 1022 1785 1078 Persa

190 1133 317 1178 eum
349 1121 610 1178 Romanis
657 1121 804 1193 pacis
845 1120 1048 1177 iadera
1094 1129 1389 1190 rumpunt;
1441 1127 1496 1176 et
1533 1131 1786 1188 congres-

190 1213 348 1271 sione
399 1215 534 1271 facta
589 1215 754 1271 Daras
796 1215 1068 1271 civitatem
1110 1213 1461 1270 fortissimam
1509 1213 1652 1268 bello
1689 1229 1783 1267 su-

190 1314 408 1379 perant,
454 1316 508 1363 et
537 1323 674 1364 casa
723 1306 1061 1362 multitudine
1103 1305 1467 1361 Romanorum
1516 1317 1784 1358 memora-

192 1405 305 1457 tam
336 1400 524 1455 urbem
555 1399 785 1470 ingressi
816 1397 1124 1469 depopulati
1156 1406 1300 1453 sunt.

269 1494 364 1550 His
396 1492 587 1549 diebus
617 1491 958 1563 Leovigildus
999 1507 1094 1546 rex
1139 1488 1480 1545 Cantabriam
1511 1487 1786 1558 ingressus

192 1588 487 1660 provincia
547 1601 867 1657 pervasores
927 1584 1216 1650 interﬁcit;
1270 1587 1474 1654 Amaya
1525 1591 1787 1651 occupat;

191 1697 330 1754 opes
358 1696 545 1737 eorum
582 1681 844 1752 pervadit,
867 1689 920 1734 et
948 1677 1275 1749 provinciam
1304 1676 1356 1731 in
1386 1691 1537 1733 suam
1569 1679 1782 1731 revocat

193 1773 472 1830 ditionem.

1886 570 2004 626 pus.
2043 555 2243 612 Praest
2269 557 2423 611 annis
2455 574 2528 612 xl.

1958 650 2115 704 Anno
2165 665 2219 704 xt
2266 651 2410 721 regni
2457 650 2538 704 sui
2587 651 2830 706 Justinus
2879 650 3021 706 diem
3061 651 3254 708 clausit
3298 661 3474 707 extre-

1887 756 2054 804 mum,
2086 751 2140 797 et
2178 742 2426 798 Tiberius
2456 743 2726 812 singulare
2755 744 2986 798 obtinuit
3017 745 3324 816 imperium.

1958 831 2322 888 Romanorum
2354 833 2486 904 LIV,
2521 835 2778 892 TIBERIUS
2807 845 2994 906 regnat
3021 837 3175 892 annis
3203 853 3275 891 νι.

1961 930 2118 982 Anno
2144 942 2274 999 ergo
2316 928 2491 998 primo
2523 929 2734 999 imperii
2779 929 3001 994 Tiberii,
3032 930 3122 998 qui
3169 940 3250 984 est
3290 929 3477 984 Leovi-

1889 1019 2021 1092 gildi
2065 1036 2241 1076 annus
2291 1038 2366 1087 rx,
2400 1022 2604 1077 Abares
2633 1021 2890 1077 Thracias
2914 1031 3144 1090 vastant,
3179 1032 3234 1078 et
3279 1023 3478 1094 regiam

1893 1114 2077 1169 urbem
2135 1128 2166 1168 a
2222 1129 2378 1170 muro
2429 1114 2588 1186 longe
2647 1114 2921 1170 obsident.
2982 1113 3327 1186 Leovigildus
3383 1130 3478 1170 rex

1891 1206 2226 1277 Orospedam
2275 1206 2594 1278 ingreditur,
2647 1217 2701 1263 et
2749 1207 2994 1263 civitates
3051 1217 3212 1277 atque
3261 1207 3477 1261 castella

1893 1297 2139 1369 ejusdem
2190 1297 2480 1368 provincia
2526 1309 2789 1370 occupat,
2841 1310 2895 1354 et
2941 1315 3091 1355 suam
3146 1299 3479 1369 provinciam

1895 1390 2057 1460 facit;
2088 1401 2144 1447 et
2173 1407 2278 1447 non
2329 1393 2497 1447 multo
2543 1403 2664 1463 post
2693 1393 2822 1448 inibi
2853 1392 3063 1450 Rustici
3101 1392 3427 1449 rebellantes
3452 1406 3484 1446 a

1895 1483 2087 1540 Gothis
2115 1485 2525 1555 opprimuntur;
2576 1495 2630 1542 et
2660 1494 2781 1557 post
2811 1486 2928 1543 hac
2977 1487 3182 1558 integra
3231 1502 3262 1542 a
3292 1485 3486 1543 Gothis

1895 1575 2199 1647 possidetur
2226 1577 2522 1648 Orospeda.

1969 1669 2124 1724 Anno
2154 1683 2191 1723 ιι
2216 1668 2419 1724 Tiberii
2446 1669 2786 1740 imperatoris
2816 1672 2906 1742 qui
2937 1681 3021 1728 est
3063 1669 3357 1741 Leovigildi
3390 1685 3486 1726 an-

1900 1776 2000 1815 nus
2029 1777 2085 1830 x,
2115 1761 2425 1817 Gennadius
2454 1764 2713 1834 magister
2735 1764 2962 1820 militum
2995 1766 3050 1820 in
3079 1766 3257 1822 Africa
3278 1766 3490 1820 Mauros

272 1865 512 1922 Jusﬁnus
545 1866 834 1936 imperator
864 1865 1137 1921 Tiberium
1170 1879 1330 1936 quem
1357 1861 1606 1934 superius
1631 1876 1790 1919 excu-

1912 1863 2105 1920 rastat;
2143 1854 2454 1911 Gasmulem
2485 1856 2833 1913 fortissimum
2887 1874 3064 1930 regem
3096 1860 3185 1930 qui
3231 1860 3341 1929 jam
3375 1868 3486 1915 tres

197 1957 432 2015 biturum
475 1959 725 2014 comitem
765 1959 1019 2022 diximus,
1067 1959 1336 2013 Caesarem
1367 1958 1513 2023 facit,
1567 1968 1621 2012 et
1675 1973 1786 2011 non

198 2055 370 2110 multo
400 2065 520 2123 post
553 2054 814 2123 imperiali
863 2053 1072 2123 fastigio
1104 2055 1349 2124 provehit
1391 2064 1444 2110 et
1483 2052 1791 2123 reipublicae

196 2147 495 2221 principem
530 2147 797 2219 designat.
831 2146 999 2217 llojus
1021 2145 1218 2200 Tiberii
1251 2146 1481 2200 Caesaris
1502 2145 1588 2201 die
1621 2143 1792 2202 prima

200 2240 260 2296 in
289 2240 433 2311 regia
465 2240 596 2296 urbe
623 2239 910 2311 inguinalis
942 2240 1092 2311 plaga
1121 2241 1303 2295 sedata
1335 2249 1439 2295 est.

281 2358 432 2413 Anno
474 2373 527 2412 tx
573 2357 768 2412 Justini
817 2355 1178 2428 imperatoris,
1209 2357 1301 2427 qui
1349 2365 1431 2412 est
1499 2355 1794 2426 Leovigildi

203 2452 348 2522 regis
375 2468 447 2506 vn
478 2466 671 2517 annus,
703 2449 973 2507 Cosdroes
1005 2451 1288 2507 Persarum
1339 2451 1630 2519 imperator
1672 2465 1793 2504 cum

203 2543 373 2600 nimia
405 2543 748 2600 multitudine
784 2545 1059 2600 exercitus
1089 2545 1157 2599 ad
1188 2544 1477 2598 vastandos
1524 2544 1796 2598 Romano-

199 2649 324 2691 rum
366 2637 626 2692 terminos
676 2647 957 2706 promovet
989 2655 1001 2690 :
1029 2637 1116 2693 cui
1162 2637 1499 2692 Justinianus
1539 2636 1648 2692 dux
1688 2637 1797 2691 Ro-

200 2741 380 2782 mana
407 2728 614 2782 militia
640 2737 695 2784 et
724 2730 982 2798 magister
1012 2729 1240 2785 militum
1272 2732 1496 2786 orientis
1518 2745 1548 2784 a
1580 2729 1798 2785 Tiberio

197 2821 505 2876 destinatus
554 2822 750 2877 bellum
808 2833 992 2892 parat;
1048 2834 1103 2880 et
1158 2826 1209 2878 in
1268 2826 1470 2895 campis
1519 2826 1606 2894 qui
1660 2825 1799 2879 inter

200 2913 377 2968 Daras
413 2923 470 2968 et
500 2913 750 2968 Nezinios
796 2914 1090 2987 [Nezivios]
1131 2926 1425 2986 ponuntur,
1457 2917 1579 2972 torti
1625 2933 1799 2987 pugna

196 3020 552 3075 congressus,
608 3007 813 3063 habens
862 3023 1045 3064 secum
1091 3018 1281 3080 gentes
1323 3012 1643 3068 fortissimas
1681 3027 1800 3081 qua

201 3100 444 3157 barbaro
466 3117 718 3158 sermone
743 3102 997 3159 Hermum
1021 3115 1420 3175 nuncupantur,
1442 3115 1801 3162 memoratum

200 3194 588 3263 imperatorem
622 3196 764 3252 bello
816 3205 1056 3267 superat.
1114 3199 1231 3266 Quo
1258 3214 1379 3253 cum
1414 3215 1512 3254 suo
1556 3198 1802 3256 exercitu

1895 1951 2060 2004 duces
2088 1949 2333 2018 superius
2360 1951 2664 2006 nominatos
2696 1951 2922 2008 Romani
2951 1953 3218 2009 exercitus
3249 1953 3476 2008 interie-

1895 2053 2061 2110 cerat,
2095 2042 2235 2098 bello
2266 2053 2506 2112 superat,
2537 2053 2592 2098 et
2620 2044 2794 2114 ipsum
2840 2061 3020 2116 regem
3051 2047 3231 2117 gladio
3272 2046 3482 2102 interﬁ-

1895 2140 1994 2194 cit.
2032 2137 2281 2192 Tiberius
2312 2137 2621 2193 Mauricium
2643 2140 3014 2194 excubitorum
3047 2141 3296 2196 c0mitem
3326 2139 3491 2209 magi-

1896 2240 2073 2286 strum
2122 2229 2326 2286 militia
2357 2230 2580 2286 orientis
2624 2230 2874 2299 instituit,
2909 2241 2963 2286 et
2991 2232 3057 2286 ad
3086 2232 3492 2303 repugnandum

1897 2324 2082 2381 Persis
2107 2325 2321 2380 direxit.
2359 2324 2586 2379 Romani
2619 2336 2806 2381 contra
2831 2326 3211 2397 Langobardos
3241 2328 3295 2382 in
3338 2325 3491 2381 italia

1900 2419 2250 2492 lacrymabile
2279 2421 2477 2476 bellum
2508 2430 2719 2493 gerunt.

1975 2512 2316 2584 Leovigildus
2363 2530 2496 2582 rex,
2548 2515 2800 2571 extinctis
2858 2515 3093 2585 undique
3137 2517 3381 2587 tyrannis
3437 2525 3491 2572 et

1901 2607 2280 2678 pervasoribus
2313 2605 2584 2677 Hispania
2633 2607 2921 2677 superatis,
2972 2609 3197 2662 sortitus
3246 2607 3490 2677 requiem

1905 2703 2116 2773 prepria
2151 2718 2273 2758 cum
2305 2704 2461 2772 plebe
2488 2703 2706 2769 resedit,
2739 2713 2794 2758 et
2823 2705 3094 2759 civitatem
3125 2705 3177 2759 in
3204 2704 3489 2760 Celtiberia

1903 2811 1969 2851 ex
1996 2797 2215 2853 nomine
2247 2797 2340 2851 lilii
2371 2797 2634 2864 condidit,
2670 2814 2790 2868 qua
2822 2797 3111 2869 Recopolis
3133 2807 3492 2866 nuncupatur,

1903 2907 2062 2961 quam
2097 2893 2234 2948 miro
2263 2907 2427 2962 opere
2467 2902 2522 2948 et
2575 2894 2843 2949 manibus
2874 2902 2929 2949 et
2969 2893 3296 2948 suburbanis
3338 2892 3497 2948 ador-

1906 2998 2042 3037 nans
2075 2984 2351 3054 privilegia
2384 2985 2580 3054 populo
2609 3001 2762 3040 nova
2794 2986 2942 3040 urbis
2975 2985 3226 3040 instituit.
3265 2985 3499 3041 Joannes

1905 3077 2190 3148 presbyter
2220 3078 2474 3134 Ecclesia
2507 3079 2863 3134 Emeritensis
2893 3081 3074 3135 clarus
3104 3081 3351 3134 habetur.

1980 3173 2137 3226 Anno
2171 3186 2229 3226 tu
2259 3171 2460 3227 Tiberii
2492 3172 2834 3240 imperatoris
2883 3174 2973 3242 qui
3012 3182 3095 3228 est
3121 3171 3417 3243 Leovigildi
3447 3188 3500 3230 ιιι

203 3287 266 3343 in
297 3287 475 3358 fugam
508 3303 686 3358 verso,
720 3263 902 3344 castra
938 3292 1057 3360 ejus
1096 3263 1375 3360 pervadit;
1426 3301 1482 3349 et
1510 3292 1801 3363 provincia
1825 3263 1876 3330 α
1911 3280 2103 3363 ³Α¹³¹¹¹¹⁵ςν
2134 3265 2340 3322 Abares
2369 3283 2398 3363 ίξ
2424 3267 2619 3363 mm”?
2643 3267 2886 3323 Τ¹¹τ³⁰ί³⁸
2910 3267 3204 3337 penum",
3236 3277 3290 3324 εί
3323 3279 3501 3339 panes

206 3376 450 3434 Persida
501 3381 634 3435 lines
664 3382 836 3437 victor
863 3382 1200 3439 Justinianns
1230 3394 1425 3450 vastat,
1477 3385 1802 3455 exuviasque

203 3485 395 3526 eorum
427 3488 522 3541 pro
553 3475 828 3544 triumpho
874 3474 1400 3548 Constantinopolim
1441 3478 1642 3550 dirigit,
1676 3495 1803 3535 xxtv

205 3566 531 3635 elephantos
577 3570 718 3625 inter
746 3580 966 3638 catera,
1010 3574 1097 3638 qui
1149 3588 1401 3644 magnum
1437 3575 1800 3644 spectaculum

212 3656 473 3714 Romanis
504 3661 556 3716 in
605 3662 736 3718 urbe
786 3664 930 3734 regia
964 3665 1349 3721 exhibuerunt.
1385 3668 1628 3723 Pradam
1674 3682 1803 3724 vero

205 3746 277 3803 de
308 3752 576 3806 manubiis
598 3752 1084 3811 Romanorum.....
1113 3757 1398 3812 Persarum
1423 3759 1705 3814 multitudo
1731 3759 1802 3814 ob

205 3845 426 3901 nimiam
478 3849 740 3906 vilitatem
790 3864 1011 3905 nummo
1042 3850 1257 3920 publico
1295 3853 1600 3908 venundata
1651 3862 1800 3909 sunt.

205 3935 547 4011 Leovigildus
575 3958 669 3998 rex
717 3943 1022 4015 Aregenses
1071 3945 1342 4001 montibus
1390 3947 1800 4020 [Aragonenses

206 4031 438 4106 montes]
490 4035 809 4102 ingreditur.
864 4035 1146 4108 Aspidium
1197 4037 1302 4094 loci
1353 4041 1620 4094 seniorem
1678 4055 1799 4095 cum

207 4140 383 4182 uxore
418 4136 473 4182 et
527 4128 652 4183 ﬁliis
695 4130 936 4200 captivos
964 4129 1131 4196 ducit,
1163 4145 1400 4201 opesque
1446 4131 1564 4201 ejus
1592 4147 1656 4188 ac
1684 4132 1800 4189 loca

212 4217 269 4272 itt
294 4231 445 4273 suam
476 4219 671 4289 redigit
701 4229 1047 4291 potestatem.
1079 4221 1485 4279 Aramundarus
1516 4222 1804 4280 Saraceno-

205 4323 324 4366 rum
355 4327 450 4367 rex
471 4313 995 4384 ConstantinOpolim
1019 4315 1188 4384 venit,
1217 4325 1272 4371 et
1299 4331 1423 4373 cum
1451 4325 1677 4374 stemate
1701 4332 1802 4374 suo

204 4411 263 4461 et
290 4403 446 4460 donis
489 4405 760 4462 Barbaria
798 4407 1018 4464 Tiberio
1066 4409 1297 4480 principi
1330 4411 1586 4466 occurrit.
1623 4411 1723 4478 Qui
1769 4426 1801 4467 a

205 4492 428 4551 Tiberio
458 4497 689 4568 benigne
717 4510 977 4569 exceptus
1005 4508 1060 4555 et
1100 4500 1257 4557 donis
1286 4501 1480 4572 opimis
1508 4512 1799 4560 exornatus

205 4589 277 4645 ad
309 4589 531 4661 patriam
560 4592 709 4648 abire
742 4593 1034 4664 permissus
1061 4604 1164 4649 est.

1907 3359 2132 3416 Gracia
2179 3371 2341 3430 atque
2371 3360 2664 3416 Pannonia
2705 3372 2988 3431 occupant.
3025 3362 3365 3433 Leovigildus
3405 3378 3501 3422 rex

1907 3451 2322 3523 Hermenegildo
2353 3452 2464 3507 ﬁlio
2492 3466 2592 3507 suo
2622 3453 2786 3507 ﬁliam
2823 3451 3051 3508 Sisberti
3084 3453 3223 3525 regis
3255 3453 3498 3511 Franco-

1907 3561 2024 3602 rum
2054 3547 2108 3601 in
2141 3547 2540 3603 matrimonium
2564 3547 2745 3612 tradit,
2779 3554 2834 3602 et
2863 3547 3152 3616 provincia
3179 3554 3385 3617 partetn
3433 3546 3503 3603 ad

1909 3640 2240 3711 regnandum
2298 3639 2502 3695 tribuit.
2563 3638 2880 3709 Leovigildo
2931 3654 3063 3709 ergo
3129 3639 3312 3710 quieta
3366 3654 3502 3708 pace

1909 3741 2171 3801 regnante
2204 3732 2641 3787 adversariorum
2673 3732 2971 3787 domestica
3028 3733 3147 3787 rixa
3191 3734 3499 3789 conturbat.

1907 3823 2040 3880 Nam
2069 3826 2259 3882 eodem
2291 3841 2434 3881 anno
2475 3827 2616 3881 ﬁlius
2647 3827 2768 3896 ejus
2795 3826 3243 3899 Hermenegildus
3269 3827 3503 3885 factione

1910 3917 2223 3974 Gosuintba
2248 3921 2451 3989 regina
2482 3918 2826 3992 tyrannidem
2853 3935 3158 3988 assumens,
3201 3925 3256 3976 in
3295 3921 3504 3992 Hispali

1907 4010 2123 4067 civitate
2152 4012 2449 4069 rebellione
2483 4014 2618 4069 facta
2648 4014 2965 4080 recluditur,
2991 4024 3046 4070 et
3085 4015 3218 4070 alias
3256 4015 3504 4072 civitates

1906 4115 2069 4174 atque
2101 4105 2324 4160 castella
2359 4119 2540 4161 secum
2580 4116 2767 4161 contra
2817 4115 3022 4177 patrem
3055 4106 3320 4163 rebellare
3349 4107 3500 4163 facit.

1907 4199 2042 4267 Quae
2073 4215 2235 4256 causa
2268 4201 2321 4256 in
2353 4202 2628 4272 provincia
2656 4201 2929 4272 Hispania
2963 4211 3070 4258 tam
3103 4201 3312 4268 Gothis,
3336 4218 3499 4273 quam

1913 4293 2171 4352 Romanis
2202 4296 2422 4367 majoris
2475 4297 2648 4364 exitii,
2698 4312 2856 4368 quam
2901 4295 3328 4354 adversariorum
3371 4299 3502 4355 infe-

1907 4389 2070 4444 statio
2101 4389 2220 4446 fuit.
2266 4389 2520 4448 Novellus
2548 4389 2951 4462 Complutensis
2978 4392 3276 4464 ,episcoous
3321 4391 3500 4447 clarus

1905 4481 2160 4541 habetur.

1987 4601 2145 4655 Anno
2192 4614 2243 4654 tv
2295 4597 2515 4667 Tiberii,
2561 4600 2652 4669 qui
2694 4608 2777 4655 est
2823 4598 3126 4669 Leovigildi
3177 4614 3251 4654 xit
3304 4611 3500 4669 annus,

279 4685 434 4740 Anno
461 4700 494 4739 x
522 4684 716 4741 Justini
746 4686 1084 4758 imperatoris
1112 4690 1205 4758 qui
1232 4698 1314 4744 est
1340 4689 1634 4761 Leovigildi
1657 4693 1802 4764 regis
1827 4674 1885 4736 Ῑ)
1912 4691 2202 4748 Mauricius
2251 4695 2505 4764 magister
2546 4691 2774 4746 militum
2823 4689 3049 4747 orientis
3078 4700 3265 4748 contra
3295 4693 3502 4755 Persas

203 4793 303 4835 vnt
333 4795 530 4848 annus,
565 4779 861 4837 Bandarius
892 4797 1059 4853 gener
1088 4781 1282 4838 Justini
1314 4785 1572 4853 principis
1601 4800 1632 4840 a
1664 4787 1804 4842 Lan-

202 4871 463 4943 gobardis
510 4874 700 4944 pralio
738 4875 992 4942 vincitur,
1044 4886 1096 4930 et
1147 4891 1254 4932 non
1302 4879 1468 4933 multo
1513 4888 1633 4947 post
1679 4879 1804 4936 vita

203 4967 369 5024 ﬁnem
406 4970 620 5041 accipit.
664 4971 937 5026 Romanus
966 4969 1108 5026 ﬁlius
1137 4972 1395 5041 Anagasti
1426 4973 1633 5044 patricii
1678 4989 1805 5030 ma-

200 5062 374 5131 gister
404 5065 634 5132 militia,
659 5066 836 5135 gentis
871 5064 1171 5121 Suevorum
1199 5081 1380 5137 regem
1409 5068 1588 5124 vivum
1617 5070 1761 5139 cepit
1786 5089 1801 5126 :

199 5174 363 5231 quem
391 5172 514 5214 cum
544 5173 642 5213 suo
669 5159 945 5229 thesauro,
978 5175 1148 5218 uxore
1178 5169 1234 5217 et
1260 5162 1381 5220 ﬁliis
1408 5163 1794 5221 Constantino-

203 5253 371 5326 polim
403 5253 642 5320 adducit,
673 5262 728 5310 et
759 5254 1088 5324 provinciam
1115 5270 1303 5313 eorum
1336 5257 1389 5312 in
1427 5257 1795 5316 Romanorum

198 5346 503 5403 dominium
534 5346 746 5417 redigit.
780 5345 1126 5418 Leovigildus
1156 5364 1251 5405 rex
1283 5350 1337 5406 in
1368 5350 1630 5409 'Gallaeia
1661 5353 1797 5411 Sue—

199 5457 394 5498 verum
429 5443 563 5498 ﬁnes
596 5442 908 5509 conturbat,
935 5451 992 5498 et
1017 5457 1046 5497 a
1083 5459 1208 5515 rege
1237 5444 1445 5502 Mirone
1474 5462 1570 5518 per
1591 5448 1797 5520 legatos

198 5547 423 5606 rogatus
455 5551 639 5608 pacem
672 5536 750 5592 eis
781 5551 878 5606 pro
923 5551 1089 5605 parvo
1119 5546 1363 5608 tempore
1401 5540 1608 5597 tribuit.
1647 5543 1797 5598 Scia-

205 5629 318 5685 Vini
350 5632 400 5685 in
424 5630 651 5686 Thracia
681 5628 878 5684 multas
901 5629 1062 5686 urbes
1088 5629 1451 5688 Romanorum
1477 5634 1796 5703 pervadunt,

202 5743 338 5796 quas
381 5727 736 5797 depopulatus
783 5739 982 5782 vacuas
1035 5726 1322 5798 reliquere.
1379 5730 1588 5786 Abares
1619 5731 1801 5787 littora

203 5821 371 5878 maris
398 5821 642 5891 captiose
671 5822 944 5892 obsident,
988 5831 1045 5880 et
1080 5823 1312 5880 navibus
1343 5823 1526 5880 littora
1555 5823 1800 5884 Thracia

202 5915 580 5982 navigantibus
633 5916 762 5973 satis
820 5915 999 5976 infesti
1053 5927 1201 5976 sunt.
1261 5917 1390 5976 Post
1449 5917 1798 5980 Benedictum

1918 4787 2118 4844 bellum
2153 4796 2358 4853 movet,
2386 4797 2440 4842 et
2488 4787 2703 4856 repulsa
2734 4787 3024 4844 Persarum
3058 4789 3400 4847 multitudine
3445 4793 3499 4848 in

1914 4881 2123 4936 oriente
2166 4879 2446 4934 hiemavit.
2479 4879 2819 4952 Leovigildus
2845 4897 2942 4937 rex
2977 4884 3028 4939 in
3057 4884 3246 4940 urbem
3279 4884 3495 4941 Toletas

1913 4986 2038 5026 nam
2071 4969 2334 5042 synodum
2386 4972 2760 5043 episcoporum
2793 4983 2958 5030 secta
3003 4976 3220 5033 Ariana
3267 4993 3498 5048 congre-

1911 5073 2022 5134 gat,
2056 5073 2110 5119 et
2140 5063 2416 5133 antiquam
2447 5066 2696 5122 haeresim
2737 5067 2953 5124 novello
2994 5082 3182 5126 errore
3229 5071 3504 5138 emendat,

1908 5158 2098 5214 dicens
2124 5157 2194 5215 de
2219 5158 2465 5216 Romana
2513 5159 2776 5231 religione
2805 5162 2873 5216 ad
2906 5172 3144 5220 nostram
3184 5164 3505 5220 catholicam

1906 5253 2069 5310 ﬁdem
2101 5254 2386 5312 venientes
2437 5272 2546 5312 non
2578 5255 2776 5313 debere
2814 5257 3102 5328 baptizari,
3143 5260 3242 5316 sed
3271 5271 3508 5318 tantum.

1908 5350 2072 5407 modo
2117 5366 2216 5422 per
2269 5366 2460 5408 manus
2533 5353 2932 5423 impositionem
2995 5363 3050 5411 et
3114 5356 3509 5413 communionis

1915 5447 2340 5518 praceptionem
2387 5448 2550 5519 pollui
2592 5446 3014 5520 [perceptionem
3061 5449 3250 5522 ablui].
3292 5459 3348 5508 et
3394 5453 3511 5522 glo-

1911 5545 2049 5601 riam
2084 5545 2228 5600 Patri
2258 5560 2353 5616 per
2384 5544 2572 5600 Filium
2599 5544 2651 5600 in
2683 5545 2886 5616 Spiritu
2922 5555 3109 5602 sancto
3138 5545 3278 5616 dare
3313 5545 3506 5620 [Dari].

1910 5637 2016 5696 Per
2045 5640 2179 5695 hanc
2208 5654 2338 5710 ergo
2359 5639 2728 5695 seductioncm
2757 5638 2969 5709 plurimi
3019 5649 3326 5696 nostrorum
3353 5642 3508 5710 cupi.

1909 5731 2078 5789 ditate
2103 5733 2283 5803 potius
2327 5733 2540 5803 intpulsi
2572 5732 2626 5787 in
2678 5732 2936 5788 Arianum
2965 5731 3158 5805 dogma
3207 5733 3509 5794 declinant.

1984 5830 2142 5884 Anno
2188 5843 2223 5881 ν
2271 5827 2494 5894 Tiberii,
2551 5829 2639 5899 qui
2687 5836 2773 5884 est
2814 5827 3115 5899 Leovigildi
3165 5844 3257 5885 xui
3307 5844 3503 5896 anuus,

1910 5921 2244 5994 Langobardi
2279 5923 2332 5979 in
2381 5921 2530 5980 Italia
2559 5939 2742 5996 regem
2773 5923 2874 5983 sibi
2905 5941 2972 5982 ex
3012 5939 3111 5984 suo
3157 5941 3360 6000 genere
3407 5924 3504 5982 eli-
