4042 6348
660 346 765 423 se:
1522 363 1824 433 mancus,
1867 354 2158 421 seems
2196 348 2695 431 BlCLARlENSlS,
2738 352 3130 422 CHRONICON
3784 377 3847 433 to

660 491 793 556 gunt
834 474 1098 540 vocabulo
1150 480 1429 547 Arntarich,
1480 481 1633 550 cuius
1677 488 1919 550 tempore
1949 488 2004 534 et
2048 478 2246 533 milites
2277 478 2324 542 Α
2353 488 2486 536 trem
2522 482 2853 551 patriamque
2894 481 3049 535 redit.
3084 480 3294 537 Andeca
3323 495 3458 539 vero
3486 499 3638 556 regno
3671 488 3839 559 privatus

661 573 892 632 Romani
918 577 1139 631 omnino
1184 586 1309 630 sunt
1338 572 1486 642 cwsi,
1518 580 1572 628 et
1603 571 1864 627 terminos
1900 568 2064 626 Italiae
2105 568 2248 623 Lan-
2355 572 2628 641 tondetur,
2662 581 2715 629 et
2763 572 2967 630 honore
3000 572 3318 646 presbyterii
3350 588 3477 647 post
3508 594 3703 650 regnum
3737 586 3847 641 tum.

662 670 886 739 gobardi
932 668 1033 726 sibi
1061 678 1346 739 occupant.
1378 664 1752 724 Sclavinorum
1803 682 1933 739 gens
1978 665 2249 738 ll'lyricuin
2352 676 2523 721 ratur.
2555 666 2669 721 Non
2700 665 2922 723 dubium
2951 667 3093 737 quod
3138 664 3189 722 in
3222 667 3474 724 Eiborico
3516 673 3644 743 regis
3670 674 3754 732 ﬁlio
3774 694 3847 751 iere

662 772 719 820 et
745 763 1003 818 Thracias
1032 771 1263 818 vastant.
2353 773 2452 814 suo
2480 760 2674 815 fecerat
2729 761 2950 830 patitur,
3004 766 3058 816 et
3088 760 3279 817 exsilio
3308 762 3533 819 Pacensi
3564 768 3677 824 urbe
3712 773 3846 843 relega.

736 855 1078 926 Leovigildus
1110 871 1203 911 rex
1235 862 1438 923 partem
1473 848 1756 907 Vasconia:
1785 860 2033 919 occupat,
2080 855 2136 903 et
2164 849 2250 901 ci-
2355 862 2457 905 tur.
2509 852 2791 909 Malaricus
2842 853 2894 907 in
2942 850 3195 909 Callaecia
3249 853 3585 927 tyrannidem
3631 874 3845 937 assumens,

662 948 886 1005 vitatem
950 965 1070 1020 quae
1143 949 1509 1005 Victoriacum
1576 953 1937 1015 nuncupatur,
1990 940 2249 998 condidit.
2352 946 2505 1015 quasi
2539 960 2765 1015 regnare
2788 946 2937 1001 vult:
2969 946 3058 1017 qui
3097 947 3336 1003 statima
3390 947 3612 1007 ducibus
3638 951 3846 1027 Leovigildi

663 1036 915 1099 Tiberius
943 1049 1240 1113 imperator
1278 1043 1536 1112 magistro
1564 1037 1793 1094 militum
1826 1034 2052 1093 orientis
2085 1035 2249 1091 ﬁliam
2352 1050 2643 1106 oppressus
2699 1038 3210 1109 comprehenditur,
3262 1049 3317 1097 et
3374 1040 3675 1116 Leovigildo
3710 1048 3846 1108 vincitis

662 1149 812 1191 suam
844 1134 897 1189 in
920 1132 1228 1205 conjugium
1257 1132 1436 1188 tradit.
2358 1142 2725 1201 pmsentatur.
2751 1118 2992 1190 Leander
3022 1134 3351 1206 Hispalensis
3374 1135 3628 1196 Ecclesia:
3648 1138 3846 1216 episcopos

738 1228 892 1281 Anno
914 1239 970 1281 vt
1001 1222 1201 1281 Tiberii
1244 1220 1331 1295 qui
1363 1232 1445 1279 est
1476 1220 1770 1295 Leovigildi
1805 1237 1890 1276 xtv
1922 1234 2113 1287 annus,
2160 1217 2249 1275 Ti-
2352 1226 2531 1279 clarus
2557 1224 2799 1281 habetur.

660 1316 840 1376 berius
893 1319 1017 1373 vitae
1065 1317 1355 1373 terminum
1400 1312 1568 1381 dedit,
1614 1324 1671 1371 et
1714 1308 2003 1369 Mauricius
2048 1328 2145 1384 pro
2182 1324 2239 1371 eo
2425 1315 2581 1369 Anno
2611 1332 2663 1369 tv
2692 1314 2933 1373 Mauricii
2977 1318 3336 1389 imperatoris,
3391 1320 3487 1393 qui
3528 1334 3605 1379 est
3632 1322 3845 1398 Leovigildi

658 1402 1025 1467 Romanorum
1052 1410 1341 1478 imperator
1367 1406 1620 1463 efﬁcitur.
2355 1408 2498 1477 regis
2526 1424 2654 1461 xvnt
2681 1424 2876 1474 annus,
2912 1410 3158 1468 Anthane
3190 1412 3655 1485 Langobardorum
3682 1435 3751 1473 rex
3771 1436 3845 1475 cum

734 1508 1098 1563 Romanorum
1154 1500 1250 1559 XV
1300 1500 1459 1577 [‘Leg.
1514 1498 1668 1572 LV].
1721 1498 2019 1556 Mansuetus
2064 1507 2252 1569 regnat
2354 1499 2611 1557 Romanis
2638 1504 3020 1574 congressione
3051 1504 3185 1562 facta
3224 1519 3469 1579 supcrat,
3516 1519 3569 1565 et
3592 1527 3711 1567 casa
3731 1514 3843 1570 inulti-

656 1614 827 1655 annos
859 1615 950 1655 xx.
985 1596 1329 1669 Leovigildus
1362 1612 1455 1650 rex
1488 1593 1786 1650 exercitum
1817 1593 1887 1648 ad
1928 1608 2249 1664 expugnan-
2354 1592 2539 1650 tudine
2568 1594 2795 1651 militum
2827 1594 3191 1655 Romanorum
3222 1601 3388 1659 Italia
3424 1602 3557 1659 ﬁnes
3586 1618 3778 1679 occupat

656 1690 782 1746 dum
813 1700 1097 1761 tyrannum
1125 1685 1289 1742 [ilium
1318 1684 1547 1755 colligit.
2427 1689 2539 1746 Hoc
2566 1707 2708 1746 anno
2740 1690 3080 1763 Leovigildus
3107 1710 3201 1751 rex
3231 1696 3373 1753 diem
3405 1698 3843 1772 clausitextremtn,

728 1782 885 1838 Anno
929 1797 1057 1851 ergo
1098 1780 1272 1851 primo
1323 1775 1564 1833 Mauricii
1608 1776 1973 1847 imperatoris,
2027 1776 2117 1846 qtti
2164 1781 2249 1830 est
2275 1848 2317 1867 μ
2352 1790 2408 1834 et
2434 1781 2575 1837 ﬁlius
2596 1784 2713 1853 ejus
2745 1782 3049 1841 Recaredus
3079 1802 3200 1844 cum
3230 1791 3613 1862 tranquillitate
3640 1795 3755 1864 regni
3774 1795 3842 1867 eius

656 1866 953 1945 Leovigildi
982 1848 1123 1944 regis
1154 1890 1218 1927 xv
1250 1888 1444 1940 annus,
1476 1868 1818 1941 Leovigildus
1846 1886 1938 1927 rex
1968 1871 2243 1926 civitatem
2273 1848 2323 1925 Β
2352 1874 2513 1927 sumit
2544 1886 2753 1943 sceptra

656 1966 1026 2038 liispalensem
1050 1978 1372 2036 congregato
1387 1963 1626 2019 exercitu
1655 1963 1957 2030 obsidet,et
1979 1961 2242 2018 rebellem
2432 1965 2586 2018 Anno
2616 1976 2645 2019 v
2678 1966 2913 2023 Mauricii
2948 1967 3291 2040 imperatoris
3323 1972 3692 2046 Romanorum,
3713 1981 3776 2050 qui
3796 1994 3841 2035 est

660 2056 825 2113 ﬁlium
875 2056 1023 2130 gravi
1054 2057 1351 2115 .obsidione
1401 2056 1795 2111 concludit:in
1843 2056 1994 2127 cujus
2046 2054 2242 2111 solatio
2350 2056 2607 2114 Recaredi
2668 2060 2808 2133 regis
2863 2062 3067 2132 primus
3119 2065 3348 2123 feliciter
3388 2084 3599 2139 annus,
3642 2072 3838 2129 Mauricius

656 2149 793 2207 Βίεῖο
823 2149 1122 2207 Suevorum
1152 2164 1247 2206 rex
1274 2144 1341 2204 ad
1366 2150 1782 2219 expugnandam
1810 2146 2065 2220 Hispalim
2092 2149 2248 2205 deve~
2350 2144 2711 2207 Theodosium
2745 2153 2911 2210 ﬁlium
2950 2172 3104 2212 suum
3128 2175 3192 2214 ex
3223 2160 3332 2215 ﬁlia
3360 2161 3561 2219 Tiberii
3598 2165 3841 2233 imperatorii

654 2242 755 2313 nit,
807 2247 984 2317 ibique
1033 2246 1174 2303 diem
1218 2244 1413 2302 clausit
1440 2258 1774 2314 extremum;
1827 2246 1913 2301 cui
1964 2246 2247 2304 Eburicius
2355 2256 2539 2299 natum
2572 2249 2837 2303 Caesarem
2874 2248 3018 2306 facit.
3056 2250 3271 2325 Pelagio
3298 2254 3517 2325 juniore
3552 2270 3743 2327 mortuo,
3781 2259 3837 2314 Ro-

653 2336 796 2395 iilius
844 2341 896 2395 in
950 2338 1221 2408 provincia
1278 2336 1546 2395 Gallarcize
1599 2339 1653 2395 in
1696 2355 1919 2411 regnum
1976 2338 2241 2395 succedit.
2351 2348 2527 2393 mana:
2553 2340 2809 2397 Ecclesim
2838 2342 3134 2415 Gregorius
3178 2350 3231 2402 in
3273 2350 3633 2420 episcopatum
3666 2352 3837 2407 succedit.

652 2428 863 2488 Interea
914 2430 1261 2502 Leovigildus
1316 2447 1408 2488 rex
1469 2446 1631 2502 supra
1677 2431 1877 2488 dictam
1934 2431 2240 2503 civitatem,
2352 2432 2733 2488 Praestannis
2760 2449 2849 2490 xv.
2873 2436 3101 2493 Romani
3132 2452 3230 2510 per
3258 2440 3589 2498 Francorum
3614 2442 3837 2513 adiutorium

655 2532 796 2580 nunc
847 2523 1011 2592 fame,
1066 2538 1209 2581 nunc
1255 2522 1434 2592 ferro,
1493 2540 1634 2580 nunc
1684 2522 1847 2582 Baetis
1899 2526 2246 2584 conclusione
2350 2526 2735 2598 Langobardos
2763 2539 2993 2595 vastant,
3042 2541 3097 2587 et
3124 2533 3418 2602 provincia:
3459 2534 3617 2591 italiae
3643 2537 3838 2606 partemin

653 2616 873 2671 omnino
899 2617 1203 2671 conturbat.
2346 2634 2498 2675 suam
2524 2622 2770 2693 redigunt
2795 2633 3137 2694 potestatem.
3171 2628 3451 2688 Sisbertus
3474 2630 3744 2689 interfector
3758 2629 3834 2686 liet-

731 2713 952 2764 Annon
995 2710 1240 2765 Mauricii
1293 2711 1658 2782 imperatoris,
1706 2715 1793 2785 qui
1836 2722 1922 2770 est
1950 2713 2242 2785 Leovigildi
2349 2717 2637 2786 menegildi
2684 2730 2859 2776 morte
2916 2722 3225 2792 turpissima
3277 2727 3577 2796 perimitur.
3626 2726 3835 2784 necandus

656 2812 741 2856 tm
776 2812 970 2870 annus,
1005 2800 1351 2875 Leovigildus
1383 2821 1566 2863 muros
1598 2802 1793 2862 Italicae
1842 2809 2075 2877 antiquae
2106 2806 2240 2861 civi-
2349 2809 2525 2877 primo
2553 2812 2701 2877 regni
2735 2826 2835 2868 suo
2863 2826 3025 2883 anno,
3072 2832 3255 2875 mense
3278 2832 3335 2887 x,
3366 2822 3670 2889 catholicus,
3698 2822 3835 2889 Deciu-

652 2892 781 2948 tatis
833 2900 1118 2959 restaurat,
1159 2909 1278 2966 quae
1320 2910 1406 2951 res
1455 2900 1746 2953 maximum
1801 2899 2239 2970 impedimentum
2346 2912 2533 2973 vante,
2562 2905 2815 2973 efﬁcitur,
2849 2920 2902 2965 et
2932 2911 3245 2968 sacerdotes
3272 2923 3446 2970 sextae
3472 2916 3664 2971 Arianae
3687 2913 3836 2981 Sapienti

652 2974 954 3055 Hispalensi
1000 2987 1197 3056 populo
1246 2986 1507 3042 exhibuit.
1562 2986 1657 3044 His
1698 2988 1885 3046 diebus
1930 2990 2144 3049 Andeca
2188 2994 2238 3048 in
2346 2994 2617 3065 colloquio
2639 3012 2922 3067 aggressus
2944 3000 3155 3059 ratione
3179 3005 3356 3073 potius
3385 2974 3835 3077 quamimperiocon-

653 3077 904 3134 Callaicis
940 3077 1233 3133 Suevoruin
1268 3093 1488 3149 regnum
1519 3095 1640 3135 cum
1672 3082 1957 3154 tyrannide
1989 3087 2237 3157 assumit,
2347 3090 2481 3142 Verti
2513 3093 2578 3143 ad
2610 3093 2932 3148 catholicam
2965 3095 3123 3151 ﬁdem
3154 3096 3299 3164 facit,
3340 3109 3651 3170 gentemque
3672 3098 3834 3153 omnium

652 3178 709 3228 ‘et
732 3172 1091 3244 Sit'eguntlam
1120 3173 1362 3229 relictam
1399 3174 1619 3231 Mironis
1663 3181 1806 3248 regis
1848 3181 1896 3233 in
1930 3181 2238 3251 conjugium
2270 3242 2310 3262 ﬂ
2347 3178 2645 3237 Gothorum
2672 3194 2729 3241 et
2757 3184 3057 3242 Suevorum
3082 3188 3149 3244 ad
3180 3191 3453 3247 unitatem
3486 3201 3533 3247 et
3563 3206 3717 3262 pacem
3738 3201 3835 3244 reto-

650 3242 895 3338 accepit:
930 3267 1215 3322 Eboricum
1261 3282 1425 3338 regno
1452 3270 1646 3339 privat,
1682 3242 1752 3325 et.
1785 3242 2242 3330 monasteriivmo-
2264 3242 2312 3312 (ἶ
2345 3281 2433 3327 cat
2469 3270 2789 3333 Christianae
2832 3279 3106 3337 Ecclesiae.
3161 3284 3337 3340 Sectae
3366 3242 3593 3351 Arianae:
3630 3285 3756 3356 gratia
3787 3281 3835 3336 di-

652 3364 882 3417 naclium
909 3361 1056 3416 facit.
1092 3360 1436 3433 Leovigildus
1459 3376 1548 3418 rex
1583 3362 1691 3417 tilio
1724 3364 2137 3435 llernienegildo
2171 3362 2239 3423 ad
2345 3365 2490 3432 vina,
2525 3368 2578 3422 in
2605 3368 2857 3441 dogmate
2889 3373 3109 3429 veniunt
3135 3374 3469 3433 Christiano.
3502 3404 3505 3405 ν

650 3453 1036 3526 rempublicam
1086 3453 1495 3524 commigrante,
1544 3451 1803 3525 HiSpalim
1836 3458 2121 3527 pugnando
2152 3459 2239 3511 in-
2418 3456 2731 3515 Desiderius
2776 3461 3101 3520 Francorum
3134 3479 3229 3523 rex
3256 3468 3363 3523 dux
3396 3469 3583 3526 Gothis
3620 3468 3724 3523 satis
3753 3463 3833 3520 infe-

650 3546 889 3620 greditur
919 3548 1201 3604 :civitates
1233 3555 1287 3603 et
1328 3548 1543 3602 castclla
1578 3564 1710 3620 quas
1741 3546 1883 3604 ﬁlius
1934 3562 2239 3621 ocwpavo—
2344 3560 2463 3606 stus
2492 3566 2521 3606 a
2572 3553 2799 3610 ducibus
2852 3558 3107 3615 Recaredi
3138 3562 3281 3632 regis
3328 3572 3634 3635 superatur;
3671 3569 3727 3627 et,
3750 3568 3832 3614 res:

651 3649 755 3707 rat,
788 3636 948 3709 cepit,
983 3648 1039 3694 et
1067 3656 1170 3694 non
1227 3636 1395 3694 multo
1427 3648 1548 3710 post
1590 3650 1943 3697 memoratum
1992 3642 2159 3698 ﬁlium
2185 3647 2235 3700 in
2346 3644 2677 3705 Francorum
2711 3653 3073 3724 multitudine,
3108 3658 3161 3712 in
3191 3674 3387 3729 campo
3415 3663 3641 3716 moritur.

646 3730 987 3789 Cordubensi
1029 3734 1165 3789 urbe
1214 3733 1645 3805 comprehendit,
1675 3743 1729 3792 et
1767 3751 1933 3807 regno
1965 3737 2235 3809 privatum
2419 3745 2728 3801 liccaredus
2752 3763 2846 3805 rex
2870 3750 3045 3806 aliena
3072 3768 3101 3806 a
3132 3754 3615 3822 praedeceSsOribus
3640 3754 3832 3821 tl'reptael

652 3822 706 3879 in
733 3825 977 3881 exsilium
1012 3822 1313 3880 Valentiam
1346 3826 1525 3883 mittit.
2347 3838 2479 3891 ﬁsco
2536 3838 2738 3892 sociata
2788 3840 3120 3909 placabiliter
3160 3850 3419 3903 restituit.
3478 3848 3770 3903 Ecclesiarum
3801 3851 3833 3897 et

722 3917 1009 3975 Mauricius
1040 3920 1333 3990 imperator
1363 3930 1549 3977 contra
1581 3921 1965 3995 Langobardos
1996 3923 2236 3984 Francos
2348 3934 2798 3988 monasteriorum
2832 3937 3081 3993 conditor
3102 3944 3157 3993 et
3182 3936 3384 3995 ditator
3414 3941 3645 3998 efﬁcitur.

662 4022 758 4079 per
801 4010 1170 4065 conductelam
1202 4021 1404 4081 movet,
1431 4026 1552 4085 quae
1596 4028 1683 4072 res
1714 4019 1926 4090 utrique
1953 4021 2098 4091 genti
2129 4036 2236 4076 non
2420 4028 2576 4078 Anno
2604 4040 2658 4079 vr
2690 4027 2951 4096 Mauricii,
2988 4031 3076 4099 q-ui
3113 4039 3197 4085 est
3227 4030 3489 4090 Becaredi
3522 4052 3556 4090 ιι
3579 4046 3736 4092 annos,
3757 4026 3831 4097 qui-

655 4117 816 4174 parva
845 4104 1069 4159 contulit
1098 4105 1312 4161 damna.
2343 4117 2468 4173 dam
2525 4136 2589 4173 ex
2642 4124 2859 4177 Arianis
2896 4122 3083 4180 Sunna
3131 4126 3439 4199 episcopus,
3495 4138 3545 4185 et
3584 4127 3725 4197 Seggo
3757 4132 3830 4175 cum

721 4195 1006 4266 Eutropius
1050 4200 1215 4255 abbas
1269 4203 1577 4259 monasterii
1623 4202 1889 4262 Servitani
1924 4206 2233 4278 discipulus
2344 4211 2670 4280 quibusdam
2728 4215 3068 4286 tyrannidem
3118 4195 3400 4278 assumere
3426 4195 3707 4292 cupientes,
3739 4214 3830 4268 dete-

645 4290 817 4345 sancti
850 4290 1039 4346 Donati
1071 4292 1246 4349 clarus
1278 4294 1521 4351 habetur.
2341 4314 2566 4375 gunt'ur.
2595 4308 2865 4379 Convicti,
2898 4309 3084 4367 Sunna
3128 4315 3321 4372 exsilio
3351 4290 3599 4383 truditur,
3641 4323 3682 4369 et
3716 4310 3831 4379 Sesto

718 4388 872 4439 Anno
903 4398 960 4439 rit
1008 4380 1271 4455 Mauricii,
1301 4389 1388 4458 qui
1438 4398 1519 4444 est
1565 4390 1861 4464 Leovigildi
1891 4404 1997 4451 xvn
2039 4411 2233 4464 annos,
2344 4400 2593 4457 manibus
2653 4400 2943 4474 amputatis
2995 4406 3304 4465 Gallmciam
3358 4380 3604 4468 exsulans
3660 4405 3829 4463 mittitur.

648 4476 934 4531 Mauricius
982 4492 1075 4547 per
1105 4478 1269 4534 duces
1314 4480 1514 4535 bellum
1558 4482 1738 4538 infert.
1772 4485 2109 4558 Leovigildus
2138 4500 2236 4545 rex
2344 4492 2631 4550 Mauricius
2663 4492 3022 4553 Theodosium
3066 4500 3234 4556 ﬁlium
3278 4518 3442 4573 quem
3473 4520 3617 4576 supra
3644 4500 3828 4558 Caesarem

648 4566 924 4623 Gallccias
953 4576 1147 4626 vastat.
1183 4572 1511 4628 Andecanim
1553 4590 1733 4646 regem
1780 4584 2232 4649 ceniprehensum
2262 4647 2315 4665 _
2344 4585 2599 4655 diximus,
2626 4590 2988 4648 Romanorum
3016 4566 3395 4665 imperatorem
3422 4566 3561 4656 facii.

642 4675 811 4732 1‘98""
844 4661 1035 4730 ντὶνειι
1069 4662 1363 4720 Suelio”!!!
1406 4678 1645 4736 sentem.
1676 4669 1984 4725 lhesatﬂ‘um
2035 4682 2090 4727 el
2132 4686 2236 4744 pa-
2260 4647 2319 4711 .
2412 4684 2575 4737 Anno
2600 4696 2668 4738 vri
2700 4684 2963 4752 Mauricii,
3015 4689 3104 4758 qui
3152 4700 3235 4745 est
3266 4689 3526 4749 Recaredi
3558 4689 3677 4762 regis
3697 4702 3741 4743 in
3768 4699 3827 4738 an-

638 4757 795 4813 triam
825 4773 977 4814 suam
1010 4760 1062 4813 in
1091 4768 1408 4829 potestatem
1438 4763 1651 4834 redigit,
1679 4773 1733 4819 et
1768 4762 2068 4820 Gothorum
2106 4782 2233 4837 pro-
2340 4790 2468 4841 nus;
2502 4777 2678 4833 Uldiia
2694 4778 2977 4849 episcopus
2999 4795 3120 4836 cum
3146 4780 3441 4839 Gosuintha
3465 4757 3630 4858 regina
3650 4778 3825 4837 insidiano

639 4852 871 4907 vinciam
903 4852 1048 4909 facit.
1084 4854 1529 4926 Hermenegildus
1561 4860 1613 4913 in
1660 4861 1791 4914 urbe
1834 4861 2229 4920 Tarraconensi
2341 4876 2427 4926 tes
2456 4870 2737 4927 Rccaredo
2771 4873 3222 4945 manifestantur;
3255 4886 3309 4933 et
3336 4879 3457 4935 ﬁdei
3485 4852 3719 4935 catholica:
3735 4884 3825 4926 com-

636 4964 667 5003 8
698 4949 940 5004 Simulo
968 4951 1303 5006 ίηιθτίίοίιυνο
2340 4966 2655 5022 munionem
2682 4982 2840 5036 quam
2868 4969 2975 5023 sub
2998 4968 3183 5039 specie
3208 4970 3507 5028 Christiana
3533 4971 3664 5044 quasi
3683 4978 3825 5024 sumen

712 5039 904 5094 Franci
932 5038 1156 5095 Gaditani
1191 5042 1591 5099 Narbonensem
1634 5058 1903 5116 occupare
1944 5051 2229 5119 cupientes
2343 5066 2425 5112 tes
2446 5057 2758 5127 mijic‘runt,
2792 5038 3150 5129 pubiicantur.
3172 5062 3331 5132 Quod
3362 5038 3625 5121 malum‘in
3651 5057 3824 5132 cognitio-

637 5148 759 5188 cum
809 5132 1053 5189 exercitu
1117 5136 1342 5206 ingressi
1369 5153 1384 5190 :
1410 5139 1461 5191 in
1516 5152 1741 5209 quorum
1787 5146 2229 5215 congressionem
2343 5164 2468 5205 nem
2502 5150 2778 5206 hominm
2812 5151 3125 5222 deductum,
3150 5153 3335 5213 Uidita
3373 5159 3556 5215 exsilio
3591 5154 3823 5211 condemna-

634 5224 978 5295 Leovigildus
1022 5225 1356 5283 Becaredum
1402 5228 1567 5285 ﬁlium
1609 5232 1827 5290 obviam
1878 5237 2121 5304 mittens,
2169 5247 2233 5295 et
2341 5251 2465 5307 tur;
2494 5242 2795 5298 Goauintha
2825 5256 2956 5301 vero
3002 5248 3282 5305 catholicis
3326 5265 3532 5322 seraper
3564 5247 3721 5303 infesta
3745 5242 3823 5294 vit:

635 5317 965 5375 Francorum
997 5327 1083 5375 est
1110 5321 1179 5375 ab
1208 5336 1275 5377 eo
1302 5324 1572 5380 exercitus
1598 5328 1870 5397 repulsus,
1922 5339 1977 5386 et
2006 5333 2229 5401 provin-
2342 5345 2473 5393 tunc
2501 5339 2786 5393 terminum
2810 5341 2982 5397 dedit.
3016 5340 3346 5401 Francorum
3371 5317 3619 5403 exercitus
3641 5357 3664 5397 a
3689 5337 3821 5393 Gonte-
3914 5317 3915 5359 1

616 5408 714 5466 'cia
745 5409 1011 5466 Gallmeiaa
1036 5410 1279 5485 [Galliae]
1303 5413 1371 5468 ab
1394 5429 1584 5471 eorum
1614 5419 1959 5479 infestatione
1987 5433 2071 5480 est
2098 5426 2232 5482 litie-
2340 5442 2477 5487 rane
2518 5446 2650 5503 rege
2700 5436 3076 5505 transmissus,
3102 5435 3320 5496 Bosone
3376 5439 3535 5505 duce,
3574 5438 3623 5492 in
3665 5426 3818 5489 Galliam
3914 5476 3915 5505 ,

556 5502 561 5507 ’
634 5512 771 5557 rata.
796 5502 985 5557 Castra
1016 5518 1144 5559 vero
1171 5506 1279 5560 duo
1307 5520 1430 5562 cum
1462 5508 1631 5565 nimia
1671 5512 1946 5570 hominum
1976 5519 2226 5574 multitua
2342 5502 2747 5579 Narbonensem
2800 5502 3114 5595 obveniant,
3158 5538 3220 5584 et
3243 5529 3396 5602 juxta
3439 5502 3817 5586 Carcassonensem

630 5595 785 5663 dine,
829 5612 989 5651 unum
1034 5613 1186 5667 pace,
1230 5600 1456 5658 alterum
1506 5606 1648 5661 bello
1677 5620 1924 5678 occupat.
1973 5612 2225 5669 Castrum
2340 5617 2529 5671 urbem
2570 5628 2748 5674 castra
2796 5621 2980 5675 metari
3018 5631 3166 5676 mn.
3196 5595 3305 5679 'C'n'i
3354 5621 3590 5681 Claudius
3614 5606 3817 5671 Lusitania3
3914 5692 3915 5695 η

635 5703 763 5744 vero
998 5690 1271 5749 Hodierno
1313 5707 1555 5763 vocatur,
1608 5703 1929 5757 tutissimum
1980 5705 2136 5761 valde
2166 5708 2227 5762 in
2339 5712 2447 5767 dttx
2478 5728 2506 5766 a
2537 5714 2812 5770 Recaredo
2840 5728 2968 5787 rege
2997 5717 3234 5774 directus
3261 5718 3466 5777 obviam
3486 5700 3814 5772 ἱπῐδὶοοευπίιί

636 5780 756 5879 ripa
784 5780 1030 5879 Rhodani
1059 5784 1292 5841 ﬂuminis
1314 5791 1563 5856 ponitur;
1594 5795 1737 5862 quod
1789 5794 2096 5855 Recaderus
2126 5815 2221 5857 rex
2269 5825 2282 5840 -
2340 5818 2464 5861 eum
2505 5824 2611 5877 quo
2636 5780 3024 5879 congressione
3066 5812 3223 5879 fama,
3250 5812 3445 5870 Franci
3490 5811 3535 5865 itt
3580 5809 3717 5875 fugam
3738 5808 3817 5846 πεῖ·

636 5869 929 5926 fortissima
957 5889 1131 5944 pugna
1159 5892 1442 5947 aggressus
1481 5884 1727 5955 obtinuit,
1753 5898 1809 5945 et
1833 5890 2003 5948 victor
2027 5894 2094 5951 ad
2125 5912 2226 5967 pa-
2254 5972 2293 6012 ὖ
2344 5869 2553 5967 runtur,
2586 5912 2639 5957 et
2660 5869 2879 5974 direpta
2911 5914 3086 5962 castra
3118 5869 3465 5976 Francorum,
3503 5912 3549 5960 et
3574 5869 3811 5961 exercitu“
