4042 6348
185 378 300 441 869

908 381 1218 442 SANCTUS
1246 383 1573 443 LEANDER
1602 382 1866 441 HISPAL.
1902 384 2296 443 EPISCOPUS.
2322 417 2391 427 —
2420 384 2715 445 ΝΟΤΙΤΙΑ.

3364 362 3469 448 870

136 556 150 569 ,
180 502 384 559 Gothis
410 499 652 556 emitur.
682 492 739 555 in
771 501 872 557 it'oc
902 512 1030 572 ergo
1049 500 1346 559 certamine
1372 501 1542 572 gratia
1570 502 1774 569 divina,
1806 508 1859 568 Α
1885 518 1978 574 ges
2024 503 2095 557 ita
2136 502 2390 557 radicitus
2432 510 2703 572 amputata
2752 509 2856 567 est,
2902 501 3182 559 insistente
3226 504 3468 577 principe

182 602 243 653 et
272 594 407 651 ﬁdes
452 593 715 650 estbottcs
744 604 901 665 quam
950 594 1256 652 Becsredus
1291 610 1385 652 res
1418 597 1470 652 in
1500 596 1690 653 Gothis
1717 596 1781 652 ﬁ-

183 687 387 744 deliter
413 688 638 758 Idepttts
676 695 781 752 est,
812 700 933 744 esse
963 690 1208 744 noscitur
1234 698 1454 759 operata
1487 707 1499 743 :
1524 689 1779 761 quoniam

185 788 300 836 non
336 786 418 835 est
445 777 666 835 difﬁcile
696 779 807 834 Deo
851 782 1056 847 nostro,
1081 780 1127 835 si
1156 780 1210 835 in
1250 781 1434 851 paucis
1461 780 1543 852 [Si
1576 780 1780 853 paucis]

184 882 298 929 una
356 872 412 928 in
462 872 649 927 inultis
700 870 840 945 [Una
897 870 1104 943 multis]
1154 874 1313 928 detur
1358 874 1596 928 victoria.
1646 872 1780 928 Nam

184 954 451 1023 Claudius
478 967 587 1021 dux
621 974 742 1021 eum
768 976 864 1021 occ
892 964 1021 1022 viris
1051 980 1118 1021 ns
1143 966 1310 1021 uillis
1342 964 1510 1022 ferme
1540 964 1779 1021 France-

186 1068 318 1119 νοω
344 1061 590 1118 noscitur
611 1060 906 1133 infttgssse,
935 1071 989 1118 et
1016 1063 1305 1118 maximam
1345 1068 1535 1119 eurum
1573 1072 1778 1133 partem

183 1153 371 1226 gladio
400 1143 718 1210 trucidas”.
750 1152 870 1210 Non
895 1155 1171 1211 immerito
1196 1153 1339 1211 Deus
1368 1155 1613 1211 laudatur
1644 1164 1781 1213 teme

184 1244 415 1319 poribus
448 1248 644 1303 neutris
680 1249 878 1319 ithoc
905 1249 1092 1317 ιιι-ωηο
1133 1258 1254 1305 esse
1278 1254 1553 1319 operatus,
1584 1249 1675 1320 qui
1703 1250 1780 1306 sio

184 1336 395 1394 milites
419 1345 546 1393 ante
567 1335 735 1393 mults
764 1338 1067 1407 temporum
1107 1340 1277 1408 spatia
1306 1354 1405 1409 per
1432 1352 1649 1395 manum
1674 1341 1777 1397 du-

182 1420 273 1488 eis
301 1426 573 1489 Gedeonis
604 1439 781 1487 leuce
822 1432 952 1487 viris
980 1433 1145 1488 multa
1176 1433 1339 1489 millia
1369 1431 1778 1492 liadisnitarum

186 1524 288 1582 mi
326 1525 523 1595 papula
554 1524 919 1581 infestantittm
947 1527 1188 1582 noscitur
1214 1528 1558 1585 exstinxisset.

264 1620 422 1675 Anno
454 1622 549 1673 nn
580 1606 835 1674 ’Μητίοἰὶ
864 1619 1227 1690 imperatum,
1274 1622 1366 1691 qui
1397 1628 1481 1678 est
1517 1622 1777 1679 Recaredi

185 1716 243 1766 tv
266 1720 461 1777 annos,
490 1719 674 1767 sancta
715 1712 955 1784 synodus
976 1714 1351 1785 episcoptirum
1384 1714 1546 1772 totius
1587 1716 1779 1787 Hispa-

184 1806 319 1871 πίω.
350 1804 539 1862 Galliae
576 1814 627 1860 et
655 1803 927 1861 Gallosin
955 1808 1010 1862 in
1038 1807 1168 1863 urbe
1198 1808 1475 1877 Toletans,
1508 1819 1777 1879 precepto

1885 604 2185 651 memorato
2226 588 2501 650 Recaredo
2544 609 2691 665 rege,
2725 597 3023 650 utulterius
3071 613 3173 651 non
3218 598 3465 667 pullulet,

1884 689 2151 744 catholica
2184 688 2379 759 ubique
2411 702 2542 757 pace
2572 688 2694 742 data
2741 686 3022 744 Ecclesiis.
3060 688 3184 745 Hmc
3210 705 3343 762 ergo
3372 707 3468 747 ne-

1882 776 2042 835 fanda
2094 779 2339 845 haeresis,
2389 779 2679 835 secundum
2717 776 2858 851 quod
2913 782 3171 851 scriptum
3220 793 3336 848 est,
3388 783 3463 839 De;

1882 874 2033 926 domo
2058 871 2268 927 Domini
2295 874 2427 927 exist
2466 873 2678 926 tentatio
2704 875 2767 926 ab
2797 874 3130 940 Alexandria,»
3154 884 3283 941 elc.,
3314 875 3464 933 dete-

1883 974 2045 1035 gente
2062 974 2252 1019 sancto
2281 965 2589 1021 Alexandro
2619 963 2861 1035 ejusdem
2894 967 3042 1021 urbis
3063 967 3337 1040 episcopo,
3368 984 3464 1039 per

1884 1056 2070 1112 Arium
2103 1056 2474 1130 presbyterum
2524 1057 2750 1112 inolevit
2773 1075 2786 1112 :
2812 1058 2898 1128 qui
2934 1059 2985 1112 in
3016 1059 3223 1114 Niczena
3255 1061 3461 1131 synodo

1882 1166 2096 1209 cccxux
2126 1153 2501 1223 episcoporum
2536 1151 2760 1222 judicio,
2791 1152 3045 1221 vigesimo
3086 1152 3289 1221 imperii
3317 1154 3459 1209 Con-

1884 1244 2105 1301 stantini
2179 1245 2409 1301 senioris
2472 1259 2614 1299 anno
2677 1244 3009 1316 synodaliter
3068 1243 3463 1302 damnationem

1882 1353 2005 1395 cum
2046 1339 2262 1409 proprio
2290 1354 2477 1395 errore
2504 1340 2759 1407 suscepit.
2786 1338 2917 1405 Quae
2941 1346 3059 1408 post
3082 1338 3196 1394 bare
3226 1353 3332 1394 non
3372 1355 3461 1396 so-

1882 1430 1990 1487 lum
2036 1430 2275 1487 Orientis
2321 1442 2377 1486 et
2419 1430 2723 1487 Occidentis
2772 1442 2978 1498 partem
3021 1431 3321 1497 maculavit,
3366 1433 3463 1488 sed

1883 1531 1939 1577 et
1968 1521 2313 1578 Meridisnam
2356 1532 2409 1577 et
2438 1522 2845 1592 Septemtrionis
2866 1522 3094 1593 plagam,
3128 1532 3181 1579 et
3219 1526 3361 1595 ipsas
3383 1525 3466 1580 in-

1883 1615 2030 1669 sulas
2075 1630 2171 1670 sua
2222 1615 2443 1685 perﬁdia
2476 1615 2729 1671 irrctivit.
2764 1618 2803 1667 A
2856 1615 3119 1685 vigesimo
3158 1631 3286 1687 ergo
3327 1617 3461 1672 Con-

1884 1709 2101 1763 stantini
2133 1708 2383 1779 principis
2414 1724 2578 1777 anno,
2609 1723 2713 1778 quo
2742 1718 2982 1776 tempore
3013 1712 3235 1766 haeresis
3262 1712 3461 1767 Ariana

1882 1802 2091 1858 initium
2132 1801 2381 1870 sumpsit,
2410 1816 2580 1871 usque
2610 1801 2661 1856 in
2700 1813 2946 1860 octavum
2996 1820 3191 1859 annum
3226 1804 3467 1861 Mauricii

183 1896 451 1969 maeuii.
508 1896 768 1955 amr-edi
834 1908 1190 1970 congregatur
1251 1901 1628 1972 epam-090mm
1680 1918 1779 1957 ηιμ
1811 1894 1857 1959 Β
1886 1891 2145 1963 principis
2192 1890 2592 1959 Romanorum,
2650 1896 2741 1962 qui
2801 1906 2884 1951 est
2931 1894 3189 1950 itecaredi
3245 1902 3469 1963 quartus

182 1998 340 2046 ntere
362 2003 492 2057 uti,
527 1991 580 2047 in
608 2006 714 2061 qus
742 1992 950 2063 synodo
977 1994 1234 2048 intererat
1261 2004 1590 2049 memoratus
1622 1994 1781 2050 Chri-

183 2083 555 2139 tttllnlssimns
596 2082 932 2147 Beornredus,
974 2084 1221 2140 ordinem
1252 2085 1623 2142 conversionis
1667 2098 1781 2142 sunt

191 2182 255 2231 ει
281 2176 525 2231 omnium
552 2177 916 2241 sacerdotum,
950 2178 1036 2233 vel
1076 2178 1254 2249 gentis
1284 2178 1526 2234 Gothicae
1569 2179 1783 2235 confes-

183 2273 401 2326 sionem
451 2276 600 2327 temo
643 2271 899 2341 Scriptum
954 2278 1115 2327 manu
1156 2287 1251 2328 sua
1297 2272 1566 2343 episcopis
1621 2273 1783 2343 porri-

183 2370 350 2433 gens,
376 2370 432 2419 et
458 2364 638 2420 omnis
660 2374 781 2434 qua
810 2364 876 2419 sd
900 2364 1291 2435 professionem
1322 2365 1442 2420 ﬁdei
1465 2364 1782 2420 orthodoxae

184 2456 487 2528 pertinent,
518 2457 897 2523 innotescens;
928 2456 1084 2526 cujus
1112 2458 1241 2512 torni
1264 2456 1508 2513 ordinem
1537 2456 1783 2513 decrevit

183 2553 373 2604 sancta
396 2550 772 2620 episcoporum
800 2549 1048 2620 [synodus
1069 2550 1344 2605 canonicis
1365 2549 1637 2619 applicare
1660 2566 1779 2603 mo-

183 2640 482 2699 numentis.
533 2646 748 2698 Summa
796 2651 974 2698 tamen
1030 2642 1306 2714 synodalis
1361 2643 1561 2713 negotii
1617 2657 1781 2712 penes

182 2742 435 2789 sanctum
466 2735 765 2789 Leandrum
799 2735 1138 2806 Hispalensis
1164 2735 1418 2790 Ecclesia:
1441 2735 1776 2803 episcopum,

181 2834 244 2880 et
283 2824 651 2879 beatissimum
697 2822 1011 2895 Eutropium
1051 2826 1365 2882 monasterii
1385 2827 1647 2882 Servitani
1685 2826 1779 2881 ab-

181 2918 367 2974 batem
407 2917 527 2972 fuit.
554 2916 879 2973 Memoratus
900 2932 1027 2971 vero
1053 2917 1359 2972 Recaredus
1389 2932 1501 2984 rex,
1530 2925 1587 2971 ut
1634 2917 1776 2971 dixi-

184 3025 329 3075 mus,
372 3017 561 3063 sanclo
586 3008 1103 3065 intereratconcilio
1134 3024 1401 3065 renovans
1443 3012 1777 3079 temporibus

184 3100 389 3156 nostris
413 3099 687 3170 antiquum
729 3100 1025 3172 principem
1068 3098 1480 3156 Constantinum
1525 3116 1775 3173 magnum

185 3206 426 3251 sanctam
456 3180 720 3264 synodum
764 3184 1032 3250 Nic-tenam
1079 3210 1173 3250 sua
1201 3194 1501 3251 iiiuStras‘s‘é
1539 3202 1776 3265 presen-

1887 1988 2039 2056 regni
2076 2000 2269 2051 annus,
2313 1987 2438 2039 anni
2477 1995 2603 2041 sunt
2631 2002 2843 2055 ccum,
2888 1988 3079 2059 quibus
3110 1988 3345 2043 Ecclesia
3376 2003 3465 2042 ca-

1886 2081 2083 2135 tholica
2115 2080 2273 2150 hujus
2303 2081 2523 2136 haeresis
2548 2080 2890 2137 infestatione
2922 2082 3209 2137 laboravit.
3244 2083 3349 2138 Sed
3387 2082 3470 2137 fa-

1887 2182 2047 2228 vente
2078 2173 2187 2228 Dco
2210 2172 2357 2240 vicit,
2385 2173 2638 2244 quoniam
2679 2174 2897 2229 fundata
2933 2183 3016 2229 est
3044 2189 3207 2244 super
3235 2182 3461 2242 petram.

1888 2266 1942 2320 In
1990 2265 2076 2320 his
2111 2280 2240 2336 ergo
2286 2266 2617 2334 temporibus
2674 2266 2867 2335 quibus
2911 2267 3253 2337 omnipotens
3301 2266 3469 2335 Deus,

1886 2368 2157 2428 prostrato
2217 2369 2517 2415 veternesaa
2563 2361 2784 2416 haeresis
2828 2376 3053 2425 veneno,
3104 2374 3289 2430 pacem
3352 2374 3468 2416 sua

1886 2452 2119 2507 restituit
2167 2452 2443 2518 Ecclesiae,
2476 2453 2769 2521 imperator
2799 2453 3083 2508 Persarum
3134 2451 3333 2509 Christi
3376 2468 3468 2510 su-

1886 2547 2057 2615 scepit
2110 2546 2289 2611 ﬁdem,
2341 2558 2395 2601 et
2445 2561 2626 2615 pacem
2669 2561 2790 2602 cum
2839 2548 3099 2603 Mauricio
3142 2549 3468 2617 imperatore

1888 2639 2138 2695 ﬁrmavit.
2170 2641 2442 2695 Recaredo
2485 2656 2612 2711 ergo
2646 2641 2946 2695 orthodoxe
2986 2641 3163 2711 quieta
3208 2657 3339 2712 pace
3380 2658 3470 2700 re-

1885 2743 2103 2803 gnante,
2135 2733 2445 2789 domesticae
2484 2735 2687 2788 insidia:
2733 2734 3157 2805 praetenduntur.
3191 2735 3323 2790 Nam
3352 2737 3470 2806 qui-

1885 2828 2008 2882 dam
2040 2842 2104 2882 ex
2148 2828 2395 2883 cubiculo
2423 2827 2538 2896 ejus
2576 2828 2737 2881 etiam
2768 2828 3057 2895 provincia:
3086 2828 3219 2894 dux,
3252 2828 3471 2884 nomine

1886 2922 2269 2992 Argimundus,
2326 2922 2582 2977 adversus
2623 2922 2953 2978 Recarednm
2997 2937 3175 2995 regem
3223 2922 3466 2993 tyranni-

1884 3002 2004 3069 dem
2054 3028 2327 3069 assumere
2367 3014 2609 3081 cupiens,
2666 3010 2737 3066 ita
2788 3016 2863 3078 ut,
2899 3013 2940 3065 si
2994 3021 3196 3082 posset,
3246 3026 3365 3066 eum
3414 3021 3469 3067 et

1883 3121 2051 3175 regno
2081 3106 2317 3174 privaret
2346 3114 2400 3159 et
2425 3106 2569 3159 vita.
2602 3103 2712 3158 Sed
2753 3104 2967 3159 nefandi
2995 3104 3113 3173 ejus
3141 3103 3352 3159 consilii
3377 3102 3470 3157 de-

1884 3197 2021 3253 tecta
2062 3198 2486 3265 machinatione,
2539 3196 2983 3265 comm-cliensve,
3031 3203 3088 3249 et
3140 3194 3195 3247 in
3238 3194 3471 3249 vinculis

186 3289 260 3343 tia
289 3306 301 3342 ε
327 3305 427 3345 nec
450 3304 555 3344 non
586 3297 645 3343 et
669 3289 999 3345 Marcianum
1035 3289 1553 3346 Christianissimum
1596 3290 1669 3345 im
1682 3306 1775 3359 pe.
1803 3302 1854 3367 α
1887 3289 2075 3345 ferreis
2106 3291 2376 3353 redactus,
2426 3287 2605 3342 habita
2638 3286 2993 3352 discussione,
3041 3286 3174 3342 socii
3214 3286 3330 3355 ejus
3370 3287 3471 3340 im-

187 3389 448 3451 ratorem,
479 3380 636 3453 cujus
668 3382 919 3438 instantia
968 3368 1425 3439 Chalcedonensis
1448 3382 1641 3454 synodi
1677 3383 1773 3439 de-

187 3480 335 3527 creta
366 3470 594 3528 formata
624 3482 771 3528 sunt.
798 3473 1070 3542 Siquidem
1100 3483 1156 3529 et
1184 3475 1237 3529 in
1268 3473 1479 3529 Nicama
1511 3474 1643 3532 urbe
1666 3474 1776 3530 hae-

186 3564 323 3617 resis
354 3564 548 3617 Ariana
577 3571 631 3618 et
659 3564 865 3619 initium
889 3566 1116 3634 sumpsit
1144 3574 1197 3620 et
1224 3565 1621 3623 damnationem
1655 3570 1773 3622 rne-

187 3655 316 3722 ruit,
366 3654 634 3711 radicibus
699 3670 803 3711 non
870 3657 1179 3725 amputatis.
1246 3657 1591 3712 Chalcedone
1647 3672 1777 3711 vero

195 3747 479 3803 Nestorius
521 3758 577 3805 et
605 3747 903 3820 Eutychius
944 3765 1051 3803 una
1096 3765 1218 3804 cum
1250 3750 1511 3805 Dioscoro
1539 3752 1779 3819 ipsorum

188 3850 445 3910 patrono,
488 3850 541 3897 et
571 3840 869 3896 haeresibus
907 3842 1140 3911 propriis
1166 3842 1509 3897 condemnati
1541 3850 1688 3898 sunt.
1722 3842 1779 3896 in

197 3934 298 3989 hac
340 3950 467 3990 vero
496 3944 681 3990 sancta
708 3933 969 3990 Toletana
1011 3935 1221 4006 synodo
1263 3935 1376 3989 Arii
1410 3933 1632 4003 perﬁdia
1662 3943 1782 4003 post

188 4024 377 4097 longas
407 4025 809 4081 Catholicorum
854 4040 1013 4081 neces
1056 4035 1216 4096 atque
1245 4018 1611 4080 innocentium
1643 4034 1783 4079 stra=

262 4176 286 4204 ι
314 4167 567 4224 Rescribe
612 4184 728 4224 ccc.
773 4167 893 4223 Vid.
943 4167 1076 4221 1nd.
1120 4182 1217 4232 vn,
1261 4167 1312 4221 7.
1361 4160 1561 4222 Locum
1616 4164 1777 4219 istum

188 4239 505 4310 prctcriere
526 4240 765 4312 sunset
791 4248 855 4295 et
873 4240 1147 4295 Canisius.

1852 3386 2026 3455 ’piam
2056 3370 2513 3438 machinationem
2555 3381 2789 3436 cbnfessi
2827 3380 3095 3449 condigna
3117 3388 3241 3433 sunt
3266 3380 3470 3434 ultione

1885 3476 2171 3533 interfecti.
2202 3476 2319 3545 ipse
2344 3484 2525 3530 autem
2554 3472 2917 3544 Argimundus
2944 3473 3034 3541 qui
3062 3486 3285 3540 regnum
3316 3485 3469 3525 assu-

1887 3572 2039 3624 mere
2092 3560 2385 3637 cupiebat,
2439 3566 2669 3636 primum
2715 3562 3028 3619 verberibus
3079 3562 3468 3633 interrogatus,

1886 3662 2083 3717 deinde
2127 3661 2352 3731 turpiter
2395 3660 2724 3725 decalvatus,
2773 3666 2894 3728 post
2919 3657 3032 3711 haec
3060 3656 3247 3710 dextra
3288 3670 3472 3725 ampu-

1889 3761 2020 3821 tata,
2067 3752 2373 3822 exemplum
2426 3752 2677 3806 omnibus
2707 3747 2760 3803 in
2806 3748 3067 3804 Toletana
3100 3746 3253 3814 urbe,
3307 3746 3473 3803 Asino
3576 3768 3589 3777 -

1887 3846 2081 3901 sedens
2137 3845 2493 3915 pompisando
2544 3844 2722 3911 dedit,
2764 3851 2820 3898 et
2867 3842 3048 3898 docuit
3099 3840 3325 3898 famulos
3365 3839 3469 3898 do-

1887 3939 2040 3994 minii
2060 3938 2085 3978 δ
2116 3954 2222 3994 non
2245 3953 2365 3994 esse
2400 3939 2681 4009 superbos.

1964 4159 1993 4198 ι’
2018 4159 2093 4216 ita
2123 4159 2383 4231 Scaliger.
2430 4164 2499 4216 At
2536 4159 2782 4218 Canisius
2815 4165 2866 4215 in
2907 4160 3037 4215 edit.
3080 4161 3331 4227 Basnag.,
3370 4158 3476 4213 Do-

1889 4232 2035 4287 mini.
2072 4232 2203 4300 Qua:
2233 4232 2447 4303 quidem
2476 4232 2617 4289 haud
2648 4234 2830 4303 paucis
2857 4245 2912 4288 et
2944 4233 3146 4287 lacunis
3176 4231 3399 4287 laborat.

653 4409 670 4415 ’λ
728 4406 739 4409 ‘
795 4404 1126 4429 ,κη-...-
1165 4406 1194 4424 .-
1225 4416 1530 4424 -...------_
1565 4416 1667 4422 ..---
1711 4415 1730 4422 -
1759 4415 1770 4421 .
1815 4415 1862 4420 _
1899 4414 1987 4422 μ.-
2013 4413 2272 4421 ..--...--
2305 4412 2654 4420 -.-.-.--..-.
2705 4413 2758 4419 .-
2799 4412 2860 4419 -..
2889 4411 2996 4419 .-

190 4426 211 4457 ρ
343 4450 358 4454 _
1688 4451 1699 4455 ,
2309 4441 2978 4448 --.--.--.-.-.------..ν
3003 4440 3052 4445 .-

1528 4560 1744 4605 EODEM
1789 4557 2115 4601 TBMPORE.

575 4722 1732 4943 SANCTUS
1836 4712 3116 4973 LEANDER,

906 5054 1833 5181 HISPALENSIS
1936 5049 2744 5169 EPISCOPUS.

702 5298 706 5302 λ
1153 5274 2667 5289 —_—___—____m
2690 5274 3446 5280 κκήτῄῄ.

1427 5364 2285 5492 ΝοτιτιΔ.

1684 5545 1781 5612 (Ex
1807 5543 1978 5607 Cive.)

261 5736 522 5803 Leander,
550 5741 711 5805 gente
764 5726 1032 5801 Hispanus
1052 5767 1069 5796 ,
1102 5725 1265 5781 domo
1306 5720 1770 5791 Carthaginensis,

194 5827 463 5889 Severiani
494 5826 675 5896 (cujus:
715 5832 959 5880 sororem
995 5818 1266 5875 Sanctiam
1296 5816 1349 5870 in
1377 5826 1597 5869 uxorem
1628 5809 1778 5865 duxit

193 5921 557 5983 Theudoricus
584 5918 1030 5988 Ostrogotbormu
1076 5910 1197 5981 rex)
1230 5923 1293 5966 ac
1340 5907 1585 5963 Turturas
1614 5903 1776 5969 ﬁlius,

1884 5709 2075 5768 lsidori
2098 5708 2430 5780 Hispalensts
2449 5704 2615 5762 frater
2644 5714 2771 5763 natu
2800 5707 2997 5780 major,
3019 5716 3141 5780 post
3166 5694 3471 5768 diuturnam

1882 5808 2006 5861 vitae
2061 5804 2373 5861 monasticae
2409 5803 2797 5873 professionem
2844 5803 3171 5874 Hispalensis
3217 5805 3475 5862 Ecclesia:

1886 5899 2320 5971 archiepiscopus
2350 5895 2522 5953 factus
2549 5904 2650 5954 est.
2682 5898 2888 5955 Claruit
2929 5889 3076 5955 anno'
3098 5899 3223 5970 585,
3272 5915 3379 5973 quo
3405 5903 3473 5955 ab
