4042 6348
700 281 798 340 871
1375 289 1466 346 DE
1506 289 1777 348 SANGTO
1815 287 2140 345 LEANDRO
2181 284 2511 346 EPISCOPO
2550 280 2816 342 IIISPAL.
2859 275 3299 336 TESTIMONIA.
3789 279 3853 332 87!

693 400 1094 472 Hermenigildo
1121 402 1380 475 principe,
1404 421 1564 477 quem
1590 409 1658 464 ob
1690 409 1815 465 lidei
1856 409 2133 466 catholicae
2161 418 2275 466 stu-
2301 408 2356 469 Α
2380 405 2557 461 Toleti
2585 411 2706 474 post
2733 401 2936 457 finitam
2964 397 3228 470 synodum
3267 392 3466 460 habita,
3493 391 3675 450 Concil.
3697 401 3794 449 tom.
3814 399 3852 462 ii,

691 494 837 550 dium
868 503 1071 550 artnuta
1095 511 1253 550 manu
1280 509 1592 567 persecutus
1634 512 1718 557 est
1763 503 2103 576 Leuvigildus
2131 513 2283 575 pater
2387 514 2509 572 pag.
2545 496 2704 552 l018.
2733 495 2963 566 Scripsit
3009 500 3294 564 praeterea,
3324 487 3391 543 ab
3421 486 3608 544 Isidoro
3631 502 3853 552 ωεωυτῖιιε,

689 585 988 645 Gothorum
1017 590 1070 645 in
1095 590 1348 662 ﬂi‘spania
1378 610 1494 664 rex,
1521 597 1588 651 a‘d
1609 597 1879 653 Tiberium
1904 600 2282 671 imperatorem
2387 592 2481 648 sed
2505 591 2615 662 jam
2640 588 2916 660 deperdita
2938 628 2953 653 ,
3001 587 3272 641 Adversus
3305 576 3651 637 haereticorum
3687 582 3854 654 dogmata

688 680 1213 754 Constantinopolim
1242 686 1449 757 legatus
1480 699 1584 757 est,
1609 697 1666 745 ut
1693 691 1963 762 suppetias
1986 693 2278 760 obtineret;
2386 684 2556 741 libros
2583 700 2656 748 Il;
2700 681 2976 739 Adversus
3007 680 3246 735 instituta
3279 675 3585 732 Arianorum
3603 679 3853 747 opusculum;

690 777 834 847 quod
863 778 1078 846 quidem
1134 779 1360 835 feliciter
1390 782 1588 848 effecit,
1642 799 1996 856 magnamque
2046 785 2119 844 ibi
2160 802 2281 843 cum

2255 803 2281 842 η
2385 773 2652 846 Epistolas
2673 775 2870 831 multas
2890 773 2957 828 ad
2990 769 3311 842 Gregorium
3359 782 3566 840 papam,
3603 769 3661 826 de
3677 770 3851 839 baptismo

691 868 955 939 Gregorio
998 871 1226 927 diacono
1257 870 1457 944 Pelagii
1515 890 1664 945 papa:
1694 878 2046 946 apocrisiario
2098 877 2283 934 amici-
2386 885 2572 936 unam,
2606 868 2830 924 alteram
2858 866 2924 921 ad
2949 866 3169 920 fratrem
3193 863 3262 918 de
3286 871 3460 918 morte
3484 877 3583 917 non
3608 863 3852 928 timenda,ad

690 960 816 1018 tiam
850 964 987 1020 iniit.
1021 965 1077 1021 In
1109 966 1414 1037 Hispaniam
1454 985 1729 1037 reversus,
1755 988 1897 1027 anno
1927 972 2054 1042 584,
2085 989 2112 1027 a
2147 973 2281 1028 Leu«

2259 1001 2281 1014 .
2385 970 2610 1018 caeteros
2674 974 2887 1032 quoque
2947 958 3296 1029 coepisc0pos
3366 955 3610 1026 plurimas
3662 953 3852 1010 familiares

690 1058 888 1130 νῖεὶιάο
912 1075 1037 1131 Pege
1059 1063 1252 1117 exsilio
1271 1065 1525 1120 multatus
1556 1077 1666 1125 est;
1693 1068 1783 1137 qui
1812 1078 1989 1124 tamen
2019 1084 2160 1124 anno
2189 1083 2279 1125 se-
2385 1056 2678 1127 Epistolas.
2717 1073 2736 1108 ι
2766 1054 2824 1110 In
2850 1051 3247 1109 Ecclesiasticis
3275 1049 3506 1120 denique
3536 1047 3716 1118 ofﬁciis,
3751 1050 3853 1118 inquit

688 1153 869 1222 quenti
887 1152 997 1222 jam
1020 1155 1176 1209 morti
1206 1156 1410 1211 vicinus
1441 1157 1564 1212 facti
1597 1160 1909 1228 paenitentia
1964 1161 2154 1215 ductus
2198 1170 2281 1216 est

2254 1170 2281 1216 ,ι
2383 1148 2639 1216 Isidorus,
2670 1162 2778 1203 non
2800 1161 2963 1216 parvo
2991 1144 3287 1201 elaboravit
3308 1141 3504 1197 studio.
3537 1159 3554 1193 ι
3586 1139 3636 1195 In
3657 1149 3743 1196 toto
3768 1142 3850 1196 enim

687 1244 1127 1300 ClReccﬂt‘cdum
1161 1247 1327 1301 filium
1384 1248 1613 1304 Leandri
1665 1267 1807 1306 curre
1856 1252 2274 1307 commendavit.
2383 1242 2647 1299 Psalterio
2671 1240 2874 1312 duplici
2918 1239 3162 1295 editione
3213 1235 3485 1293 orationes
3526 1235 3796 1304 conscripsit.
3821 1236 3850 1288 In

684 1333 927 1389 Leander
957 1344 1156 1391 tantum
1181 1337 1499 1408 discipulum
1526 1351 1716 1396 nactus
1736 1342 1922 1396 sedulo
1946 1343 2200 1410 excoluit,
2225 1353 2279 1399 et
2382 1336 2636 1393 sacriﬁcii
2667 1350 2883 1406 quoque
2911 1333 3160 1389 laudibus
3207 1340 3366 1402 atque
3390 1329 3609 1385 Psalmis
3643 1329 3768 1384 multa
3785 1330 3852 1384 dul-

683 1427 752 1481 ab
774 1427 968 1482 Ariana
1002 1428 1194 1484 haeresi
1227 1431 1400 1500 primo
1440 1447 1586 1501 eum,
1621 1432 1815 1488 deinde
1858 1434 2000 1488 illius
2026 1450 2128 1504 ope
2173 1435 2279 1490 Go-
2381 1429 2566 1486 cisone
2614 1429 2941 1499 composuit.
2992 1427 3070 1482 Ex
3101 1426 3205 1481 hoc
3233 1425 3354 1480 loco
3405 1423 3632 1479 nonnulli
3667 1438 3748 1475 non
3775 1425 3852 1476 male

685 1519 898 1575 thorum
929 1532 1224 1595 magnates,
1249 1540 1312 1579 ac
1336 1525 1554 1582 tandem
1603 1535 1769 1581 totam
1817 1529 1930 1583 fere
1982 1528 2276 1584 Gothorum
2380 1523 2707 1579 concludunt
2759 1520 3062 1579 Leandrum
3095 1527 3341 1574 nostrum
3389 1517 3558 1572 Missae
3616 1514 3853 1570 Mounbica

681 1623 896 1681 gentem
946 1613 1010 1667 ad
1037 1613 1356 1670 catholicam
1392 1617 1551 1672 Iidem
1587 1621 1882 1683 convertit;
1917 1621 2052 1676 adeo
2081 1631 2140 1676 ut
2170 1622 2278 1678 Go.
2380 1628 2660 1673 auctorem
2692 1616 2878 1672 fuisse.
2911 1616 2968 1670 In
2999 1614 3300 1670 Gothorqu
3330 1610 3475 1666 enim
3507 1624 3644 1664 usum
3663 1608 3852 1678 Liturgiam

680 1704 893 1760 thorum
932 1708 1208 1776 apostolus
1263 1709 1370 1764 dici
1414 1713 1705 1778 meruerit;
1757 1711 2080 1783 habitaque,
2133 1728 2275 1770 anno
2379 1711 2752 1778 composuisse
2783 1707 3083 1763 Leandrum
3109 1706 3257 1761 credi
3285 1720 3380 1774 par
3399 1698 3852 1774 est,quteinEctlesia

679 1796 804 1862 589,
841 1800 1048 1870 synodo
1077 1801 1332 1856 Toletana
1358 1819 1437 1870 Ill,
1470 1804 1624 1873 cujus
1649 1820 1836 1876 magna
1865 1821 1988 1875 pars
2011 1805 2130 1871 fuit,
2154 1823 2272 1863 con-
2304 1824 2349 1884 Β
2379 1804 2635 1875 deinceps
2664 1805 2949 1875 Hispanica
2988 1819 3082 1874 per
3110 1803 3260 1874 plura
3287 1802 3486 1858 saecula
3516 1809 3744 1869 usurpata,
3763 1798 3852 1851 llis:

680 1905 867 1946 versos
897 1909 925 1946 a
951 1909 1009 1950 se
1030 1893 1233 1949 Gothos
1265 1895 1315 1949 in
1344 1895 1597 1951 Ecclesim
1620 1897 1792 1951 sinum
1825 1899 2058 1965 admisit,
2089 1899 2274 1954 ortho-
2381 1903 2726 1958 Mozarabum
2752 1917 2848 1957 seu
2879 1901 3058 1972 potius
3082 1899 3441 1955 Mixtarabum
3471 1895 3700 1966 appellari
3721 1892 3851 1948 dantur

677 1983 982 2055 tloxamquc
1032 1987 1189 2042 fidem
1231 1989 1467 2043 omnium
1515 1990 1910 2060 subscriptione
1962 1993 2271 2049 confirmari
2378 1995 2578 2063 cmpit;
2611 2002 2894 2063 postquam
2923 1990 3217 2046 Christiani
3270 1989 3535 2044 Arabibus
3562 1983 3850 2056 Hispaniensi

677 2075 823 2132 fecit.
850 2079 993 2133 Obiit
1023 2094 1163 2134 anno
1191 2080 1315 2136 595.
1354 2081 1445 2136 Vir
1485 2093 1619 2150 erat,
1675 2093 1811 2158 teSte
1853 2086 2056 2141 Isidoro
2109 2087 2272 2141 fratre
2377 2085 2529 2140 initio
2575 2086 2753 2140 saeculi
2810 2100 2900 2139 vnt
2945 2082 3300 2138 incolentibus
3355 2079 3586 2135 immixti
3623 2075 3850 2133 Mouraiiun

683 2160 834 2239 (cap.
865 2168 981 2238 9.8),
1015 2174 1192 2227 suavis
1241 2174 1476 2244 eloquio,
1527 2176 1741 2246 ingenio
1774 2178 2268 2246 przestantissimus,
2378 2193 2572 2232 nomen
2597 2177 2951 2248 accepissent.
2977 2175 3194 2231 Missam
3220 2174 3401 2240 istam,
3423 2187 3454 2227 a
3477 2170 3696 2226 Leandro
3713 2169 3850 2238 primum

674 2260 782 2314 vita
807 2277 912 2315 non
943 2264 1119 2318 minus
1164 2281 1321 2335 quam
1353 2267 1596 2322 doctrina
1637 2268 1991 2328 clarissimus.
2041 2271 2270 2340 Scripsit
2375 2271 2774 2340 concinnatam,
2805 2269 3038 2326 Isidorus
3068 2268 3234 2324 frater
3261 2264 3430 2320 auxit.
3469 2261 3751 2319 Procedente
3780 2268 3851 2311 ιεωυ

671 2352 1100 2410 ad'FIorentiam
1129 2373 1372 2413 sororem
1401 2359 1661 2430 Regulam
1693 2365 1760 2417 de
1792 2363 2126 2418 institutione
2153 2365 2264 2417 vir-
2375 2380 2506 2434 pore
2552 2367 2823 2421 variorum
2869 2363 3244 2433 episcoporum
3276 2357 3631 2414 additionibus
3667 2350 3850 2408 mutauit

669 2443 850 2512 ginutn
893 2457 948 2500 et
997 2455 1307 2519 contemptu
1362 2452 1582 2512 mundi;
1635 2469 1793 2523 quam
1848 2456 2053 2524 primus
2100 2455 2263 2510 edidit
2375 2457 2634 2512 Ecclesiis
2689 2457 3010 2527 quibusdam
3068 2453 3300 2509 civitatis
3357 2450 3623 2506 Toletana:
3666 2445 3850 2499 holiienult

670 2533 842 2590 Lucas
867 2536 1174 2594 Holstenius
1213 2541 1264 2594 in
1310 2541 1644 2599 Collectione
1693 2544 2039 2614 Regularum,
2094 2545 2267 2601 Paris.
2378 2557 2667 2618 usurpatur
2690 2550 2740 2602 ³⁸⁸.
2777 2549 2907 2603 Eam
2939 2563 2970 2603 e
3001 2545 3297 2602 Gothorum
3322 2541 3598 2598 ruderibus
3625 2538 3850 2592 suscitatam.

672 2628 810 2684 166⁸5
831 2672 846 2699 ,
872 2643 1011 2701 part.
1043 2650 1120 2695 nt.
1150 2650 1202 2704 p.
1262 2635 1349 2699 S9,
1384 2637 1578 2693 exinde
1609 2640 1919 2694 translatam
1967 2642 2019 2695 in
2063 2641 2268 2696 Biblio-
2381 2641 2644 2711 novisque
2673 2638 3079 2694 characteribus
3107 2638 3352 2693 vestitam
3385 2633 3552 2689 edidit
3581 2631 3664 2685 Fr.
3689 2627 3850 2682 Ximenes

671 2723 812 2779 thec.
863 2727 1010 2781 I’atr.
1043 2737 1174 2782 tom.
1207 2721 1324 2794 XII,
1359 2747 1477 2802 pag.
1506 2733 1630 2787 999.
1678 2734 2126 2805 Exstatcjusdetn
2175 2735 2270 2791 ho-
2379 2733 2671 2788 cardinalis
2701 2732 2872 2788 Tolcti
2898 2731 3061 2788 I50-I.
3109 2731 3346 2784 Ilahetur
3394 2729 3576 2791 etiam,
3601 2723 3680 2779 scd
3707 2736 3777 2775 non
3808 2719 3849 2769 in-

670 2817 818 2873 milia
844 2821 896 2874 in
925 2820 1134 2875 laudem
1159 2822 1417 2878 Ecclesiae
1439 2825 1509 2880 ob
1529 2827 1939 2883 conversionem
1967 2827 2264 2882 Gothorum
2379 2835 2551 2898 tegra,
2583 2828 2636 2882 in
2670 2825 2999 2881 Bibliotheca
3032 2825 3206 2889 Patr.,
3239 2833 3368 2877 tom.
3401 2817 3606 2874 XXVII.

667 2936 995 3068 agnuam,
1029 2938 1275 3064 dEbimus
1327 2942 1468 2998 inter
1516 2954 1860 3001 monumen‘a
1921 2943 2147 3015 lilursiae
2207 2942 2554 3003 Mozarabica:
2607 2960 2726 3017 qua;
2781 2943 3036 3016 operibus
3078 2939 3269 2997 Isidori
3316 2934 3638 3008 Hispalensis
3677 2926 3848 2997 subjicere

1002 3049 1015 3063 .
1067 3027 1201 3066 ‘Dl'l‘.

666 3148 3846 3206 πεπρωτεπῇ

1040 3306 1464 3394 SANCTI
1505 3300 2050 3453 LEANDRI
2080 3351 2110 3401 9
2173 3304 2921 3393 HISPALENSIS
2982 3294 3572 3392 EPISCOPI:

1895 3499 2658 3632 REGULA
2693 3604 2732 3648 .

2263 3724 2366 3762 ειη

964 3849 1026 3896 m
1084 3840 1322 3905 LlBER
1366 3842 1470 3905 DE
1514 3839 2077 3907 INSTITUTIONE
2122 3839 2528 3903 VIRGINUM
2570 3837 2673 3899 ΕΤ
2719 3834 3203 3901 CONTEMPTU
3245 3834 3506 3899 MUNDI
3540 3877 3560 3909 ,

1935 4007 2006 4046 AD
2045 4005 2421 4046 FLORENTINAI
2460 4003 2724 4045 SOROREI.

1821 4127 2010 4179 (Codex
2036 4126 2325 4187 regularum
2351 4123 2497 4177 Lucas
2519 4126 2808 4188 Holstenii.)

670 4248 3844 4288 ______________________________________________...-

1096 4375 1197 4427 DE
1237 4375 1525 4428 IANC'I'O
1561 4379 1915 4430 laEANDRO
1953 4379 2272 4446 EJUSQUE
2309 4379 2608 4430 BEGULA
2647 4375 3002 4442 νετῃιυιιι
3039 4375 3516 4430 ἝΕΕΤΙἈΟΝΙΔ.

2043 4517 2489 4536 ,ψ

734 4618 1181 4696 Martyrologium
1200 4619 1354 4696 Rom.
1397 4621 1478 4677 die
1510 4619 1580 4677 27
1616 4619 1772 4678 Febr.
1796 4666 1810 4691 ,
1850 4624 1968 4679 item
2012 4623 2179 4694 Beda,
2287 4627 2331 4689 C
2365 4629 2630 4683 monacho
2651 4625 2988 4696 Hispalensis
3013 4625 3268 4682 Ecclesiae
3289 4622 3575 4695 provinciae
3595 4614 3761 4674 Baetica
3775 4623 3845 4664 cor

1138 4691 1429 4760 Usuardus,
1461 4696 1573 4749 Ado
1601 4704 1647 4750 et
1675 4697 1788 4751 alii.
2165 4691 2172 4694 ⁷
2363 4721 2581 4777 stitutus
2609 4721 2734 4790 epis,

2363 4721 2581 4777 stitutus
2609 4721 2891 4792 cpiscopus
2918 4738 2933 4775 :
2966 4721 3048 4775 vir
3076 4719 3255 4776 suavis
3281 4719 3513 4790 eloquio,
3558 4711 3735 4784 ingenio
3765 4714 3843 4774 pm

730 4810 934 4881 Hispali
965 4810 1017 4866 iu
1047 4812 1300 4880 Hispania
1331 4813 1526 4867 natalis
1555 4815 1721 4867 saneti
1758 4812 1985 4868 Leandri
2012 4810 2251 4881 ejusdem
2363 4817 2765 4882 stantissimus;
2818 4817 2925 4870 vita
2977 4830 3191 4886 quoque
3241 4822 3444 4868 tantum
3499 4820 3645 4879 atque
3685 4796 3843 4886 doctrina

659 4903 892 4959 civitatis
939 4904 1201 4973 episcopi,
1256 4905 1409 4974 cujus
1458 4904 1839 4976 praedicatione
1886 4914 1939 4960 et
1993 4904 2252 4958 industria
2365 4910 2714 4976 clarissimus,
2748 4909 2998 4964 utetiam
3032 4885 3136 4964 Ilde
3155 4907 3272 4978 ejus
3292 4916 3452 4976 atque
3484 4897 3710 4959 industria
3733 4885 3844 4963 pupilli

655 4996 1082 5068 Wisigotharum
1140 5013 1273 5067 gens
1305 5037 1318 5062 ,
1373 4998 1659 5068 adjuvante
1710 4997 2017 5054 Reccaredo
2065 5011 2250 5052 eorum
2362 5003 2535 5073 gentis
2561 5001 2858 5058 Gothorum
2886 5002 2954 5057 ab
2983 5002 3179 5056 Ariana
3209 5000 3413 5055 insania
3465 4997 3527 5051 ad
3555 4994 3691 5049 ﬁdem
3729 4982 3843 5038 catho'

655 5105 804 5161 rege,
837 5089 905 5146 ab
929 5091 1126 5145 Ariana
1153 5089 1430 5160 impietate
1458 5090 1526 5145 ad
1556 5091 1876 5147 catholicam
1921 5089 2080 5146 fidem
2123 5104 2251 5145 con-
2365 5099 2522 5155 licam
2551 5108 2974 5156 reverterentur.
3003 5098 3100 5154 Hic.
3128 5111 3358 5166 namque
3392 5098 3443 5149 in
3484 5089 3640 5148 exsilii
3664 5081 3727 5140 sui
3751 5085 3844 5148 pcre-

655 5199 809 5260 ‘eml
831 5192 932 5241 es"
2366 5205 2671 5275 grinatione
2730 5201 3032 5274 composuit
3082 5202 3214 5256 duos
3267 5199 3521 5255 adversus
3571 5186 3842 5248 hazreticorum

909 5297 1060 5355 Idem
1091 5293 1438 5374 Martyrologl.
1465 5301 1620 5358 Rom.
1644 5301 1727 5357 die
1753 5301 1824 5356 20
1856 5297 2026 5356 Junii.
2365 5309 2505 5379 dogn

2365 5309 2612 5379 dogmata
2638 5307 2826 5376 libros,
2855 5307 3157 5365 eruditione
3202 5314 3501 5360 sanctarum
3550 5292 3841 5379 Scripturarutn

733 5415 934 5485 Ilispali
978 5414 1030 5469 in
1063 5414 1318 5486 Hispania
1370 5417 1636 5487 depositio
1684 5426 1882 5473 sanctae
1927 5414 2254 5472 Florentinae
2365 5412 2680 5479 ditissimos,
2711 5420 2816 5467 etc.
2847 5409 3116 5467 Praeterea
3158 5406 3329 5464 edidit
3356 5420 3516 5461 unum
3558 5398 3616 5455 ad
3660 5392 3842 5487 Florenti-

653 5505 900 5579 virgiuis,
929 5506 1138 5564 sororis
1159 5517 1470 5566 sanctorum
1503 5509 1736 5566 Leandri
1757 5518 1812 5568 et
1835 5508 2021 5566 lsidori
2043 5508 2254 5580 episco-
2365 5530 2488 5570 nam
2510 5527 2755 5569 sororem
2810 5511 2879 5568 de
2931 5510 3272 5568 Institutione
3341 5507 3628 5578 virginum,
3675 5501 3716 5549 ei
3757 5484 3843 5540 0°”

3551 5603 3560 5613 σ
3595 5598 3625 5613 -ο
3669 5583 3841 5613 -.ξιιιιῖῑὶηί

653 5612 868 5672 porum.
2362 5625 2566 5686 temptu
2616 5613 2800 5670 mundi
2856 5612 3129 5675 libellum,
3187 5609 3459 5666 titulorutn
3514 5580 3843 5692 distinctitttlibui

799 5715 1036 5775 Isidorus
1070 5718 1279 5794 Hispal.
1303 5724 1366 5779 de
1405 5721 1605 5794 Script.
1641 5722 1842 5779 Eccles.
1875 5738 1992 5792 cap.
2019 5721 2113 5776 28.
2362 5736 2395 5791 p

2362 5729 2735 5791 Praenotatutn.
2792 5715 3000 5772 Floruit
3028 5714 3129 5770 sub
3177 5708 3501 5776 Reccaredo.
3540 5703 3638 5756 Viro
3675 5687 3841 5794 re“???

729 5830 972 5887 Leander
1020 5826 1231 5904 genitus
1286 5849 1437 5909 patre
1483 5839 1776 5895 Severiano
1818 5837 2258 5909 Carthaginensis
2365 5841 2427 5880 ac
2460 5824 2698 5894 principe
2720 5821 2977 5893 glorioso,
3011 5815 3166 5887 cujus
3187 5816 3346 5871 etiam
3371 5803 3671 5880 temporibus
3688 5779 3841 5851 mirabili

660 5922 950 5992 provinciae
1001 5925 1292 5998 Hispaniae,
1355 5933 1686 6000 professione
1733 5932 2048 5999 monachus,
2095 5941 2150 5988 et
2190 5945 2259 5988 ex
2366 5924 2513 5982 obitu
2541 5923 2767 5981 actualis
2804 5923 2926 5979 vitae
2959 5917 3246 5977 terminum
3276 5912 3481 5974 clausit.
