4042 6348
201 336 322 394 873

318 463 385 518 S.
413 460 689 535 Gregorius
727 461 808 521 Μ.
838 462 955 520 ΡΡ.
979 505 994 533 ,
1024 465 1165 522 Dial.
1191 466 1279 523 lib.
1317 483 1405 536 ιιι,
1436 484 1549 540 cap.
1581 467 1670 522 31.

279 569 433 627 Sicut
474 573 785 640 multorum,
815 575 903 645 qui
933 576 999 632 ab
1045 576 1417 647 Hispaniarum
1473 575 1779 647 parentibus

199 659 455 730 veniunt,
505 664 764 721 relatione
814 668 1186 735 cegnovimus,
1244 685 1415 740 nuper
1456 669 1779 740 Ermigildns

196 768 326 819 rex,
353 754 598 826 Livigildi
632 759 774 830 regis
820 758 1236 830 Wisigotharum
1281 762 1437 829 ﬁlius,
1471 761 1538 815 ab
1586 760 1777 816 Ariana

204 846 405 902 haeresi
453 849 518 903 ad
558 848 714 904 ﬁdem
779 852 1095 908 catholicam
1154 854 1269 907 viro
1335 853 1780 909 reverendissimo

201 940 457 995 Leandre
488 941 808 1012 Hispalitano
834 944 1106 1015 episcopo,
1155 946 1353 1001 dudum
1381 946 1509 1001 mihi
1549 947 1603 1001 in
1649 946 1781 1001 ami-

199 1034 348 1089 citiis
379 1033 715 1092 familiariter
738 1036 944 1107 iuncto,
997 1039 1313 1106 praedicante
1340 1054 1630 1095 conversus
1676 1048 1775 1095 est.

522 1145 685 1215 Idem,
720 1148 1033 1220 Prwfatione
1059 1152 1113 1206 in
1139 1152 1323 1207 librum
1348 1152 1468 1207 Job.

274 1257 740 1317 Reverendissimo
768 1272 821 1318 et
849 1265 1188 1320 sanctissimo
1236 1264 1387 1322 fratri
1412 1283 1511 1323 suo
1531 1267 1779 1323 Leandro

194 1355 521 1424 coepiscopo
546 1354 835 1427 Gregorius
860 1359 919 1414 S.
948 1359 1003 1413 S.
1030 1360 1093 1414 D.
1126 1360 1333 1417 Dudum
1362 1371 1433 1431 te,
1466 1361 1628 1417 frater
1651 1364 1779 1417 bea-

193 1444 431 1512 tissime,
483 1448 533 1500 in
580 1446 1162 1519 Constantinopolitana
1217 1454 1348 1508 urbe
1405 1467 1776 1523 cognoscens,

192 1556 319 1596 cum
353 1556 438 1597 me
466 1541 575 1596 illic
604 1543 745 1599 sedis
788 1546 1100 1614 apostolicae
1146 1559 1402 1616 responsa
1446 1549 1779 1617 constringe-

189 1642 341 1700 rent,
378 1644 431 1688 et
456 1643 509 1688 te
553 1634 676 1690 illuc
716 1636 948 1705 iniuncta
978 1652 1071 1707 pro
1101 1640 1275 1694 causis
1302 1639 1423 1694 ﬁdei
1453 1639 1780 1709 Wisigotha-

187 1738 312 1777 rum
342 1724 534 1794 legatio
564 1727 918 1798 perduxisset,
945 1742 1105 1785 omne
1140 1730 1193 1785 in
1244 1731 1346 1786 tuis
1370 1734 1607 1795 auribus,
1637 1731 1776 1801 quod

188 1815 329 1870 mihi
360 1816 427 1872 de
448 1830 532 1872 me
577 1817 915 1887 displicebat,
947 1822 1193 1891 exposui,
1236 1830 1342 1877 etc.
1374 1821 1525 1877 Tunc
1568 1823 1770 1877 eisdem

186 1906 469 1974 fratribus,
499 1907 658 1963 etiam
686 1920 910 1979 cogente
936 1922 1007 1978 te,
1042 1913 1260 1982 placuit,
1289 1914 1428 1970 sicut
1451 1914 1565 1983 ipse
1592 1915 1773 1969 memi-

186 1994 342 2063 nisti,
377 2008 434 2053 ut
464 1998 655 2054 librum
691 2000 829 2056 beati
880 2001 983 2058 Job
1007 2018 1275 2073 evponere
1330 2007 1632 2076 importuna
1686 2021 1772 2062 nte

186 2091 450 2162 petitione
482 2095 883 2164 compellerent.

264 2201 438 2272 Idem,
462 2205 551 2261 lib.
605 2222 645 2275 ι,
674 2208 824 2279 epist.
846 2208 937 2275 41,
968 2211 1038 2264 ad
1056 2209 1354 2266 Leandrum
1380 2213 1694 2298 episcopum.

262 2314 339 2370 Ea
362 2331 480 2386 quae
511 2317 565 2373 in
591 2318 733 2375 beati
758 2320 862 2376 Job
909 2324 1239 2393 expositione
1263 2325 1402 2381 dicta
1454 2326 1682 2395 fuerant,
1715 2334 1770 2384 et

182 2408 342 2464 vobis
369 2409 642 2482 dirigenda
675 2414 930 2485 scribitis,
960 2417 1061 2471 nisi
1113 2417 1384 2485 portitoris
1427 2421 1767 2487 przcscutium

179 2514 275 2557 tne
302 2500 572 2560 festinatio
599 2515 1019 2576 coangustasset,
1048 2517 1237 2564 cuncta
1286 2510 1437 2564 vobis
1487 2512 1766 2566 transmit-

179 2599 303 2649 tere
349 2595 466 2651 sine
514 2596 689 2666 aliqua
742 2600 1112 2655 imminutione
1164 2602 1482 2669 voluissem;
1535 2602 1767 2660 maxime

178 2685 310 2756 quia
340 2695 395 2741 et
449 2687 553 2742 hoc
600 2689 772 2758 ipsum
820 2705 954 2761 opus
1008 2692 1075 2746 ad
1129 2702 1358 2748 vestram
1405 2695 1761 2750 reverentiam

177 2778 412 2847 scripsi;
439 2788 498 2834 ut
522 2779 573 2836 ei
597 2796 754 2849 quem
794 2797 903 2852 prae
928 2783 1139 2839 caeteris
1165 2784 1350 2856 diligo,
1377 2786 1431 2840 in
1480 2800 1599 2841 meo
1624 2786 1763 2855 judi-

176 2885 279 2927 cer
312 2869 493 2926 labore
539 2872 849 2929 desudasse.
900 2872 1169 2930 Praeterea
1211 2876 1255 2930 si
1303 2877 1457 2932 vobis
1503 2876 1765 2949 indulgeri

178 2972 431 3033 tempora
475 2965 543 3020 ab
591 2967 949 3023 ecclesiastica
1004 2970 1358 3038 occupatione
1404 2971 1764 3041 cognoscetis,

178 3057 310 3127 quid
338 3060 408 3115 sit
428 3060 538 3132 jam
568 3063 864 3120 faciendum
898 3065 1081 3131 scitis;
1110 3068 1352 3138 quamvis
1380 3069 1542 3124 etiam
1572 3068 1766 3124 abseno

179 3183 1887 3217 F———————-—————————___

1384 340 1629 401 SANCTI
1665 338 1968 400 LEANDRI
2005 336 2301 396 BEGULA.

1807 469 1859 529 Α
1885 472 1993 520 tem
2016 477 2265 532 corpore,
2291 466 2605 530 praesentem
2627 456 2756 514 mihi
2777 463 2831 515 te
2848 469 3064 527 semper
3082 454 3309 525 intueor,
3329 455 3455 529 quia

3352 333 3461 391 87A

1883 556 2063 609 vultus
2087 555 2163 609 tui
2192 552 2475 623 imaginem
2520 552 2659 608 intra
2682 551 2860 608 cordis
2889 550 3095 608 viscera
3136 551 3453 621 impressam

1880 653 2056 715 porto.

2137 735 2303 801 Idem,
2334 734 2422 789 lib.
2450 750 2522 804 tv,
2549 735 2699 804 epist.
2724 732 2815 801 46,
2839 736 2905 789 ad
2936 735 3188 791 eumdem.

1953 850 2165 915 Quanto
2194 849 2384 905 ardore
2410 849 2593 905 videre
2620 856 2672 905 te
2698 850 2904 916 sitiam,
2934 850 3056 920 quia
3084 850 3240 907 valde
3267 866 3354 907 me
3374 853 3456 907 dl-

1882 943 2022 1015 ligis,
2059 946 2112 999 in
2146 946 2218 999 tui
2243 943 2436 999 tabulis
2457 944 2638 999 cordis
2659 944 2824 1013 leges.
2866 943 2974 1000 Sed
2995 945 3117 1013 quia
3157 944 3315 1015 longo
3355 953 3457 1001 ter-

1880 1048 2060 1088 rarum
2092 1035 2267 1103 spatio
2309 1034 2633 1103 disjunctum
2668 1045 2719 1089 te
2762 1033 2943 1090 videre
2977 1049 3217 1105 nequeo,
3264 1052 3449 1103 unum,

1879 1125 2021 1195 quod
2052 1126 2181 1179 mihi
2205 1124 2272 1179 de
2301 1134 2352 1180 te
2380 1125 2598 1179 dictavit
2625 1125 2857 1180 charitas
2879 1123 3003 1190 feci,
3045 1136 3101 1179 ut
3128 1126 3316 1181 librum
3352 1127 3454 1182 Be-

1879 1220 2017 1291 gulaa
2038 1219 2340 1289 pastoralis,
2385 1234 2541 1289 quem
2578 1220 2630 1274 in
2682 1228 3019 1287 episcopatus
3073 1220 3177 1274 mei
3224 1221 3453 1274 exordio

1880 1310 2091 1380 scripsi,
2118 1322 2170 1366 et
2192 1310 2357 1364 libros
2383 1324 2516 1378 quos
2540 1310 2591 1364 in
2618 1310 3006 1378 expositionem
3030 1309 3170 1365 beati
3190 1308 3291 1365 Job
3314 1310 3453 1379 jam-

1881 1404 2080 1487 dudum
2110 1420 2195 1461 me
2221 1405 2411 1488 fecisse
2433 1406 2747 1476 cognovisti,
2767 1404 3045 1460 Sanctitati
3062 1414 3255 1461 vestrae
3279 1413 3452 1461 trans-

1880 1485 2091 1532 mittere
2136 1485 2336 1531 curavi.

2095 1588 2264 1654 Idem,
2298 1590 2388 1643 lib.
2444 1604 2541 1655 vn,
2572 1589 2720 1658 epist.
2753 1588 2876 1654 126,
2905 1589 2972 1643 ad
2991 1590 3240 1645 eumdem.

1952 1699 2261 1755 Sanctitatis
2294 1709 2395 1754 tuae
2425 1700 2633 1767 suscepi
2654 1700 2953 1768 epistolam,
2981 1698 3147 1753 solius
3175 1698 3450 1754 charitatis

1882 1793 2086 1848 calamo
2122 1792 2393 1861 scriptam.
2449 1793 2525 1845 Ex
2575 1793 2737 1846 corde
2786 1792 2928 1847 enim
2978 1791 3155 1861 lingua
3203 1791 3449 1855 tinxerat,

1877 1884 2020 1954 quod
2052 1884 2104 1938 in
2134 1883 2334 1941 chartae
2364 1882 2552 1953 pagina
2599 1882 2936 1938 refundebat.
2967 1883 3098 1937 Boni
3143 1890 3321 1937 autem
3367 1897 3450 1936 sa-

1875 1975 2190 2044 pientestiue
2217 1974 2314 2028 viri
2336 1988 2454 2028 cum
2481 1975 2745 2043 legeretur
2763 1974 3062 2039 adfuerunt,
3088 1988 3309 2045 quorum
3338 1982 3450 2029 sta-

1873 2065 1967 2120 tim
1995 2066 2198 2120 viscera
2238 2066 2290 2119 in
2322 2065 2729 2134 compunctione
2773 2076 3040 2121 commota
3076 2074 3226 2141 sunt.
3273 2065 3450 2137 Coepit

1871 2157 2101 2228 quisque
2127 2158 2329 2212 amoris
2359 2172 2520 2211 manu
2548 2158 2603 2212 in
2642 2171 2740 2212 suo
2764 2157 2927 2213 corde
2953 2167 3007 2213 te
3054 2172 3278 2228 rapere,
3324 2158 3447 2227 quia

1870 2248 1925 2303 in
1963 2248 2055 2303 illa
2083 2248 2307 2318 epistola
2342 2258 2443 2303 tuae
2465 2248 2658 2303 mentis
2680 2248 3014 2305 dulcedinem
3060 2264 3165 2304 non
3212 2259 3329 2305 erat
3353 2264 3449 2304 au-

1877 2338 2010 2407 dire,
2037 2343 2131 2394 sed
2158 2355 2398 2396 cernere.
2429 2337 2872 2395 Accendebantur
2894 2348 2949 2395 et
2972 2339 3299 2395 mirabantur
3330 2339 3446 2395 sin-

1875 2432 2005 2503 guli,
2052 2441 2212 2500 atque
2240 2434 2355 2503 ipse
2386 2434 2523 2503 ignis
2554 2433 2883 2489 audientium
2912 2433 3329 2496 demonstrabat,
3355 2432 3448 2502 qui

1874 2523 2046 2579 fuerat
2071 2524 2233 2581 ardor
2258 2524 2503 2580 dicentis.
2531 2524 2643 2580 Nisi
2670 2527 2811 2580 enim
2842 2525 2987 2595 prius
3010 2525 3061 2580 in
3108 2540 3165 2580 se
3192 2525 3335 2580 faces
3359 2537 3447 2577 ar-

1872 2615 2065 2682 deant,
2118 2614 2283 2670 alium
2329 2632 2435 2671 non
2480 2616 2837 2672 succendunt.
2902 2616 2981 2671 lbi
3039 2629 3166 2683 ergo
3219 2615 3448 2669 vidimu

1870 2716 2067 2776 quanta
2086 2706 2349 2764 charitate
2374 2717 2462 2762 tua
2510 2722 2663 2764 mens
2700 2705 2913 2774 arserit,
2944 2720 3063 2773 qua:
3108 2706 3187 2760 sic
3231 2716 3281 2758 et
3312 2702 3444 2759 alios

1872 2797 2133 2853 accendit.
2190 2798 2362 2854 Vitam
2390 2814 2518 2854 vero
2584 2808 2851 2867 vestram,
2898 2795 3049 2869 cujus
3096 2808 3195 2866 ego
3237 2806 3447 2862 semper

1872 2903 1992 2943 cum
2022 2902 2213 2958 magna
2253 2889 2600 2945 veneratione
2629 2888 2966 2955 reminiscor,
3016 2886 3235 2942 minime
3276 2899 3441 2941 nove-

1871 2989 2013 3045 rant,
2039 2981 2131 3035 sed
2165 2980 2243 3035 eis
2269 2979 2496 3036 altitudo
2524 2980 2689 3035 vestri
2713 2979 2893 3035 cordis
2931 2980 3102 3048 patuit
3132 2992 3204 3033 ex
3232 2975 3445 3031 humilia

1876 3079 1983 3126 tate
2014 3071 2298 3126 sermonis.

1892 3191 3424 3218 ,Μ

387 3287 1088 3367 OBSERVATIO
1167 3294 1608 3368 CRITICA
1687 3294 1799 3371 ΙΝ
1844 3290 2423 3372 ‘REGULAM
2502 3294 3191 3385 SEQUENTEM.

251 3425 508 3482 Sanctum
556 3426 856 3485 Leandrum
888 3430 1262 3502 Hispalensem
1292 3433 1626 3504 episcopum,
1658 3441 1715 3489 et
1740 3436 1908 3489 sancti
1943 3435 2129 3491 lsidori
2159 3434 2378 3491 fratrem
2408 3435 2701 3500 seniorem,
2747 3433 2813 3488 ab
2842 3432 3202 3488 adolescentia
3250 3445 3441 3486 mona-

180 3521 334 3574 sticae
366 3521 484 3575 vitae
510 3523 801 3591 cultorem,
828 3539 889 3580 ac
913 3525 1272 3581 Benedictina:
1300 3526 1596 3596 disciplinac
1618 3526 1756 3597 apud
1787 3526 2044 3598 Hispanos
2066 3529 2325 3598 insignem
2352 3536 2756 3598 propagatorem
2777 3524 3069 3591 exstitisse,
3092 3523 3437 3579 consentiunt

182 3627 409 3678 omnes;
440 3617 680 3682 quamvis
709 3616 762 3670 in
808 3616 906 3672 hac
948 3618 1201 3687 praesenti
1234 3616 1433 3687 Regula
1474 3634 1570 3685 pro
1612 3617 1909 3687 virginibus
1939 3620 2134 3687 scripta
2166 3619 2363 3673 nullam
2394 3618 2565 3673 sancti
2605 3615 2869 3671 Benedicti
2908 3615 3233 3670 mentionem
3264 3615 3438 3670 faciat.

182 3700 443 3760 Necsane
460 3719 525 3759 ex
549 3705 636 3759 tali
668 3706 884 3761 silentio
898 3706 1096 3776 aliquid
1125 3717 1310 3763 contra
1342 3709 1513 3761 sancti
1545 3708 1785 3778 episcopi
1811 3711 2189 3765 monachatum
2220 3709 2622 3764 Benedictinnm
2654 3710 2836 3763 inferri
2865 3707 3041 3773 debet,
3071 3722 3190 3763 cum
3220 3718 3439 3764 sanctus

183 3792 502 3851 Benedictus
542 3798 797 3868 Regulam
827 3812 975 3852 suam
1008 3814 1111 3853 non
1143 3814 1241 3868 pro
1266 3797 1761 3853 sanctimonialibus
1802 3797 2037 3869 feminis,
2066 3800 2158 3855 sed
2204 3814 2299 3868 pro
2325 3800 2602 3854 monachis
2649 3799 2938 3868 scripserit,
2967 3808 3021 3854 et
3059 3814 3294 3867 prtcsens
3323 3799 3439 3853 haec

182 3886 385 3956 Regula
435 3903 526 3943 ut
550 3889 793 3958 capitulis
824 3897 1074 3945 contenta
1112 3889 1286 3959 petius
1314 3888 1535 3945 dicenda
1565 3890 1636 3945 sit
1676 3891 1979 3947 exhortatio
2010 3902 2063 3947 et
2089 3891 2401 3955 admonitio,
2451 3890 2698 3945 omnibus
2734 3892 2903 3946 sacris
2942 3890 3234 3961 virginibus
3277 3890 3437 3955 data;

184 3991 446 4053 quatenus
475 3982 580 4037 illae
620 3983 943 4038 mundanam
972 3997 1219 4052 pompam
1252 3992 1619 4052 contemnant,
1658 3992 1713 4039 et
1749 3984 1851 4039 soli
1878 3985 1987 4040 Deo
2022 3984 2283 4054 spirituali
2314 3998 2411 4038 suo
2439 3986 2637 4053 sponso
2666 3983 2922 4038 inservire
2947 3983 3213 4038 studeant.
3247 3983 3439 4039 llabuit

186 4076 326 4131 enim
355 4087 571 4130 sanctus
599 4075 841 4131 Leander
863 4090 1101 4131 sororem
1131 4076 1520 4143 Florentinam,
1544 4092 1662 4147 qua:
1692 4077 1850 4132 simul
1871 4092 1992 4131 cum
2023 4085 2193 4132 matre
2230 4076 2469 4146 ingressa
2496 4075 2594 4130 fuit
2623 4075 2999 4130 monasterium
3029 4084 3177 4130 extra
3214 4075 3435 4145 patriam

187 4167 366 4224 situm.
403 4167 653 4224 Eamdem
684 4169 750 4223 ad
781 4169 1226 4238 perseverantiam
1250 4171 1589 4240 exhortatur,
1618 4172 1813 4241 piaque
1834 4178 1887 4226 et
1914 4171 2165 4226 salutaria
2194 4170 2393 4224 monita
2416 4168 2582 4233 dedit,
2603 4183 2720 4238 quae
2746 4168 2960 4237 quidem
2980 4169 3101 4223 vita:
3128 4170 3438 4224 monasticat

186 4276 426 4319 normam
457 4263 558 4318 rite
589 4262 894 4318 conﬁciunt.
926 4261 1076 4318 Hanc
1106 4262 1265 4333 igitur
1292 4264 1549 4333 Regulam
1582 4265 1924 4331 Florentinae,
1957 4274 2220 4336 pergrata:
2255 4263 2355 4318 sibi
2386 4263 2438 4316 in
2469 4261 2680 4318 Christo
2712 4261 2833 4317 filiae
2859 4271 2913 4318 et
2935 4263 3107 4318 sorori
3143 4262 3436 4332 inscripsit,

186 4364 244 4412 et
273 4356 527 4426 imprimis
555 4357 792 4411 omnium
823 4370 1157 4412 terrenorum
1191 4365 1553 4426 contemptum
1598 4358 1848 4422 inculcat,
1890 4356 2020 4412 nihil
2051 4356 2104 4411 in
2130 4356 2285 4411 terris
2312 4368 2432 4410 esse
2460 4368 2641 4408 amore
2686 4362 2740 4410 et
2789 4352 2982 4410 all‘ectu
3010 4356 3178 4409 sacrae
3208 4355 3431 4425 virginis

190 4451 393 4519 signum
425 4464 696 4517 asserens,
730 4450 821 4504 sed
854 4449 919 4504 ad
955 4451 1194 4506 caelestia
1223 4449 1565 4521 aspirandum
1594 4451 1689 4515 ait,
1718 4449 1807 4504 ubi
1831 4463 2014 4504 verum
2038 4449 2357 4519 virginitatis
2384 4450 2657 4518 prmmium
2688 4448 2940 4503 inveniet.
2981 4446 3158 4501 Monet
3192 4446 3437 4502 vitandas

192 4557 308 4598 esse
338 4542 495 4597 Iaicas
525 4542 773 4597 mulieres
803 4543 875 4597 uti
898 4558 1153 4614 organum
1182 4544 1430 4608 Satanae;
1458 4546 1655 4614 quippe
1694 4545 1833 4615 quod
1865 4552 2068 4607 amant,
2101 4542 2202 4597 hoc
2231 4549 2543 4609 suggerunt,
2570 4550 2627 4596 et
2664 4554 2760 4595 eas
2784 4555 2870 4595 res
2910 4540 3182 4594 insinuant
3208 4540 3435 4593 aliorum

193 4634 424 4699 auribus,
447 4649 565 4703 quae
604 4634 657 4688 in
686 4634 797 4689 suis
815 4632 1095 4689 desideriis
1126 4644 1428 4690 versantur.
1474 4635 1726 4690 Vitandos
1762 4650 1973 4706 quoque
2022 4634 2164 4687 viros
2191 4632 2531 4702 quantumvis
2579 4640 2814 4694 sanctos,
2846 4644 2913 4685 ne
2960 4630 3171 4685 videndi
3211 4628 3436 4700 jugitate

195 4737 285 4785 aut
311 4724 596 4783 infametur
624 4728 902 4795 utriusque
921 4726 1199 4792 sanctitas,
1229 4736 1319 4781 aut
1341 4737 1540 4797 pereat.
1566 4727 1876 4782 Lectioncm
1901 4725 2166 4781 assiduam
2189 4734 2241 4779 et
2274 4724 2672 4778 meditationem
2696 4736 2874 4774 rerum
2896 4720 3248 4791 spiritualium
3272 4722 3436 4776 incul-

194 4830 297 4885 cat,
324 4834 471 4874 esum
501 4818 677 4873 carnis
724 4816 974 4886 prohibet
1002 4816 1155 4871 sicuti
1184 4828 1236 4871 et
1265 4816 1597 4880 balneorum,
1648 4816 1749 4870 nisi
1779 4815 2024 4879 inﬁrmis,
2054 4822 2211 4880 atque
2252 4812 2524 4866 silentium
2556 4808 2773 4863 mandat
2809 4809 2964 4864 sicuti
3013 4807 3067 4864 iu
3110 4812 3438 4866 monasterio

197 4910 679 4981 perseverantiam;
707 4917 969 4977 quatenus
995 4915 1049 4962 et
1078 4907 1362 4961 multarum
1395 4907 1652 4960 societate
1682 4905 1947 4972 proﬁciat,
1968 4919 2032 4958 ac
2054 4918 2234 4957 earum
2265 4904 2472 4970 assequi
2510 4901 2679 4955 valeat
2708 4900 2919 4969 merita,
2940 4915 3166 4971 quarum
3196 4903 3438 4959 imitetur

196 5002 450 5071 exempla.
486 5000 715 5057 Sanctus
745 5010 921 5055 autem
950 4998 1192 5054 Leander
1214 4998 1349 5052 hanc
1372 4997 1626 5067 Regulam
1660 4994 2030 5064 parmneticam
2064 4995 2313 5064 piissimae
2336 4995 2506 5048 sorori
2535 4993 2855 5048 Florentium
2873 4993 3213 5065 inscripsisse
3226 4996 3439 5052 videtur

205 5103 317 5166 post
348 5095 595 5164 adeptum
625 5094 987 5164 episcopatum
1018 5090 1412 5160 Hispalensem,
1440 5103 1598 5161 quem
1629 5087 1697 5142 ab
1725 5101 1866 5142 anno
1900 5085 2005 5141 575
2031 5085 2096 5140 ad
2126 5100 2324 5141 annum
2360 5082 2465 5139 605
2492 5082 2827 5140 sanctissime
2850 5085 3008 5140 rexit.

204 5244 3436 5278 ww

1362 5361 1599 5405 INCIPIT
1640 5359 1704 5403 IN
1749 5358 2003 5401 CHRISTI
2043 5357 2288 5401 NOMINE

496 5486 1205 5638 SANCTI
1285 5484 2170 5710 magnei
2270 5480 3127 5631 REGULA.

265 5762 499 5828 lauder
555 5768 651 5825 Dei
703 5765 1072 5823 misericordia
1129 5772 1385 5836 pergratae
1435 5761 1491 5819 iu
1548 5761 1761 5818 Christo

200 5862 325 5924 mihi
350 5861 471 5919 ﬁlia:
491 5872 543 5918 et
567 5861 739 5918 sorori
766 5859 1106 5917 Florentium.

630 5957 899 6016 l‘n'non.
946 5953 1198 6014 LXXII.

1942 5758 2271 5829 Perquiranti
2295 5756 2445 5825 mihi,
2461 5768 2614 5811 soror
2633 5752 2950 5809 charissima
2969 5750 3299 5822 Florentina,
3316 5753 3431 5823 quia

1868 5856 1968 5913 bus
1991 5868 2042 5913 te
2069 5856 2369 5911 divitiarum
2418 5853 2642 5908 cumulis
2673 5849 2940 5906 haeredem
2973 5834 3224 5917 facerem,
3248 5868 3351 5923 qua
3382 5861 3431 5908 te

2959 5942 3038 6004 28
