4042 6348
568 343 671 402 87ἲί

1467 338 1710 397 SANCTI
1751 332 2091 405 LEANDRI,
2134 334 2575 397 HISPALENSIS
2614 329 2964 410 EPISCOPI,

3746 348 3852 409 s76
3911 320 3915 322 ἡ

564 460 867 537 patrimonii
894 467 1042 519 sorte
1060 458 1314 527 ditarem,
1343 459 1523 514 multae
1547 474 1727 513 rerum
1757 455 2021 513 fallaciam
2051 470 2144 511 oc-
2175 454 2223 510 Α
2252 464 2549 523 putaretur.
2573 458 2621 513 si
2652 460 2976 516 transitoriis
3006 460 3346 534 terrenisque
3370 466 3634 525 ditaretur
3653 484 3847 527 mune-

564 558 850 616 currebant
888 556 1185 623 imagines;
1226 569 1357 621 quas
1406 570 1526 608 cum
1576 569 1674 623 ego
1703 561 1762 608 ut
1814 553 2148 622 importunas

562 664 778 708 muscas
823 663 979 702 manu
1007 647 1202 701 tuentis
1224 647 1519 713 abigerem,
1548 648 1738 701 tacitus
1761 645 1964 699 aiebam
1994 662 2006 699 :
2036 647 2147 700 Au-

563 759 685 800 rum
716 753 773 799 et
799 750 1074 811 argentum
1097 740 1162 795 de
1194 751 1328 795 terra
1349 748 1451 803 est,
1468 748 1520 794 et
1542 742 1593 793 in
1617 749 1809 794 terram
1832 741 2144 806 revertitur;

569 833 764 893 fundus
795 844 849 887 et
902 833 1278 901 patrimonium
1338 832 1543 885 reditus
1570 832 1693 885 vilia
1742 840 1797 886 et
1842 832 2146 887 transitoria

566 936 713 991 sunt,
728 927 951 996 pra’terit
968 926 1099 979 enim
1110 926 1276 996 ﬁgura
1290 926 1443 984 huius
1461 926 1638 978 mundi
1652 922 1704 994 (I
1719 923 1938 991 Conv")
1950 964 1963 979 .
1980 924 2145 989 Quid-

566 1020 692 1090 quid
722 1021 865 1073 enim
900 1020 998 1073 sub
1024 1018 1136 1071 sole
1159 1018 1434 1087 conspexi,
1458 1018 1588 1071 nihil
1621 1026 1674 1071 te
1699 1016 1940 1087 dignum,
1969 1031 2144 1086 soror,

567 1116 853 1169 arbitratus
875 1128 1021 1174 sum;
1052 1111 1184 1166 nihil
1216 1113 1421 1166 muneri
1447 1122 1535 1167 tuo
1582 1112 1781 1167 credidi
1814 1126 1931 1165 esse
1956 1112 2150 1181 gratis-

567 1215 758 1267 simum
788 1232 799 1267 :
826 1214 1001 1266 omnia
1047 1210 1369 1265 mutabunda
1399 1252 1413 1276 ,
1445 1211 1645 1265 caduca
1670 1252 1685 1275 ,
1735 1218 1790 1265 et
1843 1225 1973 1263 vana
2034 1209 2148 1264 fore

566 1308 841 1375 conspexi.
876 1304 1030 1361 Unde
1060 1321 1237 1358 veram
1295 1319 1417 1359 esse
1472 1302 1675 1359 attendi
1703 1304 2005 1360 Salomonis
2030 1319 2149 1358 sen-

564 1403 808 1465 tentiam,
834 1399 1061 1453 dicentis
1088 1397 1285 1466 (Eccle.
1313 1398 1408 1463 tt):
1444 1397 1771 1466 Magniﬁcavi
1828 1413 1981 1465 Opera
2012 1413 2145 1463 mea,

566 1492 817 1560 wdiﬁcavi
864 1491 986 1543 mihi
1034 1492 1229 1556 domos,
1265 1492 1490 1555 plantavi
1538 1490 1731 1549 vineas.
1758 1491 1853 1555 feci
1895 1488 2070 1541 hortos
2102 1496 2147 1541 et

565 1587 816 1652 pomaria,
844 1592 890 1635 et
911 1584 1109 1636 consevi
1137 1584 1329 1635 cunctis
1354 1581 1619 1651 generibus
1640 1582 1899 1641 arborum,
1927 1580 2149 1633 instruxi

565 1676 691 1728 mihi
720 1676 939 1743 piscinas
956 1691 1224 1744 aquarum,
1248 1681 1303 1727 ut
1333 1675 1597 1739 irrigarem
1623 1674 1802 1725 silvam
1850 1674 2146 1742 germinan-

563 1772 686 1823 tium
740 1769 1011 1839 lignorum.
1039 1766 1258 1820 Possedi
1288 1782 1455 1819 senm
1506 1777 1551 1819 et
1580 1766 1815 1829 ancillas,
1832 1766 2147 1833 multamque

563 1862 815 1931 familiam
834 1860 1023 1925 habui;
1040 1869 1267 1913 armenta
1289 1875 1483 1927 quoque
1509 1867 1554 1912 et
1578 1875 1741 1928 agnos
1763 1860 1953 1922 ovium,
1970 1874 2145 1928 greges
2175 1838 2224 1903 Β

562 1971 763 2025 quoque
793 1970 1086 2024 caprarum.
1120 1953 1257 2008 ultra
1286 1969 1459 2007 omnes
1486 1953 1574 2021 qui
1598 1953 1805 2019 fuerunt
1832 1962 1951 2005 ante
1993 1968 2073 2005 me
2092 1953 2147 2006 in

560 2046 872 2102 Jerusalem.
916 2046 1213 2102 Coacervart
1267 2046 1394 2099 mihi
1442 2055 1711 2116 argentum
1753 2056 1800 2100 et
1845 2063 2067 2103 aurum.
2098 2054 2148 2101 et

560 2138 873 2193 substantias
900 2156 1071 2211 regum
1099 2155 1159 2191 ac
1200 2138 1610 2206 provinciarum,-
1636 2137 1731 2206 feci
1764 2137 1889 2190 mihi
1916 2146 2148 2190 cantores

560 2244 609 2287 et
637 2232 954 2296 cantatrices,
983 2247 1027 2285 et
1054 2230 1265 2285 delicias
1288 2231 1511 2297 ﬁliorum
1542 2230 1837 2295 hominum;
1863 2229 2077 2299 scyphos
2099 2238 2148 2283 et

559 2343 736 2379 urceos
760 2328 811 2378 in
838 2326 1117 2379 ministerio
1147 2324 1214 2377 ad
1240 2324 1355 2377 vina
1388 2321 1676 2394 fundentia.
1700 2321 1763 2375 Et
1780 2336 2142 2392 supergressus

558 2433 673 2471 sum
704 2418 883 2482 apibus
934 2434 1110 2471 omnes
1139 2417 1226 2487 qui
1252 2420 1457 2487 fuerunt
1506 2426 1626 2469 ante
1651 2432 1730 2468 me
1758 2415 1811 2469 in
1833 2415 2143 2470 Jerusalem.

559 2509 727 2577 Quam
760 2510 918 2571 igitur
946 2525 1157 2564 omnem
1183 2509 1487 2564 mortalium
1519 2520 1765 2575 pompam
1793 2506 1882 2559 tali
1914 2506 2147 2559 termino

560 2601 841 2663 conclusit,
862 2611 917 2655 ut
939 2599 1502 2670 diceret:Cumqueme
1521 2599 1875 2652 convertissem
1922 2597 1988 2650 ad
2031 2613 2145 2651 om-

558 2698 649 2752 nia
700 2712 813 2764 qum
859 2700 1081 2763 fecerant
1124 2709 1309 2749 manus
1362 2702 1591 2761 mea,”
1639 2691 1837 2746 labores
1872 2692 1927 2746 in
1967 2690 2146 2757 quibus

561 2791 751 2863 frustra
781 2788 1099 2852 sudaveram,
1129 2788 1231 2840 vidi
1256 2787 1309 2841 in
1335 2785 1566 2840 omnibus
1592 2787 1865 2840 vanitatem
1893 2795 1938 2838 et
1968 2784 2145 2855 afﬂic-

561 2883 746 2934 tionem
769 2879 943 2944 animi,
978 2888 1023 2933 et
1047 2878 1177 2932 nihil
1220 2893 1516 2953 permanere
1556 2878 1651 2931 sub
1694 2877 1821 2931 sole.
1854 2876 2135 2930 Etiterum

559 2976 673 3043 ipse
700 2974 862 3027 dicit:
899 2971 1185 3027 Deteslalus
1215 2987 1327 3025 sum
1361 2986 1561 3025 omnem
1609 2970 1921 3024 industriam
1948 2985 2139 3035 meam,

559 3084 709 3136 quam
736 3068 828 3121 sub
858 3066 962 3120 sole
996 3066 1369 3120 studiosissime
1409 3064 1657 3127 laboravi,
1690 3062 1963 3116 habiturus
1986 3064 2146 3116 horre-

558 3162 674 3215 dem
718 3168 829 3226 post
870 3175 968 3225 me,
991 3175 1140 3229 quem
1170 3160 1371 3230 ignoro.
1394 3168 1564 3212 utrum
1592 3158 1795 3217 sapiens
1824 3166 1915 3209 aut
1956 3156 2143 3209 stultus

2252 550 2396 606 ribus
2425 570 2438 617 ;
2469 562 2617 610 tanto
2642 557 2898 624 praeclara
2914 566 3000 613 est
3026 558 3306 627 virginitas
3334 570 3388 615 et
3408 561 3847 632 exeellens,qua;

2251 647 2473 702 calcatis
2502 649 2867 721 abdicatisque
2898 652 3181 708 mundanis
3213 654 3598 721 voluptatibus.
3628 656 3761 711 dum
3788 658 3844 714 ω

2252 738 2407 792 terris
2427 741 2738 808 angelorum
2770 752 2950 799 servat
2972 744 3351 814 integritatem,
3377 746 3666 801 Dominum
3688 763 3849 813 ange-

2249 835 2424 889 lorum
2446 838 2633 893 sortita
2664 850 2748 895 est
2769 842 3239 910 portionem.Qua:
3262 859 3391 908 ergo
3408 852 3495 899 est
3523 844 3849 912 virginitatis
3920 858 3931 869 ‘

2251 930 2575 988 haereditas?
2594 949 2771 989 nonne
2800 949 2864 989 ea
2892 950 3052 1003 quam
3081 935 3213 989 dicit
3235 935 3516 991 Psalmista
3545 954 3558 987 :
3598 934 3850 992 Dominus

2254 1044 2374 1097 pars
2418 1030 2730 1084 hereditatis
2777 1046 2903 1085 metu
2922 1030 3291 1099 (Psalm.xv)l
3317 1032 3382 1087 Et
3413 1033 3645 1086 itemm:
3676 1030 3851 1085 Poma

2250 1135 2359 1172 mea
2374 1118 2621 1174 Dominus
2634 1121 2652 1191 (
2661 1120 3079 1191 Psalm.cxvut)?
3094 1122 3250 1189 Vide,
3264 1138 3439 1187 soror,
3456 1133 3729 1192 quantum
3745 1140 3851 1189 pro-

2248 1210 2593 1281 feceris,vide
2615 1232 2773 1286 quam
2804 1234 3069 1273 summum
3102 1226 3286 1275 teneas
3313 1223 3622 1289 apicem,nt
3652 1222 3850 1273 multo-

2249 1323 2365 1361 rum
2392 1310 2616 1376 gratiam
2643 1309 3024 1366 beneficiorum
3056 1314 3108 1365 in
3130 1327 3293 1365 unum
3314 1312 3683 1376 eamdemque
3710 1314 3853 1365 inve-

2249 1401 2393 1457 neris
2444 1401 2733 1457 Christum.
2791 1404 3032 1473 Sponsus
3083 1412 3201 1465 est,
3258 1404 3420 1459 frater
3469 1413 3600 1465 est,
3651 1404 3853 1457 amicus

2249 1504 2366 1558 est,
2417 1508 2540 1562 pars
2593 1492 2929 1552 ltmreditatis
2976 1505 3093 1564 est,
3144 1495 3346 1550 amicus
3398 1504 3531 1565 est,
3590 1495 3741 1551 Deus
3803 1507 3855 1550 et

2253 1584 2509 1641 Dominus
2553 1600 2656 1643 est.
2701 1588 2882 1643 Habes
2938 1588 2990 1643 in
3049 1603 3115 1644 eo
3174 1601 3426 1655 sponsum
3458 1634 3473 1657 ,
3532 1603 3697 1657 quem
3733 1588 3854 1642 dili-

2248 1692 2383 1748 gas:
2416 1679 2691 1748 Speciosus
2747 1688 2819 1733 est
2870 1681 3002 1733 enim
3058 1680 3224 1748 forma
3253 1697 3360 1752 pra:
3402 1679 3531 1750 ﬁliis
3585 1680 3853 1733 hominum

2253 1769 2479 1841 (Psalm.
2514 1770 2679 1840 xuv).
2712 1771 2805 1826 Est
2832 1786 2995 1827 verus
3052 1770 3216 1826 frater
3261 1787 3417 1841 quem
3453 1780 3685 1834 teneas;
3724 1772 3852 1825 ado-

2252 1862 2434 1929 ptione
2479 1866 2623 1918 enim
2652 1871 2707 1921 ct
2735 1875 2787 1919 tu
2828 1862 2943 1934 ejus
2975 1863 3105 1930 lilia,
3136 1864 3289 1933 cujus
3320 1864 3461 1917 lilius
3511 1875 3592 1918 est
3646 1864 3734 1919 ille
3764 1881 3853 1918 na.

2255 1964 2391 2009 Iura.
2429 1954 2523 2008 Est
2551 1958 2757 2011 amicus
2788 1955 2855 2011 de
2880 1970 2987 2025 quo
3016 1971 3122 2011 non
3174 1955 3419 2021 dubites;
3451 1955 3570 2025 ipse
3596 1956 3743 2010 enim
3773 1956 3851 2007 di-

2251 2046 2355 2099 cit:
2396 2045 2511 2100 Una
2543 2059 2615 2102 est
2646 2048 2814 2101 antica
2842 2064 2954 2100 mea
2985 2046 3158 2120 (Cant.
3193 2046 3291 2116 vt).
3327 2047 3505 2102 Habes
3564 2064 3620 2100 .n
3652 2064 3718 2101 eo
3744 2047 3851 2101 h2-

2251 2138 2531 2193 reditatem
2568 2155 2728 2205 quam
2786 2138 2989 2192 ambias
3011 2179 3027 2204 ,
3058 2154 3182 2206 pars
3207 2140 3351 2193 enim
3386 2139 3725 2194 hmreditatis
3752 2152 3851 2194 tua

2252 2231 2366 2300 ipse
2395 2243 2497 2288 est.
2536 2235 2710 2288 ilabes
2763 2235 2816 2288 in
2850 2250 2914 2287 eu
2963 2232 3187 2301 pretium
3237 2233 3380 2303 quod
3414 2249 3706 2302 agnoscas,
3728 2235 3846 2303 quia

2250 2327 2469 2396 sanguis
2509 2328 2625 2396 ejus
2678 2327 2980 2396 redemptio
3008 2336 3097 2382 tua
3119 2336 3223 2382 est.
3250 2326 3425 2381 Habes
3454 2325 3509 2379 in
3532 2341 3600 2380 eo
3630 2326 3794 2382 Deum
3820 2340 3847 2381 a

2248 2433 2355 2487 quo
2383 2420 2611 2488 rogaris,
2651 2419 2933 2473 Dominum
2963 2434 3121 2488 quem
3154 2426 3362 2472 metuas
3390 2427 3447 2471 et
3474 2415 3849 2472 honoratio-

2252 2522 2355 2565 tam
2385 2512 2485 2566 sibi
2518 2512 2571 2566 in
2585 2511 2799 2567 Christo
2829 2513 3241 2583 praerogativam
3270 2512 3561 2575 virginitas
3590 2512 3845 2578 vindicat,

2249 2610 2309 2657 ut
2333 2611 2456 2657 ante
2476 2618 2637 2673 quam
2674 2611 2910 2658 tremunt
2929 2605 3124 2673 angeli,
3143 2605 3229 2660 cui
3252 2604 3496 2659 serviunt
3526 2611 3842 2672 potestates,

2248 2696 2333 2749 cui
2375 2694 2605 2750 virtutes
2652 2696 3051 2766 obtemperant,
3085 2696 3169 2751 cui
3220 2697 3458 2750 cmlestia
3493 2705 3547 2748 et
3572 2696 3842 2750 terrestria

2247 2787 2631 2856 genuﬂectunt,
2668 2789 2808 2843 hunc
2849 2788 2949 2842 sibi
3000 2790 3149 2861 virgo
3187 2803 3449 2854 sponsum
3482 2788 3745 2853 vindicet,
3775 2786 3838 2841 ad

2249 2878 2405 2948 hujus
2462 2881 2755 2935 thalamum
2815 2891 3002 2935 ornata
3033 2882 3324 2935 virtutibus
3372 2891 3655 2950 properet,
3705 2881 3842 2936 hunc

2247 2972 2408 3028 cubili
2432 2973 2631 3037 cordis,
2656 2982 2806 3029 casto
2830 2973 2989 3029 cubili
3018 2973 3321 3027 confoveat.
3354 2972 3422 3028 Et
3442 2973 3576 3043 quid
3612 2974 3841 3043 amplius

2248 3065 2297 3118 ei
2319 3064 2563 3119 conferre
2601 3064 2789 3133 potuit,
2821 3066 2906 3120 cui
2961 3079 3019 3120 se
3043 3065 3288 3119 Christus
3334 3079 3593 3134 sponsum
3638 3067 3841 3132 tribuit,

2248 3157 2558 3223 sanguinem
2587 3170 2741 3210 suum
2772 3156 2917 3213 dotis
2959 3172 3019 3211 ac
3052 3159 3288 3212 muneris
3317 3157 3474 3211 titulo
3522 3172 3843 3227 compensa-

556 3256 645 3320 sit,
676 3222 1017 3313 tantum;
1041 3256 1097 3311 in
1135 3222 1391 3313 laboribus
1422 3256 1547 3311 meis
1593 3254 1772 3323 quibus
1803 3252 2044 3311 desudavi
2089 3260 2140 3307 et
2166 3222 2215 3287 ο
2246 3248 2319 3303 vit
2335 3222 2367 3302 γέ
2383 3247 2572 3303 Solent
2594 3264 2729 3323 ergo
2774 3250 2864 3321 qui
2918 3265 3110 3305 uxores
3164 3252 3365 3309 ducunt
3393 3249 3548 3305 dotes
3581 3222 3842 3314 tribum,

556 3348 808 3405 sollicitus
838 3349 932 3416 fui,
957 3358 1004 3400 et
1030 3358 1101 3403 est
1152 3349 1435 3419 quidquam
1460 3358 1560 3399 tam
1588 3348 1813 3401 vanum?
1846 3345 1996 3400 Unde
2033 3362 2139 3399 crs-

558 3442 681 3504 savi,
708 3441 1113 3511 renuntiavitque
1135 3456 1224 3493 cor
1250 3456 1417 3493 meum
1465 3439 1605 3493 ultra
1634 3441 1867 3494 laborare
1887 3439 1982 3492 sub
2010 3439 2138 3494 sole.

558 3534 671 3587 Tali
703 3548 912 3604 quoque
938 3531 1258 3588 informatus
1279 3533 1519 3603 oraculo,
1547 3549 1651 3587 non
1684 3549 1804 3587 esse
1833 3548 1918 3588 me
1946 3548 2143 3603 paren-

558 3634 663 3681 tem
693 3642 878 3681 vcrum
905 3626 1450 3693 existimares,soror,
1472 3627 1514 3679 si
1540 3634 1591 3681 te
1614 3626 1679 3679 iis
1700 3625 1926 3681 ditarem
1956 3626 2137 3691 rebus,

557 3735 676 3789 quae
731 3719 1018 3777 stabilitate
1071 3718 1216 3773 nulla
1262 3720 1648 3787 consisterent,
1683 3735 1802 3791 quae
1856 3719 2140 3773 mundanis

558 3810 808 3881 subjectae
839 3810 1053 3867 casibus
1077 3818 1129 3865 te
1157 3808 1526 3876 destituerent,
1544 3809 1846 3880 nudamque
1870 3809 2141 3878 relinque-

559 3916 695 3957 rent.
715 3902 990 3959 )Erumnis
1002 3918 1212 3974 quoque
1244 3912 1294 3957 te
1315 3903 1663 3969 cumularem,
1688 3914 1742 3959 et
1768 3903 1944 3959 timori
1960 3906 2143 3961 metui-

559 4010 663 4064 que
674 3995 1062 4066 subjicerem,si
1079 4013 1139 4051 ea
1152 4012 1271 4067 qua:
1290 3995 1372 4051 fur
1384 3994 1596 4053 auferre
1614 4006 1841 4069 poterat,
1861 4000 2069 4053 sulcare
2084 3998 2141 4053 ti-

562 4106 682 4157 nea.
698 4105 877 4163 aerugo
890 4106 1100 4158 VOrare,
1114 4089 1248 4161 ignis
1261 4092 1561 4158 absumere,
1580 4101 1724 4147 terra
1735 4094 1986 4162 obruere,
2001 4108 2137 4164 aqua

561 4182 767 4247 delere,
787 4184 864 4237 sol
892 4185 1311 4250 torrere,imber
1342 4184 1578 4253 ltedare,
1610 4186 1811 4256 glacies
1854 4185 2137 4255 stringere,

560 4283 665 4333 tua:
687 4278 1018 4347 germanitati
1047 4276 1366 4333 conferenda
1390 4293 1511 4333 esse
1553 4287 1815 4347 putarem.
1845 4277 1935 4332 liis
1987 4288 2134 4333 certe

558 4376 722 4432 rebus
746 4373 987 4431 humanis
1011 4372 1312 4447 implicatus
1349 4372 1557 4427 animus
1587 4387 1615 4426 a
1649 4372 1757 4426 Deo
1778 4372 2054 4439 avertitur,
2085 4379 2141 4428 et

561 4467 628 4525 ab
658 4469 744 4527 illa
797 4467 1057 4525 immobili
1086 4481 1147 4521 ac
1193 4464 1557 4536 permanentis
1589 4464 1824 4519 veritatis
1855 4464 2025 4520 forma
2055 4481 2141 4521 re-

559 4562 719 4617 cedit.
751 4560 861 4616 Nec
889 4569 1061 4632 potest
1088 4559 1153 4614 ad
1185 4574 1243 4614 se
1272 4558 1551 4612 admittere
1579 4558 1740 4609 divini
1775 4557 1917 4611 verbi
1950 4557 2139 4612 dulce-

2243 3339 2489 3396 conl'crre
2542 3341 2782 3409 praatnia,
2813 3344 2952 3397 etad
2994 3344 3166 3398 vicem
3199 3343 3456 3414 perdendi
3488 3343 3712 3412 pudoris
3747 3359 3840 3399 sua

2245 3431 2457 3488 tradere
2501 3436 2860 3503 patrimonia;
2892 3444 2948 3489 ut
2968 3435 3163 3490 emissa
3196 3437 3372 3504 potius
3421 3449 3582 3505 quam
3617 3435 3839 3489 duxisse

2242 3524 2522 3579 videantur
2562 3540 2776 3581 uxores.
2801 3527 2967 3591 Tuus,
2998 3527 3171 3597 virgo,
3202 3541 3434 3597 sponsus
3493 3528 3682 3581 dotem
3744 3526 3838 3581 tibi

2242 3622 2556 3690 sanguinem
2585 3634 2735 3675 suum
2764 3619 2930 3685 dedit,
2960 3634 3028 3676 eo
3056 3630 3109 3676 te
3134 3620 3385 3684 redemit,
3417 3634 3485 3674 eo
3509 3628 3564 3674 te
3591 3635 3707 3675 suae
3738 3634 3837 3675 eo-

2246 3713 2379 3779 pttla!
2392 3712 2697 3778 sociavit,ut
2712 3713 2967 3782 pudorem
2979 3728 3085 3768 non
3102 3713 3373 3781 perdas.et
3386 3713 3582 3767 habeas
3598 3713 3839 3778 prauis.

2243 3804 2450 3872 Quanto
2461 3805 2602 3858 enim
2618 3804 3008 3861 munificentius
3020 3804 3255 3861 estdotis
3272 3807 3572 3874 pratmium,
3592 3814 3842 3863 tantoest

2245 3909 2394 3950 amor
2416 3895 2748 3950 immensior.
2780 3895 2998 3950 Multum
3022 3896 3166 3951 enim
3188 3896 3387 3966 diligit,
3414 3911 3575 3966 quam
3621 3897 3842 3967 proprio

2244 3987 2341 4042 sibi
2356 3989 2612 4057 sanguine
2621 3987 2987 4056 desponsavit.
3004 3989 3068 4044 Et
3079 3989 3149 4043 ob
3160 3990 3263 4043 hoc
3274 4004 3428 4044 suum
3445 4002 3649 4057 corpus
3660 3989 3841 4044 vuln:

2243 4079 2319 4135 ris
2336 4081 2441 4135 ictu
2466 4092 2522 4135 et
2550 4081 2657 4136 telo
2676 4081 2835 4152 gladii
2859 4082 3044 4135 maluit
3069 4082 3291 4150 aperiri,
3310 4092 3368 4136 at
3388 4090 3532 4134 tuam
3558 4081 3665 4135 sibi
3697 4082 3839 4136 inte-

2244 4176 2491 4243 gritatem
2516 4183 2740 4242 emeret,
2768 4175 3075 4243 pudicitiam
3101 4182 3468 4231 conservaret.
3492 4174 3536 4228 Ε
3559 4175 3841 4228 contrario

2246 4268 2386 4323 enim
2417 4268 2625 4323 curavit
2651 4269 2921 4323 hominem
2954 4286 2966 4321 :
3009 4278 3068 4323 ut
3116 4268 3251 4323 sicut
3278 4283 3425 4322 mors
3472 4267 3593 4336 ejus
3622 4268 3728 4320 vita
3758 4275 3839 4321 est

2246 4372 2427 4418 nostra
2448 4405 2463 4429 ,
2492 4364 2715 4433 eiusque
2747 4362 3018 4417 humilitas
3042 4372 3237 4416 nostra;
3262 4371 3345 4416 est
3372 4359 3642 4428 superbia
3670 4359 3839 4414 medi-

2246 4458 2383 4521 cina,
2420 4456 2498 4511 sic
2522 4466 2576 4511 et
2604 4456 2913 4511 vulneribus
2940 4455 3105 4525 ipsius
3131 4464 3312 4510 nostra
3344 4454 3630 4523 integritas
3653 4464 3837 4520 empta

2248 4559 2352 4616 est,
2384 4549 2472 4618 qui
2503 4548 2623 4603 ideo
2664 4547 2810 4604 feriri
2838 4563 2898 4603 se
2928 4549 3144 4603 vulnere
3165 4548 3349 4614 voluit,
3381 4564 3446 4601 ne
3488 4547 3686 4601 malleo
3718 4548 3839 4600 uni-

561 4654 764 4720 dinem,
797 4625 1147 4722 autSpiritus
1172 4651 1345 4707 sancti
1392 4650 1735 4717 suavitatem,
1769 4658 1956 4717 pectus
2001 4648 2145 4719 quod
2175 4625 2231 4687 Ῐ)
2253 4654 2420 4694 versa!
2438 4650 2593 4695 lerl'ae
2616 4655 2710 4694 008
2736 4639 2884 4695 feriri
2910 4639 3130 4696 sineret.
3151 4638 3325 4693 Ρνετίο
3340 4639 3476 4693 enim
3503 4641 3670 4707 επιρεὶ
3687 4640 3839 4701 ωει-

563 4755 639 4805 ιοι
658 4744 941 4803 mundanis
987 4745 1216 4816 agitatur
1240 4743 1521 4809 molestiis,
1552 4750 1629 4797 tot
1658 4756 1905 4795 curarum
1930 4752 2145 4809 tempo-

560 4839 754 4897 ralium
798 4837 1028 4899 stimulis
1085 4837 1415 4899 verberatur.
1446 4835 1502 4891 Si
1559 4849 1687 4906 ergo
1715 4843 1766 4890 te
1809 4833 1891 4890 his
1921 4834 2145 4890 nexibus

559 4930 857 4999 alligarem,
887 4928 1181 5000 talibusque
1228 4942 1507 4983 onerarem
1540 4926 1885 4998 ponderibus.
1917 4936 1971 4981 et
2000 4927 2143 4983 mole

557 5032 787 5078 terrenae
816 5022 1153 5091 cogitationis
1178 5021 1566 5093 opprimerent,
1592 5020 1864 5075 inimicum
1895 5036 1999 5089 me,
2035 5036 2141 5081 non

560 5123 832 5181 parentem
875 5111 1099 5168 deberes
1149 5112 1450 5177 msumare;
1510 5110 1983 5179 interemptorem,
2034 5126 2142 5166 non

556 5208 776 5263 fratrem
798 5220 919 5262 esse
939 5205 1190 5261 sentires.
1214 5203 1337 5257 Eia!
1364 5216 1516 5257 soror
1532 5202 1868 5266 charissima,
1885 5203 2141 5272 quoniam

558 5298 812 5367 quidquid
866 5312 965 5352 axe
1016 5296 1136 5352 cmli
1192 5292 1560 5355 concluditur,
1604 5301 1819 5351 terrena
1873 5296 2142 5357 sustinent

559 5389 927 5453 fundamenta,
956 5397 1010 5455 et
1038 5387 1246 5455 telluris
1292 5400 1452 5455 super
1506 5383 1694 5439 faciem
1724 5386 1975 5451 volvitur,
2005 5386 2138 5441 nihil

557 5480 775 5553 dignum
822 5498 928 5550 quo
974 5479 1136 5543 ditari
1168 5492 1351 5549 posses
1394 5476 1734 5542 invenimus,
1766 5494 1921 5547 supra
1969 5478 2136 5549 ctelos

555 5572 901 5641 quaerendum
957 5579 1060 5636 est,
1096 5572 1235 5624 unde
1266 5581 1459 5623 munus
1490 5569 1807 5641 virginitatis
1834 5569 2050 5631 auxisti,
2082 5575 2141 5622 ut

556 5666 630 5719 ibi
660 5666 937 5735 praemium
965 5673 1019 5720 et
1044 5665 1419 5732 patrimoaium
1442 5662 1760 5733 virginitatis
1784 5660 2041 5713 invenias.
2060 5660 2138 5713 Ex

556 5760 995 5826 compensatione
1025 5758 1164 5811 enim
1194 5757 1508 5829 integritatis
1538 5756 1786 5811 meritum
1810 5754 2113 5822 agnoscitur

558 5858 614 5909 et
667 5849 736 5904 de
769 5864 863 5903 sua
922 5850 1270 5905 retributione
1302 5860 1571 5918 pensatur.
1607 5849 1817 5916 Quanto
1839 5847 1980 5903 enim
2013 5848 2135 5905 vilis

2248 4735 2321 4788 ait
2352 4735 2655 4802 Apostolus,
2686 4735 2843 4788 nolite
2870 4734 2983 4803 fieri
3027 4735 3158 4787 servi
3187 4732 3449 4787 hominum
3476 4730 3529 4803 (Ι
3558 4730 3684 4786 Cor.
3718 4733 3837 4801 vti).

2247 4827 2354 4882 Cur
2384 4829 2532 4897 virgo
2553 4826 2681 4881 dare
2709 4828 2791 4880 vis
2817 4840 3012 4893 corpus
3039 4826 3172 4890 viro,
3204 4824 3344 4892 quod
3372 4823 3483 4893 jam
3513 4834 3599 4878 est
3622 4824 3835 4878 redem-

2248 4928 2393 4988 ptum
2423 4933 2453 4971 a
2472 4918 2724 4973 Christo?
2750 4916 2900 4970 Alius
2928 4926 2981 4970 te
3012 4917 3248 4981 redimit,
3277 4924 3331 4971 et
3368 4915 3457 4969 alii
3505 4915 3714 4970 nubere
3743 4930 3833 4970 cura

2246 5012 2367 5083 pisi
2386 5010 2605 5065 alterius
2635 5012 2809 5079 pretio
2837 5009 3097 5064 libertatis
3122 5007 3340 5075 milites,
3369 5016 3426 5063 et
3451 5017 3754 5076 spontaoea
3785 5016 3836 5062 ω

2250 5103 2506 5157 servitute
2551 5100 2912 5156 condemnas!
2941 5099 3000 5155 Si
3036 5098 3267 5152 mundus
3293 5099 3470 5154 omnis
3512 5098 3670 5153 titulo
3691 5098 3835 5155 dcis

2246 5196 2522 5260 scribitur,
2550 5194 2679 5264 quid
2722 5194 3021 5263 pretiosius
3050 5194 3306 5267 sanguine
3334 5191 3554 5257 Christi,
3587 5207 3698 5262 quo
3744 5206 3836 5246 rn-

2247 5290 2489 5361 demptus
2515 5299 2597 5344 est
2618 5288 2883 5343 mundus?
2906 5288 3162 5356 Appeude
3186 5286 3485 5341 mercedem
3509 5295 3563 5339 et
3579 5284 3836 5354 prositut,

2248 5397 2305 5442 ut
2318 5387 2499 5443 videas
2513 5386 2628 5456 plus
2645 5385 2822 5441 valere
2835 5385 2921 5453 qui
2942 5382 3347 5449 redemit,quam
3364 5381 3414 5434 id
3427 5380 3570 5450 quod
3586 5381 3833 5435 redemit.

2244 5483 2454 5553 Quanto
2468 5480 2641 5550 itaque
2656 5491 2817 5548 prave
2830 5476 3252 5546 intelligitvirgo,
3264 5490 3384 5545 quae
3394 5482 3705 5543 contempto
3725 5487 3830 5527 cui»

2241 5583 2393 5642 ptore
2408 5585 2640 5637 mercem
2658 5570 2919 5638 sequitur;
2933 5578 2989 5626 et
3006 5567 3263 5637 sanguine
3285 5564 3482 5632 Christi
3500 5566 3822 5633 postposito,

2242 5665 2497 5719 mundum
2541 5664 2631 5732 qui
2679 5662 2991 5730 redemptus
3044 5670 3124 5715 est
3174 5658 3528 5728 amplexatur.
3558 5657 3674 5711 Non
3708 5671 3829 5711 sum

2241 5756 2463 5811 idoneus
2515 5753 2714 5824 eloqui,
2736 5768 2890 5813 soror
2938 5750 3323 5813 amantissima,
3355 5752 3575 5821 praemia
3609 5750 3826 5829 vit-gini.

2239 5849 2364 5905 tatis
2394 5866 2409 5901 :
2438 5857 2521 5903 est
2559 5847 2702 5903 enim
2745 5844 3016 5901 ineﬂ‘abile
3043 5845 3264 5911 deum,
3285 5844 3608 5909 abigonsmn
3633 5842 3831 5921 atmiis,
