4042 6348
279 366 387 429 877

269 852 394 911 Car.
422 860 536 928 xv).
564 859 668 915 Sed
699 879 883 919 revera
935 880 1058 937 post
1113 879 1564 936 resurrectionem
1595 890 1854 955 corporis.

268 944 415 1004 Ecce
441 964 538 1006 vos
558 952 970 1025 incorruptionis
998 961 1221 1030 gloriam
1242 965 1350 1035 jam
1381 971 1552 1029 scitis.
1574 973 1678 1030 Vos
1699 977 1856 1035 istam

259 1038 374 1109 jam
430 1041 481 1095 in
523 1047 773 1111 praesenti
820 1052 1018 1108 stacqu
1078 1067 1282 1139 partem
1328 1061 1516 1133 gloria:
1546 1068 1850 1135 possidetis.

261 1131 477 1202 Quanta
506 1148 588 1195 est
621 1143 763 1198 enim
824 1143 1124 1219 beatitudo,
1164 1132 1283 1223 quae
1312 1131 1467 1213 vobis
1495 1131 1767 1229 reponitur
1798 1166 1851 1222 in

261 1226 535 1287 futurum!
561 1250 678 1305 qua:
700 1238 851 1293 vobis
874 1254 1073 1298 corona
1102 1256 1280 1303 manet
1337 1250 1390 1305 in
1424 1261 1706 1327 aeternum,
1733 1275 1851 1331 qua:

259 1321 677 1395 inoorruptionis
703 1333 946 1401 gratiam,
978 1336 1045 1392 ad
1075 1354 1232 1408 quam
1265 1344 1417 1400 multi
1452 1321 1731 1417 pervenire
1751 1321 1850 1411 ile-

257 1413 514 1484 siderant,
560 1419 645 1476 hic
707 1421 952 1483 habetis!
1013 1430 1198 1488 Gaude
1227 1450 1356 1508 ergo
1409 1413 1565 1498 talem
1608 1452 1661 1501 te
1704 1462 1843 1522 esse,

254 1508 429 1593 qualis
462 1510 553 1567 Dei
582 1512 804 1573 formata
834 1535 893 1575 es
918 1524 1182 1581 manibus.
1209 1528 1302 1586 Ille
1323 1545 1453 1603 ergo
1480 1536 1685 1610 inte'gra
1712 1508 1845 1598 con:

252 1581 333 1654 dit
358 1603 557 1671 utique,
591 1622 745 1676 quam
796 1610 1100 1683 integritate
1144 1581 1550 1696 ditavit,quam
1581 1581 1647 1686 ζα
1700 1633 1840 1691 inte-

251 1695 458 1765 gritatis
481 1703 695 1767 praemia
730 1710 1065 1775 praeparavit.
1098 1710 1345 1773 Perversi
1374 1695 1518 1777 enim
1545 1726 1839 1784 naturalem

247 1797 597 1859 corrumpunt
625 1795 886 1863 homines,
921 1815 1078 1868 quam
1107 1802 1252 1861 Deus
1281 1805 1835 1891 formavitintegram.

248 1875 319 1933 Et
341 1879 457 1936 haec
480 1883 684 1942 oti'ensa
714 1889 927 1947 humani
956 1897 1169 1965 generis
1192 1900 1384 1973 prima,
1413 1905 1529 1962 haec
1571 1875 1838 1987 damnatae
1870 1914 1917 1975 B

162 1974 167 1977 '
244 1970 469 2040 originis
497 1990 682 2046 causa,
714 1980 841 2037 dum
873 1989 1191 2057 protoplasti
1222 2008 1345 2050 esse
1380 1997 1667 2058 noluerunt
1692 1982 1835 2081 quod

243 2059 456 2120 fuerant
484 2069 685 2124 conditi
718 2087 732 2126 :
767 2072 967 2131 idcirco
1010 2093 1319 2140 meruerunt
1344 2086 1399 2142 in
1427 2103 1486 2145 se
1515 2099 1570 2147 et
1597 2091 1653 2149 in
1688 2059 1835 2167 prole

240 2156 507 2217 damnari.
528 2162 807 2235 Reparatte
827 2170 1156 2231 castimoniae.
1174 2177 1225 2231 in
1250 2180 1403 2236 vobis
1419 2170 1829 2277 retentaculum,

240 2265 272 2277 Α
314 2254 540 2277 ..ε...ι...--
722 2260 736 2277 ι
883 2264 956 2277 ιιι
1152 2272 1163 2277 -
1383 2275 1413 2277 μ

236 2265 275 2305 o
314 2254 561 2325 virgines,
596 2260 738 2330 quod
772 2264 1121 2332 perdiderunt
1150 2272 1199 2325 in
1234 2275 1483 2344 paradiso
1527 2281 1688 2348 primi
1729 2254 1833 2341 ho:

234 2344 431 2402 mines.
463 2349 565 2405 Vos
586 2353 731 2408 enim
750 2358 1112 2416 conditionem
1132 2370 1388 2423 servastis
1406 2372 1829 2455 primigenarum

1778 400 2073 466 REGULA.

275 486 513 544 celatum
539 488 777 559 auribus,
810 494 1180 569 intelligentia:
1206 497 1534 566 obaeratum.
1561 507 1713 581 Quod
1739 532 1867 574 om-

273 592 376 635 nes
399 594 521 636 esse
541 594 761 649 Sperant
781 589 970 653 sancti,
997 600 1051 647 et
1092 603 1212 663 post
1238 603 1686 661 resurrectionem
1729 625 1862 665 cun-

270 677 361 724 cta
392 674 725 754 praestolatur
748 678 982 737 Ecclesia
1014 684 1161 754 fieri,
1194 704 1290 745 vos
1315 690 1417 760 iam
1444 695 1597 751 estis.
1630 699 1861 772 Corrup-

271 743 415 819 tibilc
466 768 583 831 hoc,
614 769 687 824 ait
747 774 1055 843 Apostolus,
1089 743 1283 836 inducti
1315 743 1752 859 incorruptionem

3456 442 3561 505 878

1892 523 1943 583 Α
1969 539 2137 594 quens
2165 529 2405 591 Mariam.
2440 536 2612 607 lpsam
2643 556 2771 612 ergo
2801 544 2959 604 oculo
2987 554 3187 612 mentis
3211 562 3445 633 suscipe,
3475 565 3557 639 ip-

1967 630 2056 672 sos
2080 623 2338 681 comitare
2376 629 2591 699 choros,
2622 633 2752 703 ipsis
2785 646 2834 693 te
2865 644 3027 699 animi
3057 646 3324 706 desiderio
3361 654 3549 731 iunge,

1967 709 2035 731 η.
2070 713 2187 731 ,νη
2730 730 2737 731 γ

1964 709 2037 765 ibi
2069 713 2279 784 festina,
2318 721 2384 775 ibi
2424 738 2650 793 propera
2678 746 2691 783 :
2725 730 2800 785 ibi
2829 739 3052 805 reposita
3081 750 3155 794 est
3181 709 3549 821 σοιίδιιιῇίιιζῑὲΣ

1962 804 2065 874 tite,
2094 825 2249 874 quam
2289 815 2467 870 reddet
2508 819 2597 873 tibi
2647 821 2901 880 Dominus
2935 830 3110 900 justus
3145 838 3315 906 judea:
3361 804 3415 897 in
3455 804 3550 901 illo

1962 896 2047 951 die
2087 900 2180 969 (11
2209 902 2345 961 Tim.
2375 908 2473 982 tv).
2506 910 2654 968 Senti
2701 916 2878 973 fratris
2919 896 3164 980 animum'
3188 938 3307 987 tuos
3336 896 3548 993 deside:

1958 1005 2084 1048 rare
2112 996 2402 1068 profectus,
2431 1006 2567 1059 senti
2600 1006 2777 1063 fratris
2809 1018 3296 1085 concupiscentiam
3330 1032 3464 1084 velle
3498 1048 3544 1085 rc

1955 1096 2076 1140 esse
2101 1102 2222 1144 cum
2254 1088 2492 1151 Christo.
2524 1098 2621 1177 Qui
2652 1104 2751 1157 etsi
2783 1104 2836 1159 in
2870 1122 2956 1165 m'e
2986 1127 3089 1167 non
3116 1113 3284 1173 habeo
3315 1126 3452 1192 quod
3487 1127 3539 1181 in

1956 1184 2009 1232 te
2049 1182 2309 1250 perficere
2339 1186 2482 1253 volo,
2516 1174 2814 1261 perdidisse
2845 1215 2928 1259 me
2956 1200 3163 1260 doleam
3209 1174 3348 1279 quoii
3384 1222 3433 1267 te
3464 1223 3541 1270 te-

1953 1283 2082 1326 nere
2108 1272 2353 1330 desidero
2381 1296 2393 1331 :
2424 1282 2526 1335 erit
2559 1283 2688 1339 mihi
2736 1288 2948 1353 interim
2980 1272 3239 1367 quzerlam'
3259 1306 3431 1369 portio
3458 1322 3539 1365 re-

1952 1359 2245 1430 missionis,
2278 1367 2320 1435 si
2353 1378 2404 1423 tu
2448 1387 2567 1443 quae
2598 1390 2719 1443 pars
2752 1381 2940 1437 melior
2972 1390 3135 1441 nostri
3168 1406 3224 1445 es
3269 1398 3533 1469 corporis,

1952 1449 1967 1469 Ω
2068 1455 2082 1467 ο
2319 1468 2322 1469 ν
2464 1450 2465 1457 γ
2598 1454 2601 1457 ’

3365 1449 3380 1464 .
3441 1449 3533 1469 ν-τν

1950 1449 2002 1507 in
2033 1450 2484 1540 via.peccatorum
2516 1454 2618 1519 non
2668 1474 2914 1540 steteris;
2947 1480 2990 1529 si
3036 1482 3174 1550 quod
3224 1494 3393 1553 tenes,
3440 1489 3534 1546 tir-

2114 1525 2132 1540 .
2734 1525 2737 1526 ν
2788 1525 2794 1526 ,
2948 1525 2989 1529 __
3037 1525 3174 1550 Ίη
3224 1525 3393 1553 MM,
3442 1525 3533 1546 ...-

1947 1544 2188 1604 missime
2208 1560 2410 1609 teneas.
2446 1556 2558 1611 Heu
2592 1560 2751 1631 mihi!
2786 1567 2828 1619 si
2860 1561 2997 1623 alius
3028 1573 3253 1645 accipiat
3278 1594 3533 1643 coronam

1946 1644 2111 1696 tuam.
2144 1641 2223 1697 Tu
2254 1646 2393 1713 apud
2423 1646 2695 1708 Christum
2740 1664 2974 1713 tutamen
3016 1641 3217 1733 meum,
3248 1680 3300 1724 tn
3330 1674 3531 1733 charis‘

1944 1730 2078 1786 sima
2108 1749 2283 1790 meum
2316 1740 2527 1815 pignus,
2560 1752 2612 1799 tu
2646 1746 2817 1815 hostia
2860 1768 2977 1808 mea
3007 1760 3394 1831 sacratissima,
3428 1782 3531 1836 qua

1945 1826 2149 1892 expiari
2193 1842 2224 1882 a
2269 1832 2569 1891 colluvione
2602 1841 2803 1907 peccati
2846 1859 2953 1899 non
2997 1847 3203 1907 dubito.
3237 1852 3293 1909 Si
3342 1865 3394 1910 tu
3439 1875 3532 1912 ac-

1941 1925 2094 1985 cepta
2137 1934 2194 1975 es
2244 1921 2376 1989 Deo,
2403 1926 2446 1979 si
2482 1936 2535 1981 tu
2562 1938 2714 1987 casto
2753 1934 2913 1991 cubili
2962 1954 3083 2009 cum
3131 1942 3341 2001 Christo
3370 1952 3530 2005 cuba-

1938 2010 2101 2077 veris,
2131 2011 2175 2067 si
2209 2019 2262 2068 tu
2295 2013 2493 2073 Christi
2533 2024 2867 2092 amplexibus
2899 2029 3326 2103 fragrantissimo
3370 2043 3529 2115 virgi.

1936 2104 2117 2159 uitatis
2160 2108 2326 2181 odore
2356 2112 2658 2190 inhzcseris,
2687 2119 2928 2193 profecto
2975 2133 3271 2197 peccatoris
3318 2152 3529 2197 memor

1934 2193 2117 2251 fratris
2164 2199 2432 2258 obtinebis
2486 2221 2582 2277 pro
2631 2219 2780 2265 reatu
2831 2193 3072 2295 germani
3129 2223 3519 2294 indulgentiam

1931 2303 2089 2353 quam
2129 2300 2459 2365 poposceris.
2511 2300 2626 2358 Non
2679 2314 2731 2377 te
2778 2313 3143 2385 contristabit,
3177 2322 3264 2388 qui
3312 2332 3364 2379 te
3408 2341 3522 2383 sua:

1930 2385 2199 2459 eopul‘avit
2223 2390 2487 2448 societati.
2519 2396 2744 2463 Sinistra
2776 2403 2912 2475 ejus,
2946 2407 2995 2477 in
3026 2424 3127 2479 qua
3153 2385 3235 2475 est
3268 2413 3438 2471 honor
3466 2428 3521 2476 et

232 2436 536 2512 hominum,
562 2460 681 2513 quae
713 2438 844 2505 tales
895 2460 1304 2533 perseverastis,
1334 2465 1521 2536 quales
1577 2467 1656 2524 illi
1701 2483 1828 2535 sunt

228 2530 483 2591 instituti.
514 2538 619 2595 Sed
653 2556 838 2601 cavete
866 2549 1108 2620 exempla
1141 2530 1351 2613 eorum.
1378 2558 1527 2619 Heu!
1559 2564 1696 2639 proh
1727 2568 1823 2625 do-

225 2623 348 2680 lor!
396 2644 552 2686 soror
601 2633 955 2705 charissima,
1008 2640 1131 2715 fuge
1188 2648 1484 2717 primorum
1543 2654 1823 2717 hominum

222 2720 492 2788 exempla,
525 2721 777 2783 horresce
820 2736 1089 2802 serpentis
1117 2741 1475 2811 antiquissimi
1506 2749 1694 2820 sibila;
1744 2771 1814 2812 ne

218 2807 441 2876 incipiat
465 2813 558 2868 tibi
582 2821 882 2885 germinare
911 2828 1092 2891 Spinas
1112 2844 1166 2888 et
1189 2834 1414 2895 tribulos
1440 2840 1617 2899 vitiata
1647 2854 1815 2920 terra,

216 2910 274 2954 et
297 2917 414 2970 quae
448 2919 544 2971 pro
566 2906 758 2979 insigni
783 2914 1100 2984 virginitatis
1130 2921 1237 2978 lilia
1269 2942 1527 3007 rosasque
1547 2906 1817 3005 parturire

1926 2476 2118 2549 gloria,
2159 2482 2263 2553 sub
2308 2486 2483 2556 capite
2528 2498 2646 2559 tuo;
2678 2503 2736 2561 et
2774 2497 2993 2567 dextera
3034 2476 3171 2577 ejus,
3207 2507 3256 2561 in
3302 2524 3407 2582 qua
3439 2524 3520 2571 est

1926 2566 2204 2641 longitudo
2252 2576 2395 2644 vitae,
2425 2582 2818 2650 amplexabitur
2865 2566 2916 2648 te
2963 2566 3263 2670 (Cant.'tt).
3299 2566 3518 2663 'i‘alihus

1923 2666 2108 2731 sponsi
2155 2667 2337 2723 oblata
2383 2674 2738 2753 amplexibus,
2774 2698 2948 2752 meam
2992 2690 3197 2757 veniam
3240 2697 3515 2761 postulans

1922 2752 2211 2812 obtinebis.
2236 2758 2402 2816 Amor
2424 2771 2544 2819 tuus
2570 2768 2620 2821 in
2646 2752 2861 2843 ChriSto
2883 2777 2984 2845 erit
3010 2752 3331 2850 indulgentia
3359 2802 3471 2842 mea
3495 2807 3510 2845 :

1921 2854 1975 2899 et
2004 2851 2529 2928 quantulumcunque
2563 2872 2713 2929 spem
2746 2866 3080 2923 remissionis
3122 2871 3314 2942 habeo,
3349 2880 3391 2930 si
3425 2894 3514 2933 so-

221 2991 409 3062 dcbet,
439 2998 660 3053 urticam
688 3010 741 3057 et
772 3007 977 3073 paleam
1010 3012 1271 3081 producat
1296 3035 1309 3072 :
1330 2991 1507 3088 istam,
1530 2991 1654 3105 quae
1674 3042 1814 3100 urat,

221 3084 357 3105 ιημη
574 3092 587 3105 ι
831 3098 871 3105 -

214 3084 390 3151 illam,
422 3106 541 3158 quae
573 3092 794 3151 laceret.
831 3098 935 3155 Vos
981 3105 1122 3159 enim
1170 3111 1303 3166 estis
1358 3114 1527 3185 prima
1547 3084 1813 3179 1'delibatio

211 3181 458 3248 corporis
493 3183 772 3245 Ecclesize.
807 3190 914 3247 Vos
951 3195 1134 3268 itaque
1172 3216 1237 3256 ex
1278 3181 1383 3260 tota
1434 3206 1634 3266 Christi
1682 3229 1808 3271 cor-

209 3271 359 3341 poris
384 3291 557 3345 massa
580 3279 877 3340 oblationes
900 3284 1010 3344 Deo
1030 3304 1283 3365 acceptae,
1299 3306 1354 3351 et
1378 3298 1432 3354 in
1454 3306 1704 3375 supernis
1726 3309 1807 3364 al-

208 3367 418 3423 taribus
447 3386 791 3431 consecraue.
824 3378 926 3435 Pro
964 3370 1163 3440 vestro
1188 3388 1330 3445 enim
1382 3397 1660 3467 proposito
1686 3441 1702 3467 ,
1751 3411 1809 3459 et

206 3473 311 3528 pro
344 3462 445 3517 fide
485 3478 603 3533 sua,
631 3470 806 3524 omnis
837 3471 1071 3531 Ecclesia
1128 3493 1326 3555 nomen
1348 3462 1669 3557 virginitatis
1718 3494 1802 3549 in-

204 3556 368 3645 depta
401 3572 504 3629 est,
528 3564 653 3620 dum
703 3568 755 3622 in
778 3584 839 3625 ea
866 3572 1057 3628 melior
1086 3592 1210 3647 pars
1239 3588 1294 3636 et
1354 3587 1677 3659 propensior
1706 3605 1804 3647 vos

201 3656 365 3722 estis,
398 3674 519 3726 quae
564 3660 755 3716 animte
809 3668 1160 3747 corporisque
1219 3656 1383 3730 vestri
1443 3666 1801 3749 integritatem

200 3745 423 3805 Christo
448 3750 761 3810 dedicastis.
790 3755 856 3811 Et
881 3745 1005 3815 licet
1037 3763 1086 3816 in
1116 3767 1365 3824 omnibus
1393 3772 1505 3826 suis
1530 3745 1795 3843 generali-

202 3850 291 3895 ter
326 3844 582 3900 membris
614 3846 717 3901 fide
755 3863 968 3906 maneat
990 3854 1160 3926 virgo,
1194 3863 1371 3915 tamen
1396 3876 1616 3920 suorum
1649 3878 1800 3939 parte

196 3934 589 4011 membrorum,
616 3939 758 4009 quod
807 3944 936 3997 estis
990 3960 1107 4015 vos,
1138 3965 1245 4005 non
1302 3951 1598 4026 incongrue
1645 3960 1797 4031 virgo

194 4025 365 4081 etiam
391 4042 646 4098 corporea
679 4047 692 4085 :
728 4048 926 4102 genere
954 4037 1157 4094 scilicet
1188 4041 1332 4099 illius
1360 4046 1665 4117 locutionis,
1688 4067 1795 4122 quo

192 4129 291 4178 aut
322 4132 488 4178 totum
538 4141 565 4179 a
598 4138 765 4196 parte,
791 4138 884 4183 aut
935 4145 1057 4200 pars
1087 4134 1393 4191 nominatur
1413 4152 1442 4192 a
1467 4147 1602 4196 toto.
1628 4142 1794 4199 Medi-

193 4221 315 4271 tare
369 4226 425 4270 ut
463 4217 729 4287 columba,
756 4223 1090 4279 sanctissima
1136 4225 1308 4299 virgo,
1336 4235 1392 4282 et
1436 4241 1616 4288 mente
1673 4251 1792 4306 per-

190 4316 364 4365 tracta
399 4328 515 4381 qua)
572 4314 621 4366 in
682 4314 861 4371 futuro
906 4318 1001 4373 tibi
1030 4328 1242 4375 maneat
1287 4324 1494 4392 gloria;
1530 4342 1649 4396 qua:
1680 4347 1785 4384 non

191 4408 502 4475 acquievisti
550 4413 693 4464 carni
747 4422 801 4465 et
856 4415 1145 4485 sanguini;
1187 4433 1359 4488 neque
1412 4418 1623 4490 corpus
1659 4423 1787 4479 illud

189 4498 586 4555 sanctissimum
636 4506 921 4572 prostrasti
953 4511 1305 4579 corruptioni.
1354 4516 1469 4585 Age
1517 4531 1666 4587 ergo,
1690 4533 1783 4575 co-

188 4591 360 4659 gitare
414 4609 674 4671 prmsume
705 4639 719 4663 ,
771 4598 1045 4669 iutullige,
1095 4604 1290 4679 quibus
1348 4615 1397 4661 te
1446 4610 1781 4677 amplexibus

1919 2950 2011 2991 ror
2038 2954 2196 3015 quam
2227 2942 2391 3015 diligo
2434 2948 2499 3001 ad
2546 2954 2756 3027 nuptias
2787 2955 2982 3029 Christi
3017 2965 3318 3031 transierit;
3349 2980 3509 3045 atque

1917 3026 1972 3083 in
2004 3030 2098 3085 illo
2124 3036 2352 3091 terribili
2398 3041 2793 3114 metuendaque
2825 3047 3031 3118 judicio
3059 3042 3503 3123 respiramentum

1915 3120 2121 3192 aderit,
2150 3126 2238 3181 ubi
2269 3128 2338 3203 de
2385 3129 2563 3201 factis,
2595 3136 2823 3207 actibus,
2851 3141 2934 3195 vel
2975 3141 3042 3197 de
3072 3120 3371 3204 commissis
3419 3152 3505 3206 di-

1914 3214 2121 3269 scussio
2166 3216 2356 3283 fuerit;
2406 3222 2493 3276 ubi
2538 3223 2606 3279 de
2652 3228 2786 3284 meis
2815 3230 3131 3304 dispendiis,
3179 3239 3281 3295 heu
3332 3244 3498 3301 mihi!

1836 3291 1883 3358 C
1912 3317 2030 3361 sum
2057 3309 2329 3380 cogendus
2354 3315 2579 3373 reddere
2604 3321 2895 3397 rationem,
2931 3334 2984 3395 tu
3016 3330 3265 3389 solatium
3295 3352 3496 3409 meum,

1910 3404 1967 3452 ιιι
2000 3401 2443 3479 respirarnentum
2473 3425 2671 3464 meum.
2710 3413 2772 3467 Et
2818 3417 3047 3483 vindicut
3095 3437 3212 3490 qute
3242 3427 3371 3481 mihi
3402 3401 3498 3486 de;

1906 3487 2067 3546 betur
2113 3508 2210 3563 pro
2259 3498 2581 3569 negligentia
2632 3518 2771 3571 mea,
2803 3505 2939 3562 forte
2968 3487 3229 3579 castitatis
3263 3522 3365 3571 tute
3409 3533 3495 3574 se-

1906 3581 2120 3642 dabitur
2164 3588 2569 3649 intercessione.
2612 3595 2876 3653 Defendes
2918 3616 3003 3655 me
3046 3604 3285 3671 profectu
3331 3619 3421 3664 tuo
3460 3627 3490 3667 a

1904 3690 2028 3733 meo
2057 3689 2206 3735 reatu
2236 3685 2439 3752 operis,
2470 3686 2511 3739 si
2560 3696 2614 3741 tu
2663 3688 2876 3745 Christo
2908 3692 3222 3767 adhazseris,
3254 3706 3310 3753 et
3352 3701 3396 3755 si
3430 3712 3486 3757 tu

1901 3767 1978 3823 illi
2012 3771 2301 3840 placueris,
2332 3791 2432 3846 ego
2483 3778 2624 3833 unde
2669 3780 2719 3835 ei
2763 3781 3024 3853 displiceo
3055 3801 3158 3842 non
3198 3792 3486 3861 gravabor,

1900 3857 2027 3913 dum
2061 3862 2153 3916 tibi
2193 3864 2462 3937 indulget,
2499 3870 2626 3923 mihi
2668 3882 2880 3941 parcet;
2917 3892 3018 3930 nec
3046 3857 3223 3949 perire
3266 3883 3488 3944 fratrem

1898 3952 2071 4021 sinet,
2101 3955 2254 4027 cujus
2281 3960 2497 4028 spondit
2525 3977 2787 4019 sororem.
2820 3964 2921 4022 Per
2948 3978 2999 4024 te
3040 3970 3175 4029 forte
3207 3976 3337 4031 mihi
3384 3978 3486 4035 du-

1896 4048 2109 4103 nabitur
2136 4049 2550 4124 chirographum
2595 4058 2737 4128 quod
2768 4063 3043 4128 contraxi;
3081 4066 3207 4121 dum
3250 4083 3301 4126 te
3328 4072 3486 4129 Chri-

1893 4146 2011 4194 stus
2042 4142 2183 4200 lovet
2209 4150 2492 4221 charitate,
2526 4172 2612 4212 me
2641 4174 2743 4213 non
2774 4163 2928 4235 punit
2972 4183 3066 4233 pro
3113 4172 3357 4229 crimine.
3388 4175 3484 4231 Mi-

1893 4248 2099 4305 serere,
2133 4254 2307 4310 soror,
2346 4261 2449 4302 non
2501 4259 2704 4315 tantum
2736 4258 2842 4319 tui,
2877 4261 2971 4315 sed
3001 4272 3056 4317 et
3083 4265 3221 4333 mei;
3257 4277 3315 4322 ut
3345 4271 3485 4328 unde

1893 4326 1988 4379 tibi
2028 4338 2194 4385 restat
2221 4334 2413 4404 gl0ria,
2448 4343 2635 4396 saltem
2668 4345 2796 4400 mihi
2828 4350 2911 4404 vel
2941 4352 3094 4407 venia
3129 4359 3479 4416 concedatur.

1890 4413 2070 4473 Multm
2100 4422 2150 4475 in
2182 4432 2271 4480 tuo
2302 4440 2458 4483 erunt
2491 4434 2722 4504 virgines
2752 4442 3007 4497 comitatu
3034 4462 3046 4497 :
3079 4460 3202 4500 cum
3234 4448 3297 4503 iis
3328 4450 3483 4509 facile

1889 4511 2202 4584 impetrabis
2234 4533 2335 4588 pro
2366 4537 2451 4577 me
2483 4527 2626 4593 quod
2661 4534 2988 4597 poposceris.
3024 4535 3137 4590 lmo
3168 4538 3281 4605 ipsa
3310 4550 3482 4598 mater

1886 4614 1941 4660 et
1968 4607 2072 4661 dux
2108 4609 2371 4679 virginum
2413 4615 2580 4671 Maria
2629 4634 2785 4674 suum
2833 4622 3192 4693 interpellahit
3242 4643 3339 4699 pro
3386 4640 3478 4689 tuo

187 4684 368 4754 cupiat
418 4685 706 4757 Christus,
763 4706 884 4759 quae
945 4696 1129 4750 mundi
1187 4699 1405 4753 calcasti
1458 4700 1775 4771 illecebras;

2973 4679 2988 4693 ,
3244 4679 3333 4699 τ--
3388 4679 3469 4689 --ν

1913 4698 2077 4752 nerito
2109 4698 2333 4767 Filium;
2365 4712 2417 4757 et
2453 4720 2519 4759 ne
2550 4716 2602 4761 te
2630 4710 2913 4767 contristet
2944 4730 3038 4782 pro
3071 4733 3156 4774 me
3186 4731 3431 4779 orantem
3452 4767 3469 4799 ,

188 4791 294 4847 quo
345 4788 395 4833 te
436 4780 711 4841 desiderio
767 4785 964 4840 chorus
1034 4787 1120 4842 ille
1177 4803 1425 4860 expectet
1470 4794 1774 4871 virgineus,

189 4885 345 4940 quam
396 4873 525 4943 ipsis
584 4874 834 4943 gradibus
893 4889 1266 4953 properantem
1313 4884 1571 4939 cwlorum
1613 4888 1775 4943 ardua

187 4962 389 5028 vident,
442 4966 632 5032 quibus
680 4966 876 5033 chorus
924 4970 1039 5039 ipse
1088 4972 1361 5043 virginalis
1414 4979 1660 5044 pervenit
1709 4980 1774 5034 ad

188 5053 478 5112 Chrismm.
524 5058 730 5115 Gaudet
772 5071 829 5116 et
865 5061 1027 5125 Maria
1073 5075 1243 5121 mater
1288 5066 1529 5135 Domini,
1558 5086 1689 5141 apex
1722 5082 1777 5135 et

186 5148 457 5217 specimen
491 5151 833 5223 virginitatis,
860 5155 1281 5225 incorruptionis
1313 5169 1503 5229 mater,
1537 5179 1655 5233 quae
1684 5181 1777 5231 vos

186 5242 433 5311 exemplo
477 5256 574 5298 suo
617 5246 821 5314 genuit,
867 5256 922 5300 et
964 5259 1149 5305 manet
1180 5252 1419 5324 integra;
1456 5270 1551 5319 vos
1603 5257 1775 5312 docu-

188 5344 364 5387 mento
390 5351 490 5390 suo
521 5340 743 5407 peperit,
769 5349 823 5394 et
854 5340 1066 5398 dolores
1097 5348 1351 5414 nescivit;
1396 5351 1580 5418 genuit
1608 5365 1773 5420 spon-

187 5442 322 5494 sum,
356 5436 411 5483 et.
440 5429 591 5503 virgo
614 5441 718 5485 est.
753 5432 903 5489 Felix
938 5434 1030 5488 ille
1064 5446 1271 5506 venter,
1298 5440 1387 5510 qui
1418 5443 1562 5496 novit
1591 5444 1775 5513 gigne-

186 5536 267 5589 re,
312 5540 416 5581 non
465 5529 761 5596 corrumpi.
812 5528 972 5589 Beata
1020 5530 1107 5591 illa
1155 5530 1475 5599 fecunditas,
1514 5554 1633 5606 qua:
1676 5555 1769 5611 pa-

184 5615 369 5672 riendo
422 5618 665 5688 implevit
715 5621 994 5693 mundum,
1042 5622 1375 5688 hiareditavit
1426 5630 1613 5698 caelos,
1668 5648 1768 5688 nec

185 5710 357 5771 amisit
385 5712 648 5780 velamina
680 5713 1021 5786 virginitatis.
1051 5717 1249 5773 Ardeat
1276 5735 1367 5775 cor
1394 5732 1563 5787 tuum,
1588 5738 1762 5795 Soror,

185 5800 303 5870 igne
333 5802 443 5861 illo.
475 5819 631 5874 quem
662 5804 903 5861 Christus
935 5808 1077 5862 misit
1119 5808 1172 5862 in
1219 5819 1434 5866 terram.
1471 5814 1682 5869 Excitet
1714 5826 1765 5871 te

184 5891 394 5953 ﬂamma
442 5894 581 5965 ignis
620 5896 759 5966 ejus,
790 5907 846 5953 et
895 5899 1093 5955 chorus
1142 5904 1228 5959 ille
1259 5906 1531 5977 virgineus
1574 5922 1761 5977 prose-

1885 4804 1972 4843 me
2013 4792 2185 4857 eriget
2215 4791 2354 4848 forte
2385 4795 2657 4864 jacentem
2678 4840 2694 4867 ,
2726 4810 2781 4855 et
2811 4806 3156 4865 conscientia
3182 4822 3336 4868 reatu
3364 4830 3477 4872 me-

1881 4891 2088 4938 rentem
2121 4886 2511 4943 consolabitur.
2538 4890 2653 4947 Non
2685 4894 3045 4955 confundatur
3070 4917 3195 4973 spes
3229 4920 3348 4964 mea
3378 4922 3476 4979 per

1884 4985 1935 5033 te
1966 4978 2033 5049 ad
2065 4979 2250 5036 Deum.
2279 4982 2397 5038 Meo
2423 4984 2583 5055 igitur
2612 4988 2970 5061 hortamento,
2998 5012 3119 5053 meo
3144 4978 3470 5066 ministerio.

1883 5067 1974 5125 Dei
1998 5070 2215 5140 quidem
2246 5074 2408 5140 dono,
2434 5078 2528 5132 sed
2555 5095 2674 5135 meo
2703 5084 2983 5156 obsequio,
3013 5089 3151 5145 hanc
3176 5101 3325 5149 tenes
3350 5110 3472 5166 pro«

1881 5160 2190 5218 fessionem.
2218 5166 2298 5221 Sit
2327 5182 2455 5237 ergo
2486 5171 2617 5225 mihi
2660 5173 2935 5249 integritas
2964 5187 3053 5235 tua
3080 5197 3241 5239 causa
3270 5185 3465 5252 veniae,

1881 5269 1999 5328 qua:
2032 5254 2125 5310 tibi
2155 5257 2261 5311 erit
2285 5273 2446 5313 causa
2472 5275 2707 5317 coronae.
2742 5268 2958 5336 Averte,
2988 5287 3190 5341 qumso,
3222 5276 3409 5333 oculos
3436 5291 3469 5331 a

1881 5347 2064 5401 mundi
2095 5348 2238 5404 falsis
2268 5352 2531 5409 inanibus.
2558 5356 2742 5413 leos
2773 5362 2973 5430 aspice,
3008 5366 3095 5418 ubi
3120 5375 3206 5422 est
3235 5383 3466 5439 sponsus

1879 5430 2021 5495 tuus.
2079 5439 2207 5495 Illuc
2254 5446 2491 5500 animum
2538 5448 2726 5522 dirige,
2758 5454 2844 5506 ubi
2888 5453 3122 5512 Christus
3163 5468 3237 5516 est
3266 5430 3330 5517 uin
3369 5462 3468 5519 Dei

1877 5536 2088 5591 dextera
2114 5539 2291 5594 sedem
2319 5539 2457 5612 (Col.
2492 5544 2592 5616 tu).
2626 5548 2788 5602 Umne
2826 5551 2960 5604 enim
3005 5554 3143 5619 quod
3171 5555 3227 5615 in
3269 5559 3464 5614 mundo

1873 5640 1976 5694 est,
2007 5632 2417 5703 concupiscentia
2442 5638 2640 5703 carnis,
2670 5648 2717 5693 et
2747 5638 3159 5711 concupiscentia
3192 5649 3459 5707 oculorum

1873 5733 1945 5776 est
1976 5722 2028 5792 (Ι
2054 5724 2211 5780 Joan.
2239 5727 2322 5796 ιι).
2355 5729 2484 5795 Quae
2515 5745 2702 5786 sursus
2732 5744 2853 5797 sunt
2879 5752 3096 5804 quare:
3128 5741 3215 5796 tibi
3241 5751 3325 5807 est
3356 5746 3460 5804 vita

1874 5821 1984 5878 tua,
2011 5816 2117 5869 illic
2141 5828 2266 5871 sunt
2292 5830 2344 5873 et
2372 5820 2632 5877 desideria
2664 5832 2784 5889 tua;
2817 5827 2902 5880 tibi
2934 5836 3018 5881 est
3045 5845 3274 5897 sponsus
3303 5846 3449 5899 tnui,

1873 5906 1946 5962 ibi
1974 5910 2044 5962 sit
2071 5918 2126 5964 et
2166 5910 2448 5965 thesaurus
2497 5923 2637 5970 tuus.
2675 5916 2807 5973 Nolo
2840 5928 2887 5971 te.
2937 5924 3136 5977 moveri
3184 5927 3454 5995 voluptate
