4042 6348
654 356 755 418 879

1532 351 1772 411 SANCTI
1811 348 2146 417 LEANDRI,
2188 342 2623 407 HISPALENSIS
2660 344 2967 404 EPISCOPI
2998 388 3014 415 ,
3732 354 3800 413 330

653 476 855 541 surculi,
886 474 1011 530 nolo
1050 481 1102 529 te
1144 472 1348 543 fulgore
1377 473 1554 527 carnis
1600 469 1863 527 decorari.
1897 466 2016 525 Cito
2047 474 2225 524 movet
2248 464 2297 525 Δ
2326 474 2481 535 putas
2521 472 2824 533 corruptam
2872 463 3033 519 habet
3080 460 3346 519 mentem?
3372 460 3571 532 Triplex
3608 470 3803 527 commisit

579 584 585 589 ‘
651 571 879 625 alienam
912 566 1182 622 libidinem
1223 580 1348 621 caro
1376 572 1585 628 ornata,
1614 574 1666 618 et
1693 573 1940 632 aspectus
1966 564 2221 632 iuvenum

651 662 708 716 in
739 679 797 715 se
822 668 1099 727 provocat,
1131 672 1245 725 qua:
1266 671 1325 710 se
1350 655 1623 723 componit
1650 663 1708 707 ιιι
1732 662 1917 708 ornata
1950 653 2220 723 procedat.

649 751 872 807 Placere
913 753 1045 804 velle
1070 748 1239 803 oculis
1270 747 1475 813 alienis,
1509 746 1729 803 affectus
1762 756 1844 802 est
1890 747 2220 812 meretricis;

650 853 705 897 et
726 844 791 897 ad
820 843 1001 912 sponsi
1024 842 1255 897 caelestis
1282 839 1511 895 refertur
1538 840 1809 908 injuriatn,
1834 839 1876 893 si
1909 840 1977 892 ita
2006 837 2224 891 incedas

650 944 709 988 ut
751 935 919 988 oculis
950 933 1242 987 libidinosis
1273 931 1502 998 placeas.
1532 932 1685 995 Esto,
1711 945 1914 1001 quaeso,
1948 929 2113 1000 judex
2144 930 2225 983 in-

648 1033 733 1078 ter
763 1022 1022 1077 nubentes
1050 1033 1101 1075 et
1133 1021 1362 1091 virgines
1387 1039 1400 1075 :
1434 1036 1585 1091 spem
1616 1022 1891 1090 utriusque
1914 1019 2214 1075 considera.

647 1114 766 1182 quis
793 1127 948 1182 quam
980 1120 1156 1167 teneat
1185 1112 1323 1165 viam
1354 1114 1583 1168 aestima.
1614 1111 1777 1181 Virgo
1806 1110 1982 1164 studet
2010 1110 2223 1179 placere

645 1205 789 1269 Deo;
823 1214 984 1275 nupta
1028 1205 1244 1261 saeculo.
1278 1205 1441 1275 Virgo
1491 1214 1671 1261 servat
1718 1206 2073 1275 integritatem
2119 1219 2221 1272 qua

644 1308 766 1352 nata
795 1308 909 1362 est;
942 1308 1105 1367 nupta
1150 1300 1532 1368 corrumpitur.
1576 1299 1645 1354 Et
1672 1300 1828 1369 quale
1857 1308 1962 1364 est,
1993 1299 2084 1354 ubi
2114 1314 2220 1353 non

642 1400 926 1459 permanet
953 1392 1156 1462 integra
1184 1402 1244 1447 ut
1268 1393 1433 1463 coepit
1460 1408 1580 1448 esse
1610 1394 1835 1447 natura?
1878 1392 2114 1447 Primum
2140 1392 2225 1446 di-

644 1481 769 1536 vino
795 1482 944 1551 operi
972 1482 1236 1551 irrogatur
1265 1483 1474 1552 injuria,
1514 1483 1638 1537 dum
1670 1482 1815 1551 quod
1850 1483 1939 1538 ille
1980 1484 2223 1537 formavit

644 1571 914 1643 integrum
946 1574 1168 1628 libidine
1215 1573 1597 1641 corrumpitur,
1631 1573 1856 1628 libidine
1905 1574 2221 1629 maculatur.

643 1662 703 1718 lu
734 1678 830 1718 vos
860 1664 999 1719 Deus
1028 1666 1304 1736 cognoscit
1331 1678 1464 1734 opus
1494 1679 1684 1729 suum;
1716 1679 1849 1733 quas
1880 1672 2027 1719 tenet
2055 1678 2223 1718 saecu-

641 1751 783 1824 lum,
820 1766 874 1811 et
916 1770 1022 1810 non
1067 1756 1400 1824 corrumpit;
1451 1770 1583 1825 quas
1632 1745 1765 1809 tales
1814 1754 1955 1811 Deus
1997 1756 2218 1824 recipit,

2328 560 2641 615 adulterium
2669 578 2683 614 :
2717 560 2929 625 mentis,
2958 573 3081 629 quae
3128 559 3286 613 talem
3332 558 3567 612 meditata
3602 574 3666 615 est
3701 562 3802 619 fnu-

2327 653 2480 718 detn;
2523 654 2789 720 corporis,
2820 668 2939 723 qua:
2970 652 3221 720 figmento
3259 652 3474 707 mutavit
3509 653 3803 721 specierum-

2324 748 2501 811 stitus,
2534 760 2652 815 quae
2685 760 2789 801 non
2836 744 3075 815 proprio,
3107 744 3203 801 sed
3243 746 3415 800 alieno
3459 742 3635 817 fragrat
3671 748 3799 805 odore.

2326 838 2420 893 llis
2450 840 2604 893 malis
2644 838 2791 907 virgo
2831 838 3034 907 nescia,
3078 852 3270 893 sexum
3310 837 3483 902 habet,
3509 846 3558 892 et
3588 852 3715 893 sexus
3742 856 3803 896 ue-

2327 931 2625 985 cessitatem
2658 930 2888 1001 ignorat.
2918 928 3187 985 Femineae
3210 929 3504 999 fragilitatis
3530 930 3670 985 oblita
3691 932 3806 1001 rigore

2327 1019 2466 1075 virili
2512 1020 2772 1087 subsistit,
2803 1028 2965 1090 atque
3007 1021 3276 1076 infirmum
3319 1035 3497 1076 sexum
3535 1022 3693 1077 virtute
3722 1024 3804 1077 soli-

2327 1112 2471 1167 davit
2496 1128 2510 1166 :
2540 1127 2639 1165 nec
2659 1112 2863 1166 addixit
2891 1113 3136 1167 servituti
3166 1126 3380 1180 corpus,
3401 1111 3535 1182 quod
3561 1110 3658 1182 lege
3675 1122 3809 1168 natura

2326 1205 2441 1260 viro
2465 1204 2725 1273 subiacet.
2759 1205 2904 1260 Felix
2933 1205 3103 1275 virgo,
3130 1220 3251 1273 qua
3277 1219 3469 1274 corpus
3491 1206 3633 1259 trahit
3651 1218 3703 1259 ex
3724 1204 3807 1270 Era,

2326 1312 2434 1352 non
2468 1297 2708 1365 pinnam!
2741 1295 2834 1350 illa
2863 1298 3063 1365 peccati
3115 1307 3307 1353 merito
3336 1300 3517 1353 audit:
3550 1296 3643 1352 Sub
3665 1301 3735 1352 vin
3754 1315 3809 1369 po-

2326 1399 2502 1445 testate
2527 1393 2648 1457 eris,
2674 1399 2720 1446 et
2766 1393 2819 1443 in
2847 1390 3105 1445 doloribus
3135 1392 3303 1458 paries
3334 1390 3491 1460 (Gen.
3515 1391 3576 1459 t).
3600 1390 3665 1445 Tu
3701 1391 3807 1459 virgi-

2326 1482 2545 1535 nitatem
2576 1482 2788 1548 adepta,
2817 1496 2846 1535 a
2882 1480 2966 1534 tali
2993 1481 3121 1551 jugo
3152 1484 3432 1536 excussisti
3471 1482 3725 1545 cervicem;
3746 1496 3808 1538 nec

2326 1568 2510 1643 pressa
2538 1571 2717 1643 .jugali
2764 1573 3083 1631 necessitate
3111 1572 3417 1627 curvaberis
3462 1571 3525 1626 ad
3560 1573 3810 1639 terram,sed

2324 1664 2380 1720 in
2407 1663 2625 1718 sublimi
2651 1671 2828 1718 erecta
2852 1664 3018 1718 caelos
3039 1664 3297 1731 suSpicis;
3331 1671 3388 1718 ut
3411 1664 3543 1719 unde
3568 1664 3642 1717 illa
3664 1663 3811 1719 vetitum

2328 1754 2699 1823 praesumendo
2728 1753 2941 1815 cecidit,
2973 1754 3061 1808 ubi
3095 1762 3145 1807 tu
3179 1753 3320 1808 licita
3367 1757 3714 1809 contemnendo
3732 1769 3812 1809 con-

644 1849 830 1919 quales
874 1847 1020 1905 fecit.
1053 1849 1243 1904 Omnia
1275 1850 1455 1916 itaque
1485 1849 1837 1905 restauranda
1865 1858 1989 1905 sunt
2033 1851 2085 1906 in
2133 1865 2217 1905 re-
2247 1842 2297 1903 B
2322 1845 2627 1901 scenderes.
2680 1845 2789 1899 Eva
2832 1846 3064 1916 gustavit
3106 1845 3172 1901 de
3217 1846 3425 1913 illicito,
3455 1856 3508 1901 et
3544 1846 3809 1917 virginitatem

645 1942 978 1997 surrectione
1002 1956 1124 2024 quae
1154 1958 1294 1998 nunc
1324 1955 1547 2012 pereunt
1590 1944 1656 1997 de
1704 1958 1952 2014 corpore.
1985 1944 2219 2014 Virgini-

645 2043 727 2089 tas
756 2036 923 2090 semel
952 2035 1157 2104 perdita
1200 2050 1301 2090 nec
1344 2035 1428 2092 hic
1467 2045 1773 2105 reparatur,
1807 2050 1907 2092 nec
1948 2036 2000 2090 in
2044 2036 2222 2092 futuro

642 2126 921 2195 recipitur.
957 2127 1152 2183 Verum
1181 2137 1264 2182 est
1288 2128 1429 2198 quod
1459 2128 1602 2185 Deus
1626 2128 1938 2199 praeceperit
1968 2130 2218 2199 nuptias;

642 2218 737 2275 sed
778 2219 997 2285 idcirco,
1029 2230 1088 2276 ut
1112 2221 1239 2275 inde
1268 2232 1578 2277 nasceretur
1607 2223 1921 2292 virginitas:
1954 2231 2015 2277 ut
2042 2222 2221 2277 multi-'-

640 2310 835 2383 plicata
880 2313 1143 2382 virginum
1184 2315 1553 2383 successione,
1602 2314 1900 2370 lucraretur
1945 2314 1999 2369 in
2045 2314 2215 2385 prole,

642 2405 782 2474 quod
818 2406 1161 2476 perdiderant
1186 2409 1402 2475 nuptiae.
1430 2409 1495 2463 Et
1519 2407 1670 2462 radix
1698 2415 1754 2463 et
1776 2409 1982 2463 fructus
2006 2408 2220 2475 nuptia-

642 2512 763 2553 rum
796 2499 1068 2568 virginitas
1092 2506 1195 2555 est.
1226 2498 1304 2553 De
1328 2498 1576 2569 coniugio
1603 2507 1752 2555 certe
1777 2500 2013 2555 nascitur
2036 2500 2218 2569 virgo:

642 2605 764 2658 quae
788 2590 833 2644 si
862 2606 969 2644 non
997 2591 1380 2660 corrumpitur,
1406 2593 1472 2646 ad
1501 2593 1805 2660 nuptiarum
1833 2591 2049 2649 additur
2087 2606 2221 2661 prte-

641 2686 829 2739 mium.
862 2685 1071 2740 Habent
1097 2693 1276 2753 nuptae
1302 2684 1441 2741 unde
1489 2686 1755 2751 laetentur,
1798 2686 1843 2741 si
1890 2685 1978 2745 sui
2019 2686 2220 2741 fructus

645 2777 851 2832 caelesti
897 2776 1091 2832 horreo
1119 2784 1464 2845 reponantur.
1492 2773 1570 2831 Tu
1616 2790 1828 2845 quoque
1856 2777 2219 2831 communium

642 2878 925 2940 parentum
958 2868 1253 2923 cumulabis
1283 2869 1503 2933 merita;
1536 2868 1639 2923 tuis
1666 2868 1879 2938 utrique
1926 2868 2219 2925 honoribus

645 2960 1103 3026 munerabuntur;
1134 2968 1189 3015 te
1216 2960 1363 3030 prole
1390 2960 1601 3016 Christo
1633 2960 1976 3028 adhaerente,
2004 2960 2104 3030 ipsi
2135 2976 2220 3016 re-

644 3053 842 3120 cipient
864 3052 917 3106 in
945 3054 1115 3107 fructu
1138 3053 1277 3123 quod
1300 3054 1355 3107 in
1378 3054 1580 3123 cespite
1604 3053 1970 3124 perdiderunt.
1998 3053 2214 3120 Recole,

644 3159 759 3201 mea
778 3160 951 3210 soror,
970 3147 1321 3201 humanarum
1338 3149 1640 3215 nuptiarum
1657 3162 1945 3213 aerumnas,
1963 3157 2016 3202 et
2028 3149 2214 3204 claude

2325 1939 2576 2008 perdidit.
2604 1938 2822 1993 Licebat
2848 1938 3049 1993 nubere
3070 1938 3280 2008 virgini,
3308 1940 3403 1993 sed
3432 1954 3545 2009 qua:
3566 1953 3654 1993 non
3678 1938 3805 2007 nupsit,

2324 2031 2527 2101 angelis
2568 2031 2813 2087 adhaesit.
2841 2030 2907 2085 In
2950 2033 3314 2087 resurrectione
3360 2034 3497 2088 enim
3533 2049 3622 2086 non
3655 2032 3809 2097 nubant,

2323 2142 2480 2196 neque
2502 2142 2682 2181 uxores
2704 2126 2925 2192 ducunt;
2950 2126 3041 2181 sed
3064 2135 3213 2179 erunt
3232 2128 3367 2179 sicut
3387 2126 3551 2198 angeli
3570 2123 3654 2179 Dei
3670 2122 3813 2195 (Matth.

2323 2217 2486 2288 xxtt).
2524 2218 2674 2283 Vide,
2704 2217 2857 2288 virgo
2888 2233 3007 2287 quae
3035 2232 3140 2272 non
3190 2218 3368 2285 nubit,
3396 2218 3588 2289 angelis
3625 2230 3814 2287 compan-

2325 2322 2430 2369 tur.
2465 2312 2611 2369 Licet
2638 2313 2780 2368 enim
2810 2311 3030 2383 gignere
3057 2312 3232 2377 ﬁlios;
3265 2313 3363 2368 sed
3389 2328 3506 2383 qua:
3534 2314 3652 2368 hanc
3672 2324 3813 2381 sprere

2325 2413 2517 2460 verunt
2561 2405 2967 2471 necessitatem,
3013 2404 3284 2460 Christum
3333 2404 3594 2461 dicentem
3632 2405 3812 2458 audiunt:

2323 2494 2499 2551 Beata
2526 2496 2724 2551 steriles
2770 2512 2885 2567 quia
2912 2512 3014 2551 non
3055 2505 3364 2567 genuerunt,
3395 2507 3445 2552 et
3486 2498 3625 2551 ubera
3647 2512 3731 2565 qua:
3754 2510 3816 2546 non

2325 2588 2639 2647 lactavernnt
2667 2591 2819 2663 (Luc.
2847 2593 3024 2660 xxttt).
3054 2591 3095 2645 Ε
3125 2592 3401 2646 contrario
3447 2591 3550 2645 illic
3574 2592 3729 2645 dicitur
3758 2604 3815 2642 tu-

2322 2684 2429 2754 ptis
2454 2703 2464 2737 :
2508 2683 2599 2738 γω
2626 2685 3007 2756 prregnantibus
3031 2692 3078 2738 et
3104 2684 3444 2738 nutrientibus
3474 2686 3526 2737 in
3549 2683 3633 2736 illa
3657 2684 3733 2736 die.
3754 2681 3815 2733 lu-

2322 2790 2427 2845 que
2468 2775 2690 2844 virginei
2720 2789 2907 2830 sensus
2941 2790 3033 2855 pro
3077 2774 3200 2830 ﬁliis
3244 2782 3576 2845 reputantur.
3603 2774 3712 2841 Quid
3733 2785 3815 2840 ergo

2322 2868 2518 2936 quaerit
2541 2882 2676 2937 quos
2709 2866 2963 2937 pariendo
2992 2866 3189 2932 doleat,
3214 2883 3335 2937 qua:
3370 2869 3484 2937 pios
3513 2867 3655 2921 habet
3675 2878 3813 2925 sensus,

2322 2959 2513 3026 quibus
2529 2959 2833 3014 meditando
2855 2959 3217 3027 congaudeat?
3241 2958 3469 3030 PrOpter
3490 2962 3691 3014 timorem
3708 2967 3814 3018 tuan,

2322 3048 2563 3117 Domine,
2592 3052 2795 3122 inquit,
2827 3053 2881 3105 in
2911 3062 3055 3105 utero
3100 3054 3422 3121 accepimus,
3463 3062 3508 3107 et
3547 3053 3817 3123 parturirth

2324 3143 2579 3213 Spiritum
2623 3148 2804 3200 salutis
2850 3145 3008 3217 (lsai.
3034 3145 3202 3216 xxvi).
3250 3147 3394 3202 Ecce
3439 3148 3559 3203 felix
3602 3144 3815 3215 conceptio,

644 3241 849 3305 oculos,
884 3255 950 3294 ne
974 3239 1155 3295 videas
1181 3242 1489 3296 vanitatem.
1519 3240 1695 3295 Prima
1739 3242 1971 3311 pericula
2003 3243 2215 3311 nuptia-
2243 3225 2288 3288 Ο
2323 3238 2629 3307 incorrupta
2678 3239 2987 3309 progenies,
3040 3240 3187 3294 utilis
3231 3252 3421 3309 partus
3450 3258 3465 3298 :
3502 3242 3582 3296 ubi
3620 3251 3665 3297 et
3702 3239 3816 3309 prole

639 3344 761 3386 rum
790 3330 904 3385 haec
930 3341 1053 3385 sunt
1078 3350 1089 3386 :
1121 3333 1413 3402 corruptio,
1444 3334 1800 3401 corruptionis
1828 3334 2057 3394 fastidia.
2088 3350 2219 3402 pon-

642 3424 742 3478 dus
770 3423 908 3478 uteri
936 3421 1224 3491 gravidati,
1253 3423 1407 3477 dolor
1447 3432 1629 3491 partus
1669 3424 1985 3494 plerumque
2025 3424 2091 3479 ad
2137 3425 2218 3480 di-

642 3514 876 3569 scrimen
907 3514 1094 3567 mortis
1124 3513 1462 3581 perveniens,
1491 3513 1579 3569 ubi
1611 3523 1664 3569 et
1695 3530 1887 3570 munus
1916 3518 2216 3585 nuptiarttm

638 3607 778 3675 perit
804 3616 857 3661 et
882 3604 1114 3671 fructus;
1140 3607 1269 3673 dum
1294 3592 1450 3662 simul
1483 3617 1651 3662 mater
1675 3624 1795 3664 cum
1826 3610 1976 3678 prole
2004 3609 2178 3665 deficit
2200 3653 2214 3677 ,

639 3708 693 3752 ct
721 3700 894 3753 omnis
921 3698 1009 3752 illa
1042 3712 1235 3767 pompa
1266 3700 1517 3768 nuptialis
1548 3702 1733 3755 mortis
1781 3700 2066 3755 frustratur
2110 3710 2218 3756 ter-

639 3793 805 3845 mino.
832 3791 1000 3858 Quam
1032 3791 1286 3859 putabant
1311 3806 1526 3847 causam
1555 3807 1677 3847 esse
1708 3793 1925 3861 lmtitiae,
1951 3795 2067 3861 quis
2096 3809 2215 3849 eam

638 3883 974 3937 occasionem
998 3883 1341 3938 interimendi
1371 3884 1610 3940 invenit?
1634 3884 1769 3952 Quid
1795 3895 1912 3954 aget
1934 3896 2054 3955 post
2082 3902 2217 3940 mor-

640 3982 775 4036 tem,
823 3989 942 4043 quae
990 3983 1155 4029 totam
1206 3975 1445 4031 laetitiam
1486 3976 1687 4046 nuptiis
1734 3978 2045 4045 deputavit?
2088 3980 2214 4045 Qua:

638 4066 755 4117 viro
786 4067 997 4134 placere
1037 4067 1234 4135 voluit,
1270 4082 1373 4121 non
1408 4069 1539 4134 Deo,
1570 4068 1694 4137 quid
1726 4078 1846 4138 aget
1893 4071 2015 4124 dum
2049 4071 2156 4125 exit
2182 4087 2212 4125 a

640 4157 873 4211 saeculo?
899 4158 1028 4224 Quae
1058 4159 1285 4213 sollicita
1315 4159 1410 4213 fttit
1436 4161 1704 4229 quomodo
1730 4150 1965 4230 placeret
1992 4166 2209 4230 mundo,

636 4262 794 4317 quam
826 4249 1019 4316 poterit
1047 4248 1242 4304 habere
1281 4259 1485 4318 partem
1510 4267 1629 4305 cum
1661 4254 1908 4309 Christo?
1939 4256 2066 4323 Quae
2100 4256 2213 4326 pri-

635 4353 779 4392 mum
813 4355 917 4394 non
961 4340 1096 4395 bene
1138 4341 1267 4396 viris
1312 4358 1370 4397 se
1413 4343 1742 4413 distrahunt,
1784 4348 2047 4419 simulque
2089 4365 2208 4407 cum

633 4429 888 4501 pudicitia
919 4433 1216 4488 libertatem
1250 4434 1508 4503 perdunt,
1540 4440 1752 4508 quando
1792 4442 2055 4510 captivam
2098 4446 2209 4499 vir-

633 4523 908 4595 ginitatem
950 4535 1197 4595 suscepta
1227 4527 1352 4582 dote
1391 4528 1666 4584 addicunt.
1696 4532 1830 4599 Quid
1875 4534 2084 4588 misera:
2129 4535 2205 4589 illi

2324 3331 2475 3384 bonae
2502 3331 2836 3401 eugitationis
2868 3331 3061 3397 editur,
3088 3341 3141 3386 et
3165 3332 3448 3403 ignoratur
3474 3334 3632 3389 dolor.
3662 3332 3736 3386 Τυι
3769 3331 3814 3381 le-

2325 3424 2445 3479 licia
2489 3426 2753 3494 germina,
2787 3436 2916 3495 quot
2950 3435 3150 3481 sanctae
3178 3427 3555 3497 cogitationes,
3582 3427 3710 3482 toties
3730 3439 3813 3479 eon-

2322 3518 2467 3586 cipit,
2498 3518 2708 3588 quoties
2751 3529 2935 3573 sancta
2984 3519 3333 3576 meditatione
3363 3521 3611 3592 Spiritum
3648 3517 3811 3573 divinum

2323 3610 2483 3678 capit.
2514 3612 2804 3679 Conceptio
2831 3612 2975 3665 enim
3017 3626 3246 3680 superna
3278 3612 3504 3668 virtutes
3543 3612 3675 3683 parit.
3701 3608 3747 3663 Et
3772 3620 3814 3659 ne

2325 3709 2477 3769 putes
2510 3712 2559 3755 te
2598 3716 2717 3756 esse
2766 3702 3031 3769 sterilem,
3068 3711 3144 3757 tot
3183 3702 3320 3758 filios
3364 3704 3596 3770 habebis,
3620 3713 3720 3772 quot
3744 3699 3811 3750 vir-

2323 3803 2460 3847 tutes
2517 3795 2820 3860 protuleris.
2878 3794 2991 3849 Uua
3048 3797 3219 3851 sancti
3271 3797 3505 3866 Spiritus
3551 3792 3814 3862 conceptione

2322 3886 2515 3940 multos
2563 3887 2689 3940 edes
2740 3895 2945 3955 partus.
2975 3886 3183 3941 Primus
3232 3898 3423 3957 partus
3467 3888 3678 3958 virginis,
3713 3897 3813 3937 rere:

2319 3976 2525 4031 cundia:
2554 3978 2750 4042 virtus;
2783 3978 3049 4033 secundus
3088 3979 3381 4048 patientiae,
3414 3980 3599 4036 tertius
3630 3974 3814 4031 sobrieta-

2320 4069 2407 4136 tis,
2440 4078 2656 4139 quartus
2700 4074 3081 4139 temperantiae,
3118 4078 3335 4143 quintus
3375 4076 3653 4139 cltaritatis,
3692 4075 3813 4125 sexta!

2318 4160 2654 4227 humilitatis,
2697 4164 2956 4231 septimus
3004 4164 3385 4235 castitatisyut
3432 4168 3687 4235 impleatur
3719 4157 3811 4230 quod

2316 4252 2530 4323 legitur,
2562 4254 2685 4322 quia
2726 4255 2914 4310 sterilis
2954 4258 3146 4329 peperit
3186 4270 3375 4325 septem
3405 4256 3459 4328 (Ι
3486 4259 3605 4329 Reg.
3630 4257 3696 4325 tt).
3722 4251 3813 4305 Ecce

2316 4362 2415 4401 una
2464 4349 2785 4417 septifortnis
2828 4351 3061 4418 Spiritus
3091 4353 3439 4420 conceptione
3480 4360 3663 4420 septem
3693 4351 3814 4417 partui

2316 4439 2549 4496 edidisti.
2584 4440 2705 4494 Non
2734 4442 2875 4494 dicas
2908 4456 2927 4496 :
2967 4440 3095 4495 Ecce
3140 4458 3230 4511 ego
3271 4443 3469 4513 lignum
3511 4442 3706 4501 aridum,
3736 4433 3813 4503 αμὶα

2316 4541 2422 4587 lucc
2449 4534 2571 4587 dicit
2596 4531 2850 4587 Dominus
2870 4537 3118 4589 eunuchis
3142 4551 3160 4588 :
3190 4535 3289 4601 Qui
3312 4536 3633 4589 custodierint
3655 4527 3812 4599 requiem

631 4628 905 4684 remanet,
953 4634 1071 4687 quae
1128 4619 1383 4688 pudorem
1439 4623 1712 4677 venditat?
1763 4625 1913 4690 Quod
1971 4628 2013 4679 si
2073 4627 2206 4682 forte
2233 4607 2288 4667 Ῑ)
2312 4642 2491 4690 meam,
2516 4633 2562 4679 et
2586 4627 2823 4695 elegerint
2846 4642 2960 4695 qua:
2985 4628 3137 4691 t-olui,
3163 4639 3207 4681 et
3232 4628 3481 4680 tenuerint
3510 4627 3810 4697 fiedusmmt.

633 4713 845 4777 tuundi,
879 4719 937 4765 ut
964 4711 1077 4766 fieri
1108 4714 1278 4779 solet,
1311 4728 1438 4768 casu
1470 4716 1655 4784 perdat
1685 4716 2045 4785 donationem,
2083 4728 2205 4775 tunc

631 4816 686 4859 et
739 4806 938 4873 pudore
985 4811 1183 4871 caruit,
1222 4819 1275 4862 et
1321 4809 1498 4863 amisit
1545 4810 1795 4878 pretium.
1848 4811 2006 4866 Vides
2050 4829 2207 4883 quam

628 4896 771 4949 nuda
793 4906 846 4950 et
871 4897 1121 4951 destituta
1145 4900 1193 4951 in
1220 4910 1443 4969 utroque
1470 4907 1750 4957 remansit!
1785 4904 1887 4959 Pro
1916 4908 2029 4961 viro
2056 4916 2209 4962 certe

630 4988 845 5059 gemino
879 4990 1085 5044 timoris
1131 4992 1342 5047 addicta
1375 4995 1632 5062 periculo,
1662 4998 1816 5052 timet
1862 4998 2055 5052 bunum
2089 5014 2209 5068 per—

630 5081 778 5148 dere,
811 5083 963 5136 timet
995 5084 1191 5138 malum
1226 5085 1440 5141 habere.
1477 5090 1607 5154 Quis
1634 5106 1758 5159 ergo
1788 5091 1924 5146 inter
1951 5094 2066 5147 ltmc
2095 5108 2204 5148 me—

627 5174 746 5226 dius
773 5182 857 5227 est
885 5175 1031 5228 locus
1057 5175 1292 5231 laetitite?
1333 5178 1474 5245 Quas
1521 5182 1715 5236 formas
1746 5182 1992 5238 lenocinii
2038 5187 2206 5241 medi-

628 5276 766 5319 tatur
797 5278 854 5321 ut
894 5269 1101 5337 placeat
1132 5272 1336 5325 oculis?
1381 5274 1571 5341 quibus
1613 5275 1906 5347 peregrinis
1945 5278 2201 5336 odoribus

626 5359 793 5412 inlicit
838 5361 1080 5415 vestem?
1110 5370 1163 5415 et
1211 5371 1269 5417 ut
1305 5365 1534 5419 oblectet
1572 5381 1779 5431 sensus,
1818 5381 1991 5425 cutem
2046 5388 2203 5429 men-

625 5450 751 5503 titur
790 5452 1038 5507 alienam.
1073 5456 1203 5520 Quae
1248 5457 1365 5511 fuco
1410 5455 1593 5513 illitam
1638 5461 1784 5513 vario
1825 5463 2086 5517 adulterat
2133 5466 2198 5519 fi-

625 5552 842 5609 gmento
870 5544 1054 5600 faciem
1073 5590 1087 5613 ,
1124 5562 1191 5602 ne
1220 5550 1291 5602 sit
1320 5550 1432 5619 ipsa
1458 5567 1575 5618 qua:
1602 5564 1722 5607 nata
1747 5563 1858 5619 est,
1886 5565 1938 5609 et
1969 5558 2199 5627 decipiat

625 5632 794 5686 virum
824 5636 1001 5702 specie
1027 5637 1220 5703 aliena,
1253 5653 1356 5693 non
1387 5642 1631 5709 prepria.
1662 5642 1794 5698 Vide
1820 5646 1865 5698 si
1898 5662 2000 5701 non
2035 5655 2197 5705 ntale-

626 5723 729 5777 ticii
759 5739 929 5792 genus
970 5736 1079 5792 est,
1109 5732 1411 5800 excogitare
1440 5743 1609 5788 artem
1639 5750 1742 5805 qua
1791 5750 2036 5805 provocet
2074 5743 2197 5797 lilii-

626 5814 802 5869 dinem
834 5818 1080 5872 alienam.
1114 5821 1178 5875 Et
1207 5836 1323 5890 quae
1348 5826 1425 5879 sic
1454 5832 1743 5899 corrumpit
1774 5831 1985 5902 faciem,
2037 5852 2191 5904 quam

2311 4717 2442 4771 dabo
2468 4718 2539 4772 eis
2566 4719 2620 4771 in
2649 4718 2798 4770 domo
2838 4733 2952 4770 mea
2991 4728 3040 4769 et
3070 4718 3125 4771 in
3153 4720 3310 4771 muris
3358 4720 3481 4772 meis
3510 4721 3674 4778 locum,
3697 4722 3732 4766 et
3754 4722 3811 4761 n0-

2311 4826 2425 4864 men
2456 4810 2635 4864 melius
2662 4826 2694 4862 a
2724 4809 2847 4877 ﬁliis
2875 4817 2921 4862 et
2950 4825 2983 4862 a
3022 4808 3262 4877 ﬁliabus;
3304 4826 3487 4864 nomen
3528 4807 3811 4878 sempiternus

2311 4903 2439 4956 dabo
2466 4904 2556 4969 eis,
2588 4904 2724 4972 quod
2752 4919 2853 4956 non
2884 4904 3061 4972 peribit
3092 4901 3226 4973 (lsa.
3253 4904 3382 4973 LVt).
3418 4904 3590 4969 Vides,
3621 4894 3811 4955 amantis-

2313 4996 2445 5050 sitna
2478 5010 2651 5061 soror,
2683 4995 2822 5064 quod
2854 4996 3198 5065 principalem
3226 4997 3281 5051 in
3329 5011 3494 5066 regno
3539 4995 3620 5048 Dei
3647 4988 3810 5057 virgines

2313 5096 2495 5143 tenent
2543 5089 2753 5142 locum?
2781 5089 2847 5143 Et
2879 5103 2984 5142 non
3030 5078 3317 5144 immerito.
3350 5090 3528 5145 Mundi
3573 5087 3693 5143 enim
3726 5092 3811 5133 con-

2312 5191 2641 5252 tempserunt
2685 5181 2953 5245 habitum,
2996 5182 3117 5237 ideo
3158 5192 3519 5252 pervenerunt
3558 5182 3616 5235 ad
3656 5175 3809 5232 cmlrslt

2309 5289 2551 5343 regnum.
2588 5274 2724 5329 Vitae
2770 5275 3003 5329 caelestis
3042 5275 3422 5329 beatitudinem
3469 5275 3549 5329 hic
3592 5267 3807 5337 incipiunt.

2308 5382 2426 5435 qua:
2456 5380 2718 5435 generare
2741 5367 2792 5420 in
2824 5368 3093 5422 doloribus
3124 5366 3261 5421 filios
3292 5369 3647 5427 nesciverunt;
3667 5370 3711 5415 et
3731 5368 3809 5423 qu:

2308 5458 2548 5529 contagia
2600 5458 2833 5513 libidinis
2874 5469 2927 5514 et
2973 5457 3114 5514 fmda
3159 5458 3442 5530 conjugum
3489 5462 3711 5529 figmenta
3746 5460 3803 5501 re-

2307 5560 2520 5619 spuunt,
2562 5557 2708 5605 recte
2734 5538 2931 5604 Christi
2962 5552 3173 5620 nuptias
3204 5552 3567 5621 impetrarunt.
3595 5544 3707 5602 Nolo
3729 5552 3807 5593 ωο-

2306 5643 2480 5696 vearis
2511 5643 2826 5711 pompaticis
2856 5652 3137 5711 nuptarum
3181 5643 3495 5709 incessibus,
3518 5640 3804 5701 clientumque

2304 5742 2497 5812 stipato
2528 5744 2804 5798 comitatu.
2836 5745 2943 5799 llos
2988 5746 3263 5799 incurrunt
3305 5745 3607 5815 plerumque
3641 5734 3797 5794 insidia

2307 5852 2447 5899 tut-cs
2472 5845 2761 5915 pudicitiae,
2789 5861 2922 5914 quos
2949 5847 3198 5902 custodes
3218 5847 3478 5903 castitatis
3502 5843 3736 5918 putabant.
3759 5832 3803 5891 Εε
