4042 6348
226 333 336 390 881

1723 338 2021 399 REGULA.

3388 355 3494 412 882

225 464 358 505 cum
390 464 452 506 se
498 451 688 508 ambiri
735 462 812 509 tot
856 455 1091 513 virorum
1137 458 1324 516 formis
1366 460 1576 525 vident,
1610 459 1710 514 hoc
1757 456 1809 512 in
1840 459 1893 521 Α
1919 458 2141 515 illidaris
2170 463 2411 534 scopulo,
2455 473 2548 520 aut
2576 466 2628 521 in
2670 467 2941 524 sinistram
2968 468 3267 539 Charybdis
3302 469 3491 541 deglu-

226 551 470 598 mentem
501 547 676 611 venit,
706 546 844 615 quod
865 563 985 603 cum
1015 549 1146 605 viris
1174 553 1228 607 in
1259 552 1466 608 lectulis
1494 560 1657 622 agunt
1686 564 1813 619 pro-

233 634 407 701 priis;
436 643 489 690 et
516 635 655 703 quod
682 648 913 707 expertae
942 650 1066 695 sunt
1099 642 1152 696 in
1199 642 1442 712 singulis,
1474 642 1577 698 hoc
1619 643 1671 696 in
1701 643 1814 711 plu-

228 722 386 777 rimis
430 726 771 781 meditantur.
802 728 916 784 Non
944 733 1168 788 verebor
1213 733 1487 801 invidiam,
1519 736 1564 789 si
1608 734 1815 789 locutus

228 810 393 867 fuero
418 814 722 871 veritatem.
753 818 967 876 lteriaut
996 837 1082 877 me
1114 822 1276 879 livore
1305 838 1436 894 quas
1465 822 1816 879 momorderit

228 905 582 976 conscientia,
609 908 896 967 dummodo
925 914 1325 981 proficientibus
1356 916 1545 985 loquar
1568 915 1692 987 quid
1724 929 1815 971 ca-

239 1010 371 1050 vere
411 995 641 1054 debeant
683 1000 737 1056 in
775 1003 854 1057 eis
886 1020 1003 1073 qua:
1037 1006 1152 1061 solo
1198 1006 1367 1063 nitent
1410 1022 1573 1077 opere
1615 1006 1811 1062 carnis.

231 1089 451 1147 Certum
481 1102 585 1157 est,
612 1097 683 1151 mi
713 1112 888 1165 soror,
918 1116 1038 1170 quae
1075 1103 1307 1158 nitorem
1339 1104 1564 1159 vestium
1597 1117 1815 1173 compo-

229 1183 433 1248 suerit,
463 1188 628 1241 odore
657 1189 946 1261 peregrino
978 1191 1323 1262 fragraverit,
1372 1195 1492 1249 fuco
1526 1195 1817 1251 mutaverit

232 1274 443 1341 oculos,
491 1274 681 1335 faciem
727 1281 960 1337 candore
1004 1284 1180 1339 alieno
1226 1285 1546 1352 obduxerit,
1597 1286 1814 1343 brachia

229 1367 450 1424 circulis
474 1368 785 1428 instruxerit
808 1375 1008 1443 aureis,
1031 1378 1210 1448 digitis
1237 1379 1466 1435 annulus
1491 1381 1811 1447 inseruerit,

229 1467 291 1516 et
317 1459 658 1519 distinctione
686 1480 1018 1535 gemmarum
1047 1470 1260 1525 sidereo
1291 1471 1579 1526 radiaverit
1605 1470 1814 1542 fulgore

233 1551 506 1621 manibus,
542 1569 698 1612 aures
746 1559 963 1614 metallo
1002 1566 1397 1631 aggravaverit,
1428 1557 1563 1619 colla
1608 1580 1814 1631 marga-

231 1641 356 1697 ritis
379 1652 435 1699 et
459 1646 609 1701 vario
646 1662 977 1716 gemmarum
1007 1653 1349 1710 absconderit
1378 1658 1630 1727 tegmine,
1658 1664 1816 1726 caput

233 1737 620 1805 ponderaverit
647 1758 808 1812 auro;
836 1756 1042 1802 certum
1062 1790 1077 1817 ,
1111 1750 1325 1821 inquam
1348 1794 1362 1817 ,
1393 1763 1504 1819 est,
1537 1754 1676 1810 hanc
1705 1769 1812 1810 non

1920 551 2067 607 tiaris
2093 552 2249 609 rictu.
2275 554 2420 625 Fuge
2454 556 2697 617 Sirenum
2740 570 2948 629 cautus,
2982 570 3038 617 et
3065 578 3095 617 a
3121 562 3297 633 lingua
3328 565 3498 620 male-

1917 643 2190 700 suadentis
2211 648 2324 717 sepi
2354 663 2513 704 aures
2536 659 2672 706 tuas.
2703 651 2844 707 Muni
2870 668 2965 708 cor
2991 663 3138 709 tuum
3166 663 3316 709 scuto
3348 654 3493 723 fidei,

1917 731 2044 787 dum
2072 734 2144 788 tui
2178 738 2438 806 propositi
2458 738 2724 808 disparem
2746 743 2982 809 videris;
3012 751 3067 799 et
3097 743 3323 799 frontem
3349 752 3495 798 tuatu

1918 823 2160 894 trophaeo
2180 842 2329 884 arma
2357 830 2532 887 crucis
2552 841 2736 889 contra
2764 847 2881 890 eam
2905 849 3024 905 quae
3051 835 3365 906 professioni
3389 842 3496 890 tua:

1917 911 2096 984 dispar
2128 925 2230 973 est.
2542 993 2768 1049 CAPUT
2806 994 2848 1050 Π

2369 1081 2438 1137 Ut
2473 1084 2570 1138 viri
2596 1087 2761 1140 sancti
2798 1088 3033 1143 vitentur.

1986 1165 2101 1221 Jam
2144 1170 2288 1238 quali
2328 1170 2448 1243 fuga
2493 1174 2638 1229 viros
2667 1175 2856 1247 fugias,
2887 1192 3041 1235 soror
3068 1178 3396 1247 Florentina,
3440 1189 3498 1237 tu

1911 1259 2113 1330 judica,
2164 1264 2211 1317 si
2261 1272 2367 1319 tam
2414 1267 2643 1324 sollicite
2689 1269 2913 1326 feminas
2953 1274 3135 1328 saeculi
3180 1272 3498 1332 declinabis.

1916 1352 2152 1423 Quisque
2172 1355 2274 1423 vir,
2302 1357 2349 1411 si
2376 1368 2591 1414 sanctus
2612 1370 2715 1428 est,
2747 1362 2948 1418 nullum
2973 1373 3144 1420 tecum
3172 1375 3323 1435 gerat
3343 1366 3496 1421 fami-

1915 1446 2233 1516 liaritatem;
2264 1465 2330 1505 ne
2357 1452 2572 1508 videndi
2595 1454 2819 1524 jugitate
2858 1466 2948 1511 aut
2987 1457 3275 1514 infametur
3296 1459 3499 1514 utrius-

1918 1555 2021 1608 que
2046 1544 2324 1609 sanctitas,
2369 1553 2458 1598 aut
2496 1556 2697 1614 pereat.
2741 1548 2959 1605 Decidet
2999 1553 3142 1605 enim
3173 1567 3205 1606 a
3237 1552 3499 1609 charitate

1916 1633 2035 1699 Dei,
2078 1650 2195 1705 quae
2238 1639 2577 1704 perpetrandi
2607 1639 2729 1695 mali
2757 1642 2933 1711 operis
2973 1642 3308 1700 occasionem
3348 1659 3498 1713 pras-

1918 1724 2121 1791 buerit;
2152 1727 2366 1784 decidet
2395 1744 2423 1781 a
2465 1729 2726 1787 charitate
2751 1734 3002 1803 proximi,
3032 1751 3152 1807 quae
3176 1738 3273 1793 etsi
3295 1738 3500 1794 malum

225 1841 354 1887 esse
378 1844 579 1893 casum
610 1851 624 1889 ε
656 1852 772 1907 ψη
799 1840 865 1894 ad
904 1843 1005 1897 hoc
1033 1858 1094 1899 se
1123 1819 1198 1900 na’
1223 1848 1555 1916 compca)“,
1584 1856 1643 1902 ιη
1672 1848 1811 1901 “NL
1841 1839 1888 1900 Β
2067 1820 2194 1887 agit,
2214 1819 2490 1916 -0pini0tte
2521 1831 2710 1916 tamen
2742 1825 3026 1894 pessimam
3072 1827 3267 1882 famam
3308 1830 3498 1885 nutrit.

230 1928 413 1978 torum
443 1924 595 1980 feriat
626 1930 826 1996 oculos,
863 1934 1148 1988 multortun
1179 1937 1388 1991 animos
1432 1946 1672 2005 moveat,
1709 1940 1811 1993 illi-

227 2012 446 2083 ciatque
488 2026 715 2075 mentes.
751 2021 881 2087 Qua:
908 2028 1010 2079 etsi
1040 2037 1185 2082 metu
1227 2029 1323 2083 viri
1374 2046 1474 2085 non
1505 2042 1656 2102 gerat
1698 2040 1811 2086 stu-

230 2118 391 2172 prum
418 2106 469 2161 in
491 2118 701 2179 aperto,
729 2111 1017 2171 fornicatur
1040 2125 1215 2173 tamen
1248 2119 1469 2176 interius
1490 2124 1690 2180 animo.
1720 2126 1811 2181 llla

229 2210 365 2254 vero
396 2209 541 2255 casta
571 2211 671 2269 est,
704 2220 820 2275 quae
845 2207 912 2262 de
943 2208 1171 2281 simplici
1202 2212 1381 2268 habitu
1410 2214 1669 2285 bonisque
1698 2235 1813 2272 tuo-

230 2290 386 2347 ribtts
420 2293 593 2362 placet
619 2296 758 2367 viro,
790 2308 844 2354 et
871 2300 939 2356 de
986 2301 1126 2358 bono
1170 2305 1500 2362 caSIitnonite
1547 2309 1677 2365 Deo.
1708 2310 1812 2365 Ha-

230 2396 354 2436 rum
387 2382 625 2441 habitum
673 2390 924 2458 exprimit
969 2392 1161 2449 Petrus
1206 2397 1500 2466 apostolus,
1528 2410 1582 2455 et
1610 2402 1811 2458 cultum

232 2476 494 2541 vestium,
527 2478 610 2533 vel
648 2482 952 2551 aequitatem
1004 2498 1214 2541 morum
1262 2502 1353 2542 sua
1403 2491 1570 2560 pittgit
1610 2508 1813 2562 praece-

230 2568 436 2637 ptione,
469 2586 588 2627 cum
615 2573 783 2630 dicit:
812 2575 897 2632 Sit
932 2577 986 2631 in
1021 2580 1233 2635 muliere
1269 2598 1370 2637 non
1399 2586 1618 2639 exterior
1658 2603 1807 2641 orna-

225 2661 388 2713 menti
426 2672 513 2717 aut
540 2666 676 2727 auri.
707 2677 797 2721 aut
831 2670 979 2724 vestis
1007 2670 1195 2742 cultus,
1228 2674 1316 2728 sed
1354 2676 1522 2731 cultus
1549 2679 1722 2733 cordis
1754 2679 1809 2751 (I

227 2750 353 2809 Pet.
380 2756 483 2825 tu).
518 2758 717 2815 Eadem
747 2776 875 2831 ergo
904 2772 959 2818 et
985 2764 1182 2822 Paulus
1203 2770 1474 2836 apostolus
1498 2770 1703 2839 intulit,
1731 2750 1813 2828 di-

228 2858 405 2901 cens:
436 2848 685 2905 Similiter
708 2862 753 2905 et
793 2856 1029 2910 mulieres
1056 2874 1169 2912 cum
1210 2863 1510 2916 verecundia
1548 2872 1597 2918 et
1622 2864 1813 2920 sobrie-

232 2944 341 2993 tate
382 2952 620 2997 ornantes
659 2960 731 3012 se,
765 2961 866 3001 non
895 2948 948 2999 in
980 2950 1121 3003 tortis
1151 2952 1395 3019 crinibus,
1426 2964 1516 3008 aut
1544 2973 1691 3022 auro,
1723 2967 1814 3013 aut

230 3034 555 3103 margaritis,
578 3036 656 3089 vel
682 3047 815 3091 veste
838 3040 1089 3107 pretiosa;
1114 3043 1203 3096 sed
1225 3045 1363 3113 quod
1392 3044 1530 3101 decet
1554 3050 1810 3117 mulieres,

230 3122 587 3191 promittentes
628 3127 864 3195 pietatem
908 3146 999 3202 per
1040 3148 1195 3202 opera
1241 3136 1373 3189 bona
1418 3137 1514 3207 (ll
1548 3141 1678 3195 Tini.
1714 3143 1809 3213 tt).

1918 1910 2105 1980 Dispar
2142 1912 2284 1966 enim
2326 1926 2488 1968 sexus
2518 1915 2570 1969 itt
2602 1932 2765 1971 unum
2797 1918 3022 1985 locatus,
3053 1933 3119 1974 eo
3150 1919 3392 1976 titillatur
3412 1922 3498 1977 in-

1914 2002 2112 2058 stinctu
2141 2018 2247 2073 quo
2285 2006 2555 2072 nascitur;
2585 2016 2639 2063 et
2669 2011 2926 2066 naturalis
2969 2022 3214 2068 movetur
3259 2015 3497 2080 ﬂamma,

1914 2098 1961 2152 si
1988 2101 2285 2168 composita
2320 2101 2576 2171 attigerit.
2608 2103 2737 2170 Quis
2779 2104 3047 2176 colligavit
3087 2109 3261 2178 ignem
3294 2109 3346 2164 in
3377 2111 3501 2166 sinu

1915 2202 2032 2257 suo,
2063 2200 2117 2246 et
2144 2208 2247 2247 non
2272 2196 2659 2250 comburetur?
2703 2194 2842 2263 Ignis
2871 2204 2925 2251 et
2953 2206 3105 2267 stupa
3132 2199 3232 2254 sibi
3269 2209 3498 2269 utraque

1914 2281 2206 2347 contraria,
2250 2283 2301 2337 in
2345 2299 2505 2340 unum
2552 2285 2766 2341 redacta
2807 2290 3048 2344 flammas
3094 2292 3351 2348 nutriunt.
3386 2293 3497 2347 Viri

1914 2386 2079 2427 sexus
2120 2382 2174 2428 ct
2213 2374 2423 2430 femina:
2463 2376 2730 2444 diversus,
2773 2380 2818 2435 si
2854 2382 3212 2456 conjungitur,
3245 2385 3386 2456 quod
3407 2386 3497 2443 lex

1913 2471 2117 2520 natura;
2148 2477 2419 2537 provocat,
2444 2483 2831 2528 commovetur.

2527 2584 2754 2642 CAPUT
2793 2588 2879 2644 ΙΙΙ.

2193 2672 2260 2727 Ut
2298 2674 2553 2731 declinare
2590 2679 2729 2749 virgo
2765 2680 2939 2737 debeat
2966 2687 3196 2755 juvenes.

1987 2765 2052 2820 Et
2080 2765 2125 2820 si
2174 2766 2350 2823 taliter
2376 2768 2475 2825 viri
2519 2770 2823 2829 declinandi
2863 2786 2990 2831 sunt
3029 2779 3221 2847 sancti,
3255 2795 3322 2836 ne
3351 2791 3495 2838 utro-

1913 2873 2135 2928 rumque
2181 2859 2336 2917 bonis
2385 2864 2624 2921 moribus
2665 2867 2888 2923 offensio
2934 2870 3206 2941 subrepat,
3259 2875 3494 2944 qualiter

1911 2948 2146 3019 fugiendi
2185 2962 2309 3007 sunt
2348 2956 2594 3023 juvenes,
2617 2968 2669 3012 et
2702 2960 3013 3017 tenebrosas
3038 2964 3152 3019 vias
3186 2967 3492 3035 temporalis

1910 3042 2034 3096 vitae
2061 3046 2381 3110 sequentes?
2412 3062 2544 3114 quos
2569 3049 2635 3103 ad
2664 3049 2763 3105 hoc
2790 3052 3035 3108 diabolus
3074 3054 3278 3123 objicit,
3310 3065 3365 3111 et
3386 3057 3491 3112 vir-

1912 3132 2082 3201 gineis
2119 3137 2343 3203 opponit
2380 3138 2569 3202 oculis,
2613 3150 2669 3195 ut
2716 3142 2914 3199 formas
2955 3160 3173 3213 eorum,
3220 3162 3353 3215 quos
3396 3164 3490 3218 per

230 3210 378 3280 Quas
415 3213 692 3273 dissonare
733 3219 801 3273 ab
844 3221 909 3276 iis
956 3225 1396 3294 praeceptionibus
1422 3237 1475 3283 et
1504 3210 1810 3303 discrepare

1914 3224 2055 3279 diem
2090 3226 2301 3292 viderit,
2334 3229 2485 3299 virgo
2515 3231 2803 3290 meditetur
2844 3235 2898 3289 in
2945 3248 3120 3294 nocte.
3160 3210 3321 3307 Quod
3363 3243 3408 3297 si
3437 3252 3491 3300 et

230 3307 579 3375 compereris,
616 3310 757 3365 velut
780 3312 1039 3380 gehennae
1066 3315 1228 3371 duces
1280 3326 1334 3372 et
1362 3318 1559 3377 inferni
1586 3325 1809 3380 comites

231 3393 376 3465 fuge.
404 3397 517 3454 lloc
558 3402 699 3455 enim
725 3404 1025 3461 suadebunt
1051 3423 1157 3477 quo
1185 3410 1356 3480 plena:
1379 3422 1528 3478 sunt,
1559 3431 1677 3483 quae
1707 3420 1808 3474 etsi

231 3500 341 3542 non
372 3490 555 3558 verbo,
588 3492 703 3560 ipso
743 3503 922 3552 tamen
953 3499 1131 3554 habitu
1164 3501 1452 3572 loquuntur
1493 3506 1711 3576 ﬂagitia.
1744 3509 1810 3564 Et

232 3589 354 3645 qua:
395 3594 525 3634 auro
562 3586 951 3653 coruscaverit,
982 3599 1037 3642 et
1081 3590 1367 3647 radiaverit
1405 3596 1651 3664 gemmis,
1695 3605 1810 3653 tan-

233 3685 395 3740 quam
446 3674 733 3732 simulacra
765 3678 1006 3747 declina;
1039 3682 1344 3757 idolumque
1388 3691 1673 3757 aestimato,
1703 3706 1808 3747 non

234 3763 529 3836 hominem,
560 3782 680 3837 qua:
708 3782 737 3823 a
767 3769 878 3825 Deo
919 3772 1053 3828 bene
1098 3776 1366 3833 conditam
1399 3777 1625 3835 formam
1658 3783 1810 3838 vario

234 3868 574 3928 praesumpsit
622 3872 869 3931 stuprare
918 3866 1192 3937 figmento.
1245 3871 1395 3927 Unde
1439 3882 1493 3928 et
1535 3874 1810 3944 Scriptura

235 3948 401 4004 dicit:
432 3950 625 4007 Fallax
664 3955 851 4027 imago,
882 3966 929 4011 et
973 3975 1105 4014 vana
1133 3970 1206 4015 est
1246 3963 1596 4033 pulchritudo,
1626 3966 1811 4023 mulier

237 4042 416 4098 timens
442 4042 610 4100 Deum
637 4046 751 4118 ipsa
781 4048 1075 4103 laudabitur
1101 4051 1284 4121 (Prov.
1310 4053 1419 4125 ut).

742 4160 967 4217 CAPUT
1005 4164 1292 4221 PRIMUM.

633 4252 702 4307 Ut
734 4254 950 4307 vitentur
980 4255 1125 4310 loica:
1163 4258 1416 4313 mulieres.

307 4342 502 4400 Precor
523 4352 597 4414 te,
626 4359 780 4401 soror
802 4346 1130 4413 Florentino,
1160 4360 1217 4405 ut
1242 4351 1613 4424 feminae,quaa
1636 4363 1810 4411 tecum

243 4452 341 4493 non
388 4446 573 4494 tenent
612 4438 996 4508 professionem
1042 4458 1223 4511 unam,
1253 4445 1319 4499 ad
1347 4453 1489 4499 tuam
1520 4462 1624 4501 non
1656 4462 1812 4505 acce-

241 4530 366 4587 dant
392 4534 721 4588 societatem.
763 4535 913 4602 Quod
941 4538 1082 4591 enim
1110 4548 1310 4607 amant,
1344 4539 1445 4595 hoc
1473 4551 1764 4614 suggerunt
1793 4562 1806 4598 :

241 4629 293 4678 et
332 4637 424 4677 eas
466 4638 553 4679 res
595 4625 697 4679 tuis
738 4625 1080 4682 insinuabunt
1123 4630 1360 4697 auribus,
1385 4645 1502 4700 qua:
1541 4633 1592 4686 in
1624 4648 1807 4690 eorum

241 4714 514 4772 versantur
558 4716 861 4773 desideriis.
907 4718 1022 4773 Heu
1065 4719 1217 4785 mihi,
1266 4734 1440 4789 soror,
1474 4734 1808 4794 corrumpunt

240 4824 397 4864 mores
440 4811 595 4865 bonos
633 4810 889 4882 colloquia
930 4810 1069 4865 mala
1103 4812 1157 4885 (Ι
1188 4813 1307 4867 Cor.
1340 4820 1451 4884 xv).
1480 4814 1608 4869 Cum
1635 4826 1808 4872 sancto

241 4913 440 4958 sanctus
460 4905 558 4958 eris
583 4921 600 4959 :
618 4904 774 4976 longe
793 4919 823 4959 a
846 4913 899 4960 te
919 4904 1008 4973 sit,
1037 4919 1213 4972 soror,
1237 4914 1281 4960 et
1308 4922 1421 4959 cum
1443 4923 1673 4976 perverso
1693 4925 1808 4979 per-

240 4998 436 5051 verteris
466 4996 694 5067 (Psalm.
727 5000 879 5067 xvn).
918 4997 1053 5062 Quid
1086 4998 1138 5052 in
1180 5013 1341 5053 unum
1383 5000 1493 5071 agit
1531 5010 1713 5069 nupta,
1754 5011 1807 5057 et

241 5088 423 5157 virgo?
466 5088 558 5143 Illa
601 5098 669 5144 te'
691 5104 795 5144 non
827 5088 1085 5160 sequitur,
1116 5104 1234 5159 qua:
1259 5089 1430 5145 virum
1461 5091 1651 5163 diligit.
1677 5093 1806 5150 Pro-

244 5180 460 5249 positum
512 5189 657 5235 tuum
704 5180 868 5250 fugit;
922 5181 1061 5250 quod
1106 5182 1206 5237 etsi
1250 5196 1431 5239 amare
1468 5198 1527 5239 se
1571 5184 1802 5251 ﬁnxerit,

243 5273 485 5328 mentitur
515 5282 572 5328 ut
596 5273 847 5343 decipiat.
875 5273 1011 5340 Quid
1045 5284 1217 5330 tecum
1240 5275 1369 5346 agit,
1394 5290 1515 5331 cum
1536 5291 1637 5346 qua
1659 5291 1807 5331 cout-

243 5365 381 5420 muni
408 5365 551 5420 collo
580 5365 775 5421 Christi
813 5366 995 5435 iugum
1023 5382 1127 5420 non
1153 5366 1340 5421 ducis?
1377 5367 1558 5437 dispar
1598 5367 1803 5437 habitu,

238 5457 416 5527 dispar
440 5457 651 5514 affectu.
685 5458 951 5529 Organqu
977 5459 1186 5516 Satanae
1210 5461 1310 5517 hoc
1338 5463 1428 5519 tibi
1458 5475 1634 5528 canet,
1666 5465 1807 5535 quod

242 5551 497 5607 illecebris
525 5553 706 5608 saeculi
739 5562 968 5621 moveat,
1018 5562 1073 5610 et
1118 5555 1338 5611 semitas
1378 5556 1573 5612 diaboli
1613 5558 1807 5627 impin-

240 5653 395 5711 guat.’
417 5644 560 5716 Fuge
581 5646 826 5702 Sirenum
856 5657 1067 5714 cantus,
1109 5648 1184 5702 mi
1213 5662 1366 5703 soror
1398 5664 1412 5702 :
1443 5663 1510 5704 ne
1534 5649 1657 5705 dum
1687 5666 1811 5719 pruv

243 5734 493 5791 rientibus
556 5737 773 5794 auribus
824 5739 1217 5796 'oblectamenta
1276 5739 1562 5794 delectaris
1629 5741 1813 5795 audire

241 5832 466 5898 terrena,
497 5831 759 5890 avertatis
782 5846 814 5889 a
837 5843 986 5892 recto
1011 5833 1232 5902 itinere,
1265 5840 1317 5891 et
1344 5842 1435 5891 aut
1460 5835 1515 5894 in
1540 5834 1811 5894 dexteram

1835 4593 1890 4655 Ι)

1915 3318 2243 3375 contradicat
2287 3324 2482 3377 mentis
2522 3324 2676 3390 ratio,
2710 3326 2950 3396 talesque
2988 3329 3397 3400 imaginationes
3424 3336 3491 3392 ab

1914 3411 2092 3464 animo
2132 3423 2366 3482 respuat,
2414 3430 2605 3473 recens
2635 3428 2811 3474 tamen
2841 3420 2973 3476 visio
2997 3431 3051 3477 et
3078 3426 3372 3492 corporalis
3412 3427 3493 3481 itt-

1914 3504 2119 3574 spectio
2160 3506 2375 3561 exhibet
2434 3510 2706 3564 memoriae
2762 3510 2957 3567 formas
3007 3530 3022 3568 :
3077 3530 3208 3584 quas
3258 3507 3507 3575 videndo

1912 3593 2119 3661 didicit,
2163 3602 2221 3651 ut
2270 3598 2370 3653 etsi
2424 3601 2691 3668 paululum
2740 3603 2864 3657 talis
2905 3604 3210 3675 imaginatio
3258 3608 3494 3665 oblectet

1913 3696 2168 3751 mentem,
2214 3700 2458 3745 occurret
2491 3692 2649 3747 etiam
2685 3709 2776 3762 per
2801 3696 3091 3766 somnium,
3127 3699 3268 3767 quod
3299 3699 3493 3758 viderit

1912 3778 2097 3833 oculis.
2124 3777 2213 3834 Sic
2232 3779 2428 3835 diaboli
2454 3783 2658 3852 sagittis
2688 3793 2874 3854 pectus
2905 3788 3126 3858 virginis
3156 3790 3487 3856 vulneratur,

1912 3878 1967 3924 et
2018 3870 2255 3941 infigitur
2293 3873 2440 3927 cordi
2480 3889 2630 3928 amor
2678 3878 2897 3941 noxius;
2945 3889 3003 3932 ut
3047 3878 3187 3949 quod
3234 3879 3287 3934 in
3330 3889 3490 3939 nocte

1912 3960 2194 4016 recordata
2218 3973 2317 4029 est,
2352 3979 2471 4019 cum
2499 3980 2681 4022 amore
2706 3967 2834 4023 velit
2858 3968 3051 4023 iterum
3079 3970 3262 4026 videre
3294 3973 3345 4026 itt
3377 3987 3491 4027 cra-

1913 4053 2135 4108 stinum.
2187 4056 2253 4108 Et
2292 4055 2372 4111 sic
2414 4058 2578 4112 intrat
2617 4059 2825 4115 Satanae
2855 4062 3045 4132 sagitta
3074 4078 3244 4134 usque
3272 4065 3337 4119 ad
3366 4065 3492 4120 inti-

1913 4159 2058 4198 mum
2104 4147 2283 4201 cordis
2330 4161 2421 4214 per
2440 4147 2628 4217 januas
2665 4150 2961 4219 oculorum,
3021 4154 3157 4209 sicut
3206 4156 3333 4210 dicit
3360 4157 3493 4212 Pro-

1913 4235 2073 4305 pheta
2102 4253 2118 4290 :
2149 4234 2369 4292 Intravit
2410 4256 2545 4294 mors
2583 4258 2672 4312 per
2710 4245 2958 4311 fenestras
2988 4256 3187 4301 nostras
3226 4247 3356 4319 (Jer.
3390 4250 3489 4320 rx).

1914 4330 2023 4387 Nec
2065 4332 2208 4387 enim
2237 4333 2479 4401 subrepit
2507 4334 2748 4391 diabolus
2776 4338 2839 4391 ad
2867 4339 3116 4394 interiora
3145 4344 3358 4408 mentis,
3388 4343 3490 4401 nisi

1916 4440 2010 4495 per
2043 4440 2232 4481 sensus
2269 4428 2466 4482 cordis.
2513 4428 2568 4484 Si
2611 4430 2888 4498 pulchrum
2919 4432 3112 4502 aliquid
3142 4434 3322 4489 videas
3347 4435 3490 4503 quod

1914 4518 2400 4588 concupiscentiam
2452 4530 2701 4585 moveat,
2747 4522 2791 4575 si
2838 4523 3069 4577 oblectet
3113 4538 3267 4578 aures
3324 4528 3491 4594 turpis

1915 4620 2124 4677 cantus,
2168 4612 2213 4665 si
2257 4612 2536 4665 odoratum
2579 4613 2731 4666 nidor
2756 4613 2989 4681 attigerit
3028 4614 3287 4684 fragrans,
3317 4617 3361 4670 si
3393 4633 3490 4688 gu-

1915 4710 2057 4757 stum
2100 4702 2442 4756 illecebrosus
2474 4717 2634 4769 sapor
2660 4705 3031 4769 commoverit,
3059 4705 3105 4759 si
3138 4714 3305 4761 tactus
3351 4710 3491 4763 mol-

1917 4794 2022 4849 lem
2046 4803 2099 4848 et
2123 4794 2340 4848 nitidam
2384 4778 2667 4864 contigerit
2705 4795 2950 4859 formam,
2983 4806 3109 4851 tunc
3136 4798 3490 4855 oblectatione

1916 4884 2157 4939 sensibili
2201 4885 2377 4939 carnis
2418 4894 2660 4939 movetur
2708 4886 2976 4942 illecebra.
3026 4887 3119 4945 Dei
3167 4892 3308 4945 enim
3353 4907 3491 4962 opus

1918 4982 2140 5042 uterque
2173 4984 2257 5041 est
2293 4988 2473 5031 sexus.
2519 4975 2744 5031 Amandi
2772 4986 2896 5033 sunt
2920 4988 3067 5036 certe
3111 4982 3227 5047 viri,
3272 4990 3327 5035 ttt
3356 4999 3489 5051 opus

1916 5064 2168 5126 Dei;sed
2197 5067 2465 5137 absentes,
2514 5083 2612 5138 pro
2662 5070 2913 5137 operibus
2955 5072 3133 5139 bonis,
3175 5084 3227 5129 et
3274 5083 3491 5143 propter

1914 5160 2080 5214 Deum
2110 5160 2201 5232 qui
2224 5175 2318 5218 eos
2348 5159 2495 5231 fecit,
2522 5176 2628 5218 non
2654 5174 2872 5236 pr0pter
2898 5166 3347 5237 pulchritudinem
3371 5182 3490 5224 cor-

1914 5266 2082 5323 pons'
2531 5323 2757 5382 CAPUT
2792 5327 2880 5382 ιν.

2517 5439 2596 5495 De
2629 5442 2949 5496 abstinentia.

2444 5388 2487 5459 \

1984 5556 2121 5623 Quid
2143 5557 2206 5611 ad
2232 5565 2283 5611 te
2306 5558 2374 5614 de
2399 5558 2552 5622 cibis,
2575 5573 2730 5612 soror
2751 5557 3080 5625 F‘lot-entina,
3106 5569 3253 5629 puto,
3278 5560 3484 5631 loquar,

1914 5664 2030 5719 quae
2059 5649 2342 5720 fragilitate
2367 5648 2607 5720 corporis
2634 5664 2732 5705 nec
2760 5660 2963 5704 tantum
3003 5652 3204 5721 accipis
3229 5666 3484 5723 quantum

1913 5743 2120 5797 ratione
2168 5743 2412 5798 duceris?
2460 5742 2669 5796 Maneat
2719 5751 2894 5795 tamen
2948 5742 2998 5796 in
3053 5746 3232 5799 animo
3286 5760 3336 5799 ttt
3385 5749 3483 5806 etsi

1915 5834 2127 5893 infirmo
2153 5835 2367 5907 corpori
2397 5833 2593 5905 aliquid
2622 5833 2973 5900 relaxandum
3002 5843 3085 5903 est
3113 5851 3143 5892 a
3173 5837 3369 5917 rigore.
3403 5839 3485 5896 iu.
