4042 6348
532 356 637 417 883

1410 343 1666 408 SANCTI
1705 336 2010 398 LEANDRI
2044 338 2077 399 ,'
2103 328 2541 388 HISPALENSIS
2580 326 2925 395 EPISCOPI,

532 474 689 532 terim
718 490 821 529 non
852 472 1088 527 solvatur
1129 467 1361 533 animus,
1401 463 1450 519 si
1476 474 1671 531 corpus
1695 457 1966 512 inﬁrmum
1997 463 2111 504 me-
2140 432 2201 505 Α
2222 446 2601 501 sustentaculis
2638 422 2881 499 ciborum
2910 454 3106 509 corpus
3133 434 3516 499 reficiendum,-
3557 432 3663 487 alia
3702 427 3805 486 tibi

530 580 681 627 retur
733 565 932 637 aliquid
981 560 1363 632 indulgentius.
1416 554 1601 611 Nullus
1655 559 1736 607 est
1792 549 1936 603 enim
1992 555 2153 613 usus,

532 664 727 722 edendi
747 659 1045 731 culpabilis,
1078 655 1172 711 sed
1193 646 1621 721 concupiscentia
1641 688 1656 712 ,
1684 644 1776 700 sed
1798 640 2119 699 immodera-

454 752 458 787 π
533 757 636 822 tio,
684 758 729 811 si
778 754 897 825 plus
950 765 1107 821 quam
1143 752 1194 813 ot
1214 761 1277 801 us
1314 756 1397 800 est
1428 740 1741 810 sumpseris,
1776 736 1820 789 si
1848 733 2121 789 desideres

439 823 459 875 δ’
536 849 656 905 sine
703 823 810 917 quo
854 845 1032 899 vivere
1081 839 1277 911 possis.
1323 836 1544 904 Triplex
1587 836 1737 885 certe
1757 835 1842 882 est
1872 825 2013 897 gul:
2042 823 2122 876 in:

441 984 446 993 ρ
539 912 891 1008 temperantia
920 952 936 992 :
968 936 1014 989 si
1072 931 1212 1002 quod
1271 944 1376 983 non
1408 927 1555 987 licet,
1582 921 1786 975 avidius
1809 926 2049 986 appetas,
2075 912 2122 967 si

537 1029 689 1086 licita
735 1041 958 1098 quaeque
1002 1020 1282 1093 exquisitis
1345 1014 1631 1086 impendiis
1686 1016 1981 1082 praeparata
2033 1018 2125 1059 ac-

540 1122 780 1179 curatius
831 1131 1073 1188 quteras,
1121 1113 1168 1169 si
1215 1108 1421 1179 tempus
1460 1104 1650 1162 elendi
1680 1104 1882 1157 licitum
1911 1113 2013 1152 non
2038 1110 2128 1150 su-

543 1210 768 1273 stineas.
800 1209 963 1267 Primi
1016 1208 1229 1280 generis
1280 1203 1523 1258 homines
1553 1199 1621 1253 ob
1651 1198 1751 1251 hoc
1778 1190 2009 1265 paradisi
2034 1189 2126 1244 de-

544 1305 694 1362 licias
731 1296 786 1359 et
832 1297 1246 1357 immortalitatis
1300 1294 1516 1365 premia
1574 1287 1944 1360 perdiderunt,
2003 1280 2127 1351 quia

544 1396 728 1454 illicita
758 1390 1167 1463 concupierunt.
1202 1390 1341 1443 Esau
1377 1400 1504 1439 vero
1532 1398 1630 1451 pro
1659 1380 1729 1434 eo'
1753 1376 1894 1447 quod
1926 1372 2129 1429 avidius

546 1490 736 1546 ambiit
787 1488 971 1551 licita,
1045 1479 1381 1553 primogeniti
1433 1474 1663 1546 perdidit
1711 1469 1995 1541 primitiva.
2063 1463 2133 1521 Et

548 1580 669 1653 quia
698 1578 887 1635 edendi
912 1586 1123 1645 tempus
1147 1570 1251 1628 non
1276 1580 1491 1626 servant
1518 1564 1793 1629 animalia,
1848 1559 1970 1616 ideo
2009 1560 2133 1611 sunt

548 1664 953 1731 irrationabilia.
987 1668 1337 1724 Probavimus
1385 1675 1511 1731 ergo
1543 1657 1805 1727 triplicem
1853 1662 2130 1708 excessum

549 1762 978 1835 intemperantia:
1030 1779 1042 1814 :
1098 1760 1226 1813 dum
1283 1755 1437 1827 primi
1493 1751 1735 1806 homines
1787 1748 2136 1816 gustaverunt

2218 541 2397 609 legat:
2431 553 2489 593 ut
2532 540 2660 594 dum
2691 550 2882 592 manus
2906 536 2992 589 vel
3039 532 3180 588 oculi
3224 528 3413 584 intenti
3456 534 3588 581 sunt
3629 523 3804 593 operi,

2218 644 2403 708 pascat
2449 648 2605 689 aures
2660 632 2828 701 gratia
2881 626 3146 684 sermonis
3211 622 3402 678 divini.
3464 620 3527 675 Si
3588 618 3805 687 quidem

2218 738 2437 783 ursinus
2464 735 2518 780 et
2548 724 2792 794 legimus,
2824 728 2879 775 et
2920 720 3177 775 lubricam
3226 726 3459 771 mentem
3512 725 3545 767 a
3585 726 3809 780 surrep-

2220 820 2457 876 tiooibus
2500 818 2696 873 diaboli
2740 818 2828 872 vix
2856 813 3213 878 retrahimns;
3263 817 3462 878 quanto
3521 808 3813 877 proclivius

2224 912 2487 968 humanus
2536 911 2749 965 animus
2788 916 2964 980 reptat
3008 906 3077 960 ad
3130 903 3255 958 vitia
3290 942 3305 966 ,
3359 901 3407 955 si
3468 900 3720 956 lectionis
3759 906 3815 951 et

2222 1003 2485 1061 orationis
2532 1001 2767 1057 assidua:
2820 996 3153 1055 retentacnlo
3203 1008 3309 1050 non
3371 990 3649 1050 frenetur?
3712 988 3815 1043 Le-

2224 1098 2333 1155 ctio
2381 1106 2433 1153 te
2486 1096 2712 1164 doceat,
2772 1092 2972 1162 aliquid
3026 1090 3229 1146 orando
3284 1098 3471 1157 petas;
3532 1093 3817 1157 postquam

2226 1196 2360 1247 Vero
2411 1188 2653 1247 oraveris
2679 1228 2698 1258 ,
2748 1188 2940 1243 iterum
2992 1181 3221 1257 legendo
3259 1178 3470 1250 inquire
3518 1176 3669 1248 quod
3718 1190 3817 1245 po-

2228 1286 2418 1343 Itules.

2831 1349 3061 1407 CAPUT
3102 1348 3213 1403 VII.

2290 1447 2361 1505 Ut
2396 1446 2676 1505 carnaliter
2702 1462 2804 1500 non
2840 1445 2942 1515 legi
2980 1444 3161 1497 debeat
3196 1440 3349 1494 Vetus
3376 1437 3786 1493 Testamentum.

2308 1539 2475 1596 Vetus
2498 1538 2902 1595 Testamentum
2933 1536 3117 1606 legens
3140 1550 3245 1589 non
3274 1532 3528 1601 temporis
3557 1530 3705 1583 illius
3727 1545 3821 1583 nn-

2234 1632 2395 1705 ptias,
2448 1632 2548 1689 sed
2604 1632 2775 1703 prolis
2828 1627 3268 1685 numerositatem
3317 1623 3646 1687 considera;
3719 1636 3825 1675 non

2237 1742 2386 1783 esum
2436 1724 2679 1781 carnium
2729 1731 2786 1780 et
2831 1721 3094 1777 sacriﬁcia
3142 1716 3545 1787 sanguinolenta
3599 1712 3827 1767 crimina

448 1892 451 1897 _
551 1860 619 1916 de
660 1812 880 1921 ill-fcito;
931 1854 1055 1909 dum
1114 1851 1255 1905 Esau
1283 1812 1572 1903 ἰθηιίουιω
1619 1812 1854 1910 appetivi“
1900 1831 2131 1904 perdidi:
2158 1816 2410 1879 Imorte
2456 1816 2635 1873 carnis
2677 1816 2914 1885 expiata,
2966 1813 3057 1868 nni
3101 1812 3220 1866 viro
3261 1812 3545 1864 multarum
3601 1820 3828 1862 uxorum

2404 1910 2414 1921 .
2877 1905 2933 1921 ..
3008 1905 3041 1921 .,
3084 1918 3095 1921 Α
3257 1902 3345 1921 ,,.,
3395 1909 3638 1921 ,ωηη
3692 1898 3823 1921 ,ΜΛ

551 1950 938 2022 primogenita;
987 1945 1113 2000 dum
1166 1938 1357 1995 edendi
1406 1947 1613 2003 tempus
1639 1946 1743 1987 non
1774 1923 2138 1984 servautani-

555 2017 753 2109 inalia,
774 2049 829 2097 et
868 2045 993 2093 sunt
1045 2027 1450 2090 irrationabilia.
1508 2024 1626 2082 Non
1656 2031 1738 2078 est
1778 2020 1940 2091 igitur
1968 2017 2139 2070 absti-

555 2151 731 2199 nens,
795 2132 949 2187 avide
989 2128 1184 2183 vorans
1232 2126 1397 2181 etiam
1443 2119 1574 2176 viles
1616 2119 1787 2175 cibos.
1830 2112 2143 2180 Sepulcrum

557 2197 734 2302 patens
783 2234 855 2279 est
901 2232 1074 2295 guttur
1123 2235 1330 2283 eorum,
1384 2216 1456 2269 ait
1508 2210 1783 2268 Psalmista
1807 2205 2030 2279 (Psatm.
2062 2197 2139 2271 ν).

560 2299 800 2385 Namque
824 2327 874 2371 et
904 2315 990 2369 ille
1015 2313 1192 2367 mollis
1220 2318 1274 2365 et
1298 2305 1593 2363 dissolutus
1646 2312 1729 2357 est
1757 2299 1869 2369 qui,
1902 2304 2146 2353 contem-

562 2412 665 2482 ptis
708 2406 1078 2478 prrcsentibus,
1133 2400 1378 2472 pretiosis
1423 2414 1486 2454 ac
1536 2394 1828 2465 peregrinis
1854 2390 2023 2461 epulis
2048 2389 2144 2444 de-

566 2480 810 2557 lectatur.
864 2498 1033 2554 Piscis
1084 2509 1180 2564 per
1219 2490 1526 2547 illecebram
1564 2487 1722 2542 hamo
1762 2485 1989 2554 capitur.
2021 2480 2149 2538 Avis

568 2594 778 2662 objecta
810 2605 950 2646 esca:
988 2589 1043 2643 in
1090 2584 1387 2653 decipulam
1415 2580 1580 2637 cadit.
1610 2579 1803 2635 Bestiae
1832 2593 1953 2649 quae
1996 2586 2150 2632 natu-

569 2687 670 2739 rali
697 2684 893 2738 virtute
946 2688 1071 2735 sunt
1116 2677 1324 2749 rigidae,
1374 2676 1663 2740 cupiditate
1691 2673 1795 2729 cibi
1840 2672 1894 2726 in
1944 2672 2150 2727 foveam

572 2785 864 2845 proruunt;
914 2776 968 2828 et
995 2785 1126 2841 quas
1151 2785 1257 2824 non
1283 2766 1488 2825 emollit
1529 2774 1743 2831 natura,
1783 2762 1981 2833 decipit
2007 2776 2151 2818 esca.

2244 1910 2507 1981 permissa
2556 1909 2847 1964 consortia.
2876 1905 3045 1961 Licuit
3073 1904 3215 1959 enim
3255 1902 3351 1956 illo
3395 1909 3642 1967 tempore
3689 1898 3826 1967 quod

2243 2002 2349 2058 isto
2372 2016 2477 2057 non
2506 1999 2647 2065 licet,
2690 2009 2743 2054 et
2769 1999 2908 2054 sicut
2948 2012 3045 2067 per
3083 1995 3258 2065 legem
3285 2007 3559 2049 concessae
3583 2000 3709 2044 sunt
3736 2003 3831 2042 nu-

2244 2095 2391 2166 ptiae,
2424 2093 2502 2148 sic
2547 2107 2640 2163 per
2668 2090 3015 2162 Evangelium
3045 2074 3320 2157 virginitas
3354 2085 3670 2156 pradicant.
3691 2082 3831 2138 Gens

2246 2190 2389 2244 enim
2417 2196 2533 2243 erat
2574 2187 2798 2241 Hebraea
2825 2185 2891 2239 ab
2933 2184 3080 2239 omni
3111 2183 3341 2238 discreta
3368 2180 3649 2237 consortio
3672 2192 3830 2245 popu-

2246 2280 2443 2346 lorum,
2487 2289 2539 2334 et
2588 2278 2654 2333 ad
2703 2276 3129 2347 pr0pbetaudum
3178 2272 3446 2328 Christum
3482 2267 3831 2324 Ecclesiade.

2248 2382 2452 2444 putata.
2496 2373 2573 2427 Ne
2613 2371 2834 2441 periret,
2874 2369 3080 2426 cunctis
3122 2367 3395 2438 permissae
3434 2372 3562 2420 sunt
3614 2362 3828 2432 ιιιιριὶι,

2252 2481 2413 2521 causa
2446 2464 2613 2535 prolis
2644 2462 3017 2533 prOpagandae.
3065 2461 3130 2517 Et
3172 2460 3297 2531 quia
3337 2457 3567 2513 carnalis
3598 2465 3716 2510 erat
3745 2469 3831 2523 po-

2253 2559 2431 2629 pulus,
2478 2556 2717 2612 carnium
2763 2555 2980 2623 crapula
3013 2552 3348 2623 pascebatur.
3375 2548 3655 2606 Sacriﬁcia
3694 2557 3831 2603 certe

2253 2651 2455 2707 idcirco
2487 2649 2747 2719 pecudum
2775 2648 3085 2711 litabantnr,
3115 2647 3235 2717 quia
3262 2659 3449 2700 verum
3488 2642 3829 2709 sacriﬁcium,

2255 2749 2360 2799 hoc
2405 2754 2507 2812 est,
2556 2741 2759 2798 Christi
2800 2756 2996 2812 corpus
3046 2750 3102 2796 et
3149 2741 3463 2809 sanguinem
3515 2738 3826 2807 ﬁgurabant.

574 2866 657 2921 Tu
687 2881 816 2920 vero
864 2862 1288 2931 temperantiam,
1336 2868 1391 2914 et
1444 2857 1843 2927 parcimoniam,
1894 2869 1989 2910 seu
2035 2866 2154 2909 ora-

2257 2837 2418 2895 Veuit
2448 2839 2672 2903 veritas,
2705 2837 2894 2891 umbra
2925 2835 3203 2901 discessit;
3232 2836 3375 2890 venit
3408 2847 3598 2889 verum
3640 2828 3833 2886 sacriﬁ-

579 2960 700 3015 culo
770 2971 864 3012 seu
921 2954 1177 3022 exemplis
1232 2952 1377 3007 disce
1414 2951 1699 3019 majorum.
1740 2947 1991 3011 Oraculo,
2030 2945 2154 3016 quia

2258 2936 2421 3001 cium,
2460 2942 2515 2989 et
2542 2932 2774 2988 cessavit
2804 2930 2976 2985 hostia
3004 2929 3283 2999 pecudum.
3332 2928 3488 2983 Venit
3536 2928 3690 2997 virgo
3739 2926 3833 2978 vir-

576 3054 703 3109 dicit
734 3050 986 3106 Dominus
1022 3065 1037 3101 :
1070 3018 1193 3102 Non
1222 3052 1495 3118 graventur
1541 3042 1698 3097 corda
1742 3050 1906 3097 vestra
1943 3041 1999 3095 in
2040 3054 2157 3092 ενα-
2261 3026 2396 3098 ginis
2450 3025 2594 3081 illius
2619 3063 2637 3091 ,
2688 3032 2742 3078 et
2794 3021 3112 3092 virginitatis
3160 3021 3390 3089 praebuit
3435 3018 3833 3073 documentum.

576 3106 702 3214 pulla
749 3154 794 3198 et
834 3143 1072 3197 ebrietate
1124 3106 1273 3210 (Luc.
1304 3140 1445 3205 xxi).
1478 3135 1768 3205 Exemplis,
1816 3134 1938 3205 quia
1991 3131 2155 3188 David
2188 3190 2234 3214 η
2261 3120 2433 3176 Omne
2474 3119 2617 3173 enim
2672 3115 2814 3187 quod
2860 3115 2914 3170 in
2969 3113 3156 3214 Veteri.
3194 3112 3543 3214 Testamento
3603 3106 3795 3177 legeris
3821 3146 3834 3171 ,

577 3237 811 3305 eupitam
884 3248 1070 3304 aquam
1146 3232 1314 3287 noluit
1364 3229 1592 3295 bibere,
1650 3242 1806 3295 quam
1862 3225 2154 3296 periculum

582 3328 740 3383 alieni
772 3340 891 3381 esse
920 3326 1191 3395 sanguinis
1226 3321 1493 3377 intellexit
1518 3317 1604 3390 (Ii
1639 3320 1766 3389 Reg.
1796 3320 1887 3387 tt);
1919 3319 2000 3372 vel
2033 3317 2157 3386 quia

584 3422 793 3486 Daniel,
828 3419 1148 3486 contemptis
1177 3415 1401 3484 dapibus
1430 3412 1593 3483 regis,
1637 3410 1987 3481 leguminibus
2024 3408 2157 3462 vixit

582 3516 744 3583 (Dan.
774 3518 911 3581 .vIv).
940 3513 1056 3566 Sint
1081 3511 1172 3565 tibi
1202 3516 1418 3577 accepta
1458 3522 1575 3577 qua:
1598 3514 1718 3559 sunt
1745 3504 2026 3559 comitibus
2055 3498 2159 3553 tuis

584 3606 977 3672 communia,et
1001 3603 1227 3658 aliorum
1251 3615 1353 3654 non
1385 3602 1460 3654 sis
1488 3596 1944 3666 intemperationis
1964 3606 2121 3648 causa
2144 3609 2158 3658 ;

585 3706 641 3752 et
666 3697 859 3765 quibus
889 3697 1055 3750 lorma
1084 3706 1206 3748 esse
1231 3690 1395 3746 debes
1428 3690 1765 3743 hortamento
1808 3700 1871 3740 ac
1899 3686 2019 3738 vitae
2062 3682 2160 3737 bo-

584 3806 666 3846 nae
698 3791 1040 3855 documento,
1066 3785 1300 3843 scandali
1329 3800 1434 3840 non
1458 3783 1711 3840 eliiciaris
1731 3779 1965 3837 occasio.

1205 3897 1426 3954 CAPUT
1467 3896 1530 3952 ν.

718 3996 784 4050 Ut
824 3997 962 4065 virgo
1000 3993 1204 4062 singula
1244 4007 1343 4044 non
1383 3992 1617 4059 loquatur
1654 4002 1769 4041 cum
1806 3987 2029 4057 singulo.

660 4088 847 4141 Nullus
896 4096 948 4140 te
992 4084 1311 4151 singularem
1354 4085 1674 4149 alloquatur,
1724 4092 1821 4132 nec
1874 4089 1925 4132 tu
1973 4085 2169 4145 prmter

590 4178 810 4230 duarum
852 4182 941 4226 aut
996 4174 1150 4225 trium
1210 4170 1568 4225 testimonium
1613 4168 1907 4237 alloquaris
1936 4167 2167 4233 aliquem

593 4266 935 4335 singularem.
996 4262 1260 4317 Memento
1309 4261 1488 4327 sponsi
1517 4260 1591 4313 lui
1638 4258 1928 4313 Salvatoris
1974 4254 2166 4319 nostri,

592 4361 684 4431 qui
731 4366 878 4413 certe
926 4371 1029 4411 non
1063 4353 1344 4408 verebatur
1390 4352 1562 4405 labem
1609 4351 1884 4421 peccandi,
1937 4357 2169 4403 attamen

593 4452 646 4505 in
676 4446 946 4505 montibus
975 4462 1095 4501 cum
1128 4444 1310 4514 Moyse
1340 4448 1395 4498 et
1417 4439 1533 4496 Elia
1558 4455 1739 4495 coram
1771 4440 1963 4505 tribus,
2013 4438 2174 4493 Petro

593 4550 649 4598 et
672 4540 870 4597 Jacobo
902 4549 955 4593 et
982 4538 1212 4603 Joanne,
1243 4537 1449 4590 locutus
1474 4544 1556 4589 est
1587 4531 1829 4589 testibus.
1853 4531 1943 4587 Sic
1965 4539 2019 4585 et
2047 4544 2168 4584 curn
2196 4565 2252 4627 υ

594 4634 875 4689 suscitaret
905 4628 1310 4701 archisynagogi
1364 4627 1550 4692 tiliam,
1586 4641 1682 4682 eos
1720 4624 1960 4680 adhibuit
1985 4633 2167 4687 testes,

596 4734 654 4779 ut
698 4723 813 4777 falsi
852 4722 1080 4776 rumoris
1110 4734 1213 4775 non
1245 4719 1398 4774 daret
1442 4717 1800 4773 occasionem.
1850 4714 2175 4770 Mirabautur

596 4825 775 4871 autem
807 4824 855 4869 et
884 4812 1149 4880 discipuli,
1192 4812 1332 4882 quod
1379 4810 1444 4864 ad
1483 4820 1701 4881 puteum
1735 4807 1899 4864 Jacob
1927 4808 2177 4877 loquere-

603 4917 691 4961 tur
734 4921 852 4960 cmn
896 4906 1139 4961 muliere.
1186 4905 1252 4959 Et
1282 4916 1467 4960 revera
1519 4919 1622 4957 non
1677 4904 2018 4968 mirarentur,
2074 4900 2174 4954 nisi

604 5001 729 5070 quid
758 4999 1000 5053 viderent
1032 4997 1339 5052 inusitatum
1367 5012 1383 5061 ;
1435 5004 1487 5051 et
1517 4996 1614 5051 nisi
1646 4996 1722 5049 illi
1749 4995 2003 5050 abiissent
2027 4993 2177 5048 cibos

602 5104 801 5156 emere,
848 5105 953 5144 non
985 5090 1290 5159 lOQueretur
1314 5088 1447 5142 citra
1493 5100 1586 5143 eos
1624 5086 1867 5143 Christus
1896 5101 2015 5143 cum
2064 5096 2182 5142 mu-

600 5184 753 5238 liere.

1217 5250 1443 5307 CAPUT
1484 5249 1571 5305 Vl.

949 5364 1015 5419 Ut
1046 5367 1242 5436 jugiter
1278 5365 1418 5435 virgo
1456 5375 1563 5420 oret
1599 5377 1648 5421 et
1684 5368 1841 5439 legat.

678 5455 858 5509 Lectio
888 5456 976 5509 tibi
1007 5456 1075 5509 sit
1098 5456 1328 5525 assidua,
1355 5457 1597 5527 iugisque
1628 5462 1820 5512 oratio.
1870 5456 2183 5512 Dividantur

605 5547 700 5601 tibi
738 5558 976 5616 tempora
1024 5558 1077 5603 et
1119 5550 1315 5615 oi‘licia,
1360 5562 1416 5602 nt
1462 5556 1740 5619 postquam
1794 5552 1981 5619 legeris
2031 5565 2176 5618 ores,

610 5649 887 5709 postquam
934 5643 1174 5695 oraveris
1205 5642 1371 5710 legas.
1401 5644 1492 5699 Sic
1514 5643 1748 5697 alternes
1780 5643 2036 5710 perpetim
2068 5643 2182 5698 haec

610 5731 717 5786 duo
758 5731 915 5796 bona,
948 5741 1003 5786 ut
1045 5734 1113 5787 ab
1158 5733 1347 5788 iisdem
1391 5735 1537 5789 ttullo
1584 5736 1659 5789 sis
1704 5746 1944 5803 tempore
1988 5737 2179 5791 otiosa.

615 5822 769 5887 Quod
798 5824 842 5877 si
882 5825 1082 5890 aliquid
1110 5826 1356 5881 manibus
1399 5827 1725 5893 operandum
1770 5837 1876 5891 est,
1911 5829 1992 5884 vel
2038 5836 2183 5886 certe

2188 3190 2236 3256 θ
2265 3211 2510 3282 quamvis
2557 3222 2723 3277 opere
2768 3214 2976 3278 gestum
3024 3204 3221 3270 luerit,
3273 3200 3626 3271 spiritualiter
3667 3209 3838 3251 taan

2263 3303 2519 3370 iutellige,
2566 3308 2620 3355 et
2662 3298 2729 3356 de
2768 3298 3003 3353 historiae
3043 3294 3266 3351 veritate
3294 3291 3663 3360 intelligentia
3684 3288 3841 3355 spiri-

2261 3395 2383 3450 talis
2409 3408 2621 3451 sensum
2672 3407 2826 3461 cape.
2873 3390 2991 3445 iam
3036 3402 3134 3457 pro
3179 3393 3398 3458 peccato
3440 3399 3549 3439 non
3587 3382 3841 3437 occiditur

2261 3486 2425 3543 homo
2463 3499 2729 3555 corpore;
2785 3483 2881 3539 sed
2931 3496 3114 3538 necem
3164 3495 3322 3551 quam
3351 3478 3426 3533 illi
3471 3478 3624 3533 carni
3650 3476 3843 3530 dabant

2264 3598 2360 3656 per
2404 3582 2661 3653 gladium,
2705 3593 2804 3635 nos
2843 3578 3145 3633 carnalibus
3187 3576 3329 3631 vitiis
3381 3574 3706 3642 imponimus
3758 3583 3843 3639 per

2263 3678 2591 3751 paenitentia
2618 3691 2792 3731 usum.
2817 3672 3033 3729 Cantica
3066 3671 3395 3727 canticorum
3431 3668 3585 3738 juxta
3615 3666 3844 3720 auditum

2264 3773 2475 3826 aurium
2515 3784 2582 3825 ne
2618 3768 2839 3833 sentias,
2871 3766 2992 3835 quia
3022 3762 3289 3821 carnalem
3312 3761 3621 3816 illeoebram
3653 3757 3843 3813 terreni

2265 3863 2467 3918 amoris
2494 3862 2787 3925 insinuant,
2812 3873 2929 3928 qum
2961 3872 3057 3928 per
3075 3857 3284 3925 species
3316 3854 3547 3907 actionis
3566 3850 3770 3906 Christi
3798 3859 3847 3904 et

2266 3954 2522 4011 Ecclesiae
2548 3951 2865 4007 charitatetn
2896 3950 3140 4019 ﬁgurant.
3170 3947 3360 4002 Merito
3385 3961 3415 3999 a
3464 3946 3737 4000 veteribus
3768 3942 3845 3994 isti

2268 4047 2388 4102 libri
2417 4044 2670 4115 prohibiti
2692 4052 2817 4099 sunt
2838 4043 3011 4111 legere
3035 4040 3359 4103 carnalibus,
3395 4037 3497 4091 hoc
3520 4042 3625 4099 est,
3660 4034 3847 4101 Hepta-

2271 4139 2540 4202 teuchum,
2589 4144 2645 4191 et
2683 4132 2903 4189 Cantica
2934 4132 3296 4187 canticorum:
3322 4144 3391 4183 ne
3419 4128 3548 4183 dum
3574 4142 3670 4182 eos
3696 4125 3846 4193 εμίή·

2272 4229 2444 4283 taliter
2485 4228 2748 4292 nesciunt,
2796 4222 3034 4280 libidinis
3062 4236 3128 4277 ac
3154 4220 3481 4290 voluptatum
3511 4216 3848 4273 incitamento

2266 4321 2566 4377 solvantur.

2708 4407 2771 4439 ιχ
2871 4384 3097 4444 CAPUT
3138 4382 3271 4442 Vill.

2807 4501 2886 4557 De
2914 4502 3105 4576 jejunii
3138 4501 3311 4556 modo.

2347 4619 2555 4691 Jejunia
2599 4628 2747 4677 certe
2777 4618 2958 4675 valido
2999 4618 3215 4688 corpori
3261 4613 3587 4685 imponenda
3618 4622 3784 4678 sunt;
3811 4621 3857 4668 et

2278 4728 2414 4785 quos
2438 4714 2658 4769 rebellis
2692 4727 2822 4769 caro
2866 4713 2983 4785 lege
3023 4711 3275 4768 vitiorum
3321 4712 3618 4780 impugnat,

2280 4807 2591 4864 attenuandi
2640 4818 2762 4862 sunt
2802 4807 2933 4876 iugi.
2990 4804 3329 4876 Subjuganda
3373 4812 3460 4859 est
3484 4802 3713 4873 ieiuniis
3742 4816 3861 4857 caro

2280 4901 2470 4971 rigida,
2503 4908 2560 4957 et
2584 4908 2806 4955 eatenus
2845 4896 3187 4964 refrenanda,
3218 4906 3275 4951 ut
3320 4895 3423 4966 legi
3453 4895 3654 4950 mentis
3690 4905 3746 4948 et
3775 4895 3862 4947 int-

2283 4995 2447 5066 periis
2471 4995 2665 5049 animm
2685 4993 2961 5061 subiaceat
2992 5001 3048 5049 nt
3086 4991 3299 5046 ancilia.
3336 4991 3401 5044 Et
3429 5003 3596 5059 quam
3626 4988 3863 5044 debilita-

2282 5087 2361 5143 vit
2374 5085 2514 5156 jugis
2544 5084 2843 5147 inﬁrmitas,
2868 5083 2911 5138 si
2935 5098 3053 5138 eam
3075 5081 3293 5152 jejuniis
3318 5090 3612 5150 temperes,
3636 5082 3865 5134 tantum-

2285 5195 2392 5250 que
2417 5193 2601 5235 sumas
2649 5187 2908 5247 quantum
2958 5177 3114 5232 saluti
3158 5171 3409 5241 sufﬁciat,
3451 5188 3560 5229 non
3597 5173 3863 5243 peccabis.

2286 5270 2561 5332 Melidrem
2582 5282 2766 5329 tamen
2799 5272 2977 5344 iudica
3001 5285 3119 5329 eam
3147 5278 3268 5337 suae
3287 5267 3480 5325 salutis
3508 5267 3706 5323 robore
3730 5266 3865 5321 inﬁr-

2288 5370 2490 5425 mitatis
2521 5382 2628 5426 non
2654 5377 2807 5439 egeat
2849 5366 3106 5422 remedio.
3132 5363 3242 5420 Nec
3300 5362 3466 5417 debet
3522 5361 3865 5417 scandalizari

2284 5476 2403 5529 quae
2432 5476 2560 5516 sana
2591 5471 2693 5527 est,
2726 5462 2769 5515 si
2798 5460 3073 5517 remissius
3102 5458 3187 5512 vel
3232 5454 3601 5525 indulgendo!
3636 5468 3760 5525 qua
3798 5453 3866 5507 ire

2287 5550 2442 5605 ﬁrma
2468 5558 2554 5606 est
2578 5552 2769 5614 alitur;
2797 5550 2892 5605 sed
2905 5548 3072 5620 magis
3084 5562 3150 5604 eo
3165 5562 3225 5621 se
3238 5547 3521 5603 meliorem
3533 5546 3866 5601 sanctiorem-

2287 5658 2389 5712 que
2401 5658 2522 5699 esse
2532 5644 2857 5706 consideret,
2872 5642 3011 5713 quod
3039 5641 3310 5711 fragilibus
3328 5641 3491 5697 rebus
3518 5653 3628 5695 non
3661 5638 3867 5708 indiget,

2285 5736 2478 5804 quibus
2508 5744 2630 5805 eget
2650 5735 2950 5791 inﬁrmitas.
2975 5734 3067 5789 Illa
3087 5742 3260 5789 autem
3289 5747 3410 5802 quae
3438 5731 3768 5788 inﬁrmitatis
3787 5730 3866 5784 ob-

2296 5839 2443 5886 tentu
2471 5838 2707 5887 meretur
2727 5827 2928 5896 aliquid
2953 5827 3148 5896 lenius,
3171 5827 3242 5884 sit
3261 5840 3373 5896 prae
3391 5824 3606 5881 ceteris
3628 5822 3842 5879 homins
