4042 6348
223 322 332 380 885

228 534 464 595 nentiam
498 543 739 603 tempore
774 534 1006 590 lautam
1048 548 1157 589 non
1198 540 1416 603 reputet
1455 529 1659 595 virtuti,
1708 526 1807 583 sed

227 624 548 682 inﬁrmitati.

835 684 1062 751 CAPUT
1116 692 1205 749 IX.

822 805 900 859 De
936 820 1035 860 usu
1068 806 1192 861 vini.

310 897 446 953 Viuo
470 896 762 952 secundum
796 895 1037 967 Apostoli
1080 906 1229 953 utere
1261 895 1521 965 regulam.
1562 892 1650 948 Ait
1668 893 1811 949 enim

232 990 523 1045 Timotheo
568 1005 583 1044 :
629 988 838 1044 Modico
884 991 1000 1045 vino
1057 998 1198 1046 utere
1241 996 1450 1061 prapter
1495 987 1816 1043 stomachum

232 1096 405 1151 tuum,
457 1096 501 1139 et
531 1089 813 1156 frequentes
844 1094 959 1140 tuas
1000 1084 1323 1155 inﬁrmitates
1371 1082 1532 1152 (Tim.
1570 1081 1649 1150 v).
1682 1081 1815 1135 Dum

234 1179 384 1235 enim
411 1177 539 1233 dicit
593 1176 884 1243 modicum,
935 1175 1323 1232 medicinaliter
1364 1173 1653 1230 bibendum
1704 1172 1819 1229 fere

241 1278 589 1333 monstratur,
620 1284 724 1323 non
754 1268 820 1323 ad
844 1267 1177 1324 ebrietatem.
1212 1267 1341 1323 Nam
1370 1268 1476 1322 alio
1518 1267 1638 1321 loco
1674 1265 1818 1320 idem

228 1360 317 1416 sic
344 1360 472 1414 dicit
495 1360 781 1429 Apostolus
810 1377 824 1413 :
860 1357 1053 1414 Vinum
1076 1359 1275 1426 dixisti,
1317 1374 1465 1413 omne
1492 1357 1667 1413 uitium
1687 1356 1823 1411 dixi-

232 1456 304 1507 sti
336 1452 461 1524 (Tit.
487 1456 573 1523 ιι).
602 1452 848 1508 Ebrietas
878 1453 1020 1508 enim
1053 1454 1279 1508 mortale
1298 1461 1381 1509 est
1408 1449 1610 1507 crimen
1635 1467 1652 1507 :
1685 1452 1824 1507 inter

236 1546 547 1617 homicidia,
577 1558 631 1604 et
669 1549 948 1616 adulteria,
985 1548 1068 1603 vel
1109 1549 1489 1605 fornicationes
1520 1558 1821 1619 reputatur.

234 1637 328 1692 Sic
348 1639 493 1708 ejicit
514 1655 543 1694 a
564 1654 734 1710 regno
766 1639 863 1694 Dei
881 1640 989 1693 viui
1016 1640 1347 1707 temulentis,
1377 1639 1825 1709 quemadmodum

1715 318 2020 379 REGULA.

228 442 521 511 delentque
547 456 609 498 se
642 456 748 498 non
778 455 935 512 posse
967 455 1087 509 quas
1121 439 1240 495 aliae
1272 444 1531 509 possunt;
1554 447 1610 490 et
1644 434 1812 491 absti~
1837 434 1894 495 Α

3386 323 3491 383 886

2522 435 2751 493 CAPUT
2788 436 2875 494 XI.

2195 524 2346 593 Quod
2385 535 2649 605 peccatum
2697 529 2765 581 sit
2804 529 2988 599 virgini
3023 528 3206 583 ridere.

1980 618 2109 673 Esto
2149 619 2202 672 in
2252 619 2359 674 Deo
2387 621 2624 689 gaudens
2669 620 2855 676 laetitia
2887 624 3049 677 animi
3096 623 3381 693 tranquilla
3440 633 3497 680 et

1910 711 2205 776 moderata,
2235 712 2385 781 juxta
2412 713 2553 781 quod
2575 715 2649 767 ait
2679 714 2970 783 Apostolus
2997 734 3010 768 :
3036 714 3267 771 Gaudete
3306 719 3359 770 in
3386 715 3498 773 Do-

1910 804 2049 857 mino
2077 815 2294 873 semper,
2323 804 2508 858 iterum
2547 802 2664 860 dico
2692 807 2907 878 gaudete
2935 802 3101 879 (Phil.
3146 804 3243 879 Ν).
3295 800 3362 864 Et
3390 810 3497 866 alio

1865 925 1870 928 -
1912 897 2034 953 loco
2054 895 2187 951 dicit
2215 914 2227 950 :
2252 893 2475 950 Fructus
2498 904 2675 951 autem
2717 898 2947 965 Spiritus
2969 908 3043 952 est
3076 900 3323 971 gaudium
3346 899 3496 970 (Gal.

1914 987 1989 1058 v).
2041 988 2187 1043 Talis
2210 987 2517 1058 iucunditas
2549 1004 2652 1044 non
2698 990 2975 1058 perturbat
3017 1002 3249 1046 mentem
3289 992 3501 1050 ridendi

1916 1077 2178 1143 fwditate,
2218 1081 2312 1134 sed
2355 1080 2596 1136 sublevat
2641 1081 2921 1136 desideriis
2953 1082 3184 1137 animam
3216 1085 3282 1139 ad
3310 1096 3501 1154 super-

1920 1189 2041 1229 nam
2073 1174 2308 1241 quietem
2336 1192 2351 1239 ;
2384 1175 2472 1229 ubi
2523 1176 2697 1244 possis
2724 1176 2908 1231 audire
2936 1192 2952 1230 :
2987 1175 3135 1230 Intra
3178 1178 3232 1232 in
3258 1180 3503 1249 gaudium

1922 1266 2133 1321 Domini
2173 1268 2247 1319 tui
2275 1265 2489 1336 (Matth.
2524 1266 2678 1333 xxv).
2712 1268 2890 1333 Quale
2917 1269 2987 1323 sit
3012 1284 3106 1323 cor
3137 1269 3357 1339 virginis
3389 1271 3503 1340 ple-

1922 1376 2147 1431 rumque
2178 1361 2291 1414 risu
2336 1369 2699 1415 moustratur.’
2740 1361 2924 1431 Neque
2968 1362 3113 1416 enim
3164 1362 3503 1432 impudenter

1921 1454 2073 1524 virgo
2101 1453 2319 1517 rideret,
2349 1454 2394 1507 si
2418 1462 2511 1508 cur
2540 1465 2744 1508 castum
2773 1454 3013 1511 haberet.
3050 1456 3341 1525 Speculum
3381 1472 3503 1513 cor-

1926 1544 2009 1600 dis
2035 1544 2200 1600 facies
2236 1552 2321 1599 est
2360 1545 2629 1601 hominis:
2671 1562 2774 1601 non
2816 1547 2953 1603 ridet
2998 1548 3213 1616 lascive,
3245 1550 3349 1604 nisi
3384 1563 3502 1620 quae

1927 1637 2090 1692 corde
2112 1637 2305 1691 lasciva
2336 1647 2436 1691 est.
2469 1636 2549 1690 Eu
2568 1637 2883 1692 abundantia
2911 1640 3045 1693 etsist
3073 1641 3261 1701 sordis.
3288 1642 3364 1694 ait
3394 1640 3471 1694 Do

238 1732 447 1787 facinus
486 1732 750 1799 adulterii,
790 1733 877 1788 vel
922 1732 1213 1801 homicidii,
1247 1733 1328 1787 vel
1376 1731 1603 1787 aliorum
1647 1732 1829 1787 crimi-
1931 1729 2125 1794 minus,
2158 1744 2214 1782 es
2242 1728 2466 1797 loquitur
2504 1728 2714 1792 (Matth.
2764 1728 2884 1801 sit),
2929 1744 3057 1801 ergo
3088 1746 3153 1787 ex
3182 1732 3504 1787 abundantia

238 1842 367 1882 num
413 1825 632 1894 ﬂagitia.
681 1825 972 1880 Conﬁrmat
1000 1823 1105 1879 hoc
1142 1825 1267 1879 dum
1318 1824 1444 1880 dicit
1491 1824 1822 1892 Apostolus:
1855 1820 1904 1881 Β
1935 1818 2201 1874 vanissimi
2243 1823 2473 1889 pectoris
2502 1821 2643 1875 ridet
2670 1820 2829 1877 iacies
2860 1822 3099 1890 virginis.
3136 1823 3273 1891 Quid
3309 1825 3377 1881 de
3404 1825 3506 1881 hoc

240 1915 423 1972 Nolite
448 1933 618 1971 errare
647 1933 667 1972 :
686 1933 843 1986 neque
865 1917 1155 1986 [ornicarii,
1181 1932 1339 1983 neque
1359 1916 1511 1970 idolis
1530 1916 1822 1981 seruientes,

240 2024 403 2078 neque
430 2008 669 2073 adulteri,
697 2025 855 2079 neque
882 2008 1082 2073 molles,
1125 2024 1284 2073 neque
1322 2008 1668 2063 masculorum
1698 2024 1825 2063 con-

237 2100 513 2164 cubitares,
546 2116 708 2170 neque
737 2100 898 2170 fures,
931 2116 1089 2168 neque
1110 2099 1275 2164 avari,
1309 2115 1466 2167 neque
1497 2101 1705 2167 ebriosi,
1739 2116 1827 2153 ne-

238 2208 341 2263 que
377 2192 633 2258 maledici,
666 2210 827 2265 neque
872 2208 1084 2262 rapaces
1110 2208 1324 2262 regnum
1367 2190 1467 2247 Dei
1504 2193 1829 2261 possidebunt

241 2284 296 2356 (1
323 2285 441 2340 Cor.
473 2285 571 2356 vr).
603 2285 734 2341 Vide
762 2295 1020 2361 quantum
1049 2287 1119 2341 sit
1148 2286 1449 2342 execranda
1481 2287 1738 2351 ebrietas,
1772 2298 1830 2342 ut

241 2378 402 2432 etiam
429 2392 459 2430 a
489 2392 654 2447 regno
685 2375 780 2432 Dei
802 2392 927 2432 suos
953 2385 1218 2431 amatores
1246 2374 1447 2446 ejiciat.
1470 2376 1643 2442 Quam
1666 2378 1829 2432 etiam

243 2473 557 2530 terribiliter
600 2475 858 2545 propheta
888 2476 1129 2546 increpet
1156 2474 1281 2530 vino
1319 2475 1529 2531 deditos
1558 2471 1697 2536 vide,
1745 2470 1830 2523 di-

243 2565 321 2619 cit
350 2566 491 2620 enim
525 2587 538 2623 :
572 2556 660 2621 Va:
688 2569 776 2638 qui
809 2578 1032 2637 potentes
1061 2569 1181 2623 estis
1224 2569 1293 2621 ad
1323 2567 1594 2622 bibendum
1635 2564 1828 2627 tinum,

244 2667 295 2711 et
313 2659 406 2711 viri
439 2660 594 2727 fortes
633 2662 700 2713 ad
741 2662 1050 2716 miscendam
1086 2662 1395 2716 ebrietatem.
1463 2658 1556 2715 να
1593 2659 1679 2724 qui
1718 2672 1835 2710 con-

242 2751 458 2820 surgitis
501 2768 651 2805 mane
693 2754 757 2805 ad
787 2753 1079 2808 ebrietatem
1108 2756 1424 2820 sectandam,
1475 2760 1524 2806 et
1552 2750 1833 2820 potandum

243 2857 405 2909 usque
429 2841 497 2894 ad
525 2858 800 2914 vesperam,
823 2856 876 2899 ut
900 2848 1013 2900 vino
1034 2847 1256 2902 mstuetis
1299 2846 1455 2918 (lsai.
1490 2844 1553 2916 1).
1587 2846 1725 2901 Bibit
1751 2846 1832 2899 vi-

247 2938 377 2985 ‘num
428 2930 555 2998 Noe,
600 2942 760 3003 atque
808 2936 1070 2990 ebrietate
1131 2938 1359 3006 sopitus,
1410 2944 1562 3004 parte
1594 2938 1834 3003 corporis

249 3027 621 3082 verecundiori
652 3028 950 3084 denudatus
988 3036 1071 3085 est
1101 3029 1253 3099 (Gen.
1280 3029 1360 3098 Ix)
1391 3046 1407 3084 :
1438 3040 1496 3084 ut
1523 3030 1735 3084 noveris
1757 3031 1836 3085 sic

1928 1910 2121 1980 legitur
2152 1910 2271 1965 vide
2301 1928 2314 1963 :
2349 1911 2531 1966 Risum
2552 1914 2781 1980 reputari
2801 1928 3057 1979 errorem;
3084 1925 3131 1970 et
3159 1918 3348 1987 gaudio
3373 1917 3501 1984 dixi,

1927 2021 1995 2074 qu
2020 2005 2054 2057 tl
2082 2009 2275 2075 frustra
2303 2005 2495 2075 decipis
2536 2005 2707 2075 (Eccl.
2761 2005 2860 2077 tl)?
2907 2008 2974 2064 Et
3022 2012 3215 2065 iterum
3264 2008 3502 2066 ibidem:

1931 2096 2085 2151 Risus
2115 2097 2288 2151 dolore
2316 2098 2555 2151 miscetur
2575 2114 2597 2153 ,ι
2635 2108 2681 2152 et
2705 2109 2933 2154 scamna
2957 2100 3134 2170 gaudii
3160 2102 3327 2156 luctus
3353 2119 3505 2157 occu-

1931 2199 2039 2259 pat.
2074 2191 2140 2245 Et
2169 2191 2424 2246 Dominus
2451 2191 2562 2247 ait:
2597 2190 2749 2247 Beati
2773 2196 2861 2263 qui
2904 2194 3093 2265 lugent,
3126 2198 3370 2265 quoniam
3404 2196 3507 2264 ipsi

1933 2280 2327 2336 consolabuntur
2364 2281 2579 2354 (Matth.
2608 2292 2686 2355 ν).
2712 2284 2910 2340 Verum
2936 2297 2990 2340 et
3018 2286 3289 2354 apostolus
3317 2288 3507 2342 insane

1934 2372 2239 2429 laetantibus
2266 2374 2433 2429 dicit:
2462 2375 2615 2430 Risus
2638 2388 2800 2431 vester
2825 2388 3048 2431 vertatur
3073 2380 3125 2431 in
3148 2379 3340 2433 luctum
3361 2379 3504 2451 (Jac.

1934 2466 2031 2534 tv).
2061 2464 2244 2519 Risum
2291 2476 2440 2536 ergo,
2472 2480 2649 2535 soror,
2694 2474 2752 2522 ut
2776 2482 3017 2524 errorem
3048 2469 3188 2540 fuge.
3218 2480 3273 2525 et
3301 2482 3508 2539 tempe-

1936 2559 2099 2613 ralem
2132 2560 2367 2614 laetitiam
2396 2569 2665 2615 commata
2715 2561 2768 2615 iu
2818 2562 3047 2627 luctum;
3083 2572 3138 2617 ut
3170 2563 3508 2631 beatiﬂceris,

1935 2648 1980 2704 si
2018 2649 2293 2718 peregrina
2325 2651 2378 2704 in
2409 2652 2605 2705 mundo
2628 2652 2861 2708 luseris:
2901 2654 3151 2723 quoniam
3200 2655 3291 2724 qui
3317 2668 3510 2711 secun-

1934 2745 2062 2801 dum
2095 2746 2257 2801 Deum
2290 2747 2491 2817 lugent,
2524 2749 2667 2805 beati
2694 2760 2838 2817 sunt,
2862 2764 2914 2806 et
2941 2749 3044 2821 ipsi
3064 2753 3509 2809 consolabuntur.

1938 2838 2268 2908 Peregrinari
2301 2848 2352 2895 te
2380 2841 2435 2895 ia
2461 2843 2660 2896 mundo
2690 2844 2855 2909 scito;
2909 2856 3010 2900 nec
3060 2844 3147 2900 hic
3186 2844 3385 2901 habere
3425 2861 3512 2915 pa.

1939 2931 2119 2994 triam,
2149 2931 2241 2985 sed
2266 2930 2317 2984 in
2344 2932 2504 2986 caelo.
2532 2931 2590 2987 Si
2629 2933 2720 2986 tali
2748 2932 3017 2988 desiderio
3045 2935 3267 2990 ardebat
3308 2934 3512 2991 Christi

1938 3035 2148 3085 servus,
2187 3030 2247 3076 ut
2280 3022 2526 3080 diceret:
2551 3022 2717 3093 Cupio
2750 3024 2976 3087 dissolvi,
3008 3034 3055 3077 et
3084 3040 3189 3080 esse
3223 3042 3335 3080 eum
3366 3025 3513 3080 Chri-

249 3120 582 3173 consternari
631 3122 866 3175 animum
914 3120 1205 3176 humanum
1255 3122 1418 3188 vino,
1465 3130 1521 3178 et
1567 3123 1833 3178 rationem
1884 3154 1891 3157 -
1939 3122 2016 3167 sto
2044 3112 2211 3183 (Phil.
2262 3123 2342 3182 I);
2378 3126 2571 3183 quanta
2603 3116 2803 3171 amoris
2845 3117 3124 3187 ﬂagrantia
3167 3120 3318 3189 virgo
3360 3120 3516 3175 debet

251 3209 499 3265 humanae
529 3213 722 3267 mentis
748 3214 993 3276 obtundi,
1012 3228 1079 3268 ne
1094 3215 1325 3282 seipsum
1341 3214 1555 3284 quidem
1574 3198 1904 3284 memine-F
1934 3206 2180 3273 accendi.
2207 3222 2363 3276 quam
2389 3210 2585 3264 uberes
2612 3210 2877 3280 lacrymas
2908 3212 3180 3266 desiderio
3206 3215 3387 3281 sponsi
3434 3216 3514 3268 sui

250 3303 343 3365 rit,
369 3306 533 3356 multo
561 3304 735 3359 minus
759 3305 915 3359 etiam
944 3305 1132 3359 Deum.
1165 3307 1228 3361 Et
1259 3306 1385 3361 licet
1412 3307 1500 3360 illa
1532 3306 1644 3363 Noe
1666 3308 1839 3363 ebrie-

254 3404 337 3449 tas
367 3410 429 3449 ac
457 3395 675 3450 nudatio
704 3399 1015 3468 mysterium
1042 3398 1242 3453 Christi
1272 3398 1534 3467 passionis
1569 3410 1622 3454 et
1652 3400 1840 3454 mortis

253 3488 551 3554 contineat,
586 3498 760 3544 tamen
800 3490 865 3544 atl
893 3490 1122 3546 litteram
1152 3504 1393 3546 errorem
1430 3490 1556 3545 facti
1580 3490 1837 3546 insinuat.

254 3574 391 3631 Loth
422 3579 543 3635 vino
569 3581 873 3650 crapulatus
903 3581 1164 3636 incestum
1197 3581 1372 3635 intulit
1416 3581 1645 3636 ﬁliarum
1681 3580 1839 3651 (Gen.

256 3674 395 3740 χιχ),
421 3687 518 3727 nec
542 3672 707 3727 sensit
732 3688 1001 3737 errorem;
1027 3673 1095 3728 de
1120 3687 1227 3742 quo
1263 3672 1532 3727 incentivo
1557 3673 1843 3729 concubitu

257 3776 549 3820 nascuntur
578 3766 819 3821 Moabitae
846 3775 903 3822 et
923 3767 1260 3821 Ammanitae.
1286 3764 1357 3819 Et
1387 3764 1646 3821 Dominus
1673 3766 1800 3821 dicit
1826 3783 1841 3821 :

259 3849 502 3908 Moabila:
525 3864 570 3908 et
608 3857 915 3910 Ammanitae
966 3870 1069 3909 non
1126 3856 1389 3911 intrabunt
1440 3858 1499 3929 in
1558 3855 1845 3909 Ecclesium

260 3943 425 4000 meum
457 3963 612 4015 usque
641 3949 694 4000 in
723 3947 970 4001 decimam
1015 3948 1390 4019 generationem
1429 3948 1611 4020 (Deut.
1662 3947 1842 4019 xxnt).

261 4038 411 4094 Seuti
440 4050 694 4108 quantum
735 4042 805 4095 sit
853 4041 1098 4110 fugienda
1146 4042 1257 4098 vini
1286 4042 1529 4107 satietas,
1582 4049 1643 4097 ut
1683 4042 1847 4097 etiam

262 4130 578 4197 palrtaI‘CIIlS
608 4131 843 4186 scandali
874 4142 929 4188 et
958 4133 1131 4201 culpae
1172 4147 1332 4189 causa
1368 4131 1661 4189 exstiterit.
1704 4133 1846 4204 Ergo

263 4229 318 4273 et
346 4218 492 4287 virgo
522 4235 642 4289 quae
670 4220 868 4277 virtute
918 4222 1161 4293 corporis
1216 4222 1383 4293 viget,
1437 4224 1575 4280 bene
1627 4223 1754 4280 facit
1800 4225 1847 4279 si

264 4310 483 4365 omnino
510 4325 568 4366 se
594 4327 622 4366 a
653 4312 777 4368 vino
816 4313 1149 4368 abstinuerit.
1193 4312 1482 4369 lnvalidam
1508 4328 1638 4370 vero
1664 4322 1720 4369 et
1749 4314 1850 4368 itu-

265 4400 508 4458 becillem
536 4419 631 4474 pro
652 4394 915 4461 medicina
939 4396 1092 4461 decet
1119 4404 1200 4460 uti
1230 4404 1376 4470 vino,
1405 4418 1511 4459 non
1537 4418 1635 4474 pro
1668 4414 1844 4461 temu-

266 4492 452 4550 lentia.

890 4578 1117 4642 CAPUT
1152 4585 1223 4642 Χ.

552 4697 815 4764 Quatenus
855 4697 931 4751 uti
956 4699 1097 4768 uirgo
1121 4698 1326 4752 lavacm
1364 4697 1566 4755 debeat.

341 4808 538 4862 Balneo
568 4822 671 4863 non
698 4822 794 4877 pro
820 4808 998 4865 studio
1038 4809 1120 4865 vel
1167 4810 1342 4868 nitore
1381 4814 1554 4869 utaris
1580 4816 1847 4884 corporis,

270 4900 366 4956 sed
396 4911 595 4954 tantum
622 4914 718 4969 pro
746 4899 986 4955 remedio
1013 4900 1222 4956 salutis.
1258 4901 1441 4967 Utere,
1483 4903 1722 4971 inquam,
1768 4905 1848 4958 la-

269 5008 431 5049 vacro
455 4995 669 5064 quando
692 4994 862 5062 poscit
891 4992 1195 5059 infirmitas,
1239 5010 1347 5050 non
1377 4996 1592 5065 quando
1622 4997 1853 5052 suaserit

271 5085 539 5139 voluntas.
569 5084 885 5152 Quod-enim
913 5098 1135 5139 necesse
1160 5099 1262 5138 non
1300 5094 1403 5151 est,
1428 5086 1475 5141 si
1503 5086 1699 5156 egeris,
1722 5100 1851 5156 pec.‘

272 5175 440 5229 cabis.
472 5175 737 5244 Scriptum
768 5184 891 5231 est:
937 5173 1005 5228 Et
1032 5176 1202 5229 carnis
1244 5191 1423 5230 curam
1446 5192 1510 5230 ne
1548 5178 1769 5245 feceritis
1798 5180 1851 5233 in

274 5265 890 5337 concupiscentiiswom.
925 5267 1099 5335 xvut).
1139 5267 1281 5320 Cura
1310 5268 1486 5321 carnis
1526 5268 1746 5323 veniens
1785 5284 1853 5323 ex

275 5358 709 5425 concupiscentia
738 5355 962 5411 habetur
1009 5357 1060 5410 in
1107 5356 1272 5422 vitio;
1299 5372 1405 5410 non
1429 5372 1492 5413 ea
1532 5373 1652 5435 quae
1697 5359 1855 5413 saluti

277 5448 593 5517 reparanda)
624 5449 898 5503 convenit.
932 5446 1272 5516 Quapropter
1315 5462 1421 5502 non
1452 5457 1503 5505 te
1546 5448 1737 5503 illiciat
1780 5450 1857 5503 la-

275 5552 406 5595 vare
428 5540 625 5609 saepius
647 5540 824 5594 carnis
854 5538 1126 5603 voluntas,
1154 5538 1249 5609 sed
1281 5537 1607 5594 inﬁrmitatis
1635 5540 1860 5609 imperet

1940 3298 2239 3365 effundere,
2276 3302 2448 3355 donec
2469 3301 2535 3355 ad
2564 3304 2863 3371 amplexum
2891 3304 3088 3359 Cltristi
3114 3307 3285 3361 valeat
3323 3322 3513 3377 perve-

1943 3392 2079 3459 nire,
2116 3401 2171 3446 et
2221 3392 2445 3446 ubertim
2490 3393 2619 3449 flere
2648 3408 2751 3448 non
2783 3394 3013 3462 desinat,
3046 3411 3322 3467 usquequo
3366 3396 3517 3453 Chric

1941 3492 2106 3549 stum,
2136 3496 2293 3553 quem
2318 3485 2501 3540 videre
2523 3485 2688 3554 cupit,
2717 3490 2958 3556 attingat.
2990 3488 3225 3558 Lugebat
3244 3490 3332 3543 ille
3355 3505 3415 3545 se
3438 3507 3519 3558 pe-

1942 3579 2213 3645 regrinum
2242 3576 2294 3629 in
2320 3576 2418 3630 hac
2445 3577 2572 3643 vita,
2600 3577 2691 3646 qui
2725 3592 2958 3634 moerens
2987 3580 3197 3635 dicebat
3230 3598 3244 3636 :
3270 3580 3389 3637 Heu
3408 3585 3519 3638 me!

1942 3670 2080 3738 quod
2094 3670 2342 3723 incolume
2357 3684 2495 3723 meus
2510 3672 2845 3741 prolongatus
2856 3679 2925 3726 est
2954 3689 2985 3726 a
3001 3690 3080 3728 me
3092 3672 3315 3745 (Psalm.
3346 3691 3432 3731 cu
3443 3690 3468 3729 ι
3482 3679 3520 3744 ).

1946 3760 2078 3815 Nam
2101 3762 2372 3815 exsultans
2399 3768 2450 3815 te
2470 3760 2707 3817 caelestis
2746 3778 2974 3832 sponsus
3001 3774 3054 3820 et
3080 3767 3410 3823 eltarissimis
3429 3783 3521 3823 ex-

1945 3856 2106 3922 cipiet
2129 3855 2482 3923 amplexibus,
2514 3854 2560 3909 si
2589 3864 2640 3911 te
2660 3856 2741 3909 sui
2767 3855 3034 3912 desiderio
3068 3858 3293 3928 ﬂagrare
3320 3859 3522 3915 didice-

1946 3948 2037 4012 rit,
2067 3946 2121 4002 et
2146 3947 2191 4002 si
2217 3947 2437 4004 absente
2461 3960 2527 4002 eo
2553 3946 2781 4015 ﬂeveris,
2816 3948 2909 4005 ille
2939 3961 2992 4006 te
3015 3964 3255 4021 praesens
3280 3950 3522 4007 consola-

1947 4038 2110 4095 bitur.

2545 4107 2773 4166 CAPUT
2809 4109 2923 4166 XII.

2021 4218 2256 4286 Qualiter
2287 4220 2569 4275 habeantur
2589 4220 2795 4277 ancilla
2823 4223 3163 4294 virginitatem
3190 4226 3455 4297 professa.

2014 4326 2165 4395 Quae
2196 4327 2294 4383 tibi
2341 4326 2485 4395 fecit,
2534 4338 2628 4385 aut
2678 4329 2868 4386 fecerit
2911 4332 3135 4389 ancillas
3164 4334 3417 4401 conditio,
3475 4342 3530 4391 et

1948 4434 2163 4476 sorores
2194 4420 2477 4490 professio,
2498 4426 2606 4490 jam
2634 4436 2741 4477 non
2772 4436 2867 4491 pro
2891 4434 3032 4479 nexu
3079 4424 3353 4481 servitutis
3381 4428 3530 4481 exul-

1949 4527 2125 4578 ceres,
2153 4512 2249 4567 sed
2269 4527 2363 4579 pro
2375 4513 2600 4583 paritate
2623 4515 2969 4582 professionis
2988 4518 3236 4570 honores.
3256 4516 3385 4584 Quae
3396 4532 3524 4588 ergo

1870 4577 1931 4641 Ῑ)
1955 4577 2129 4663 tecum
2154 4606 2207 4660 in
2228 4577 2443 4663 Christo
2472 4577 2790 4674 virginitatis
2828 4605 3110 4673 stipendiis
3150 4577 3364 4671 militat,
3410 4577 3524 4677 υἷι-ι

1956 4706 2128 4751 tecum
2150 4695 2391 4751 libertate
2414 4696 2665 4751 exsultat.
2706 4692 2812 4748 Nec
2841 4696 2916 4749 sic
2949 4709 3042 4749 vos
3079 4709 3429 4762 provocamus
3455 4698 3519 4751 ad

1958 4786 2331 4849 humilitatem,
2378 4796 2434 4839 ut
2461 4785 2577 4839 illas
2606 4784 2854 4854 superbia
2894 4783 3160 4856 erigamus
3190 4802 3206 4840 :
3237 4800 3369 4856 quas
3395 4787 3523 4842 dum

1958 4887 2013 4933 tu
2038 4878 2237 4945 accipis
2263 4885 2320 4931 ut
2343 4890 2588 4940 sorores,
2627 4877 2830 4947 gratius
2870 4878 2974 4933 illae
3012 4876 3105 4932 tibi
3154 4878 3262 4933 sint
3289 4875 3527 4945 famula,

1958 4970 2340 5040 praebeantque
2373 4972 2683 5039 obsequium
2708 4986 2818 5037 {non
2848 4972 3108 5027 servitute
3155 4974 3401 5042 addicta,
3428 4974 3525 5031 sed

1952 5063 2137 5119 liberae
2181 5062 2461 5118 cbaritate.
2492 5063 2754 5130 Quoniam
2786 5065 3002 5136 quidem
3031 5082 3136 5121 non
3160 5073 3235 5121 est
3272 5082 3523 5138 persona-

1952 5171 2070 5209 rum
2096 5155 2322 5224 acceptio
2342 5154 2482 5223 apud
2514 5152 2795 5209 Dominum
2833 5156 3048 5228 (Ephes.
3081 5157 3181 5226 Vl),
3213 5157 3439 5224 scilicet,
3472 5159 3527 5212 in

1956 5246 2321 5303 distribuenda
2350 5245 2476 5313 fide,
2506 5247 2595 5302 ubi
2641 5248 2840 5316 pariter
2876 5248 3171 5304 consulitur
3208 5248 3438 5304 dominae
3478 5257 3534 5305 et

1956 5338 2193 5405 ancillae,
2225 5339 2313 5395 ubi
2345 5354 2450 5393 non
2473 5339 2684 5408 eligitur
2718 5339 2961 5407 domina,
2993 5348 3050 5396 et
3091 5341 3405 5407 reprobatur
3431 5355 3532 5395 au-

1959 5428 2113 5495 cilla,
2144 5428 2419 5498 aequaliter
2462 5428 2760 5498 baptizata,
2809 5429 2970 5485 simul
3008 5428 3211 5485 Christi
3243 5446 3434 5499 corpus
3472 5442 3529 5486 et

1962 5523 2270 5593 sanguinem
2296 5532 2535 5578 sumunt.
2579 5519 2714 5575 Nam
2761 5530 2815 5577 et
2858 5521 3174 5591 patriarcha:
3200 5523 3328 5578 dum
3356 5535 3536 5581 essent

277 5633 596 5687 necessu“,
641 5629 807 5687 Cares
834 5628 980 5687 enim
1009 5630 1188 5700 culpa,
1220 5629 1269 5687 εί
1314 5630 1458 5700 quod
1502 5644 1727 5687 necesse
1778 5638 1863 5687 εει
1963 5616 2306 5681 sanctissimi,
2347 5625 2603 5686 quantum
2622 5614 2690 5668 ad
2720 5629 2808 5669 res
2837 5625 3078 5670 terrenas
3104 5626 3159 5672 et
3187 5615 3533 5685 tempbrales,

275 5725 479 5794 egeris.

1966 5709 2339 5765 discernebant
2370 5708 2508 5762 inter
2535 5721 2722 5761 servos
2735 5716 2790 5761 et
2811 5706 2949 5761 filios
2978 5725 2993 5760 :
3022 5707 3143 5763 illos
3168 5708 3411 5775 famulos,
3442 5712 3537 5767 ltos

1969 5800 2215 5855 dominos
2237 5799 2581 5864 judicabant;
2609 5799 2749 5867 quod
2778 5814 2905 5854 vero
2937 5799 3002 5855 ad
3041 5802 3155 5869 spei
3195 5802 3385 5857 futurae
3425 5817 3534 5857 utu-
