4042 6348
583 340 685 397 887

1456 333 1702 395 SANCTI
1739 326 2041 389 LEANDRI
2075 368 2091 394 ,
2130 321 2577 381 HISPALENSIS
2607 321 2915 381 EPISCOPI
2942 363 2960 389 ,

3750 324 3857 381 8η

581 476 681 519 nus
710 461 919 521 attinet,
957 474 1020 513 ex
1046 473 1199 528 aequo
1231 457 1352 511 filiis
1375 465 1431 511 et
1457 451 1755 510 vernaculis
1782 446 2157 514 consulebant,
2187 442 2243 503 Δ
2268 440 2460 497 iterum
2499 441 2567 496 ad
2612 441 2775 497 ﬁliam
2818 439 2944 496 Saul
2983 437 3112 494 dicit
3154 435 3247 508 (11
3279 437 3410 511 Reg.
3437 436 3517 507 v1)
3550 452 3566 491 :
3607 434 3739 494 Vitta
3779 441 3860 494 in-

584 568 724 628 quos
746 569 853 611 una
882 552 1295 609 circumcisione
1330 549 1631 619 signabant.

1169 661 1395 719 CAPUT
1435 660 1574 717 XI-ll.

692 782 771 840 De
799 782 1098 838 discretione
1136 780 1347 834 senioris
1386 794 1506 848 ergo
1530 790 1773 849 personas
1808 772 2061 843 singulas.

655 896 809 967 Quod
838 896 1053 967 quidem
1079 895 1178 951 sub
1201 909 1302 949 una
1332 890 1666 963 professione
1692 886 2032 943 manentibus
2052 896 2168 938 om-

585 990 675 1046 nia
706 997 864 1046 eruut
906 989 1207 1044 communia
1234 985 1504 1052 omnibus,
1537 997 1721 1036 verum
1753 990 1852 1043 est,
1882 986 1938 1033 et
1978 976 2168 1045 legitur

583 1086 727 1156 (Act.
758 1086 828 1157 tv)
862 1102 874 1139 :
907 1082 1129 1146 scilicet,
1162 1081 1209 1137 si
1238 1093 1426 1136 omnes
1455 1076 1731 1147 aequaliter
1758 1072 1988 1127 valeant.
2019 1071 2169 1122 Atta-

584 1195 707 1235 men
741 1179 962 1234 interest
990 1176 1232 1245 quaedam
1277 1171 1533 1227 discretio
1552 1167 1791 1241 _senioris
1838 1161 2170 1235 providentis

586 1271 714 1340 quid
748 1282 1081 1339 unaquaeque
1135 1265 1326 1335 poscit.
1368 1262 1459 1318 Sic
1487 1262 1629 1318 enim
1677 1258 2019 1314 dividendum
2064 1262 2166 1320 est,

582 1370 746 1433 prout
774 1360 1061 1431 unicuique
1089 1372 1223 1428 opus
1266 1364 1371 1413 est.
1401 1355 1532 1423 Qua
1583 1352 1758 1423 potuit
1806 1348 2058 1407 honorari
2113 1348 2167 1402 in

582 1453 805 1517 mundo,
833 1460 888 1509 et
916 1451 1066 1508 dives
1096 1449 1269 1505 fuitin
1296 1449 1521 1510 sacculo.
1550 1442 1798 1503 blandius
1824 1441 2051 1497 fovenda
2088 1446 2170 1495 est

582 1560 639 1602 tu
665 1544 1017 1609 monasterio;
1048 1550 1103 1598 et
1126 1557 1245 1613 qua:
1274 1540 1489 1611 reliquit
1513 1538 1567 1594 in
1592 1538 1790 1594 saeculo
1821 1544 2021 1591 vestem
2050 1547 2169 1603 pre—

580 1640 798 1702 tiosam,
828 1636 1108 1692 cultiorem
1138 1635 1192 1691 in
1238 1631 1567 1688 monasterio
1605 1638 1859 1685 meretur.
1884 1629 2014 1695 Quae
2041 1639 2170 1680 vero

582 1731 683 1788 sub
704 1729 924 1803 penuria
952 1728 1085 1783 vixit
1132 1727 1191 1783 in
1214 1725 1437 1790 saeculo,
1482 1733 1538 1778 et
1585 1728 1892 1791 tegumento
1918 1720 2167 1788 victuque

2272 536 2479 601 cedam,
2511 546 2559 589 et
2589 534 2703 589 vilis
2731 535 2983 605 apparebo
3008 542 3125 587 ante
3157 532 3319 586 Deum
3346 532 3433 603 qui
3456 531 3614 602 elegit
3638 547 3739 597 me,
3769 550 3860 603 po-

2271 628 2371 681 tius
2394 642 2545 695 quam
2573 636 2767 693 patrem
2789 636 2934 681 tuum
2959 624 3184 697 (Psalm.
3208 625 3398 693 cxvu).
3419 623 3688 680 Similiter
3717 624 3859 678 idem

2267 717 2445 773 dicit:
2480 717 2664 772 Incola
2711 734 2801 788 ego
2849 734 2962 771 sum
3010 718 3063 771 in
3110 725 3243 771 terra
3287 725 3335 770 et
3378 716 3703 786 peregrinus,
3732 718 3861 769 aiat

2268 826 2445 867 omnes
2473 820 2643 881 patres
2675 812 2792 865 mei.
2825 809 3080 865 Terrenis
3109 823 3237 879 ergo
3285 823 3557 877 nunquam
3590 806 3859 864 delectata

2268 902 2452 969 rebus,
2481 903 2690 959 etiamsi
2735 917 2795 958 se
2834 903 2958 956 vitae
2998 901 3282 956 commoda
3316 901 3583 971 lugerent,
3638 915 3745 955 non
3789 902 3861 957 eis

2270 995 2449 1049 animo
2479 994 2743 1061 innitaris,
2775 1008 2873 1048 nec
2902 994 2968 1048 de
2996 982 3279 1047 mundanis
3307 991 3545 1061 gaudeas
3570 991 3782 1055 lucris;
3811 1003 3853 1047 et

2270 1101 2375 1141 non
2426 1084 2831 1141 contristaberis
2878 1085 3110 1139 damnis.
3157 1084 3369 1139 Etenim
3424 1084 3693 1151 scriptum
3739 1094 3861 1139 at:

2273 1181 2476 1235 Divitiw
2511 1182 2556 1235 si
2595 1181 2838 1250 afﬂuant,
2883 1180 3042 1233 nolite
3069 1193 3160 1232 cer
3204 1193 3460 1248 apponere
3510 1176 3745 1247 (Psalm.
3772 1180 3860 1245 υ).

2269 1273 2401 1327 Cum
2450 1287 2634 1328 amore
2664 1272 2806 1328 enim
2848 1285 3099 1341 possessa
3129 1286 3249 1326 cum
3299 1270 3487 1325 dolore
3537 1272 3748 1326 utentis
3778 1287 3865 1340 pe.

2270 1376 2457 1434 reuut;
2486 1378 2539 1421 et
2568 1368 2691 1423 inde
2719 1367 2960 1425 tribulari
2988 1382 3306 1438 quemquam
3334 1381 3561 1424 necesse
3592 1378 3702 1432 est,
3733 1366 3867 1421 unde

2270 1460 2556 1514 carnaliter
2596 1460 2807 1531 gaudet.
2842 1460 2923 1516 Tu
2968 1461 3032 1518 ad
3079 1462 3249 1516 instar
3275 1461 3514 1517 ctelestis
3544 1462 3740 1530 sponsi
3776 1460 3867 1515 bo-

2270 1555 2448 1609 norari
2477 1556 2530 1610 in
2556 1555 2752 1612 saeculo
2775 1555 2917 1626 fuge.
2951 1554 3029 1611 Ne
3057 1556 3190 1612 velis
3216 1556 3284 1610 ab
3314 1556 3431 1611 aliis
3460 1555 3597 1625 dici,
3632 1564 3725 1611 aut
3752 1570 3868 1611 esse

2271 1647 2559 1716 praelatior,
2586 1662 2707 1717 quae
2737 1648 2908 1719 legis:
2942 1646 3003 1702 Si
3026 1649 3141 1718 quis
3169 1653 3278 1702 vult
3306 1649 3439 1702 inter
3480 1664 3570 1702 vos
3605 1663 3717 1702 esse
3762 1640 3868 1701 ma-

2262 1744 2376 1813 jor,
2405 1742 2472 1795 sit
2518 1751 2673 1796 vester
2713 1757 2885 1797 servus
2934 1740 3151 1812 (Matth.
3179 1742 3304 1809 xx),
3347 1743 3606 1811 quoniam
3659 1753 3713 1796 ct
3760 1741 3868 1810 ipse

582 1824 750 1895 eguit,
777 1829 929 1893 grate
957 1821 1092 1877 ferat
1132 1820 1187 1875 in
1211 1818 1538 1875 monasterio
1563 1830 1662 1871 nec
1687 1816 1882 1883 algeat,
1912 1829 2011 1869 nec
2043 1828 2168 1869 esu-

2277 1833 2518 1888 Salvator
2543 1834 2668 1888 dum
2699 1850 2727 1889 a
2775 1834 2945 1889 turbis
2977 1844 3031 1889 ut
3061 1848 3151 1889 rex
3196 1833 3347 1889 ﬁeret
3390 1843 3750 1903 quaereretur,
3782 1848 3866 1890 se-

583 1916 708 1984 riat,
734 1929 831 1971 uec
856 1919 1175 1977 tnurmuret,
1206 1912 1251 1968 si
1278 1924 1341 1966 ea
1365 1918 1624 1966 tractetur
1661 1906 2025 1977 indulgentius
2048 1921 2167 1977 qua:

580 2008 718 2064 dixit
745 2007 800 2062 in
824 2006 1024 2062 saeculo
1045 2004 1351 2060 delicatius.
1381 2001 1513 2056 Nam
1543 2000 1589 2055 si
1621 2008 1779 2070 prout
1801 2000 1996 2069 cuique
2034 2012 2168 2069 opus

583 2105 670 2155 est
698 2112 806 2153 non
835 2096 1109 2163 dividitur,
1142 2094 1202 2151 ﬁt
1230 2093 1462 2165 superba
1489 2094 1542 2149 in
1565 2090 1908 2156 monasterio,
1934 2106 2051 2159 quae
2075 2089 2171 2145 fuit

580 2190 707 2244 vilis
733 2189 788 2244 in
816 2188 1054 2255 mundo;
1088 2197 1139 2244 et
1188 2202 1310 2258 quae
1338 2197 1454 2244 erat
1504 2195 1697 2256 potens
1730 2183 1782 2238 iu
1812 2183 2037 2249 saeculo,
2070 2182 2169 2238 bu-

579 2281 818 2337 miliatur
858 2281 911 2335 in
941 2278 1288 2335 monasterio.
1336 2278 1426 2333 Sic
1476 2278 1602 2347 agit,
1638 2275 1727 2345 qui
1781 2274 2012 2329 discrete
2063 2288 2171 2329 non

580 2375 741 2445 sapit,
773 2382 835 2430 ut
862 2374 1139 2444 superbire
1170 2370 1329 2427 faciat
1353 2387 1419 2427 ex
1449 2369 1540 2425 vili
1573 2383 1738 2425 censu
1783 2381 2094 2434 conversas,
2117 2374 2172 2423 et

580 2467 768 2524 dolore
788 2466 1032 2522 stimules
1054 2467 1279 2520 honesto
1303 2464 1420 2518 loco
1449 2469 1623 2517 natas.
1648 2460 1718 2516 Et
1739 2461 1785 2516 si
1807 2460 2007 2516 suilicit
2033 2458 2173 2515 unde

580 2560 830 2617 omnibus
860 2559 1127 2615 tribuatur
1157 2555 1452 2626 tequaliter,
1484 2555 1630 2610 nulla
1664 2563 1746 2610 est
1772 2554 1911 2610 unde
1933 2568 2173 2608 murmu-

583 2661 707 2707 ret:
755 2650 1011 2721 quoniam
1042 2648 1298 2704 discretio
1347 2646 1577 2703 senioris
1627 2646 1834 2701 dividet
1890 2647 2173 2716 unicuique

582 2750 744 2813 prout
790 2755 927 2811 opus
954 2748 1056 2797 est.
1088 2739 1194 2797 Sed
1230 2738 1407 2794 dicis:
1455 2737 1565 2794 Cur
1612 2752 1877 2794 conversa
1925 2749 2026 2806 est,
2070 2739 2174 2794 nisi

582 2842 646 2889 ut
671 2832 763 2887 ﬁat
794 2832 1011 2897 humilis
1037 2846 1102 2887 ex
1137 2825 1393 2901 potente?
1422 2828 1479 2887 Si
1512 2844 1642 2900 ergo
1667 2829 1764 2884 ista
1789 2845 1853 2885 ex
1877 2829 2076 2901 inclyto
2104 2828 2171 2884 ad

581 2925 937 2983 humilitatem
966 2924 1263 2991 descendit,
1290 2924 1378 2980 illa
1404 2940 1468 2980 ex
1494 2939 1729 2995 paupere
1759 2925 1899 2996 quod
1918 2923 2172 2979 humilia-

580 3028 734 3075 retur
758 3033 863 3075 non
909 3017 1112 3083 habuit,
1146 3016 1368 3073 forsitan
1397 3016 1445 3072 si
1492 3014 1751 3086 superbit.
1796 3016 2043 3071 t‘haritas
2083 3030 2175 3071 au-

581 3118 691 3166 tem
722 3110 901 3165 omnia
927 3117 1208 3179 temperat,
1239 3117 1400 3178 atque
1422 3107 1488 3163 ad
1511 3107 1757 3163 eumdem
1784 3108 1933 3178 pacis
1965 3116 2174 3178 pertra-

2272 1926 2452 1995 ipsum.
2474 1926 2778 1981 abscondit.
2804 1926 3084 1994 Quomodo
3114 1926 3255 1981 enim
3286 1925 3354 1979 ab
3388 1925 3616 1980 homine
3650 1940 3867 1992 regnum

2273 2014 2560 2088 aociperet,
2592 2020 2676 2073 cui
2707 2033 2827 2072 cum
2858 2018 3018 2073 Patre
3048 2034 3271 2089 regnum
3299 2028 3628 2089 perpetuum
3658 2020 3866 2074 manet?

2274 2111 2377 2167 Sed
2405 2112 2529 2181 quia
2561 2122 2781 2167 venerat
2812 2111 3007 2167 docere
3038 2110 3425 2177 humilitatem,
3458 2112 3751 2168 hominum
3776 2114 3862 2169 de-

2274 2205 2495 2260 clinavit
2524 2210 2801 2259 honorem.
2834 2205 2891 2259 ln
2916 2204 3085 2261 forma
3115 2204 3255 2259 enim
3286 2204 3380 2262 Dei
3411 2221 3649 2261 manens
3678 2213 3865 2262 semet-

2274 2298 2448 2368 ipsum
2494 2312 2590 2367 pro
2641 2298 2794 2353 nobis
2834 2298 3134 2352 bumiliavit
3175 2297 3347 2372 (Phil.
3378 2300 3475 2363 lt);
3520 2308 3579 2354 et
3630 2301 3716 2354 cui
3765 2315 3865 2356 exr-

2277 2392 2427 2448 lestia
2476 2393 2717 2449 serviunt
2747 2407 2809 2447 ac
2858 2393 3148 2459 terrestria,
3192 2407 3285 2459 pro
3332 2392 3659 2448 mortalibus
3707 2392 3865 2448 factas

2275 2497 2357 2542 est
2398 2500 2619 2555 pauper,
2652 2495 2708 2540 ut
2752 2486 2868 2556 ejus
2908 2486 3083 2556 inopia
3131 2500 3229 2541 nos
3270 2486 3592 2541 ditaremur.
3627 2487 3711 2541 Tu
3749 2501 3864 2557 ergo

2275 2575 2463 2631 insiste
2503 2576 2767 2645 vestigiis,
2802 2575 2993 2645 quibus
3034 2576 3309 2643 praecessit
3346 2591 3621 2646 sponsus;
3656 2586 3714 2631 et
3758 2591 3865 2647 pas-

2277 2665 2423 2720 sibus
2454 2664 2736 2721 indefessis
2768 2664 2969 2721 ducem
3001 2680 3226 2734 sequere
3270 2668 3545 2722 ctelestem
3582 2684 3599 2721 :
3636 2683 3706 2723 ne
3750 2667 3863 2722 dum

2277 2764 2430 2818 lactis
2456 2764 2566 2819 suis
2593 2765 2781 2833 probat
2808 2778 2929 2820 esse
2962 2764 3298 2833 dissimilem,
3345 2767 3397 2822 in
3439 2767 3766 2825 ctelestibus
3791 2782 3865 2825 re-

2276 2855 2392 2924 gnis
2422 2854 2555 2909 nolit
2593 2854 2792 2911 habere
2825 2866 3150 2913 consortem.
3200 2857 3410 2913 Etenim
3462 2860 3562 2913 ista
3616 2861 3863 2927 dicimm,

2279 2953 2336 2999 ut
2364 2944 2739 3015 parvipendas,
2770 2953 2863 3001 aut
2893 2960 2961 3003 ne
2985 2962 3081 3018 pro
3126 2964 3320 3020 magno
3348 2952 3537 3019 cupias
3571 2951 3731 3007 lucra
3761 2963 3863 3009 ter-

2278 3049 2438 3100 rena;
2468 3038 2549 3091 vel
2581 3051 2649 3093 ne
2688 3039 2922 3095 aestimes
2967 3054 3212 3112 magnos,
3238 3056 3370 3113 quos
3398 3043 3451 3097 in
3498 3045 3707 3100 seculo
3750 3060 3866 3115 pro-

2280 3128 2443 3197 spicis
2471 3129 2687 3185 divites.
2714 3129 2865 3199 Quod
2895 3130 3040 3185 enim
3089 3131 3289 3188 habere
3334 3144 3559 3203 possunt
3604 3144 3663 3190 et
3706 3136 3866 3201 mali,

581 3202 665 3257 hit
690 3199 944 3265 limitem;
974 3209 1155 3255 utnec
1185 3199 1275 3254 illa
1303 3200 1541 3265 inﬁetur,
1581 3214 1702 3269 quae
1739 3198 1954 3267 reliquit
1985 3208 2173 3267 poten-
2204 3204 2251 3268 (ι
2282 3218 2510 3275 libenter
2552 3198 2751 3277 debent
2790 3231 3136 3278 contemnere
3184 3198 3349 3278 boni;
3378 3224 3479 3279 Dat
3520 3227 3672 3281 enim
3720 3198 3868 3281 unus

582 3291 746 3359 tiam;
770 3305 869 3348 nec
898 3292 983 3346 illa
1009 3290 1301 3361 frangatur,
1333 3306 1452 3361 qua:
1476 3291 1575 3346 fuit
1596 3305 1821 3361 pauper,
1848 3291 1931 3346 vel
1956 3290 2169 3346 ancilla.

583 3383 875 3441 Laudanda
904 3392 1082 3440 tamen
1102 3389 1188 3439 est
1212 3385 1413 3445 senior,
1446 3382 1491 3437 si
1515 3382 1752 3438 discrete
1796 3397 1917 3437 cum
1946 3381 2173 3451 singulis

583 3492 644 3536 se
681 3477 929 3549 gesserit,
960 3484 1015 3532 et
1057 3476 1347 3545 unicuique
1378 3484 1536 3544 prout
1574 3489 1708 3544 opus
1756 3483 1862 3538 est,
1906 3473 2172 3529 diviserit.

584 3565 691 3626 Ista
713 3565 977 3623 sintdicta
1010 3565 1079 3622 de
1102 3573 1270 3632 veste,
1315 3564 1455 3631 cibo,
1480 3574 1629 3633 potu,
1668 3565 1753 3621 vel
1787 3579 1952 3634 opere
1975 3580 2071 3634 pro
2093 3566 2177 3620 in-

586 3657 776 3715 validis
806 3670 869 3712 ae
904 3656 1167 3725 delicatis,
1192 3664 1250 3711 ut
1276 3672 1397 3727 quae
1437 3655 1626 3712 durius
1656 3656 1797 3711 terre
1838 3672 1943 3711 non
1975 3665 2172 3726 potest,

587 3760 847 3808 tractetur
868 3750 1062 3806 lenius.
1086 3748 1353 3806 Caeterum
1377 3750 1423 3805 si
1461 3750 1607 3805 circa
1635 3763 1729 3804 eas
1760 3764 1881 3819 quae
1909 3748 2054 3805 ferre
2081 3764 2178 3820 po-

587 3848 811 3913 tuerint,
840 3846 1041 3901 factura
1069 3851 1153 3902 est
1201 3846 1386 3901 senior
1432 3855 1591 3915 prout
1631 3846 1848 3914 viderit,
1879 3854 1936 3902 et
1984 3847 2178 3917 quibus

588 3938 823 3992 consulit
846 3952 945 4007 pro
973 3950 1079 3991 usu
1124 3936 1367 3993 delicatae
1390 3938 1536 4002 vitae,
1562 3937 1642 3993 vel
1687 3936 1929 4006 corporis
1970 3935 2176 4008 fragili-

590 4036 719 4094 tate,
745 4042 851 4082 non
872 4042 963 4084 eas
983 4028 1238 4097 praferas
1260 4027 1464 4083 honore
1481 4028 1776 4097 seniorum,
1808 4029 1852 4083 si
1879 4027 2179 4098 posteriore

590 4136 869 4177 conversae
897 4131 1019 4178 sunt
1040 4130 1301 4192 tempore.
1324 4122 1470 4188 Dum
1492 4138 1620 4191 ergo
1640 4123 1706 4177 ad
1738 4132 1790 4178 te
1815 4138 1988 4190 meus,
2024 4136 2180 4178 soror

594 4213 923 4278 Florentina,
951 4227 1131 4269 sermo
1169 4214 1439 4284 dirigitur,
1471 4214 1834 4271 derivavimus
1877 4215 2178 4271 orationem

594 4306 786 4365 studiis
806 4306 1123 4375 plurimum;
1150 4307 1284 4363 nulli
1309 4316 1488 4363 tamen
1506 4308 1696 4379 jugum
1717 4310 2060 4380 imponimus,
2084 4309 2179 4367 sed

594 4400 737 4472 quod
768 4399 1051 4457 honestum
1076 4410 1161 4458 est
1185 4400 1494 4455 suademus.

1183 4513 1411 4573 CAPUT
1452 4515 1591 4573 ΧΗ.

2278 3306 2422 3362 Deus
2454 3308 2777 3377 temporales
2806 3308 3037 3375 divitias,
3070 3311 3262 3380 quibus
3292 3321 3451 3381 negat
3490 3322 3754 3379 aeternas,
3788 3314 3871 3369 dat

2277 3414 2369 3455 eas
2398 3409 2545 3457 certe
2574 3410 2629 3456 et
2655 3401 2835 3469 bonis,-
2860 3404 2953 3459 sed
2983 3419 3118 3475 quos
3145 3407 3292 3461 novit
3316 3422 3420 3461 non
3456 3409 3778 3475 superbisse
3804 3426 3864 3466 ea

2279 3494 2380 3549 eis.
2410 3494 2542 3548 Boni
2570 3496 2804 3565 propitio
2826 3496 2936 3552 Deo
2959 3497 3091 3552 ﬁunt
3112 3498 3323 3562 divites,
3348 3500 3583 3569 propitio
3612 3500 3724 3557 Deo
3747 3503 3870 3558 ﬁunt

2278 3599 2538 3655 pauperes
2566 3604 2577 3637 :
2610 3588 2664 3641 in
2710 3595 2930 3658 utroque
2959 3588 3068 3643 Deo
3098 3590 3296 3659 gratias
3326 3601 3520 3661 agunt,
3551 3593 3651 3662 qui
3684 3592 3867 3648 volun-

2278 3686 2440 3733 tatem
2470 3678 2564 3733 Dei
2592 3679 2819 3736 libenter
2857 3681 3141 3752 accipiunt.
3174 3682 3328 3739 Malis
3357 3684 3582 3755 quando
3631 3687 3869 3740 tribuum

2282 3778 2367 3825 tur
2392 3770 2617 3837 divitiae,
2640 3770 2924 3841 poenaliter
2948 3773 3274 3841 tribuuntur,
3298 3782 3357 3829 ut
3383 3774 3522 3830 male
3545 3774 3619 3830 de
3644 3776 3724 3830 eis
3750 3791 3868 3847 gau-

2280 3862 2470 3929 deant;
2503 3871 2557 3918 et
2595 3865 2809 3933 quando
2850 3864 3258 3932 subtrahuntur,
3294 3868 3576 3936 poenaliter
3620 3867 3868 3924 auferunc

2282 3959 2385 4020 tur,
2411 3962 2467 4007 ut
2496 3955 2635 4010 male
2656 3954 2723 4011 de
2741 3955 2818 4011 eis
2839 3954 3072 4022 doleant,
3101 3967 3324 4029 utraque
3344 3960 3487 4029 justo
3513 3960 3580 4014 ad
3607 3960 3863 4031 gloriam;

2283 4054 2507 4115 utraque
2536 4047 2702 4116 impio
2728 4048 2793 4102 ad
2836 4048 3144 4105 vindictam.
3177 4052 3313 4118 Quid
3346 4053 3410 4105 ad
3449 4062 3522 4119 te,
3551 4067 3676 4122 qua:
3706 4052 3865 4109 babes

2281 4138 2542 4211 Regulam
2571 4157 2727 4211 quam
2753 4142 3031 4213 sequaris?
3055 4143 3420 4216 Virginitatem
3452 4146 3637 4216 itaque
3661 4156 3717 4202 et
3747 4162 3864 4213 pau-

2282 4242 2543 4301 pertatem
2570 4233 2748 4289 Maria:
2776 4235 3019 4305 prospice
3044 4256 3056 4290 :
3084 4250 3203 4306 qure
3236 4245 3343 4292 tam
3373 4238 3527 4293 dives
3558 4239 3614 4293 iu
3646 4239 3865 4294 Domino

2281 4324 2412 4393 fuit,
2440 4335 2498 4381 ut
2527 4336 2699 4382 mater
2726 4327 2934 4383 Domini
2956 4343 3077 4384 esse
3102 4341 3419 4396 mereretur,
3447 4342 3502 4386 et
3530 4323 3680 4387 tanto
3710 4334 3863 4389 rebus

2283 4420 2636 4488 paupercula,
2669 4428 2726 4475 ut
2754 4431 2937 4491 partus
2982 4433 3220 4493 tempore
3260 4439 3360 4480 nec
3404 4424 3739 4491 obstetricis,
3774 4442 3860 4482 nec

2281 4510 2490 4566 ancillae
2528 4520 2768 4567 uteretur
2804 4513 3017 4579 solatio,
3051 4514 3221 4584 ipsum
3265 4529 3478 4587 quoque
3508 4516 3858 4573 diversorium

599 4629 669 4686 Ut
696 4632 839 4703 virgo
866 4631 1078 4701 aqualis
1103 4631 1168 4685 sit
1196 4640 1242 4684 et
1272 4630 1324 4685 in
1351 4611 1656 4701 paupertate
1683 4640 1730 4686 et
1754 4630 1805 4684 in
1837 4630 2173 4687 abundantia.

2285 4610 2391 4657 tam
2416 4611 2695 4673 angustum
2716 4643 2733 4672 ,
2765 4612 2825 4659 ut
2853 4618 3092 4675 praesepe
3118 4616 3417 4662 assumeret
3442 4621 3542 4678 pro
3573 4607 3856 4662 cunabula.

667 4724 817 4779 Nunc
854 4724 920 4778 ad
952 4732 1002 4779 te
1030 4723 1295 4795 loquendo
1340 4733 1614 4790 revertar,
1654 4738 1809 4779 soror
1852 4723 2178 4792 Florentius,

596 4830 697 4886 pro
737 4831 838 4883 qua
869 4830 957 4870 me
1005 4814 1283 4870 familiaris
1313 4830 1439 4871 cura
1468 4816 1738 4871 sollicitat.
1772 4815 1964 4871 Hortor
2002 4817 2182 4887 itaque

597 4907 857 4976 aequalem
891 4913 943 4959 te
989 4915 1042 4960 et
1072 4906 1391 4962 uniformem
1430 4905 1627 4963 habere
1672 4921 1885 4976 semper
1910 4909 2179 4976 animum,

597 5006 658 5052 ut
696 5012 799 5052 nec
837 4996 1160 5052 adversitate
1191 4998 1480 5068 frangaris,
1511 5015 1629 5069 qua:
1658 5000 1969 5067 patientiam
1999 5010 2053 5056 et
2082 5016 2179 5071 pe-

596 5092 805 5147 nuriam
851 5089 953 5147 Job
996 5091 1170 5159 sapis;
1218 5108 1317 5147 nec
1357 5092 1583 5148 eleveris
1627 5094 2013 5162 prosperitate,
2062 5110 2181 5163 qua:

597 5185 933 5254 patriarchas
962 5185 1152 5242 divites
1177 5185 1391 5255 opibus,
1423 5187 1518 5242 sed
1550 5186 1779 5242 humiles
1808 5188 1989 5242 animo
2018 5187 2182 5243 fuisse

600 5276 753 5345 legis.
788 5276 949 5333 Beata
975 5279 1118 5333 enim
1161 5278 1290 5343 eris,
1322 5278 1366 5333 si
1398 5287 1452 5333 et
1482 5278 1535 5332 in
1567 5278 1803 5333 adversis
1829 5288 1884 5333 et
1914 5278 2182 5347 prosperis

600 5382 814 5438 semper
844 5369 953 5423 Deo
980 5370 1176 5439 gratias
1217 5371 1422 5440 egeris;
1454 5381 1506 5424 et
1551 5370 1672 5426 vitat
1716 5371 1865 5425 istius
1905 5372 2181 5441 prosperi-

600 5466 765 5513 tatem
796 5458 995 5524 funium
1027 5476 1384 5529 vaporemque
1428 5462 1571 5517 illico
1615 5471 2025 5519 evanescentem
2065 5478 2184 5519 cre-

599 5547 825 5606 dideris.
852 5552 1013 5607 David
1041 5562 1185 5608 certe
1214 5553 1489 5623 regnabat,
1518 5563 1572 5608 et
1596 5570 1713 5609 cum
1743 5554 2037 5611 abundaret
2067 5556 2184 5613 the-

605 5644 800 5709 sauris,
840 5659 903 5700 ac
947 5660 1105 5699 manu
1156 5644 1281 5700 forti
1332 5646 1552 5701 infinitis
1601 5646 1808 5715 populis
1858 5649 2179 5716 imperaret,

611 5732 866 5787 buniilem
913 5750 971 5789 se
1013 5736 1172 5799 cauit,
1203 5747 1256 5791 et
1302 5736 1429 5792 dicit
1463 5755 1476 5791 :
1516 5736 1723 5805 Pauper
1758 5754 1869 5791 sum
1900 5754 2012 5809 ego,
2041 5748 2090 5792 et
2127 5740 2182 5792 in

613 5821 872 5879 laboribus
902 5841 933 5879 a
978 5829 1235 5893 iuventute
1276 5843 1387 5885 mea
1429 5827 1658 5899 (Psalm.
1690 5827 1948 5901 Lxxxvn).
1976 5828 2044 5886 Et
2069 5828 2183 5901 ipse

2285 4695 2389 4752 Sed
2419 4705 2473 4751 et
2501 4696 2697 4767 Josepb
2720 4736 2734 4763 ,
2767 4698 2851 4753 cui
2883 4698 3055 4754 fuerat
3081 4698 3422 4770 desponsata,
3456 4714 3579 4754 cum
3610 4709 3758 4754 esset
3778 4699 3859 4769 jn-

2286 4795 2421 4853 stus,
2446 4796 2559 4841 erat
2589 4796 2766 4843 tamen
2791 4797 2845 4844 et
2874 4804 3096 4859 pauper,
3124 4791 3194 4844 ita
3224 4798 3282 4845 ut
3307 4789 3503 4845 victum
3528 4799 3585 4846 et
3612 4790 3856 4845 vestitum

2288 4887 2511 4942 artiﬁcio
2560 4897 2844 4957 quaereret.
2880 4887 3039 4944 Certe
3085 4888 3234 4943 faber
3283 4888 3535 4943 ferrarius
3584 4887 3755 4943 fuisse
3793 4889 3860 4943 le-

2286 4979 2446 5048 gitur.
2478 4978 2649 5033 Habes
2678 4978 2954 5048 exempla,
2996 4991 3237 5033 normam
3278 4992 3524 5047 sequere,
3554 4992 3625 5033 ne
3652 4988 3705 5031 te
3737 4978 3860 5032 velis

2287 5068 2590 5123 divitiarum
2626 5068 2878 5138 periculis
2903 5069 3262 5124 committere.
3296 5069 3552 5136 Quoniam
3576 5069 3668 5139 qui
3692 5072 3861 5123 volant

2290 5158 2469 5215 divites
2507 5161 2650 5225 ﬁeri,
2680 5161 2910 5213 incidunt
2949 5160 3004 5214 in
3042 5161 3363 5214 tentationem
3392 5169 3439 5213 et
3488 5160 3725 5229 laqueum
3755 5160 3861 5213 die-

2291 5253 2392 5306 boli
2423 5251 2477 5323 (I
2503 5252 2635 5307 Tim.
2659 5252 2755 5323 vt),
2781 5263 2833 5307 et
2856 5253 3123 5309 desideria
3152 5255 3313 5308 multa
3336 5255 3539 5309 inutilia
3568 5265 3625 5309 et
3652 5256 3855 5318 nociva,

2287 5362 2405 5417 quae
2434 5357 2675 5415 mergunt
2706 5347 2970 5403 hominem
3002 5347 3056 5402 in
3083 5350 3371 5403 interitum.
3402 5349 3505 5403 llas
3530 5364 3558 5402 a
3587 5364 3647 5405 se
3672 5360 3862 5419 sponte

2289 5438 2562 5503 auferunt,
2596 5439 2787 5507 quibus
2818 5439 2872 5492 in
2900 5438 3128 5494 Domino
3157 5439 3380 5495 devotus
3413 5448 3498 5496 est
3534 5439 3772 5497 animus.
3800 5442 3861 5498 Et

2288 5529 2600 5598 plerumque
2638 5538 3031 5596 contemptores
3058 5544 3183 5585 suos
3216 5531 3383 5600 magis
3423 5542 3679 5601 appetunt
3724 5534 3858 5588 divi-

2289 5624 2395 5687 tite,
2422 5637 2578 5692 quam
2605 5635 2881 5691 sequaces.
2913 5622 3121 5688 Querite
3144 5663 3159 5689 ,
3192 5624 3394 5692 inquit,
3418 5640 3634 5696 regnum
3658 5626 3793 5699 Dei,
3818 5637 3861 5683 st

2290 5719 2397 5772 Ιιωσ
2422 5717 2596 5772 omnia
2621 5726 2941 5788 opponentur
2969 5718 3104 5774 vobis
3134 5715 3353 5787 (Matth.
3382 5716 3480 5791 VI).
3782 5702 3787 5707 δ
