4042 6348
239 334 366 394 889

853 448 1082 506 CAPUT
1114 447 1232 505 XV.

475 564 554 620 De
577 566 899 638 indulgentia
925 575 972 621 et
1001 566 1343 637 prohibitione
1371 565 1620 619 carnium.

335 679 500 734 Esum
529 680 767 734 carnium
799 680 1118 734 inﬁrmitatis
1149 689 1254 734 tua:
1283 687 1503 735 optentu
1535 691 1632 733 nec
1657 675 1836 746 probi-

246 769 393 827 here
420 771 514 825 tibi
538 769 709 825 audeo
738 784 836 824 nec
865 770 1192 839 permittere.
1232 770 1329 825 Cui
1379 777 1556 824 tamen
1581 765 1839 841 suppetit

245 861 508 926 virtus,'a
529 860 776 915 carnibus
799 873 858 915 se
875 860 1155 915 abstineat.
1178 859 1309 914 Nam
1331 858 1462 914 dura
1481 866 1563 914 est
1579 857 1835 922 conditio,

245 953 467 1008 nutrire
505 960 693 1007 contra
723 965 881 1020 quem
908 951 1173 1015 dimices;
1205 959 1259 1006 et
1303 964 1516 1005 carnem
1569 947 1834 1018 propriam

247 1045 339 1099 sic
365 1045 533 1110 alere,
565 1052 623 1098 ut
671 1044 869 1098 sentias
915 1051 1305 1097 contumacem.
1353 1042 1504 1109 Quod
1550 1041 1597 1096 si
1646 1040 1838 1095 talibus

247 1137 424 1193 utitur
451 1137 618 1206 virgo,
649 1135 891 1206 qualibus
917 1143 971 1190 et
997 1135 1283 1190 saeculares
1314 1142 1551 1199 utuntur,
1587 1132 1679 1186 dat
1707 1147 1837 1187 sen-

252 1243 409 1298 sum,
435 1238 493 1284 ut
521 1245 582 1283 ea
613 1237 733 1298 agat
779 1244 896 1298 qua:
943 1241 973 1280 a
1017 1226 1357 1282 saecularibus
1407 1236 1653 1295 aguntur.
1704 1225 1839 1291 Quid

249 1320 461 1390 poterit
480 1333 610 1375 caro
638 1318 837 1373 nutrita
861 1317 1112 1372 carnibus
1139 1316 1241 1370 nisi
1271 1329 1548 1384 erumpere
1571 1314 1637 1367 ad
1666 1312 1842 1367 libidi-

248 1425 404 1475 nem,
444 1411 801 1475 miseramque
848 1411 1078 1463 animam
1126 1407 1439 1463 crudelitate
1483 1407 1710 1460 luxuriae
1742 1406 1839 1460 de-

248 1502 724 1560 bacchareYUnde
748 1511 802 1558 et
823 1502 1038 1571 quidam
1066 1510 1254 1555 auctor
1274 1500 1367 1567 ait,
1394 1499 1709 1553 Deliciarum
1723 1499 1840 1567 ﬁnis

248 1598 540 1666 corruptio.
558 1595 920 1662 EtApostolus
940 1594 1306 1663 voluptuosam
1321 1593 1527 1646 viduam
1547 1594 1622 1646 sic
1648 1601 1799 1646 notat
1824 1607 1837 1644 :

249 1697 316 1742 ut
339 1688 509 1742 dtcot:
531 1687 658 1753 Quae
672 1695 841 1740 autem
867 1687 923 1739 in
942 1684 1136 1738 deliciis
1153 1694 1243 1750 est,
1259 1685 1422 1738 vivens
1442 1693 1643 1737 mortua
1663 1692 1736 1738 est
1755 1681 1844 1752 (II

248 1778 394 1833 Tim.
415 1791 468 1848 ν)
509 1780 659 1843 Quod
674 1776 1050 1832 stabstinentia
1063 1775 1355 1830 marcidum
1370 1789 1564 1844 corpus
1578 1775 1664 1828 vix
1682 1774 1843 1843 alege
1873 1805 1922 1865 Β
1948 1774 2227 1876 ὦᾙηὲέῐξὲ

429 1878 474 1886 -.
607 1871 788 1886 γαν-ι-
830 1869 882 1886 ,ο
960 1885 985 1886 η
1069 1870 1110 1886 νιγ
1156 1870 1405 1886 o-,,,_.,,o,
1461 1868 1800 1886 _,,L-n_t_____
2232 1859 2248 1886 9

248 1878 487 1942 peccati,
506 1885 623 1941 quae
645 1871 849 1926 habitat
868 1869 920 1925 in
943 1870 1199 1925 membris
1221 1870 1437 1936 nostris,
1461 1868 1831 1937 prohibemus;

248 1963 386 2033 quid
402 1960 574 2017 'la'ciet
601 1977 720 2032 qua:
764 1962 844 2016 sic
892 1962 1070 2018 obruit
1099 1970 1292 2017 terram
1321 1962 1498 2016 carnis
1525 1975 1655 2028 suae,
1702 1970 1760 2016 ut
1789 1976 1839 2016 et

248 2055 429 2125 possit
455 2055 635 2124 spinas
674 2063 728 2110 et
769 2054 994 2109 tribulos
1021 2054 1364 2124 germinare?
1395 2053 1652 2108 Fomenta
1681 2052 1836 2107 vitio-

248 2155 404 2215 l'llm,
428 2160 554 2202 esus
581 2145 816 2200 carnium
845 2163 859 2199 :
888 2161 986 2199 nec
1009 2145 1177 2200 solum
1201 2145 1460 2213 carnium,
1487 2145 1579 2201 sed
1602 2155 1656 2200 et
1676 2145 1837 2200 nimia

246 2237 481 2294 satietas
526 2237 752 2292 aliorum
805 2237 1068 2291 ciborum.
1119 2237 1380 2299 Quoniam
1436 2251 1539 2291 non
1595 2237 1840 2306 culpatur

247 2343 399 2385 escae
422 2329 666 2399 qualitas,
695 2329 788 2384 sed
818 2328 1084 2400 quantitas
1112 2337 1390 2398 reputatur
1415 2329 1470 2384 in
1491 2330 1639 2384 vitio.
1674 2330 1836 2397 Quid-

246 2422 383 2492 quid
413 2423 552 2477 enim
580 2423 832 2491 accipitur
861 2422 1041 2485 nimis,
1071 2421 1173 2476 hoc
1201 2430 1455 2490 aggravat
1501 2424 1752 2488 animam,
1785 2431 1841 2478 et

248 2514 633 2571 abundantiori
663 2515 783 2570 cibo
826 2523 1078 2570 extensus
1119 2515 1425 2569 stomachus
1451 2514 1699 2570 obtundit
1726 2515 1840 2569 ani-

245 2622 361 2662 mae
408 2623 621 2664 sensus.
657 2608 812 2677 Virgo
853 2615 1058 2662 tantum
1087 2621 1215 2660 sana
1242 2606 1401 2662 debet
1428 2621 1568 2675 esse,
1620 2621 1724 2660 non
1767 2607 1839 2662 ri-

243 2700 413 2771 gida;
441 2700 634 2770 pallida
657 2709 866 2770 gestare
888 2714 1002 2765 ora,
1034 2713 1138 2755 non
1168 2699 1442 2765 rubentia;
1472 2714 1589 2769 quas
1611 2700 1838 2768 suspiria

245 2781 440 2848 cordis
467 2793 673 2845 emittat
695 2792 761 2845 ad
801 2792 986 2858 Deum,
1016 2807 1122 2846 non
1161 2801 1334 2847 ructet
1372 2791 1664 2847 cruditates
1694 2791 1840 2847 cibo-

247 2899 401 2939 rum.
431 2882 632 2949 Quibus
659 2896 785 2952 ergo
815 2884 953 2938 vires
983 2883 1222 2951 corporis
1250 2896 1383 2951 opus
1412 2892 1534 2936 sunt
1557 2925 1572 2949 ,
1610 2883 1842 2938 habeant

247 2974 438 3031 carnis
466 2988 658 3028 usum:
684 2973 905 3038 scilicet,
938 2974 1025 3044 qui
1073 2973 1285 3028 metalla
1315 2973 1603 3040 eﬁ‘odiunt;
1650 2989 1739 3044 qut
1786 2990 1841 3029 tn

249 3080 431 3138 agone
461 3074 672 3121 terreno
692 3073 934 3128 certant;
965 3064 1055 3135 qui
1082 3073 1396 3119 construunt
1428 3065 1692 3120 celsorum
1723 3065 1838 3120 cul-

251 3160 405 3215 mina
435 3157 804 3222 aediﬁciorum,
834 3158 918 3212 vel
947 3158 998 3211 in
1025 3156 1249 3212 diversis
1277 3157 1503 3227 Opiﬁciis
1533 3157 1716 3212 labore
1741 3157 1838 3212 de-

251 3251 455 3306 sudant
481 3250 748 3318 corporis;
782 3249 864 3304 his
891 3249 1307 3319 reparandarum
1335 3249 1524 3305 virium
1555 3258 1710 3318 aptus
1754 3260 1838 3305 est

253 3354 392 3397 usus
415 3342 613 3397 carnis.
645 3339 805 3410 Virgo
831 3355 952 3409 qua:
975 3340 1139 3409 magis
1170 3338 1411 3395 defectus
1449 3341 1678 3397 sustinet
1719 3355 1841 3396 cor-

256 3433 434 3502 poris,
466 3432 604 3485 bona
638 3430 788 3500 virgo
815 3440 916 3486 est.
949 3430 1028 3486 Ad
1065 3444 1198 3498 quos
1240 3444 1366 3484 usus
1411 3445 1599 3486 carnes
1643 3439 1836 3497 sumet,

255 3524 366 3580 nisi
384 3532 439 3580 ut
459 3522 709 3579 miserum
730 3537 926 3593 corpus
950 3523 1078 3578 faece
1098 3524 1346 3580 vitiorum
1365 3524 1619 3580 inundet?
1643 3525 1840 3582 Verum

257 3616 304 3671 si
335 3615 478 3685 cogit
503 3615 803 3679 inﬁrmitas,
828 3615 1214 3671 mediciualiter
1238 3618 1511 3673 sumendae
1550 3627 1677 3672 sunt
1721 3632 1839 3673 car-

259 3721 382 3762 nes.
431 3707 808 3763 Medicinaliter
855 3709 996 3764 enim
1025 3721 1127 3777 est,
1159 3710 1299 3779 quod
1353 3725 1457 3766 non
1491 3720 1697 3782 gravat,
1746 3712 1841 3768 sed

260 3799 466 3853 relevat
497 3816 511 3853 :
540 3801 788 3869 quoniam
816 3809 872 3855 et
908 3801 1077 3868 ipsam
1123 3801 1440 3856 medicinam
1475 3803 1548 3857 ita
1596 3804 1726 3856 artis
1756 3804 1839 3873 ip-

261 3893 378 3946 sius
409 3893 564 3961 periti
595 3892 929 3962 impendunt,
965 3902 1021 3946 ut
1065 3892 1266 3948 sensim
1297 3893 1532 3948 adhibita
1573 3908 1680 3948 non
1705 3908 1838 3950 one-

263 3994 385 4040 rent
421 3985 709 4053 intirmum,
741 3985 834 4040 sed
882 3984 1132 4040 allevent.
1183 3968 1334 4040 Unde
1381 3993 1438 4039 et
1480 3984 1566 4040 illa
1599 3999 1723 4042 vera
1761 3994 1844 4042 est

265 4079 527 4135 sententia
554 4079 990 4149 philosophorum
1025 4095 1037 4130 :
1069 4078 1152 4132 Ne
1179 4079 1304 4148 quid
1332 4080 1502 4135 nimis.

856 4191 1080 4249 CAPUT
1108 4193 1246 4249 XVI.

402 4305 468 4361 Ut
497 4307 549 4360 in
578 4305 891 4361 Monasterio
917 4321 1017 4376 quo
1043 4307 1190 4371 coepit
1226 4305 1365 4378 virgo
1395 4313 1711 4375 permaneat.

342 4421 404 4478 Ut
433 4422 574 4476 enim
616 4421 667 4476 in
699 4421 1025 4478 monasterio
1055 4434 1366 4490 permaneas
1381 4419 1621 4476 sollicite
1647 4419 1842 4475 admo-

275 4531 392 4584 neo,
434 4516 718 4571 multarum
747 4516 887 4571 enim
916 4516 1173 4571 societate
1200 4515 1447 4585 proﬁcies
1472 4531 1486 4580 ;
1517 4523 1572 4570 et
1618 4514 1842 4577 virtutes

274 4611 486 4664 aliarum
513 4608 744 4663 videndo
773 4608 878 4663 eris
910 4607 1056 4676 virgo
1082 4607 1360 4661 virtutum.
1396 4606 1464 4660 Et
1489 4607 1534 4661 si
1576 4606 1841 4662 interdum

276 4715 365 4773 pro
392 4702 650 4755 varietate
695 4699 1022 4754 voluntatum
1048 4699 1249 4753 oriatur
1276 4698 1517 4768 quaedam
1546 4711 1842 4767 congrega-

279 4786 401 4846 tioni
426 4792 684 4857 simultas,
712 4799 766 4846 et
786 4805 1165 4859 nonnunquam
1186 4791 1694 4845 murmurationibns
1720 4806 1840 4845 car-

279 4885 467 4938 nalium
519 4884 794 4938 tristentur
840 4882 1186 4953 spirituales,
1236 4896 1342 4936 non
1393 4890 1566 4936 tamen
1598 4882 1843 4946 jdeerunt

281 4991 399 5046 quas
429 4977 481 5031 in
511 4977 664 5033 bonis
693 4976 897 5031 actibus
926 4974 1170 5029 imiteris.
1203 4975 1270 5027 Et
1296 4981 1442 5029 certe
1471 4972 1697 5027 tolerare
1721 4987 1840 5026 car-

283 5069 435 5138 nales,
470 5071 704 5138 probatae
747 5070 956 5124 virtutis
983 5077 1067 5123 est
1091 5085 1104 5132 ;
1134 5067 1330 5122 imitari
1359 5081 1484 5122 vero
1512 5067 1836 5136 spirituales,

284 5166 383 5233 spei
408 5174 490 5220 est
520 5165 787 5218 maximze.
813 5163 1074 5219 Erudiunt
1093 5162 1336 5217 carnales
1361 5160 1718 5230 spiritualium
1749 5174 1842 5229 pa-

286 5255 532 5322 tientiam,
559 5263 613 5310 et
651 5255 779 5310 dant
823 5269 940 5324 quae
983 5263 1180 5308 sanctae
1226 5261 1350 5308 sunt
1379 5253 1636 5307 bonarum
1675 5251 1842 5306 docu-

286 5355 443 5402 menta
470 5349 760 5403 virtutum:
794 5363 856 5403 ac
897 5350 975 5402 sic
1021 5348 1212 5401 animae
1262 5346 1557 5415 proﬁcienti
1605 5353 1842 5414 utrmque

285 5448 393 5494 sunt
422 5441 599 5506 utiles,
627 5450 682 5496 et
704 5456 834 5508 quas
857 5440 1118 5510 patienter
1146 5439 1358 5504 tolerat,
1379 5447 1432 5493 et
1453 5451 1582 5507 quas
1608 5437 1843 5492 imitatur

285 5532 520 5587 suaviter.
555 5531 821 5598 Libenter,
867 5534 1037 5602 inquit
1072 5532 1372 5599 Apostolus,
1411 5531 1670 5586 sustinetis
1709 5531 1840 5584 insi-

288 5632 480 5692 ptentes,
513 5640 626 5676 cum
665 5625 775 5678 sitis
799 5625 1050 5691 sapientes
1079 5621 1166 5692 (II
1191 5624 1309 5679 Cor.
1342 5622 1438 5692 XI).
1466 5623 1528 5676 Et
1557 5623 1670 5691 ipse
1701 5621 1838 5676 idem

289 5714 398 5770 dicit
430 5734 441 5768 :
477 5715 679 5771 Debetis
704 5726 871 5769 autem
891 5731 976 5769 vos
1001 5716 1085 5785 qui
1113 5714 1362 5781 ﬁrmiores
1381 5715 1502 5768 estis
1523 5713 1841 5767 imbecillita-

291 5817 351 5866 tes
376 5810 693 5878 inﬁrmorum
736 5810 1003 5879 sustinere,
1036 5817 1081 5866 et
1112 5824 1214 5865 non
1239 5808 1378 5866 vobis
1416 5807 1632 5878 placere.
1665 5806 1840 5864 Unus-

1767 329 2039 390 REGULA
2051 370 2066 385 .

1859 451 1914 511 Α
1937 447 2148 516 quisque
2173 453 2344 499 autem
2370 445 2604 514 proximo
2630 461 2725 500 suo
2753 444 2954 516 placeat
2994 445 3050 500 in
3079 444 3269 500 bonum
3292 443 3360 498 atl
3383 445 3514 499 tedi-

3405 329 3512 386 890

1937 537 2224 606 ﬁcationem
2257 535 2432 597 (Rom.
2467 537 2578 602 xv).
2606 537 2720 592 Non
2751 537 2893 593 enim
2923 546 2976 593 te
3022 536 3313 591 carnalium
3361 550 3517 591 sean-

1938 627 2171 682 dalizent
2192 629 2638 684 murmurationes
2656 646 2669 694 ;
2690 629 2782 684 sed
2805 631 3110 684 consoletur
3124 629 3514 698 proﬁcientium

1936 721 2074 787 vita;
2102 731 2155 776 et
2183 736 2302 790 quae
2335 721 2508 776 nescis
2554 732 2807 792 quantum
2846 722 3144 785 demoreris
3191 721 3244 776 in
3291 720 3516 787 saeculo,

1937 813 2100 872 debes
2127 828 2248 871 esse
2275 815 2482 886 patiens
2509 830 2603 884 pro
2628 816 2860 870 caelestis
2889 816 3075 885 gloria:
3102 815 3266 871 dono.

2521 900 2748 963 CAPUT
2776 908 2936 963 XVII.

2291 996 2526 1064 Qualiter
2553 999 2906 1069 vita-fugiatur
2935 1001 3150 1069 privata.

2013 1088 2156 1159 Fuge
2187 1104 2369 1160 quzeso
2399 1075 2654 1160 privatam
2685 1096 2878 1158 vitam;
2909 1107 3006 1147 nec
3037 1091 3166 1147 velis
3197 1091 3392 1146 imitari
3423 1106 3516 1147 eas

1941 1181 2172 1250 virgines
2201 1196 2319 1250 qua:
2363 1182 2414 1235 in
2471 1181 2692 1237 urbibus
2741 1198 2836 1250 per
2874 1182 3094 1237 cellulas
3137 1182 3515 1237 demorantur:

1940 1286 2074 1341 quas
2105 1272 2414 1327 multimoda
2440 1286 2567 1327 cura
2594 1273 2945 1342 constringit;
2974 1275 3116 1343 prius
3139 1273 3382 1344 placendi
3411 1286 3514 1326 sar.-

1941 1366 2082 1430 culo,
2113 1381 2181 1420 ne
2207 1365 2349 1420 foedo
2375 1366 2634 1435 prodeant
2654 1367 2881 1431 amictu;
2909 1376 2961 1422 et
2988 1367 3277 1422 domestica
3300 1379 3518 1435 oppres-

1943 1473 2017 1513 sae
2063 1459 2440 1521 sollicitudine,
2485 1458 2608 1513 dum
2657 1473 2754 1527 pro
2800 1458 2922 1514 vita:
2967 1459 3206 1514 subsidio
3251 1466 3518 1527 satagunt,

1945 1550 2121 1603 minus
2147 1564 2264 1617 quae
2292 1548 2358 1602 ad
2404 1550 2568 1603 Deum
2619 1550 2885 1618 pertinent
2936 1559 3202 1618 quaerunt.
3252 1549 3517 1605 Privatam

1944 1639 2088 1693 enim
2127 1637 2290 1694 vitam
2336 1639 2402 1693 de
2440 1653 2538 1692 usu
2584 1639 2856 1708 gentilium
2900 1641 3058 1694 traxit
3088 1639 3355 1704 Ecclesia,
3388 1654 3522 1709 quos

1947 1729 2071 1783 dum
2113 1743 2216 1790 non
2249 1730 2539 1799 quiverunt
2567 1731 2796 1798 apostoli
2847 1730 2913 1785 ad
2960 1745 3198 1785 normam
3242 1745 3352 1785 suae
3399 1730 3522 1784 vita:

2274 1820 2526 1876 Ecclesiae
2548 1821 2779 1878 venienti
2808 1837 2870 1876 ex
2898 1822 3142 1891 gentibus
3164 1823 3522 1890 permiserunt

1944 1913 2154 1983 private
2184 1913 2398 1981 vivere,
2441 1914 2776 1985 propriisque
2801 1916 2960 1970 rebus
2987 1916 3083 1970 uti.
3128 1914 3386 1970 Caeterum
3431 1914 3523 1985 qui

1941 2003 2042 2058 sub
2085 2003 2338 2074 apostolis
2366 2004 2708 2060 crediderunt
2737 2021 2800 2060 ex
2835 2007 3089 2068 Hebrteis.
3123 2009 3367 2064 eamdem
3393 2024 3520 2064 nor-

1941 2109 2115 2157 mam.
2147 2112 2303 2163 quam
2353 2113 2494 2151 nunc
2541 2101 3107 2168 tenent'monasteria,
3153 2113 3524 2163 servaverunt.

1946 2187 2137 2255 Quaere
2162 2189 2300 2260 quod
2327 2190 2584 2260 legiturgin
2610 2194 2830 2247 Actibus
2852 2196 3238 2262 apostolorum,
3265 2208 3316 2250 et
3341 2212 3525 2254 verum

1943 2283 2234 2353 essequod
2280 2284 2401 2340 dico
2440 2285 2731 2355 probabis:
2767 2284 3137 2356 Multitudinis,
3183 2292 3372 2360 inquit,
3420 2306 3524 2345 cre-

1942 2378 2166 2431 dentium
2195 2387 2303 2432 erat
2328 2395 2414 2431 cor
2445 2395 2622 2445 unum,
2665 2389 2710 2434 et
2742 2381 2916 2434 anima
2945 2399 3066 2438 una.
3103 2382 3213 2436 Nec
3255 2385 3471 2452 quisque
3494 2401 3525 2434 n

1942 2485 2117 2523 eorum
2146 2485 2260 2539 quw
2291 2470 2603 2540 possidebat,
2634 2487 2784 2525 suum
2827 2473 3022 2542 aliquid
3046 2490 3155 2527 esse
3184 2475 3412 2538 dicebat,
3437 2473 3523 2528 sed

1941 2568 2184 2632 quotquot
2208 2577 2519 2629 possessores
2547 2579 2787 2631 agrorum
2815 2573 2985 2630 erant,
3011 2563 3307 2629 vendebant,
3334 2574 3382 2618 et
3412 2579 3524 2633 pre-

1945 2655 2015 2706 tia
2039 2670 2215 2708 eorum
2241 2654 2492 2724 ponebant
2535 2663 2653 2708 ante
2695 2656 2844 2727 pedes
2874 2659 3245 2724 apostolorum,
3277 2666 3323 2712 et
3353 2658 3524 2712 distri-

1942 2746 2188 2800 buebatur
2233 2758 2382 2814 prout
2425 2749 2694 2816 unicuique
2733 2765 2860 2818 opus
2904 2759 3011 2803 erat
3058 2749 3195 2822 (Act.
3237 2750 3330 2820 tv).
3369 2750 3524 2816 Vide,

1945 2839 2083 2909 quod
2115 2839 2354 2896 viventes
2382 2839 2432 2894 in
2459 2843 2783 2896 monasterio
2813 2841 3132 2911 regulariter
3160 2842 3522 2912 apostolorum

1944 2939 2160 2986 teneant
2192 2931 2388 2996 vitam;
2425 2947 2524 2986 nec
2553 2932 2799 2988 dubitent
2839 2947 3022 2989 eorum
3070 2932 3522 3003 assequi'merita,

1945 3039 2170 3094 quorum
2201 3023 2476 3078 imitantur
2506 3024 2772 3095 exempla.

2512 3135 2736 3191 CAPUT
2775 3134 2959 3191 XVIII.

1865 3191 1912 3255 Ο
2017 3226 2102 3281 Ne
2131 3226 2386 3296 peculiare
2430 3227 2571 3296 virgo
2599 3227 2654 3280 in
2684 3228 2992 3282 monasterio
3022 3227 3145 3297 quid
3175 3227 3448 3296 possideat.

2015 3320 2313 3388 Peculiare,
2338 3319 2477 3389 quod
2524 3320 2576 3373 in
2607 3319 2863 3375 cmnobiis
2909 3335 3005 3390 pro
3049 3334 3240 3391 magno
3296 3320 3524 3376 habetur

1943 3413 2188 3478 crimine,
2218 3419 2276 3466 tu
2307 3425 2402 3480 pro
2427 3411 2614 3482 grandi
2642 3412 2763 3466 vitae
2807 3412 3140 3482 contagione.
3178 3412 3514 3468 Adulterium

1943 3521 2091 3566 cer-te
2116 3517 2217 3574 est,
2246 3510 2366 3579 quia
2390 3509 2736 3564 conscientize
2764 3509 3120 3579 integritatem
3151 3515 3418 3576 usurpatae
3444 3507 3524 3563 rei

1942 3604 2207 3674 pravitate
2255 3603 2504 3658 maculat.
2537 3602 2684 3657 Furti
2726 3602 2929 3658 crimen
2958 3611 3077 3668 est;
3106 3602 3356 3670 quoniam
3397 3600 3525 3657 dum

1943 3696 2122 3751 omnia
2148 3711 2266 3765 qua:
2305 3695 2565 3750 habentur
2612 3695 2663 3748 in
2714 3694 3062 3757 monasterio,
3109 3692 3358 3748 omnibus
3400 3699 3525 3748 sunt

1943 3787 2266 3851 communia,
2310 3786 2506 3841 habere
2533 3799 2637 3839 una
2683 3785 2908 3840 latenter
2954 3784 3247 3854 praesumit,
3292 3783 3435 3852 quod
3487 3797 3520 3838 a

1945 3877 2159 3932 caneris
2188 3877 2485 3946 ignoratur,
2517 3885 2571 3930 et
2590 3875 2732 3930 aliud
2763 3874 2974 3944 publice
3001 3888 3122 3929 cum
3154 3873 3400 3928 omnibus
3424 3873 3526 3927 uti-

1944 3976 2054 4035 tur,
2076 3967 2217 4022 aliud
2242 3967 2432 4021 furtive
2453 3965 2749 4021 abscondit.
2777 3965 2944 4022 Fraus
2970 3974 3054 4020 est
3074 3963 3374 4030 manifesta,
3401 3963 3525 4032 quia

1943 4077 2050 4118 non
2081 4061 2293 4130 reponit
2321 4060 2373 4114 in
2401 4073 2684 4116 commune
2709 4058 2850 4129 quod
2872 4057 3129 4128 possidet,
3157 4056 3250 4112 sed
3279 4057 3523 4126 exiguam

1944 4153 2263 4222 parvitatem
2298 4151 2543 4219 privatim
2582 4152 2808 4206 occultat
2845 4149 3052 4204 fraude.
3084 4147 3258 4205 Unum
3297 4148 3524 4216 crimen,

1943 4245 2038 4301 sed
2076 4245 2222 4314 plura
2249 4242 2512 4314 contagia.
2545 4241 2728 4297 Tantae
2757 4241 3006 4310 nequitiae
3036 4240 3233 4295 malum
3263 4238 3409 4295 velut
3435 4253 3525 4307 ge-

1943 4337 2134 4393 hennze
2162 4335 2300 4392 evita
2331 4334 2702 4405 praecipitium,
2736 4342 2790 4389 et
2825 4334 2976 4404 quasi
3008 4333 3108 4387 iter
3152 4345 3284 4386 cave
3325 4332 3526 4386 ducens

1944 4429 2010 4484 ad
2058 4430 2338 4484 internum.
2395 4427 2520 4483 Inde
2566 4441 2733 4498 usque
2778 4425 2843 4507 ad
2888 4426 3083 4480 malum
3125 4423 3441 4493 proditionis
3470 4430 3526 4476 et

1948 4522 2161 4578 Domini
2189 4522 2526 4578 traditionem
2558 4520 2721 4576 Judas
2749 4519 2956 4589 erupit,
2987 4517 3130 4588 quod
3157 4515 3282 4571 furti
3321 4515 3526 4570 crimen

1949 4622 2148 4670 tractus
2193 4612 2483 4680 cupiditate
2525 4608 2809 4664 commisit.
2860 4607 3096 4672 Denique
3137 4619 3256 4662 cum
3305 4603 3526 4659 haberet

1949 4723 2070 4765 cum
2097 4704 2355 4775 apostolis
2382 4701 2632 4772 quidquid
2661 4699 2763 4754 illis
2788 4707 2928 4752 esset
2958 4711 3262 4756 commune.
3295 4710 3398 4751 non
3431 4694 3526 4749 fuit

1946 4809 2232 4856 contentus
2264 4794 2658 4850 communionis
2694 4791 3035 4847 sufﬁcientia.
3067 4790 3174 4846 Sed
3223 4789 3349 4859 quid
3397 4788 3526 4845 dicit

1944 4891 2012 4946 de
2043 4905 2108 4945 eo
2139 4885 2514 4957 Evangelium'l
2545 4883 2658 4938 Fur
2703 4890 2830 4947 erat,
2876 4892 2924 4937 et
2969 4882 3161 4937 loculos
3204 4881 3413 4944 habens,
3463 4897 3524 4935 ea

1941 4996 2056 5052 quis
2083 4982 2409 5035 mittebantur
2435 4977 2664 5047 portabat
2690 4975 2869 5049 (Joan.
2899 4975 3016 5047 xu).
3046 4974 3152 5031 Nec
3173 4990 3277 5030 non
3302 4974 3522 5029 Ananiae

1944 5082 1998 5129 et
2023 5072 2264 5140 Saphira:
2291 5069 2532 5139 exempla
2564 5069 2739 5124 recole
2766 5085 2779 5134 ;
2811 5069 2902 5138 qui
2943 5066 3226 5123 offerentes
3258 5066 3517 5136 Apostolo

1946 5177 2150 5238 partem
2165 5165 2340 5234 pretii,
2365 5173 2566 5232 partem
2593 5178 2721 5218 vero
2741 5163 2996 5228 celantes,
3019 5161 3265 5231 praesenti
3292 5170 3415 5214 sunt
3436 5159 3520 5214 iu-

1947 5260 2086 5315 dicio
2113 5257 2351 5326 damnati
2393 5255 2536 5326 (Aet.
2569 5254 2632 5326 v)
2659 5272 2672 5321 ;
2701 5263 2754 5309 et
2801 5268 2900 5324 pro
2943 5263 3145 5308 terrore
3186 5251 3517 5320 sequentium

1948 5365 2053 5406 non
2083 5357 2168 5406 est
2195 5347 2354 5403 dilata
2387 5347 2633 5402 facinoris
2673 5346 2822 5400 ultio.
2855 5346 2986 5413 Quae
3010 5351 3188 5399 autem
3215 5357 3243 5396 a
3273 5356 3522 5398 commu-

1949 5444 2108 5499 nione
2133 5442 2442 5497 monasterii
2472 5443 2675 5511 privata
2703 5440 3015 5503 secernitur,
3048 5452 3268 5493 necesse
3293 5445 3374 5492 est
3404 5445 3461 5491 ut
3488 5452 3517 5490 a

1948 5536 2184 5591 caelestis
2215 5535 2335 5588 vita:
2373 5534 2644 5593 consortio
2686 5538 2982 5600 separetur.
3015 5528 3281 5598 Quidquid
3329 5543 3517 5602 manus

1948 5636 2033 5682 tua
2066 5627 2328 5696 attigerit,
2358 5624 2555 5694 seniori
2586 5622 2840 5684 ostende;
2873 5621 2924 5678 in
2964 5633 3247 5674 commune
3294 5633 3513 5687 repone.

1947 5719 2063 5774 Noli
2093 5721 2375 5789 quidquam
2419 5723 2780 5783 transportare
2821 5727 3084 5777 seorsum,
3125 5713 3248 5783 quia
3292 5713 3512 5770 nimium

1947 5809 2099 5868 iudx
2126 5811 2408 5882 proditoris
2437 5807 2675 5882 exempla
2705 5805 2938 5862 cavenda
2963 5816 3108 5876 sunt.
