4042 6348
605 314 704 374 891

1197 423 1426 492 CAPUT
1458 423 1601 487 XIX.

1031 553 1113 610 Ne
1136 555 1278 624 virgo
1293 551 1473 620 jurarc
1498 545 1695 602 debeat.

676 669 954 739 Nunquam
981 666 1197 734 jurare,
1243 659 1339 716 sed
1370 672 1581 728 semper
1608 669 1794 712 verum
1835 652 2036 718 dicere,
2068 651 2184 720 pari

606 763 832 818 observa
870 758 1070 815 studio.
1119 755 1251 810 Nam
1294 753 1432 807 sicut
1481 748 1782 806 carnalibus
1835 761 1931 814 pro
1981 752 2185 799 terrore

607 854 805 910 fraudis
826 854 1005 922 jurare
1033 848 1347 916 permissum
1390 852 1490 905 est,
1516 842 1593 897 sic
1620 839 1883 910 prohibita
1927 847 2048 892 sunt
2075 837 2187 907 spi-

606 947 901 1009 ritualibus,
936 944 1094 998 etiam
1122 941 1248 996 dum
1278 937 1378 993 sibi
1407 938 1542 992 bene
1569 935 1770 992 conscii
1814 941 1970 998 sunt,
2001 946 2182 986 sacra-

608 1048 805 1094 menta.
835 1036 938 1102 Sit,
974 1035 1161 1104 inquit,
1190 1048 1355 1089 sermo
1382 1032 1559 1095 vester,
1595 1028 1711 1096 Est,
1739 1038 1842 1094 cst;
1873 1027 2018 1093 Non,
2049 1043 2184 1093 non;

605 1129 740 1200 quod
763 1140 933 1182 autem
963 1129 1079 1194 plus
1106 1135 1177 1180 cst
1199 1166 1213 1191 ,
1245 1142 1276 1178 ει
1303 1125 1439 1178 malo
1459 1133 1530 1177 est
1559 1121 1698 1193 (Jac.
1730 1121 1809 1190 v).
1842 1118 1985 1175 Cave
2010 1119 2185 1187 itaque

603 1221 784 1290 jurare
814 1219 866 1274 in
898 1219 1038 1274 bono
1059 1261 1074 1285 ,
1102 1217 1220 1286 quia
1246 1217 1316 1271 de
1345 1216 1486 1269 malo
1515 1224 1613 1269 est.
1651 1214 1715 1266 Et
1745 1221 2023 1281 propterea
2054 1211 2184 1265 dici-

608 1322 692 1366 tur
722 1325 840 1366 esse
865 1323 895 1364 a
924 1308 1083 1372 malo,
1115 1323 1181 1362 eo
1211 1306 1348 1375 quod
1377 1304 1592 1374 jurandi
1637 1305 1931 1360 necessitas
1970 1319 2033 1357 ex
2063 1302 2183 1356 infi-

608 1403 714 1459 deli
739 1402 809 1460 sit
845 1399 1194 1457 conscientia.
1227 1399 1354 1468 Ejus
1378 1408 1554 1452 autem
1589 1395 1819 1451 hominis
1845 1395 2058 1464 jurandi
2085 1409 2184 1448 ex-

612 1502 890 1564 torquetur
919 1493 1238 1556 necessitas,
1270 1491 1422 1557 cujus
1449 1488 1580 1545 fides
1608 1498 1784 1544 manet
1813 1490 1862 1541 in
1889 1487 2070 1541 dubio.
2102 1486 2182 1540 Tu

606 1602 762 1654 vero,
780 1601 898 1655 qua:
915 1585 1308 1652 simplicitatem
1331 1583 1508 1637 cordis
1528 1581 1693 1636 debes
1705 1580 1986 1635 ostendere
2005 1578 2178 1645 labiis,

606 1693 704 1736 cur
744 1689 797 1734 te
840 1687 1136 1745 spontaneo
1166 1675 1354 1743 alliges
1380 1673 1756 1728 sacramento?
1780 1671 1930 1726 Tolle
1969 1669 2181 1738 jurandi

608 1785 762 1827 usam
797 1770 850 1824 in
883 1770 1042 1833 bono,
1074 1775 1127 1822 et
1157 1783 1260 1822 non
1295 1765 1587 1835 perjurabis
1632 1764 1684 1818 in
1728 1764 1889 1818 malo.
1939 1762 2182 1831 Loquere

608 1862 884 1916 veritatem
915 1875 980 1916 ex
1011 1859 1195 1925 corde,
1226 1866 1281 1912 et
1305 1857 1476 1912 aberit
1490 1855 1706 1924 jurandi
1738 1854 2051 1909 necessitas.
2081 1853 2182 1908 Le-

605 1953 778 2022 gimus
807 1954 949 2006 enim
979 1967 994 2007 :
1029 1949 1110 2004 Ne
1147 1965 1408 2003 assuescas
1426 1948 1698 2019 juratiom’,
1746 1963 1987 2017 quoniam
2032 1947 2183 2000 multi

606 2057 754 2097 casus
774 2041 829 2096 in
849 2041 940 2095 illa
964 2034 1132 2114 (Eccl.
1163 2041 1310 2106 xxv).

1196 2128 1417 2187 CAPUT
1461 2129 1572 2189 XX.

882 2227 965 2283 Nc
1001 2233 1113 2282 sola
1151 2228 1291 2297 virgo
1331 2240 1446 2278 cum
1484 2225 1596 2278 sola
1631 2223 1890 2292 loquatur.

672 2339 794 2395 Noli
820 2354 1094 2395 assumere
1141 2353 1298 2392 unam
1343 2338 1594 2404 loquendi
1645 2333 2076 2398 familiaritatem,
2125 2339 2183 2387 et

601 2433 872 2489 declinare
899 2433 1055 2486 alias.
1086 2430 1190 2486 Sed
1215 2431 1356 2499 quod
1383 2429 1521 2483 scire
1549 2426 1640 2480 uni
1671 2426 1802 2480 utile
1843 2436 1942 2489 est,
1986 2426 2183 2479 sciatur

603 2522 673 2575 ab
701 2521 966 2575 omnibus.
999 2520 1134 2574 Audi
1169 2517 1452 2572 Dominum
1494 2514 1618 2583 quid
1661 2516 1804 2567 dicat
1832 2531 1843 2565 :
1876 2513 2024 2578 Quod
2069 2514 2182 2566 dico

603 2611 741 2665 vobis
760 2612 813 2665 in
839 2611 1075 2676 tenebris,
1105 2609 1259 2661 dicite
1279 2611 1332 2660 in
1355 2607 1573 2669 lumine;
1601 2606 1735 2677 quod
1759 2607 1810 2657 in
1831 2621 1952 2657 aure
1971 2605 2179 2666 auditis,

605 2703 880 2772 pradicate
907 2717 1056 2772 super
1083 2708 1212 2753 tecta
1260 2697 1478 2768 (Matth.
1505 2701 1657 2766 xvn).
1702 2697 1812 2750 Hoc
1851 2705 1953 2761 est,
1987 2697 2030 2748 si
2058 2694 2184 2764 quid

605 2794 752 2849 vobis
794 2795 846 2848 in
895 2803 1104 2849 secreto
1152 2793 1344 2848 mentis
1401 2790 1563 2846 fuerit
1619 2789 1953 2853 revelatum,
2012 2789 2182 2857 palam

604 2886 802 2941 dicite:
837 2897 890 2942 et
920 2887 1061 2956 quod
1085 2887 1249 2942 corde
1289 2883 1631 2953 concepistis,
1673 2882 1921 2940 omnibus
1962 2881 2183 2935 inanite-

606 2985 758 3032 state.
805 2977 860 3033 Si
907 2979 1101 3032 bonum
1129 2989 1208 3034 est
1235 2978 1373 3046 quod
1405 2977 1658 3045 loqueris,
1688 2992 1784 3030 cur
1824 2991 1927 3028 una
1979 2984 2179 3029 tantum

605 3077 657 3124 et
684 3086 787 3124 non
819 3085 1004 3125 omnes
1035 3070 1210 3138 potius
1235 3068 1623 3125 informentur?
1669 3069 1724 3124 Si
1757 3077 1909 3136 turpe
1937 3077 2038 3130 est,
2087 3081 2185 3120 nec

606 3163 858 3233 cogitare,
885 3179 982 3217 nec
1011 3162 1151 3231 loqui
1177 3161 1339 3216 debes

606 3249 716 3312 Non
739 3256 842 3320 jam
865 3254 931 3308 de
954 3255 1091 3308 bono
1107 3262 1207 3316 est,
1233 3254 1370 3322 quod
1390 3253 1729 3320 singulariter
1747 3251 1896 3320 virgo
1921 3251 2176 3320 loquitur.

607 3345 787 3400 Omnis
815 3346 946 3398 enim
972 3346 1056 3412 qui
1089 3343 1218 3397 male
1244 3345 1378 3413 agit,
1419 3345 1492 3396 ait
1535 3343 1790 3396 Dominus
1871 3345 1978 3395 odit
2020 3345 2182 3398 lucem

605 3439 784 3510 (Joan.
820 3440 920 3508 In).
966 3437 1112 3493 Unde
1155 3447 1208 3491 et
1256 3438 1343 3491 ille
1395 3435 1830 3505 philosophorum
1881 3437 2183 3504 prudentis-

605 3533 770 3587 simus
802 3530 932 3584 dixit
979 3546 989 3580 :
1038 3548 1055 3580 ι
1084 3529 1271 3583 Omnia
1314 3538 1456 3582 recte
1503 3526 1635 3580 ficta
1666 3528 1718 3580 in
1753 3528 1871 3582 luce
1908 3544 1967 3582 se
2003 3537 2183 3582 ainant

607 3620 877 3676 collocari.
906 3637 923 3670 ι
960 3618 1002 3673 0
1031 3618 1178 3687 virgo
1220 3618 1340 3671 ideo
1367 3617 1573 3671 occulte
1605 3617 1864 3686 loqueris,
1908 3619 2030 3685 quia
2075 3632 2179 3670 non

607 3723 687 3768 est
727 3713 866 3766 unde
913 3711 1121 3779 publice
1175 3710 1438 3780 glorieris.
1493 3709 1598 3763 Sed
1646 3710 1688 3762 si
1732 3724 1886 3762 aures
1910 3718 1963 3761 ct
2002 3710 2184 3762 oculos

608 3806 868 3860 humanos
917 3804 1094 3872 fallis,
1158 3803 1393 3872 nunquid
1448 3803 1541 3856 Dei
1594 3800 1949 3872 cognitionem
2003 3800 2186 3856 fallere

608 3899 841 3969 poteris?
866 3897 1089 3952 Pulchre
1111 3909 1163 3952 et
1183 3897 1460 3951 aliusaitrt
1492 3895 1642 3962 Quod
1663 3895 1737 3948 vis
1763 3895 1927 3947 Deum
1954 3895 2186 3962 nescire,

609 4004 709 4045 nec
748 3973 915 4060 agai,
964 4004 1060 4043 nec
1107 3990 1330 4059 cogites.
1362 4006 1380 4039 ι
1435 3987 1516 4042 Sit
1553 4001 1678 4055 ergo
1727 3984 1820 4038 tibi
1861 3986 2187 4039 conscientia

611 4084 862 4148 innocua,
897 4097 1075 4137 sermo
1114 4082 1246 4137 liber
1275 4097 1304 4136 a
1334 4081 1510 4151 culpa.
1533 4078 1853 4149 ReSpueuda
1884 4093 1985 4132 nec
2006 4077 2191 4133 audire

613 4181 688 4239 te,
741 4187 842 4228 nec
885 4174 1120 4243 cogitare
1157 4173 1418 4242 delectet;
1469 4173 1638 4228 multo
1683 4173 1858 4226 minus
1896 4169 2065 4239 loqui,
2107 4167 2191 4223 vel

611 4279 787 4336 agere.

1199 4352 1425 4408 CAPUT
1463 4350 1607 4406 XXI.

890 4464 971 4522 Nc
1003 4465 1121 4520 sctit
1156 4465 1298 4538 virgo
1333 4464 1516 4519 reuerti
1538 4465 1606 4516 ad
1644 4440 1906 4517 saccutum.

1490 309 1733 370 SANCTI
1776 305 2102 374 LEANDRI,
2143 301 2590 365 HISPALENSIS
2629 308 2935 368 EPISCOPI
2963 354 2982 382 ,

3783 315 3889 373 892.

2209 435 2263 494 Α
2291 435 2404 481 tare
2443 428 2743 492 voluisset,
2792 443 2898 481 non
2943 423 3069 483 inde
3116 415 3353 498 ejiceret.
3405 430 3513 487 Sed
3561 433 3689 501 quia
3753 438 3890 490 utile

2289 522 2560 586 pronosito
2599 528 2688 573 tuo
2734 517 2850 573 fore
2892 520 3192 589 prospexit,
3236 520 3372 576 bene
3415 521 3555 576 sicut
3604 524 3888 581 Abraham

2287 623 2318 662 a
2343 608 2626 680 Climldeis,
2662 619 2717 666 et
2742 619 2991 679 tanquam
3032 611 3167 666 Loth
3190 622 3240 665 te
3266 612 3528 668 abstraxit
3556 630 3584 667 a
3611 615 3888 673 Sodomis.

2290 700 2528 772 Denique
2571 719 2806 757 errorem
2837 719 3011 760 meum
3044 705 3159 774 ipse
3185 702 3378 770 fateor,
3423 722 3496 763 ne
3535 723 3890 766 communem

2288 806 2513 852 tnatrem
2543 813 2686 865 saepe
2712 799 3024 866 allocutum,
3066 813 3225 855 nosse
3271 801 3494 869 cupiens
3520 803 3569 858 si
3595 804 3767 859 vellet
3806 819 3890 859 re—

2295 888 2434 942 verti
2483 888 2551 942 ad
2601 891 2856 958 patriam;
2903 890 2992 944 illa
3031 900 3232 955 autem.
3264 907 3384 961 quae
3407 907 3468 948 se
3513 905 3746 949 noverat
3798 896 3888 951 Dei

2287 982 2574 1038 voluntate
2601 997 2758 1038 causa
2789 982 2914 1038 inde
2947 984 3133 1037 salutis
3171 982 3390 1048 exiisae,
3425 983 3532 1039 sub
3569 984 3756 1039 divina
3798 988 3887 1038 oli-

2287 1074 2565 1128 testatione
2593 1074 2821 1138 dicebat,
2855 1089 2954 1130 nec
2992 1075 3132 1129 velle
3172 1090 3233 1129 se
3271 1075 3473 1138 videre,
3506 1089 3613 1130 nec
3643 1091 3884 1142 unquam

2286 1165 2522 1219 visuram
2572 1167 2712 1220 illam
2756 1169 2982 1234 patriam
3017 1181 3157 1231 esse,
3196 1177 3396 1222 etcum
3420 1169 3640 1237 magnis
3670 1168 3887 1223 dicebat

2285 1256 2497 1313 ﬂetibus
2549 1276 2561 1310 ι
2613 1259 2970 1328 Peregrinatio
3020 1273 3105 1314 me
3153 1259 3317 1314 Deum
3374 1259 3503 1314 fecit
3551 1274 3887 1328 agnoscere,

2287 1352 2567 1420 peregrina
2597 1351 2798 1406 moriar
2824 1370 2838 1411 ;
2861 1361 2916 1406 et
2947 1351 3016 1406 ibi
3045 1352 3349 1420 sepulcrum
3383 1352 3641 1416 habeam,
3673 1354 3766 1406 ubi
3797 1356 3887 1407 Dei

2284 1440 2641 1510 cognitionem
2661 1441 2863 1509 accepi.
2904 1440 3064 1496 Teste
3082 1423 3206 1495 Jesu
3235 1441 3336 1495 hoc
3358 1441 3410 1495 in
3437 1441 3557 1510 ejus
3582 1444 3889 1510 experiisse

2294 1530 2578 1586 desideiiis
2626 1545 2832 1586 memor
2859 1545 3001 1594 simi,
3033 1540 3090 1584 ut
3114 1533 3320 1586 etiamsi
3362 1532 3453 1585 diu
3500 1533 3736 1596 viveret,
3800 1549 3888 1600 pa—

2287 1623 2441 1678 triam
2490 1623 2634 1678 illam
2667 1638 2773 1677 nou
2823 1624 3102 1679 reviseret.
3131 1622 3230 1687 Tu,
3265 1637 3472 1690 quaeso,
3523 1637 3684 1686 (save,
3730 1637 3886 1676 soror

2289 1716 2619 1784 Florentius,
2646 1717 2788 1785 quod
2817 1725 2986 1770 mater
3024 1714 3218 1779 timuit,
3260 1726 3314 1770 et
3354 1714 3553 1768 malum
3606 1716 3758 1784 quod
3805 1717 3880 1767 ius

2213 1804 2262 1863 Β
2289 1817 2507 1877 experta
2536 1808 2654 1872 fuit,
2703 1817 2755 1863 tu
2788 1808 3072 1876 prudenter
3112 1808 3274 1864 evita.
3301 1797 3554 1862 mserum
3585 1823 3678 1860 me
3702 1809 3877 1870 doleo,

2283 1901 2373 1969 qui
2415 1898 2611 1955 ibidem
2658 1914 2996 1956 communem
3052 1898 3270 1954 fratrem
3319 1899 3598 1952 transmisi
3650 1899 3878 1967 Fulgen-

2285 1992 2438 2056 tium,
2481 1991 2634 2058 cujus
2669 1990 2902 2059 pericula
2935 1989 3048 2059 jugi
3088 1989 3370 2045 formidine
3401 1990 3760 2056 pertimesco.
3780 1988 3880 2042 Ta.

2287 2085 2390 2138 tior
2429 2092 2604 2137 tamen
2652 2083 2772 2148 erit,
2815 2081 2860 2136 si
2903 2091 2956 2135 tu
3006 2081 3244 2137 securior
3289 2092 3344 2136 et
3395 2081 3598 2135 absens
3650 2096 3748 2149 pro
3795 2081 3878 2132 ilio

2282 2180 2544 2234 oraveris.
2572 2179 2642 2232 Ea
2675 2176 2796 2231 inde
2816 2187 2972 2231 :etate
2996 2179 3262 2232 abstracta
3291 2193 3365 2241 es,
3401 2188 3459 2232 ut
3483 2178 3569 2232 vel
3601 2180 3647 2232 si
3675 2178 3866 2232 ibidem

2284 2278 2409 2322 nata
2434 2269 2615 2336 fueris,
2644 2287 2749 2325 non
2781 2274 3106 2327 memineris.
3132 2273 3284 2327 Nulla
3310 2283 3392 2328 est
3417 2273 3738 2328 recordatio
3763 2288 3870 2340 qua

2285 2371 2497 2416 moveat
2524 2361 2802 2418 desideriis
2829 2366 3060 2422 animam
3084 2381 3100 2429 ;
3133 2376 3187 2421 et
3220 2366 3369 2419 beata
3394 2381 3476 2427 es,
3503 2379 3632 2434 quae
3667 2367 3872 2434 ignoras

2287 2452 2427 2519 quod
2449 2452 2656 2508 doleas.
2687 2457 2797 2524 Ego
2819 2465 2999 2511 tamen
3030 2467 3279 2524 expertus
3321 2458 3528 2525 loquor,
3580 2459 3664 2511 sic
3708 2460 3878 2526 perdi-

2288 2545 2435 2599 disse
2462 2554 2657 2600 statum
2688 2558 2742 2602 et
2770 2548 3004 2617 speciem
3035 2550 3177 2604 illam
3205 2547 3447 2614 patriam,
3494 2558 3554 2602 ut
3601 2563 3706 2602 nec
3754 2550 3876 2604 liber

2287 2637 2563 2704 quisquam
2592 2639 2642 2691 in
2667 2655 2726 2692 ea
2754 2641 3000 2708 supersit,
3028 2655 3126 2694 nec
3153 2651 3294 2694 terra
3317 2641 3430 2708 ipsa
3453 2640 3621 2694 solita
3645 2639 3718 2696 sit
3741 2642 3880 2696 uber-

2288 2741 2396 2787 tate
2424 2733 2670 2799 fccuntla,
2701 2747 2752 2790 et
2786 2751 2889 2788 non
2915 2736 3030 2790 sine
3057 2735 3151 2789 Dei
3167 2735 3386 2804 judicio.
3414 2734 3588 2790 Terra
3619 2737 3766 2789 enim
3794 2737 3876 2789 cui

2287 2826 2432 2880 cives
2453 2829 2617 2895 erepti
2643 2832 2786 2894 sunt,
2818 2839 2869 2882 et
2895 2829 3130 2883 concessi
3161 2838 3439 2893 extraneo,
3478 2844 3608 2882 Inoa
3635 2839 3694 2883 ut
3717 2830 3876 2899 digni-

2293 2928 2456 2974 tatem
2503 2920 2753 2988 perdidit.
2807 2920 2978 2974 caruit
3021 2931 3072 2973 et
3125 2920 3473 2975 fecunditate.
3519 2920 3684 2985 Vide,
3735 2937 3879 2975 srirer

2293 3010 2624 3075 Florentina,
2665 3012 2805 3079 quod
2831 3021 2882 3064 te
2912 3025 3112 3078 pavens
3155 3027 3494 3080 mmrensque
3535 3015 3875 3075 conveniam,

2289 3115 2358 3157 ne
2388 3113 2440 3157 te
2467 3116 2692 3171 serpens
2716 3102 2984 3171 praeripiat
3024 3118 3052 3156 ιι
3088 3105 3353 3173 paradiso,
3395 3115 3449 3158 et
3488 3105 3540 3158 in
3565 3119 3688 3158 eam
3724 3116 3876 3172 ponat

1348 3204 1368 3264 ’_
1388 3161 1525 3262 ‘1,“0“
1549 3161 1684 3264 finis
1712 3160 1990 3264 erimus?”
2023 3174 2178 3264 δέξω·
2209 3173 2258 3248 C
2292 3202 2486 3248 terram
2511 3209 2630 3262 qua:
2657 3195 2839 3262 spinas
2865 3203 2921 3248 et
2949 3194 3173 3248 tribulos
3205 3194 3492 3264 germinat,
3525 3197 3598 3249 de
3627 3210 3736 3264 qua
3771 3212 3880 3248 rar-

2285 3298 2403 3337 sun
2427 3283 2471 3336 si
2502 3284 2631 3337 velis
2662 3298 2874 3338 manum
2903 3284 3216 3349 extendere,
3247 3293 3303 3338 et
3338 3284 3542 3353 lignum
3578 3286 3696 3339 vita:
3722 3287 3876 3341 edes-

2285 3375 2411 3429 dutn
2457 3391 2750 3439 assumere,
2813 3391 2916 3430 non
2967 3377 3282 3444 permittatis
3329 3378 3620 3444 attingere.
3689 3377 3877 3430 Tutor

2285 3469 2428 3522 enim
2453 3479 2504 3523 te
2525 3484 2643 3523 cum
2670 3467 2955 3536 Propheta,
2981 3478 3034 3522 et
3055 3469 3270 3522 conscio
3290 3467 3416 3523 Jesu
3439 3468 3664 3524 Christo
3690 3470 3874 3523 admo~

2287 3575 2411 3624 nee,
2437 3561 2620 3615 dicens
2646 3560 2824 3620 :Audi.
2849 3561 2980 3629 ﬁlia,
3005 3572 3050 3614 et
3067 3562 3177 3614 vide
3199 3570 3279 3615 :ct
3303 3563 3493 3615 inclina
3513 3579 3701 3616 aurem
3722 3577 3874 3630 tm,

2287 3661 2337 3707 et
2361 3651 2658 3705 obliviscere
2679 3652 2923 3720 populum
2947 3659 3111 3714 tuum,
3145 3661 3190 3704 et
3218 3652 3427 3705 domum
3457 3655 3627 3721 patris
3647 3656 3746 3716 sui,
3770 3656 3876 3722 quis

2287 3744 2572 3809 concupivit
2604 3742 2712 3796 Rea:
2736 3743 2948 3806 speciem
2971 3750 3130 3806 tuam,
3159 3752 3206 3795 et
3229 3743 3333 3810 ipse
3353 3753 3427 3795 est
3451 3742 3712 3797 Dominus
3745 3744 3876 3796 Des:

2288 3844 2405 3887 tuus
2428 3833 2645 3896 (Psalm.
2674 3834 2834 3900 κων).
2866 3833 3028 3885 Nemo
3049 3833 3247 3886 mittens
3269 3850 3479 3886 manum
3510 3851 3665 3887 suam
3690 3838 3749 3886 in
3771 3852 3876 3886 arae

2290 3934 2444 3990 trum,
2474 3938 2520 3978 et
2538 3925 2806 3992 respiciens
2827 3935 2979 3988 retro,
3004 3934 3156 3992 aptus
3175 3936 3244 3979 est
3267 3941 3422 3995 regno
3463 3925 3557 3978 Dei
3594 3923 3752 3994 (Luc.
3785 3927 3874 3990 li).

2290 4015 2410 4071 Noli
2461 4019 2527 4070 ab
2566 4031 2628 4070 eo
2670 4016 2886 4070 evolare
2928 4016 3071 4080 nido,
3113 4016 3256 4085 quod
3297 4017 3498 4070 invenit
3541 4025 3748 4081 turtur,
3798 4019 3876 4071 ubi

2293 4116 2515 4178 reponat
2535 4107 2708 4177 pullos
2730 4121 2854 4161 suos
2879 4106 3104 4178 (Psalm.
3125 4109 3366 4173 Lxxxm).
3385 4108 3761 4176 Simplicitatis
3781 4111 3874 4162 tilia

2293 4215 2375 4265 es,
2402 4215 2519 4268 quae
2551 4207 2757 4251 turture
2781 4205 2950 4251 matre
2979 4207 3099 4250 nata
3124 4213 3200 4250 es.
3226 4197 3281 4250 ln
3305 4197 3489 4252 eadem
3515 4215 3618 4251 una
3653 4214 3872 4267 persona

2294 4288 2650 4360 complurium
2679 4287 3126 4343 necessitudinum
3159 4287 3323 4344 uteris
3360 4289 3560 4343 ofﬁcio.
3588 4289 3869 4345 Turturern

2296 4392 2397 4449 pro
2433 4390 2605 4433 matre
2653 4378 2886 4446 respice.
2916 4378 3197 4433 Turturum
3232 4393 3328 4445 pro
3357 4379 3612 4447 magiStra
3641 4383 3872 4445 attende,

2297 4481 2354 4526 et
2371 4485 2489 4540 qua:
2515 4480 2566 4524 te
2593 4469 2808 4523 Christo
2837 4468 3072 4538 quotidie
3098 4468 3377 4524 affectibus
3402 4479 3651 4538 generat,
3674 4473 3875 4526 clario-

680 4581 796 4638 Jam
845 4580 912 4636 ad
967 4587 1174 4649 portum
1223 4593 1412 4633 navem
1457 4575 1712 4632 orationis
1759 4576 2080 4645 dirigimus,
2139 4581 2193 4630 ct
2221 4565 2414 4629 Dm“
2446 4579 2545 4632 qua
2589 4571 2708 4616 "ala
2750 4577 2808 4618 es
2845 4573 3031 4631 reputa
3057 4570 3322 4617 matrem:
3351 4563 3421 4616 ab
3447 4563 3596 4617 omni
3631 4565 3872 4631 procella,

611 4691 830 4736 emenso
857 4676 1112 4730 dictorum
1145 4673 1332 4744 pelago
1361 4672 1416 4726 in
1446 4671 1625 4725 littore
1650 4670 1962 4738 quiescendi
1987 4669 2189 4723 anche-

613 4775 727 4827 rain
762 4769 1037 4838 ponimus,
1079 4765 1204 4821 ﬂatu
1237 4773 1414 4819 tamen
1443 4763 1720 4818 charitatis
1758 4773 1861 4815 tua:
1905 4760 2097 4813 iterum
2140 4761 2192 4814 in

613 4861 861 4918 ﬂuctibus
889 4860 1169 4916 verborum
1202 4857 1445 4912 revehor.
1497 4853 1573 4909 Te
1620 4867 1823 4922 quaeso,
1876 4865 2031 4907 soror
2075 4851 2194 4904 Flo-

615 4953 846 5017 rentina,
890 4967 983 5020 per
1020 4951 1226 5005 beatam
1255 4961 1462 5018 quoque
1501 4945 1817 5002 Trinitatem
1858 4949 2028 5000 unica:
2059 4944 2195 5000 divi-

617 5051 799 5105 nitatis
821 5048 1083 5110 obtestor,
1114 5056 1170 5099 ut
1199 5059 1317 5114 qua:
1343 5045 1409 5100 de
1439 5049 1580 5099 terra
1604 5052 1690 5097 tua
1715 5050 1769 5098 et
1794 5043 1862 5097 de
1881 5042 2223 5111 cognatione,

617 5154 703 5197 tua
730 5157 847 5196 cum
875 5137 1141 5195 Abraham
1181 5151 1391 5208 egressa
1421 5151 1500 5203 es,
1548 5149 1671 5192 cum
1715 5152 1882 5192 uxore
1913 5137 2046 5190 Loth
2090 5147 2194 5190 non

618 5235 872 5305 respicias
896 5241 1042 5288 retro
1066 5229 1222 5305 (Gen.
1247 5228 1396 5302 an);
1425 5243 1491 5285 ne
1511 5227 1763 5286 efficiaris
1790 5231 2033 5297 exemplo
2057 5230 2196 5283 malo

619 5329 994 5383 documentum
1038 5326 1265 5382 aliarum
1316 5326 1383 5380 ad
1429 5326 1646 5391 bonum,
1691 5335 1745 5380 et
1783 5339 1852 5379 nc
1896 5327 1949 5378 in
1991 5331 2041 5378 te
2079 5323 2200 5376 alia:

623 5421 834 5475 videant
863 5416 1003 5489 quod
1031 5418 1082 5473 in
1109 5423 1168 5474 se
1203 5425 1446 5474 caveant.
1489 5416 1578 5472 llla
1603 5405 1732 5471 vero
1769 5416 1889 5470 aliis
1933 5416 2069 5469 facta
2115 5423 2199 5468 est

619 5515 1018 5569 condimentum
1062 5513 1359 5593 sapienjitc,
1399 5510 1500 5572 sibi
1525 5525 1653 5565 vero
1693 5509 2035 5564 simulacrum
2066 5507 2198 5561 stul-

623 5609 774 5673 titim,
829 5605 932 5660 sibi
970 5604 1113 5661 enim
1166 5605 1348 5660 nocuit
1406 5602 1788 5666 malefactum,
1841 5600 1960 5654 aliis
2007 5598 2202 5664 profuit

625 5699 927 5766 exemplum
957 5699 1301 5753 contrarium.
1345 5695 1421 5752 Ne
1462 5705 1514 5752 te
1542 5710 1773 5764 unquam
1798 5693 1992 5748 reverti
2020 5692 2082 5744 ad
2111 5706 2203 5762 ge-

611 5789 791 5852 .nitale
812 5794 983 5858 solum
1012 5791 1260 5856 sollicitet
1281 5789 1563 5855 cogitatio;
1595 5788 1684 5843 ubi
1713 5787 1758 5842 si
1790 5796 1842 5842 te
1882 5785 2022 5841 Deus
2048 5783 2202 5840 babi-

2301 4657 2370 4711 ab
2401 4655 2548 4710 omni
2579 4657 2848 4712 mundano
2890 4655 3172 4710 turbine-in
3211 4655 3330 4724 ejus
3360 4662 3414 4710 te
3453 4656 3661 4710 sinibus
3691 4660 3873 4712 conde.

2303 4748 2386 4804 Sit
2413 4750 2508 4804 tibl
2534 4763 2699 4804 suave
2719 4750 2836 4817 ejus
2868 4749 3016 4802 lateri
3043 4748 3338 4803 adhaerere.
3363 4748 3443 4802 Sit
3472 4748 3568 4802 tibi
3595 4749 3756 4804 dulce
3777 4751 3876 4817 ejus

2302 4840 2560 4909 gremium
2586 4840 2694 4908 jam
2728 4848 3013 4908 provectae,
3062 4839 3203 4908 quod
3249 4847 3368 4891 erat
3407 4837 3595 4892 infanti
3642 4841 3876 4909 gratissi-

2302 4947 2471 4988 mum.
2496 4932 2774 4986 Postremo
2793 4931 3158 4986 charissimam
3190 4942 3239 4985 te
3262 4945 3569 4999 germanam
3591 4946 3802 4998 quaeso,
3831 4943 3879 4985 ut

2303 5028 2408 5082 mei
2460 5027 2663 5082 orando
2700 5025 3030 5090 memineris,
3079 5038 3178 5078 nec
3211 5024 3437 5091 junioris
3477 5024 3662 5078 fratris
3703 5024 3878 5079 lsidori

2303 5117 2638 5172 obliviscaris
2670 5131 2684 5169 :
2713 5129 2870 5184 quem
2912 5113 3036 5183 quia
3075 5115 3174 5169 sub
3203 5113 3292 5168 Dei
3319 5112 3562 5177 tuitione,
3620 5124 3675 5168 et
3726 5115 3880 5167 tribus

2302 5209 2571 5279 germanis
2593 5206 2966 5276 superstitibus
2998 5214 3246 5274 parentes
3286 5205 3619 5274 reliquerunt
3651 5219 3879 5259 commu-

2303 5312 2421 5362 nes,
2466 5297 2591 5361 laeti,
2623 5305 2678 5351 et
2712 5295 2780 5350 de
2817 5293 2934 5364 ejus
2968 5293 3097 5348 nihil
3121 5293 3465 5350 formidantes
3520 5294 3767 5356 infantia,
3823 5295 3880 5348 ad

2308 5388 2588 5445 Dominum
2612 5398 2996 5442 commearunt.
3020 5386 3188 5452 Quem
3218 5400 3336 5441 cum
3361 5401 3461 5456 ego
3487 5396 3546 5440 ut
3569 5400 3699 5440 vere
3729 5387 3878 5440 filiuni

2310 5479 2556 5546 habeam,
2601 5493 2701 5532 nec
2736 5477 3032 5546 temporale
3056 5475 3254 5546 aliquid
3280 5477 3398 5544 ejus
3417 5475 3664 5530 charitati
3690 5493 3879 5544 pram-

2307 5594 2457 5645 nam,
2479 5589 2636 5647 atque
2659 5578 2710 5631 in
2733 5577 2850 5646 ejus
2870 5591 3069 5647 pronus
3082 5576 3372 5632 dilectione
3387 5575 3724 5643 recumbam,
3750 5589 3881 5631 tanto

2310 5697 2430 5737 eum
2478 5680 2694 5735 cliarius
2732 5677 2913 5749 dilige,
2959 5685 3214 5746 tantoque
3239 5677 3422 5732 Jesum
3453 5689 3617 5732 exora
3651 5692 3750 5746 pro
3780 5679 3878 5741 illo,

2313 5792 2514 5855 quanto
2538 5782 2680 5838 nosti
2705 5794 2824 5838 eum
2869 5794 2900 5833 a
2938 5780 3245 5849 parentibus
3283 5779 3512 5836 terrenis
3552 5779 3721 5836 fuisse
3760 5781 3877 5836 dile-
