4042 6348
217 323 323 385 895
1272 330 1555 388 ΗΟΜΙΜΛ
1593 329 1660 388 IN
1699 330 1797 387 LA‘t

1887 331 1987 388 ΕΜ
2027 332 2408 392 Εαειεεω.
3376 337 3483 395 au

215 445 381 492 ctum.
428 436 620 496 Certus
661 453 776 494 sum
804 438 944 510 quod
976 439 1151 495 nectat
1183 454 1278 508 pro
1304 439 1457 495 nobis
1484 455 1640 495 aures
1660 439 1794 494 divi-
1817 449 1869 509 Α
1896 457 2114 506 corona,
2139 452 2192 499 et
2229 441 2536 498 exbortanti
2563 442 2811 499 Leandre
2850 445 3191 514 [tractabitur
3206 447 3393 516 venia;
3423 460 3483 508 et

215 544 311 617 nas
351 539 439 585 tua
480 531 751 602 virginalis
794 532 987 587 oratio.
1028 530 1096 587 Et
1141 531 1188 587 si
1238 541 1446 601 pactum
1490 532 1630 603 quod
1671 546 1795 587 cum
1898 532 2407 603 si‘perseveraveris
2432 549 2600 606 usque
2621 535 2675 591 in
2697 534 2881 604 linem,
2931 537 3077 594 salva
3104 540 3232 594 eris.
3283 542 3480 599 Amen.

215 621 435 679 Christo
463 625 708 697 pepigisti
736 627 1056 694 servaveris,
1081 626 1216 682 bene
1243 626 1421 698 agenti
1450 628 1541 681 tibi
1572 626 1798 683 debetur

213 750 3479 803 Μ

854 853 1289 917 BEATORUM
1340 848 1729 929 LEANDRI,
1770 854 2061 918 lSlDORl
2108 857 2208 917 ET
2254 857 2807 920 FLORENTlN/E.

1645 977 2029 995 ψ

206 1035 353 1091 Crux
382 1036 497 1092 nec
519 1036 658 1091 alma
685 1036 823 1104 gerit
844 1045 1152 1094 sanctorum
1172 1053 1398 1109 corpora
1428 1038 1679 1107 "atrum,

207 1127 439 1183 [mntiri
463 1120 757 1198 lsidorique
776 1131 984 1201 pio‘rutn
1003 1145 1071 1187 ex
1093 1131 1285 1187 ordine
1304 1136 1505 1188 vatum.

209 1218 388 1275 Tertia
414 1219 715 1277 Florentina
736 1236 891 1278 soror
911 1223 1099 1279 devota
1122 1226 1374 1294 perennis

204 1308 281 1368 Et
304 1312 467 1380 posita
488 1312 764 1369 amborum
781 1320 1002 1373 consors
1023 1316 1101 1371 sic
1121 1316 1278 1386 digna
1303 1316 1550 1387 quiescit.

211 1404 451 1461 Isidorus
480 1406 655 1462 medio
671 1407 925 1480 disiungit
952 1409 1188 1464 metnbra
1213 1410 1463 1466 duorum.

110 1563 123 1573 κ
204 1490 277 1552 Hi
307 1497 490 1565 quales
508 1497 707 1554 fuerint
744 1499 896 1555 libris
926 1501 1197 1569 inquirite,
1230 1502 1415 1566 lector,

203 1582 281 1645 Et
305 1577 567 1659 cognosce
593 1590 711 1647 illos
736 1592 872 1647 bene
891 1601 1082 1648 cuncta
1104 1590 1273 1649 fuisse
1294 1593 1522 1661 locutos,

1898 1042 2158 1115 Dogmata
2184 1052 2490 1100 sanctorum
2520 1060 2749 1101 cernens
2772 1049 3008 1104 crevisse
3028 1049 3213 1107 ﬁdeles

1894 1133 2119 1190 Eterno
2139 1134 2387 1203 Domino,
2410 1152 2543 1207 quos
2564 1138 2723 1208 impia
2746 1137 2868 1210 jura
2899 1142 3171 1197 tenebant.

1898 1224 2070 1297 thue
2090 1228 2230 1283 viros
2255 1230 2445 1285 credas
2465 1231 2720 1287 sublimes
2744 1232 2923 1287 vivere
2942 1249 3160 1304 semper

1892 1320 2174 1388 Aspicietts
2195 1335 2409 1376 sursum
2433 1322 2604 1392 pictos
2625 1325 2889 1380 contende
2909 1326 3111 1381 videre.

1898 1409 2034 1466 Obiit
2074 1412 2237 1483 felicis
2272 1414 2529 1468 memoria
2565 1413 2799 1468 Leander
2835 1417 3102 1487 episcopus
3129 1418 3210 1473 die
3238 1417 3330 1474 Ill
3358 1418 3471 1475 Ka-

2263 1506 2401 1563 lend.
2447 1508 2685 1577 Martias,
2725 1520 2831 1565 (cra
2870 1509 3111 1567 DCXL].

207 1746 3476 1796 Μ

644 1884 1031 1959 SANCTI
1083 1880 1573 1961 LEANDBI
1610 1930 1640 1972 ι,
1700 1878 2415 1962 HISPALENSIS
2471 1892 2963 1968 EPISCOPI
2994 1930 3023 1972 θ

318 1966 1140 2187 ’ΞΙΟΜΙΙΑΑ
1234 2060 1399 2183 1N
1508 1966 1797 2181 L'At

1892 2060 2266 2183 DEM
2361 1966 3487 2288 ΕρρῑλΕςΙλίιιῑγΓ

517 2289 607 2353 0b
643 2293 1107 2355 conversionem
1149 2291 1353 2371 gentis
1383 2334 1401 2366 ,
1428 2298 1577 2371 post
1608 2290 1941 2353 concilium
1972 2299 2030 2352 et
2059 2295 2590 2373 conﬁrmationem
2625 2318 2934 2363 canonum
2980 2302 3148 2365 edita

600 2414 607 2419 '
1524 2412 1697 2475 (Mansi
1721 2412 1903 2465 Concil.
1928 2413 2158 2478 Collect.)

278 2588 637 2645 Festivitatem
677 2586 812 2644 hanc
840 2587 1076 2644 omnium
1106 2600 1227 2644 esse
1273 2590 1651 2644 solemniorem
1702 2591 1781 2643 le-
1814 2593 1865 2654 Β
1890 2592 1983 2646 Dei
2017 2593 2284 2660 paradiso,
2335 2594 2436 2648 hoc
2485 2601 2590 2660 est,
2622 2602 2772 2649 extra
2818 2594 3133 2650 catholicam
3183 2597 3475 2655 Ecclesiam

190 2680 534 2746 stivitatem,
587 2679 793 2734 novitas
841 2680 953 2749 ipsa
1009 2680 1294 2749 signiﬁcat.
1345 2682 1605 2747 Quoniam
1654 2681 1794 2735 sicut
1895 2685 2229 2752 nutriuntur;
2260 2696 2314 2740 et
2362 2686 2465 2741 hoc
2493 2701 2598 2741 non
2654 2685 2854 2741 lectura
2888 2687 3236 2760 [conjectura]
3286 2705 3476 2746 sensus

190 2785 341 2827 nova
372 2778 455 2825 est
479 2770 756 2824 conversio
800 2781 1062 2826 tantarum
1112 2772 1339 2841 plebium
1371 2788 1552 2837 causa,
1604 2782 1659 2827 et
1688 2788 1789 2828 uo-

188 2863 398 2923 biliora
450 2873 576 2918 sunt
625 2863 785 2917 solito
834 2863 1086 2919 Ecclesia:
1132 2866 1373 2935 gaudia:
1421 2880 1543 2920 nam
1594 2868 1790 2922 multas

186 2955 578 3015 soletnnitates
609 2970 703 3022 per
730 2955 853 3010 anni
901 2957 1198 3011 discursum
1243 2958 1478 3013 celebrat
1525 2957 1785 3025 Ecclesia,

192 3048 258 3107 in
297 3048 492 3119 quibus
532 3046 741 3102 tametsi
766 3046 929 3103 habet
956 3048 1145 3118 gaudia
1176 3058 1451 3115 consueta,
1482 3064 1619 3105 nova
1660 3065 1789 3105 vero

190 3141 338 3200 sicut
366 3142 419 3197 in
445 3141 545 3198 bac
569 3156 673 3196 non
714 3141 895 3196 habet.
928 3140 1100 3197 Aliter
1143 3142 1285 3196 enim
1313 3142 1509 3211 gaudet
1533 3142 1603 3197 de
1629 3144 1787 3198 rebus

205 3250 421 3305 semper
450 3236 731 3305 possessis.
780 3234 934 3289 aliter
957 3234 1024 3289 de
1054 3233 1215 3288 lucris
1256 3236 1464 3305 magnis
1514 3234 1594 3288 his
1619 3250 1788 3304 nuper

200 3328 458 3385 inventis.
492 3328 595 3383 Pro
618 3342 722 3399 qua
749 3343 808 3383 re
832 3338 885 3383 et
912 3342 1011 3381 nos
1053 3327 1348 3398 majoribus
1373 3327 1582 3397 gaudiis
1609 3330 1788 3383 eleva—

203 3434 343 3485 mur,
375 3422 497 3490 quia
522 3429 741 3489 repente
767 3434 934 3473 novos
965 3418 1257 3474 Ecclesiam
1295 3420 1590 3488 parturissc
1619 3434 1788 3490 popu-

199 3512 287 3569 los
314 3513 620 3579 intuemur;
674 3522 727 3567 et
753 3528 980 3583 quorum
1017 3512 1362 3581 asperitatem
1399 3513 1666 3581 quondam
1695 3527 1788 3582 ge-

192 3603 500 3670 tnebamns,
528 3603 612 3659 de
664 3618 851 3659 eorum
910 3618 1052 3659 nunc
1106 3605 1403 3673 gaudemus
1445 3604 1783 3659 credulitate.

194 3680 344 3763 Ergo
391 3696 610 3751 materia
649 3694 828 3765 gaudii
881 3696 1051 3749 nostri
1101 3695 1459 3750 tribulationis
1499 3696 1786 3763 praeterita

193 3785 413 3842 occasio
462 3785 580 3841 fuit.
638 3784 994 3842 Gemebamus
1040 3785 1168 3840 dum
1217 3801 1605 3856 gravaremur,
1655 3787 1785 3842 dunt

191 3880 655 3950 exprobaremur;
708 3879 802 3935 sed
845 3878 1077 3951 gemitus
1105 3878 1182 3933 illi
1230 3878 1285 3933 id
1315 3887 1571 3948 egerunt,
1618 3887 1677 3934 ut
1706 3878 1783 3946 bi,

1892 2777 2087 2844 nostri,
2124 2779 2217 2833 sed
2278 2777 2573 2847 Seripturtc
2619 2778 2814 2833 divinae
2858 2781 3172 2835 auctoritate
3203 2781 3475 2850 piobatur,

1890 2869 2104 2923 dicente
2146 2868 2433 2923 Salomone
2486 2887 2500 2923 :
2552 2868 2701 2923 Sicut
2754 2868 2918 2923 lilium
2967 2871 3097 2924 inter
3141 2872 3348 2940 spinas,
3399 2874 3473 2926 sic

1890 2959 2059 3013 amica
2100 2975 2211 3012 mea
2238 2959 2373 3013 inter
2399 2959 2537 3028 ﬁlias
2587 2960 2764 3029 (Cant.
2800 2963 2899 3030 ιι).
2930 2961 3071 3033 Ergo
3116 2979 3181 3016 ne
3230 2978 3476 3033 magnum

1891 3050 2043 3104 vobis
2071 3049 2338 3107 videretur
2370 3050 2508 3118 quod
2541 3049 2773 3107 lttcreses
2799 3053 3000 3106 direxit
3034 3052 3189 3117 tilias,
3224 3058 3476 3110 continuo

1888 3155 1984 3196 eas
2008 3152 2254 3196 numerat
2276 3140 2558 3213 [nominat]
2576 3157 2694 3198 esse
2721 3146 2935 3213 spinas;
2957 3149 3211 3211 haereses,
3233 3148 3470 3217 inquam,

1890 3242 1981 3287 aut
2008 3234 2061 3288 in
2087 3234 2317 3303 aliquem
2343 3235 2595 3303 angulum
2625 3236 2831 3305 mundi,
2865 3248 2955 3291 aut
2986 3239 3041 3293 in
3075 3256 3227 3292 unam
3258 3250 3470 3311 gentem

1888 3326 2235 3382 inveniuntur
2277 3328 2502 3382 versari.
2549 3327 2791 3384 Ecclesia
2821 3344 2950 3384 vero
3004 3332 3287 3397 catholica,
3337 3333 3474 3389 sicut

1891 3436 1987 3490 per
2015 3429 2183 3476 totum
2212 3423 2463 3476 mundum
2489 3424 2721 3478 tenditur
2751 3418 2841 3485 ita,
2886 3436 2938 3479 et
2969 3426 3204 3479 omniutn
3235 3428 3473 3496 gentium

1891 3512 2148 3567 societate
2167 3515 2526 3569 constituitur.
2571 3514 2734 3569 [lecte
2774 3528 2901 3584 ergo
2933 3517 3166 3569 haereses
3194 3517 3247 3569 in
3276 3530 3473 3570 caver-

1889 3604 1994 3670 nis,
2050 3602 2241 3673 quibus
2292 3604 2479 3671 latent,
2524 3615 2851 3676 congregant
2906 3621 2971 3660 ex
3030 3615 3183 3674 parte
3222 3607 3473 3666 divitias:

1893 3693 2135 3751 Ecclesia
2166 3705 2343 3750 autem
2388 3697 2649 3752 catholica
2693 3699 2744 3751 in
2776 3698 2992 3767 speculo
3023 3697 3280 3769 [specula]
3314 3700 3472 3753 totius

1890 3788 2075 3842 nandi
2133 3788 2396 3857 locupleta
2455 3789 2858 3859 supergreditur
2924 3791 3178 3845 universi.
3255 3791 3474 3845 Exsulta

1884 3893 2039 3949 ergo,
2071 3888 2128 3935 et
2177 3864 2650 3947 laetare,'Ecclesia
2700 3883 2815 3947 Dei,
2866 3883 3057 3951 gaude,
3112 3895 3165 3938 et
3212 3897 3473 3954 consurge

194 3972 293 4042 qui
350 3986 444 4039 per
490 3969 861 4026 inﬁdelitatem
914 3969 1070 4026 nobis
1107 3979 1263 4026 erant
1310 3972 1543 4038 sarcina,
1594 3970 1786 4027 ﬁerent
1812 3983 1861 4047 ο
1890 3986 2056 4027 unum
2086 3984 2282 4042 corpus
2321 3971 2542 4035 Christi,
2573 3972 2795 4029 induere
2840 3973 3175 4034 fortitudine.
3205 3983 3262 4029 et
3305 3975 3471 4044 iubila

194 4072 382 4119 nostra
417 4079 510 4134 per
533 4078 683 4120 suam
700 4062 1103 4119 conversionem
1125 4078 1342 4119 corona.
1367 4062 1478 4118 Hoc
1499 4064 1640 4118 enim
1664 4079 1783 4134 gra-

195 4154 426 4211 tolative
458 4156 657 4225 profert
699 4156 753 4211 in
784 4155 1010 4211 Psalmis
1041 4155 1275 4211 Ecclesia
1305 4152 1492 4211 dicens
1525 4174 1538 4211 :
1582 4155 1648 4211 In
1688 4158 1783 4211 tri-

197 4248 460 4303 bulatione
484 4248 711 4303 dilatasti
741 4254 821 4302 me
849 4247 1019 4319 (Psal.
1045 4249 1159 4320 tv);
1202 4258 1256 4303 et
1277 4247 1406 4303 Sara
1432 4248 1559 4303 dum
1587 4265 1730 4320 szepe
1753 4266 1785 4305 a

195 4339 419 4408 regibus
444 4340 860 4412 concupiScitur,
895 4355 993 4396 nec
1020 4332 1280 4396 maculam
1304 4338 1575 4413 pudicitia:
1596 4342 1781 4408 sentit,

190 4440 255 4487 et
306 4432 571 4487 Abraham
620 4444 781 4488 causa
816 4429 1225 4503 pulchritudinis
1252 4440 1365 4487 suae
1396 4430 1618 4487 divitem
1653 4431 1785 4487 facit

194 4524 413 4598 (Cenes.
443 4528 567 4596 xx);
598 4525 666 4581 ab
692 4527 823 4596 ipsis
844 4528 988 4581 enim
1019 4526 1235 4597 regibus
1256 4525 1526 4581 Abraham
1555 4522 1779 4594 ditatur,

190 4633 231 4672 a
264 4618 455 4686 quibus
485 4616 619 4674 Sara
647 4619 1061 4687 concupiscitur.
1084 4617 1361 4687 Condigne
1383 4632 1511 4689 ergo
1543 4618 1783 4675 Ecclesia

194 4708 462 4763 catholica
512 4715 724 4779 gentes,
769 4721 904 4780 quas
942 4707 1101 4763 simul
1129 4706 1361 4762 senserit
1393 4708 1518 4763 ﬁdei
1546 4724 1662 4763 suae
1689 4710 1785 4764 de-

195 4817 353 4868 core,
377 4803 444 4860 ad
472 4805 557 4859 sui
585 4818 677 4860 eas
702 4804 908 4873 sponsi,
939 4804 1043 4859 hoc
1070 4814 1178 4869 est,
1210 4801 1409 4859 Christi
1432 4804 1575 4858 lucra
1610 4814 1782 4858 trans-

198 4895 367 4961 ducit,
397 4907 449 4951 et
474 4913 567 4964 per
614 4912 678 4953 ea
706 4912 868 4967 regna
913 4910 1069 4952 suum
1099 4895 1272 4950 virum
1316 4894 1537 4951 divitem
1580 4894 1778 4963 reddit,

198 5005 298 5062 per
326 5007 443 5062 quae
473 5007 531 5048 se
561 4991 842 5060 inquietari
872 4988 1235 5061 persenserit;
1267 4990 1347 5042 sic
1374 4986 1519 5042 enim
1560 4986 1685 5042 dum
1713 5002 1782 5043 ex

200 5082 353 5137 initio
378 5084 682 5149 lacessitur,
711 5081 797 5139 vel
826 5078 1181 5137 invidentium
1210 5078 1460 5135 dentibus
1484 5079 1778 5146 mordetur,

202 5176 329 5231 dum
360 5176 638 5246 premitur,
668 5174 911 5232 eruditur
936 5193 951 5243 ;
981 5183 1037 5230 et
1078 5172 1207 5230 dum
1253 5173 1561 5239 insectatur,
1591 5170 1782 5228 dilata-

198 5277 308 5326 tur.
364 5270 621 5339 QnOniam
681 5270 932 5341 patientia
984 5274 1077 5324 sua
1119 5266 1461 5323 aemulatores
1518 5281 1646 5324 suos
1686 5276 1780 5323 aut

1884 4061 2275 4127 exsultatione;
2302 4064 2556 4132 quoniam
2583 4065 2657 4119 tui
2686 4079 2947 4121 mmrores
2978 4066 3029 4120 in
3067 4068 3321 4138 gaudium
3349 4076 3473 4124 sunt

1887 4152 2102 4221 mutati,
2127 4152 2355 4208 tristitiae
2376 4153 2613 4209 habitum
2644 4155 2696 4209 in
2746 4156 3000 4211 amictum
3030 4148 3230 4213 laetitia
3257 4172 3471 4215 versum

1883 4253 1989 4301 est.
2023 4245 2162 4299 Ecce
2181 4254 2402 4314 repente
2423 4244 2588 4301 oblita
2608 4247 2905 4303 sterilitatis
2925 4258 2982 4304 et
2995 4251 3323 4318 paupertatis
3338 4260 3465 4318 tua),

1888 4352 1996 4393 uno
2022 4346 2177 4408 partu
2231 4339 2456 4409 populos
2487 4340 2797 4396 innumeros
2844 4340 3074 4411 genuisti
3102 4342 3317 4399 Christo
3355 4354 3468 4400 tuo.

1885 4430 2017 4487 Nam
2041 4432 2338 4502 dispendiis
2388 4432 2494 4488 tuis
2525 4434 2760 4501 proﬁcis,
2794 4441 2990 4504 tuoque
3031 4435 3227 4489 damno
3254 4436 3471 4491 subere-

1884 4524 1992 4579 scis
2018 4541 2031 4577 :
2058 4532 2239 4580 tantus
2267 4522 2502 4594 denique
2527 4534 2611 4580 est
2638 4538 2870 4593 sponsus
2898 4534 3041 4591 tuus,
3070 4528 3223 4594 cujus
3245 4527 3468 4595 imperio

1884 4616 2112 4686 rcgeris,
2146 4627 2204 4672 ut
2224 4618 2353 4684 dum
2384 4626 2438 4672 te
2465 4617 2699 4684 patiatur
2736 4618 3035 4685 dettl-sedari
3076 4619 3143 4674 ad
3174 4620 3466 4690 modicum,

1885 4726 2097 4766 rursum
2126 4710 2360 4779 praedam
2396 4718 2539 4764 tuam
2569 4710 2635 4767 ad
2681 4720 2733 4765 te
2761 4710 3016 4778 reducat,
3047 4721 3104 4767 et
3126 4697 3316 4770 ltostes
3348 4725 3469 4770 tuos

1885 4802 1979 4857 tibi
2004 4801 2307 4870 conquirat.
2330 4802 2423 4856 Sic
2450 4810 2628 4856 autem
2655 4802 2912 4872 agricola,
2932 4804 3013 4860 sic
3043 4806 3295 4875 piscator,
3339 4808 3467 4864 dum

1882 4890 2029 4947 lucra
2060 4891 2287 4948 attendit
2314 4892 2517 4960 futura,
2556 4908 2677 4963 quae
2708 4895 2956 4961 seminat,
3010 4907 3065 4951 et
3108 4912 3227 4967 quae
3276 4901 3471 4958 amodo

1884 4982 2183 5048 incesserit,
2212 4996 2318 5039 non
2349 4986 2576 5053 imputat
2615 4987 2829 5042 damna.
2870 4988 2950 5044 'l‘u
2980 4991 3205 5059 proinde
3244 4992 3354 5063 jam
3404 5009 3472 5051 ne

1881 5072 2035 5139 ﬂeas,
2064 5088 2132 5130 ne
2174 5074 2380 5144 lugeas,
2412 5079 2780 5146 temporallter
2806 5081 3064 5149 quosdam
3106 5086 3397 5142 recessisse
3438 5100 3472 5144 a

1882 5176 1956 5232 te,
1988 5180 2124 5236 quos
2154 5167 2338 5223 cernis
2366 5183 2486 5223 cum
2517 5171 2725 5241 magnis
2780 5172 2944 5229 lucris
2994 5177 3220 5232 rediisse
3269 5179 3337 5234 ad
3393 5187 3468 5238 te.

1881 5258 2100 5316 Exsulta
2126 5273 2257 5328 ergo
2285 5258 2405 5315 ﬁdei
2442 5260 2788 5330 conﬁdentia,
2829 5274 2884 5320 et
2909 5267 2985 5321 tui
3034 5268 3226 5338 capitis
3253 5273 3469 5341 merito,

197 5372 418 5432 superat
440 5371 532 5417 aut
557 5365 811 5423 luctatur.
847 5360 979 5416 Dicit
1003 5358 1145 5415 enim
1175 5356 1241 5413 ad
1280 5373 1397 5414 eam
1424 5356 1641 5413 divinus
1666 5372 1780 5413 ser-
1804 5374 1862 5437 ι)
1885 5349 1991 5406 ﬁde
2016 5359 2135 5406 θιιο
2163 5350 2407 5417 I‘Obusut;
2437 5350 2565 5407 dum
2585 5368 2709 5422 qua
2738 5354 2932 5411 recolis
2960 5356 3089 5412 olim
3118 5362 3468 5433 repromissa,

198 5460 322 5509 mo:
345 5442 401 5508 Η
406 5456 526 5509 ulta:
541 5450 1103 5525 ﬁliatcongregavernnt
1118 5450 1339 5517 diuitias,
1356 5459 1412 5504 tu
1427 5459 1786 5522 autemsuper.
1890 5457 2035 5498 nunc
2052 5442 2229 5497 cernis
2256 5441 2423 5499 fuisse
2459 5446 2745 5515 completa.
2777 5446 2867 5502 Ait
2903 5448 3046 5502 enim
3078 5450 3131 5503 in
3183 5451 3471 5525 Evangelio

197 5562 372 5616 gressa
397 5563 449 5601 es
478 5547 739 5600 universas
778 5543 961 5614 (Prov.
993 5542 1162 5614 aut).
1202 5542 1259 5599 Si
1288 5556 1393 5598 non
1417 5543 1607 5597 miram
1635 5541 1776 5611 quod
1892 5536 2011 5605 ipsa
2044 5534 2249 5591 Veritas
2279 5552 2292 5588 :
2326 5535 2602 5606 Oportebat
2644 5535 2904 5592 Christum
2943 5542 3074 5594 mori
3100 5558 3195 5607 pro
3224 5554 3391 5615 gente,
3421 5555 3470 5602 et

199 5640 437 5694 hereses
464 5638 586 5694 ﬁliae
635 5638 903 5702 dicuntur,
942 5635 1035 5691 sed
1065 5635 1446 5690 attendendum
1477 5639 1619 5705 quod
1662 5636 1782 5690 loco
1862 5624 1993 5684 'non
2020 5638 2221 5685 tantum
2238 5648 2333 5702 pro
2358 5640 2526 5701 gente,
2554 5631 2645 5686 sed
2683 5641 2738 5685 ut
2763 5633 2900 5702 ﬁlias
2933 5633 3053 5700 Dei,
3079 5639 3168 5705 qui
3215 5648 3361 5694 erant
3389 5642 3470 5694 di-

199 5731 471 5801 spinarum
503 5744 773 5802 ponuntur
797 5746 811 5783 :
846 5728 969 5784 ﬁliae
1007 5739 1153 5795 sunt,
1200 5744 1267 5784 eo
1308 5728 1451 5798 quod
1480 5744 1548 5783 ex
1577 5728 1782 5783 semine
1887 5725 2070 5794 sparsi,
2096 5724 2497 5796 congregaretin
2521 5740 2680 5778 unum
2708 5723 2888 5796 (lacn.
2910 5726 3010 5797 ιι).
3034 5729 3112 5784 Tu
3143 5733 3383 5799 proiecto
3412 5736 3468 5792 in

199 5825 504 5887 Christiano
530 5832 888 5900 generantur;
917 5824 1087 5898 spina
1131 5834 1278 5901 sunt,
1327 5841 1394 5884 eo
1419 5826 1561 5907 quod
1602 5823 1785 5888 torisa
1888 5826 2120 5884 Psalmis
2148 5824 2467 5896 proclames,
2492 5825 2801 5886 odientibus
2840 5842 3028 5900 pacem
3051 5831 3238 5892 dicens
3265 5851 3280 5890 :
3311 5834 3466 5917 Hau.
