4042 6348
590 313 699 375 895

1052 311 1110 373 ει
1153 310 1475 377 LEANDRI,
1517 309 1782 368 HISPAL.
1824 308 2161 375 EPISCOPI,
2195 307 2474 366 liOillLlA
2515 309 2579 366 IN
2608 312 2915 382 [LAUDEM
2967 313 3345 376 ECCLESIE.

3750 321 3854 377 896

590 432 794 504 ήρωω
821 429 1099 490 Dominum
1124 442 1341 491 mecum,
1370 437 1417 483 et
1444 426 1725 481 exaltemus
1748 442 1930 481 nomen
1954 429 2066 497 ejus
2107 427 2159 479 in
2193 430 2240 487 Α
2266 428 2548 483 novissimis
2578 430 2751 486 diebus
2779 446 3097 503 prwparatus
3146 454 3291 492 mons
3331 439 3512 491 domus
3542 441 3765 493 Domini
3806 446 3858 498 in

590 536 749 577 unum
765 520 935 592 (Psal.
955 518 1145 589 xxxm)
1164 529 1247 583 ;et
1261 533 1491 573 rursum:
1512 518 1576 570 In
1593 519 1933 573 conueniendo
1951 518 2169 587 populos

589 613 645 669 in
665 630 842 679 unum,
871 620 919 667 et
944 628 1122 684 regna,
1143 623 1196 666 ut
1224 613 1441 667 serviant
1471 610 1693 667 Domino
1724 612 1941 683 (Psalm.
1970 612 2063 682 cr).

664 731 834 798 Quam
854 728 1022 784 dulcis
1044 728 1115 782 sit
1146 728 1400 793 charitas,
1435 742 1590 796 quam
1617 727 1948 812 delectabilis
1990 728 2165 781 unitas

594 835 702 877 non
730 817 973 875 nesciens
996 833 1090 887 per
1111 818 1416 887 prophetica
1440 819 1707 884 vaticinia,
1738 833 1832 887 per
1853 817 2165 886 evangelica

594 911 833 980 oracula,
867 926 961 980 per
987 908 1278 980 apostolica
1305 908 1647 971 documenta,
1693 923 1797 962 non
1828 908 1927 962 nisi
1968 922 2163 963 conne-

590 1006 804 1061 xionent
835 1002 1073 1074 gentium
1105 1000 1385 1070 prtedicas,
1419 1017 1523 1055 non
1555 1002 1655 1055 nisi
1696 1002 1950 1055 unitatem
1992 1016 2163 1071 popu-

590 1096 762 1154 lorum
785 1097 1039 1166 suspiras,
1067 1111 1173 1150 non
1199 1094 1299 1150 nisi
1332 1096 1493 1163 pacis.
1519 1103 1569 1150 et
1592 1094 1866 1149 charitatis
1898 1094 2037 1149 bona
2056 1093 2166 1148 dis-

591 1190 844 1247 seminas.
872 1189 1076 1244 Laetare
1122 1203 1249 1257 ergo
1279 1188 1331 1241 in
1381 1187 1625 1251 Domino,
1654 1201 1721 1242 eo
1772 1186 1911 1256 quod
1942 1200 2047 1240 non
2091 1184 2165 1241 sis

589 1282 829 1337 fraudata
868 1279 1140 1335 desiderio
1188 1289 1319 1345 tuo;
1356 1296 1475 1333 nam
1525 1294 1658 1348 quos
1716 1288 1863 1333 tanto
1902 1288 2161 1348 tempore,

588 1377 786 1447 gemitu
816 1383 975 1440 teste,
1004 1384 1059 1430 et
1090 1375 1331 1428 oratione
1359 1374 1612 1429 continua
1664 1373 1976 1443 concepisti,
2025 1386 2176 1461 nunc

588 1472 710 1537 post
738 1465 984 1537 glaciem,
1028 1473 1147 1533 post
1178 1464 1431 1529 hiemem,
1482 1472 1600 1531 post
1651 1462 1900 1517 duritiam
1932 1460 2161 1531 frigoris,

590 1566 713 1627 post
740 1556 1102 1612 austeritatem
1129 1555 1284 1619 nivis,
1313 1554 1451 1609 velut
1475 1553 1861 1623 iucunditatem
1891 1569 2162 1625 agrorum,

588 1650 819 1721 frugem,
840 1659 894 1704 et
916 1648 1066 1703 laetos
1088 1648 1235 1702 verni
1261 1646 1418 1702 ﬂores
1439 1645 1642 1717 (Forte,
1664 1647 1825 1713 veris,
1851 1656 1941 1701 aut
1963 1655 2166 1715 tempo-

588 1742 664 1798 ris
693 1740 890 1806 vernil,
918 1740 1004 1795 vel
1026 1738 1325 1793 arridentes
1346 1737 1921 1807 vinearumstipitibus
1965 1738 2164 1807 palmi-

2269 519 2450 573 uertice
2475 524 2739 589 montium,
2771 536 2818 579 et
2843 528 3117 583 elerabitur
3139 546 3288 600 super
3313 531 3490 596 colles,
3519 542 3570 585 et
3594 534 3761 601 ﬂuent
3792 536 3858 587 ad

2268 626 2382 665 cum
2410 628 2582 668 omnes
2602 626 2795 686 gentes,
2818 629 2864 673 et
2885 620 3027 675 ibunt
3052 623 3231 692 populi
3247 625 3416 688 multi,
3447 636 3495 680 et
3513 626 3685 679 dicent
3714 642 3734 679 :
3764 626 3859 681 Ve-

2267 705 2372 758 nite
2410 709 2741 765 ascendamus
2779 712 2848 765 ad
2893 723 3113 769 montem
3148 714 3393 783 Domini,
3435 729 3483 773 et
3528 722 3598 772 ad
3639 720 3855 773 domum

2269 795 2364 850 Dei
2383 795 2543 853 Jaeob
2573 799 2779 873 (lbid.).
2806 804 2955 858 Mons
2984 807 3125 862 enim
3152 808 3394 864 Christus
3435 820 3541 875 est,
3570 820 3627 867 et
3660 811 3858 866 dosnns

2268 889 2361 944 Dei
2389 889 2574 958 Jacob,
2608 909 2711 948 una
2755 895 2994 954 Ecclesia
3017 908 3097 954 est
3140 902 3279 969 ejus,
3321 903 3388 957 ad
3414 918 3603 973 quam,
3637 912 3697 957 et
3724 918 3857 973 gen-

2269 980 2396 1033 tium
2426 996 2768 1049 concursum.
2801 997 2855 1043 et
2904 992 3217 1059 populorum
3243 997 3550 1063 pronuntiat
3580 997 3858 1052 conﬂuere

2266 1082 2617 1141 conventum;
2646 1077 2716 1134 de
2740 1095 2841 1148 qua
2871 1097 3080 1139 rursum
3122 1085 3175 1141 in
3223 1088 3329 1141 alio
3380 1088 3501 1143 loco
3546 1088 3687 1145 dicit
3738 1106 3859 1159 pro-

2266 1162 2425 1232 pheta
2456 1181 2471 1230 ;
2504 1166 2691 1240 Surge,
2721 1172 3013 1229 illuminare
3038 1176 3343 1243 Jerusalem,
3366 1182 3483 1249 quia
3514 1184 3659 1236 venit
3688 1184 3860 1238 tum

2266 1265 2432 1324 tuum,
2459 1269 2509 1314 et
2554 1262 2721 1332 gloria
2751 1263 2963 1321 Domini
3007 1254 3160 1337 super
3174 1280 3222 1325 te
3250 1284 3359 1327 orta
3400 1284 3509 1337 est;
3541 1286 3591 1329 et
3618 1277 3861 1330 ambula-

2266 1350 2389 1405 bunt
2416 1352 2539 1422 (ait)
2565 1366 2739 1425 gentes
2766 1358 2819 1412 in
2850 1360 3041 1416 lumine
3069 1372 3174 1429 tuo,
3234 1376 3279 1419 et
3309 1384 3451 1439 reges
3476 1386 3534 1422 ιιι
3581 1372 3860 1437 splendere

2266 1450 2407 1496 ortus
2434 1445 2530 1499 tui.
2557 1445 2693 1501 Leva
2714 1448 2766 1501 in
2792 1450 3063 1505 circuitum
3090 1455 3267 1509 oculos
3302 1467 3436 1521 tuos,
3464 1467 3514 1513 et
3541 1461 3662 1514 uide
3680 1473 3707 1515 :
3754 1478 3856 1512 an-

2266 1549 2357 1588 nes
2382 1536 2464 1589 isti
2493 1545 2787 1609 congregati
2813 1552 2952 1608 sunt,
2979 1554 3026 1599 et
3052 1559 3289 1602 uenerunt
3312 1550 3429 1616 tibi;
3455 1559 3506 1605 et
3526 1552 3864 1620 adiﬁcabnt

2268 1625 2485 1699 (inquit)
2515 1630 2614 1697 ﬁlii
2658 1634 3041 1703 peregrinorum
3069 1654 3244 1694 muros
3279 1650 3411 1707 tuos,
3442 1653 3489 1696 et
3510 1659 3663 1712 reges
3690 1660 3864 1699 eorum

2270 1719 2629 1775 ministrabant
2662 1725 2752 1777 tibi
2777 1724 2930 1795 (lsai.
2963 1727 3077 1799 ιχ).
3102 1730 3222 1797 Qui,
3276 1742 3335 1786 ut
3381 1742 3694 1788 notesceret
3748 1750 3865 1800 qua

589 1838 692 1894 tes,
725 1838 944 1898 repente
971 1832 1021 1883 in
1049 1828 1241 1897 gaudio
1281 1826 1553 1897 peperisti.
1587 1826 1749 1897 Ergo,
1793 1827 2003 1894 fratres,
2064 1838 2172 1883 tota
2201 1821 2249 1881 Β
2276 1824 2502 1871 Ventura
2529 1821 2895 1891 essenlgenli.
2924 1824 3006 1887 νει
3038 1826 3253 1894 Populo,
3306 1842 3425 1896 qua
3448 1828 3517 1881 ab
3563 1830 3734 1883 unius
3767 1828 3861 1883 Ec-

590 1920 850 1976 charitate
878 1919 1042 1973 animi
1064 1918 1392 1974 exsultemus
1422 1918 1473 1972 iu
1519 1917 1763 1984 Domino,
1796 1929 1850 1974 ct
1873 1919 2166 1988 jubilemus

592 2012 704 2068 Deo
725 2011 944 2067 salutari
974 2021 1178 2066 nostro.
1231 2010 1343 2064 Hoc
1386 2010 1452 2064 de
1480 2018 1678 2065 caetero
1707 2025 1800 2079 per
1829 2025 1891 2066 ea
1916 2027 2034 2081 qua:
2056 2011 2167 2081 jam

591 2105 796 2161 sublata
824 2111 969 2171 sunt,
1013 2118 1073 2159 ea
1102 2118 1220 2173 qua:
1263 2101 1437 2156 adhuc
1484 2112 1859 2171 exspectantur
1901 2103 2167 2171 implenda

590 2212 716 2253 vera
738 2211 858 2253 esse
877 2195 1181 2253 credamus.
1204 2195 1332 2263 Quae
1354 2195 1494 2265 enim
1516 2194 1734 2265 prtefata
1767 2204 1911 2261 sunt,
1946 2195 2169 2251 Domino

591 2289 801 2345 dicente
834 2306 849 2343 :
883 2289 1028 2343 Alias
1054 2304 1167 2343 oves
1197 2287 1376 2352 habeo,
1408 2302 1521 2356 quae
1542 2304 1641 2340 non
1670 2294 1786 2339 sunt
1814 2303 1877 2340 ex
1904 2285 2000 2340 hoc
2026 2287 2165 2355 ovili,

588 2392 635 2437 et
655 2382 771 2437 illas
795 2390 991 2450 oportet
1018 2396 1097 2434 me
1126 2379 1213 2452 [ad
1242 2377 1341 2450 me]
1371 2377 1642 2441 adducere,
1676 2386 1729 2430 ut
1758 2378 1824 2431 sit
1854 2394 1982 2431 unus
2023 2393 2164 2449 grex,

589 2493 634 2533 es
657 2492 787 2530 unus
804 2484 975 2546 pastor
992 2472 1169 2546 (toan.
1184 2471 1266 2542 x),
1286 2468 1411 2527 e'cce
1430 2480 1744 2525 contuemur
1766 2469 1930 2525 fuisse
1945 2485 2061 2526 com
2070 2470 2173 2540 ple-

591 2578 665 2624 ta.
698 2568 798 2621 Pro
831 2581 933 2637 qua
961 2580 1021 2621 re
1048 2580 1150 2620 non
1179 2564 1482 2619 dubitemus
1511 2571 1679 2617 totum
1709 2562 1966 2617 mundum
2012 2576 2169 2630 posse

591 2660 646 2716 in
674 2658 885 2714 Christo
913 2656 1151 2717 credere,
1182 2668 1342 2723 atque
1380 2654 1444 2707 ad
1478 2668 1635 2707 unam
1666 2654 1945 2708 ecclesiam
1976 2666 2171 2707 conve-

592 2752 731 2808 nire.
775 2750 1038 2819 Quoniam
1068 2762 1250 2804 rursus
1307 2750 1421 2817 ipso
1446 2748 1758 2803 testiﬁcante
1794 2746 2076 2802 didicimus
2115 2746 2169 2802 in

593 2841 885 2912 Evangelio
915 2858 928 2896 :
957 2840 1022 2896 Et
1047 2841 1404 2911 prtedicabitur
1435 2838 1650 2909 (inquit)
1695 2838 1790 2893 hoc
1837 2837 2173 2909 Evangelium

594 2936 741 3006 regni
769 2935 821 2988 in
876 2936 1108 2989 universo
1137 2936 1271 2999 orbe,
1325 2934 1377 2987 in
1407 2934 1742 2987 testimonium
1774 2934 2007 2988 omnibus
2050 2950 2171 3000 gen—

596 3026 768 3094 tibus;
800 3036 849 3081 et
879 3036 998 3081 tunc
1043 3025 1262 3095 (inquit)
1312 3026 1472 3080 ueniet
1530 3026 1897 3083 consummatio
1954 3023 2167 3095 (Matth.

600 3119 781 3188 xxiv).
821 3117 879 3173 Si
909 3131 1036 3187 ergo
1059 3117 1315 3172 remansit
1343 3131 1464 3187 pars
1494 3118 1667 3187 aliqua
1695 3117 1899 3184 mundi,
1931 3119 2014 3173 vel
2040 3132 2171 3187 gens

2270 1907 2445 1963 etesia:
2466 1912 2842 1968 communione
2858 1914 3171 1972 recidissent
3196 1918 3337 1989 (sic),
3359 1928 3581 1974 secutus
3606 1928 3695 1974 est
3712 1937 3727 1973 :
3744 1937 3859 1993 gens

2268 2002 2424 2070 enim,
2460 2012 2505 2056 et
2532 2019 2767 2075 regnum,
2802 2009 2941 2075 quod
2968 2024 3070 2063 non
3097 2012 3325 2065 servierit
3350 2013 3465 2077 tibi,
3496 2015 3689 2080 peribit
3707 2014 3856 2083 (Issi.

2272 2094 2378 2163 Lv).
2416 2095 2535 2149 Alio
2572 2096 2802 2168 denique
2849 2099 2968 2155 loco
3000 2102 3247 2157 similiter
3277 2103 3353 2159 ait
3388 2120 3407 2157 :
3459 2103 3599 2159 Ecce
3642 2116 3857 2176 gentem,

2270 2202 2425 2253 quam
2452 2189 2723 2251 nesciebas,
2760 2191 2997 2257 vocabis;
3037 2201 3084 2245 et
3110 2202 3300 2263 gentes,
3334 2210 3448 2261 qua:
3476 2212 3585 2249 non
3614 2212 3859 2267 cognm-

2270 2285 2393 2330 runt
2419 2287 2486 2345 te,
2520 2280 2587 2331 ad
2606 2288 2655 2333 te
2678 2290 2898 2337 current.
2935 2281 3079 2337 Unus
3108 2284 3248 2338 enim
3276 2294 3358 2339 est
3382 2284 3635 2341 Christus
3686 2287 3859 2341 Domi-

2273 2385 2394 2437 nus,
2417 2370 2572 2440 cujus
2591 2382 2671 2427 est
2691 2389 2790 2428 una
2813 2389 2907 2445 per
2929 2385 3094 2432 totum
3117 2378 3371 2435 mundum
3392 2380 3661 2448 Ecclesia,
3684 2393 3857 2436 sancta

2276 2464 2580 2532 possessio;
2612 2466 2698 2521 ille
2720 2466 2883 2535 igitur
2903 2480 3087 2537 caput,
3118 2482 3174 2526 et
3202 2473 3297 2527 ista
3324 2489 3545 2543 corpus,
3576 2476 3646 2529 de
3668 2477 3859 2543 quibus

2275 2553 2328 2608 in
2360 2555 2618 2625 principio
2648 2556 2870 2613 Genesis
2897 2560 3092 2617 dicitur
3124 2581 3138 2620 :
3168 2564 3461 2620 Erunt'duo
3481 2568 3535 2619 in
3576 2584 3739 2621 carne
3764 2585 3858 2622 ω

2279 2644 2483 2713 (Cenes.
2517 2650 2610 2717 n);
2644 2651 2783 2718 quod
2815 2654 3088 2722 apostolus
3114 2655 3165 2708 in
3215 2656 3431 2712 Christo
3455 2658 3712 2729 intelligit
3734 2672 3787 2715 et
3810 2661 3857 2715 in

2278 2736 2536 2793 Ecclesia.
2569 2740 2701 2795 Dum
2736 2756 2864 2813 ergo
2899 2759 2966 2799 ex
3008 2748 3255 2801 omnibus
3280 2750 3525 2817 gentibus
3556 2765 3726 2805 unam
3755 2754 3858 2808 vult

2274 2827 2519 2885 Christus
2542 2832 2737 2888 habere
2766 2836 3085 2904 Ecclesiam,
3115 2842 3414 2910 quicunque
3442 2853 3745 2899 extrahens
3784 2856 3861 2902 est

2275 2920 2344 2974 ab
2371 2936 2453 2991 ea,
2490 2924 2608 2978 licet
2633 2924 2831 2982 Christi
2879 2931 3095 2986 nomine
3143 2944 3497 3003 nuncupetur,
3551 2935 3861 2994 Christita—

2276 3027 2396 3067 nien
2421 3014 2661 3085 corporis
2713 3030 2970 3088 compage
2997 3036 3101 3075 non
3149 3026 3451 3080 continetur
3498 3026 3739 3098 (Ephes.
3789 3034 3861 3100 ν).

2277 3102 2510 3161 Haeresis
2538 3107 2701 3175 enim,
2725 3124 2846 3178 qua:
2874 3112 3076 3180 respuit
3102 3114 3375 3171 catholicae
3405 3119 3668 3176 Ecclesiae
3700 3124 3864 3178 unita—

599 3208 844 3275 barbara,
879 3223 1036 3279 quam
1070 3209 1200 3265 fides
1228 3224 1330 3264 non
1356 3210 1661 3266 iradiaverit
1680 3211 1901 3277 Christi,
1934 3210 2170 3280 profecto

2279 3205 2405 3261 tem,
2438 3213 2503 3253 eo
2557 3201 2697 3269 quod
2747 3201 3046 3260 adulterino
3094 3223 3278 3264 amore
3326 3211 3509 3282 diligat
3568 3215 3863 3283 Christum.

599 3300 938 3366 credituram,
974 3308 1133 3369 atque
1160 3300 1211 3355 in
1240 3315 1400 3356 unam
1425 3300 1715 3356 Ecclesiam
1743 3308 1863 3356 esSc
1893 3311 2171 3357 venturam

600 3390 747 3445 nullo
770 3390 928 3446 modo
955 3390 1276 3455 dubitemus,
1306 3392 1350 3446 si
1373 3407 1435 3447 ea
1457 3406 1576 3462 quae
1603 3392 1856 3447 Dominus
1885 3392 2018 3446 dixit
2048 3406 2175 3448 vera

599 3495 720 3536 esse
748 3491 1015 3551 putamus.
1062 3482 1222 3554 Ergo,
1256 3483 1466 3552 fratres,
1501 3484 1733 3553 reposita
1762 3494 1845 3539 est
1872 3484 1987 3541 loco
2019 3485 2174 3540 mali-

600 3574 815 3646 gnitatis
844 3574 1073 3643 bonitas,
1128 3584 1184 3632 et
1224 3577 1393 3631 errori
1435 3577 1671 3632 occurrit
1697 3577 1935 3632 veritas:
1968 3586 2024 3631 ut
2053 3577 2178 3646 quia

600 3666 850 3735 superbia
879 3666 1179 3737 linguarum
1205 3668 1515 3723 diversitate
1540 3669 1827 3725 ab‘unione
1877 3677 2063 3740 gentes
2092 3683 2177 3725 se-

602 3766 905 3829 paraverat,
956 3774 1048 3816 eas
1078 3775 1263 3816 rursus
1310 3762 1513 3831 gremio
1547 3763 1857 3834 germinatis
1903 3764 2178 3835 colligeret

598 3850 834 3906 charitas
859 3868 873 3916 ;
900 3860 955 3907 et
983 3853 1426 3922 quemadmodum
1451 3869 1586 3910 unus
1608 3870 1883 3926 possessor
1902 3865 1984 3912 est
2012 3857 2177 3912 totius

601 3942 789 3998 mundi
837 3941 1114 4010 Dominus,
1160 3944 1232 4000 ita
1281 3954 1338 3999 ut
1367 3945 1485 4019 μω,
1540 3944 1613 4017 et]
1670 3948 2019 4016 possessionis
2062 3948 2177 4019 ejus

599 4041 748 4089 esset
773 4047 936 4087 unum
960 4047 1071 4101 cor,
1088 4042 1145 4090 et
1171 4036 1383 4090 animus
1419 4051 1557 4092 unus
1593 4055 1605 4093 :
1636 4036 1760 4092 Pete
1795 4055 1827 4091 a
1874 4055 1955 4093 me
1983 4037 2101 4108 (ait)
2131 4048 2179 4093 et

601 4121 735 4177 dabo
784 4124 875 4177 tibi
914 4133 1083 4195 gentes
1130 4126 1473 4183 htereditatem
1522 4138 1684 4197 tuam,
1736 4139 1783 4183 et
1812 4131 2179 4198 possessionem

602 4221 740 4267 tuam
765 4215 1005 4270 terminos
1030 4224 1177 4270 teme
1197 4216 1421 4288 (Psalm.
1470 4226 1559 4289 n);
1593 4231 1872 4290 propterea
1900 4232 1954 4276 et
1974 4238 2037 4277 ex
2071 4237 2177 4278 uno

603 4306 822 4363 homine
865 4318 1206 4380 propagatum
1251 4320 1336 4366 est
1390 4327 1548 4368 omne
1578 4313 1848 4369 hominum
1899 4331 2088 4387 genus,
2118 4326 2178 4372 ut

599 4400 693 4471 qui
719 4416 785 4457 ex
812 4415 918 4458 uno
946 4401 1037 4457 illo
1061 4403 1415 4472 procederent
1438 4421 1598 4460 unum
1626 4418 1893 4476 saperent,
1917 4410 2175 4466 unitatem

599 4505 900 4567 quaererent
925 4504 982 4554 et
1030 4496 1332 4568 diligerent.
1367 4499 1512 4554 Ordo
1550 4515 1677 4571 ergo
1726 4504 1983 4559 naturalis
2009 4521 2174 4576 expo-

2277 3305 2381 3345 non
2405 3293 2609 3359 uxoris,
2634 3295 2728 3349 sed
2754 3297 3065 3353 concubina:
3116 3301 3320 3358 obtinet
3366 3304 3570 3360 locum.
3602 3308 3864 3374 Quoniam

2275 3396 2463 3437 revera
2487 3383 2621 3438 duos
2642 3385 2771 3441 dicit
2802 3388 3074 3457 Scriptura
3105 3405 3225 3447 esse
3252 3393 3305 3447 in
3332 3410 3494 3451 carne
3537 3413 3689 3465 una;
3724 3402 3863 3456 vidc-

2276 3475 2401 3531 licet
2447 3476 2715 3534 Christum
2762 3489 2817 3535 et
2858 3482 3162 3552 ecclesiam,
3215 3502 3325 3556 quo
3378 3488 3560 3545 locum
3610 3494 3867 3550 meretrix

2275 3568 2479 3624 nullum
2510 3571 2711 3626 invenit
2741 3573 2979 3629 tertium.
3015 3574 3130 3630 Una
3177 3585 3252 3631 est
3278 3580 3412 3632 enim
3441 3582 3545 3651 (ait
3594 3582 3866 3655 Christus)

2275 3662 2441 3715 amica
2483 3680 2626 3729 mea,
2670 3680 2773 3720 una
2812 3675 2888 3721 est
2924 3684 3111 3740 sponsa
3164 3687 3304 3734 mea,
3342 3690 3447 3726 una
3486 3686 3564 3729 est
3609 3678 3865 3745 genitricis

2274 3772 2382 3820 sure
2404 3767 2517 3835 ﬁlia
2544 3766 2719 3837 (Cant.
2746 3770 2845 3839 vi).
2873 3771 2945 3826 De
2969 3786 3075 3841 quo
3104 3773 3231 3829 item
3259 3776 3444 3830 eadem
3476 3777 3729 3834 Ecclesia
3753 3795 3865 3849 pro-

2278 3869 2487 3924 nuntiat
2513 3871 2732 3926 dicens?
2765 3871 2876 3945 Ego
2902 3874 3086 3930 dilecto
3110 3888 3314 3943 meo;et
3337 3879 3559 3934 dilectus
3583 3898 3732 3936 meus
3748 3883 3865 3936 mihi

2279 3966 2455 4034 (Cant.
2474 3970 2590 4041 vn).
2610 3971 2862 4038 Quaerant
2878 3990 3017 4030 nunc
3047 3977 3300 4045 haereses,
3321 3994 3352 4033 a
3373 3993 3481 4049 quo
3497 3992 3865 4050 constupra-

2279 4077 2366 4122 tur
2382 4068 2467 4125 vel
2485 4072 2635 4139 cujus
2649 4072 2757 4127 sint
2772 4074 3120 4140 prostibulum
3141 4077 3318 4132 factm:
3338 4081 3597 4149 quoniam
3610 4082 3682 4137 ab
3698 4084 3863 4139 imma-

2278 4166 2452 4222 culato
2469 4177 2587 4223 toro
2601 4182 2937 4227 recesserunt
2949 4171 3169 4241 Christi;
3183 4190 3211 4229 a
3229 4192 3334 4247 quo
3352 4188 3559 4246 quanto
3577 4184 3863 4251 pretiosam

2278 4282 2399 4322 esse
2413 4272 2658 4324 novimus
2670 4272 2913 4340 capulatn
2930 4274 3225 4341 charitatis,
3249 4285 3394 4333 tanto
3410 4280 3582 4335 Deum
3604 4282 3711 4339 hac
3733 4286 3863 4342 cele-

2279 4367 2473 4423 britate
2495 4369 2808 4426 laudemus:
2840 4374 2981 4443 quod
3026 4384 3234 4445 gentes,
3284 4393 3379 4447 pro
3405 4380 3610 4449 quibus
3652 4388 3863 4456 sanguis

2280 4467 2428 4523 fusus
2460 4468 2729 4540 Unigeuiti
2749 4473 2853 4537 sui,
2883 4489 2990 4530 non
3018 4490 3208 4546 passus
3236 4488 3319 4534 est
3346 4492 3505 4536 extra
3528 4500 3701 4540 unum
3730 4488 3861 4544 ovile

598 4585 703 4641 scit
731 4594 788 4641 ut
810 4587 900 4658 qui
928 4602 996 4643 ex
1016 4603 1124 4645 uno
1145 4589 1356 4647 homine
1381 4591 1596 4647 tralnmt
1620 4594 1903 4663 originem,
1934 4609 2170 4656 mutuam

2277 4568 2476 4627 diaboli
2503 4574 2748 4631 dentibus
2793 4576 3061 4635 devorari.
3092 4580 3293 4653 Lugeat
3340 4583 3500 4653 igitur
3548 4597 3861 4646 veternosus

600 4678 1153 4747 tenantcharitatem;
1202 4696 1299 4738 nec
1345 4683 1715 4740 dissentianta
1750 4685 1874 4743 ﬁdei
1925 4691 2166 4759 veritate,

597 4768 689 4837 qui
733 4783 842 4825 non
881 4770 1255 4840 disjunguntur
1292 4775 1516 4831 naturali
1569 4779 1874 4847 propagine.
1929 4779 2170 4836 Htereses

600 4874 751 4924 vcro,
782 4870 838 4915 et
858 4861 1151 4919 divisiones
1200 4880 1230 4919 e
1259 4864 1405 4921 fonte
1430 4878 1647 4921 manant
1693 4867 1976 4933 vitiorum;
2030 4870 2173 4925 unde

597 4953 836 5022 quisquis
866 4954 929 5007 ad
963 4955 1230 5011 lenitatem
1262 4958 1424 5022 venit,
1448 4973 1515 5014 ex
1554 4959 1682 5013 vitio
1718 4959 1785 5014 ad
1814 4971 2054 5016 naturam
2079 4977 2169 5017 re-

598 5043 677 5098 dit
698 5060 715 5117 ;
744 5046 865 5114 quia
895 5046 1033 5101 sicut
1062 5056 1266 5103 natura:
1295 5058 1377 5104 est
1407 5050 1521 5104 lieri
1558 5065 1627 5105 ex
1654 5050 1890 5119 pluribus
1919 5052 2172 5107 unitatem

602 5132 808 5208 [Forte,
838 5136 903 5191 ad
952 5138 1248 5211 unitatem],
1306 5141 1385 5194 sic
1422 5149 1506 5196 est
1533 5141 1667 5207 vitii,
1703 5142 2053 5200 fraternitatis
2078 5145 2176 5202 de-

596 5228 797 5286 clinare
844 5230 1204 5288 dulcedinem.
1237 5232 1516 5303 Erigamur
1558 5249 1687 5306 ergo
1734 5246 1840 5291 tota
1886 5247 2085 5304 mente,
2118 5238 2174 5294 in

564 5360 567 5363 .
594 5319 827 5387 gaudio;
860 5331 918 5375 ut
938 5320 1063 5391 quia
1086 5331 1273 5392 gentes
1315 5322 1494 5379 studio
1521 5324 1829 5382 decertandi
1874 5330 2166 5399 perierant,

595 5411 810 5468 sibimet
833 5414 885 5467 in
916 5414 1202 5470 amicitiam
1249 5416 1489 5472 Christus
1524 5432 1677 5474 unam
1707 5419 2002 5477 Ecclesiam
2043 5438 2169 5493 pro-

594 5513 827 5571 curaret,
859 5505 913 5559 in
942 5522 1044 5576 qua
1073 5522 1163 5562 eas
1194 5523 1382 5564 rursus
1410 5510 1686 5567 reduceret
1711 5514 1995 5568 concordia
2040 5516 2171 5569 cha—

598 5598 788 5655 ritatis.
815 5598 889 5653 De
912 5599 1010 5655 hac
1037 5602 1273 5670 proiecto
1297 5604 1531 5660 Ecclesia
1553 5606 1870 5663 vaticinatur
1892 5608 2167 5679 propheta,

595 5687 772 5743 dicens
809 5708 821 5745 :
858 5689 1049 5746 Domus
1102 5709 1213 5747 mea
1243 5695 1423 5750 domus
1477 5698 1722 5751 orationis
1776 5699 2035 5753 vocabitur
2064 5718 2172 5755 om-

598 5779 739 5835 nibus
781 5781 1010 5845 gentibus
1041 5781 1174 5851 (Isa.
1200 5784 1293 5852 tt);
1321 5796 1377 5844 et
1417 5788 1646 5846 iterum:
1685 5774 1802 5846 Erit
1852 5790 2067 5863 (inquit)
2119 5795 2172 5849 in

2279 4677 2460 4747 praedo
2488 4693 2638 4734 suam
2668 4680 2900 4750 prtedam
2930 4683 3194 4751 amisisse,
3225 4687 3350 4758 quia
3383 4689 3667 4759 impletum
3722 4696 3860 4750 vide-

2281 4792 2399 4832 mus
2453 4781 2591 4848 quod
2650 4784 2907 4853 propheta
2962 4785 3285 4843 vaticinante
3338 4790 3639 4848 audivimus
3696 4794 3857 4865 (Issi.

2279 4878 2466 4948 xux):
2500 4879 2751 4949 Equidem
2804 4884 3022 4957 (inquit)
3054 4888 3159 4941 hac
3196 4892 3471 4960 captivitas
3500 4910 3534 4946 a
3579 4896 3712 4965 forti
3769 4902 3859 4953 tot-

2279 4981 2402 5065 titur
2430 4982 2702 5057 [tolletur],
2734 4997 2781 5042 et
2807 4990 2945 5058 quod
2970 4989 3196 5045 ablatum
3240 4996 3409 5062 fuerat
3434 5010 3467 5047 a
3493 4996 3729 5064 robusto,
3760 5002 3858 5053 sal—

2276 5093 2424 5138 vatur
2463 5084 2831 5161 [sstuabitur];
2877 5092 3132 5160 parietem
3165 5096 3305 5150 enim
3346 5096 3652 5164 discordiae,
3705 5119 3857 5168 quem

2278 5184 2638 5243 fabricaverat
2663 5189 2928 5261 diabolus,
2976 5208 3080 5263 pax
3112 5194 3303 5252 Christi
3334 5198 3646 5264 destruxit;
3678 5214 3741 5256 et
3768 5203 3857 5257 do-

2275 5303 2416 5356 mus,
2450 5304 2569 5360 quae
2598 5291 2860 5351 divisione
2886 5295 2936 5349 in
2964 5306 3201 5353 mutuam
3231 5300 3474 5355 certabat
3495 5302 3728 5369 caedem,
3759 5318 3855 5361 uno

2277 5389 2392 5460 jam
2422 5391 2635 5449 Christo
2688 5393 2865 5463 lapide
2904 5398 3141 5467 angulari
3195 5401 3556 5473 conjungitur.
3608 5403 3857 5462 Dicamus

2280 5508 2410 5564 ergo
2437 5508 2625 5550 omnes
2658 5513 2672 5550 :
2704 5494 2884 5551 Gloria
2914 5499 2967 5552 in
2997 5501 3208 5556 excelsis
3238 5502 3369 5569 Deo,
3400 5514 3449 5556 et
3491 5505 3546 5557 in
3595 5514 3737 5559 terra
3765 5523 3856 5573 pa:

2276 5593 2566 5650 hominibus
2613 5596 2760 5659 bona:
2809 5598 3083 5655 voluntatis
3136 5601 3290 5669 (Luc.
3335 5607 3421 5671 ιι).
3450 5604 3668 5660 Nullum
3721 5608 3853 5663 enim

2274 5696 2824 5765 praemiumcharitati
2866 5710 3260 5767 compensatur.
3295 5703 3420 5760 Inde
3464 5707 3611 5760 omni
3664 5708 3851 5776 gaudio

2276 5798 2623 5868 praeponitur,
2654 5798 2778 5869 quia
2805 5808 2860 5854 et
2884 5798 3121 5862 charitas
3150 5800 3305 5861 facta.
3329 5813 3436 5874 est,
3464 5821 3585 5875 quas
3614 5808 3846 5864 omnium
