4042 6348
224 530 322 592 807
1283 544 1605 604 ANTONINI
1636 545 2043 605 PLACENTINI
2066 548 2540 610 lTlNEBARIUM.
3391 560 3495 621 898

226 648 488 754 virtutum
533 650 739 710 obtinet
791 654 1165 728 principatum.
1213 658 1472 731 Superest
1515 669 1693 715 autem
1746 670 1803 716 ut
1830 667 1875 724 Λ
1906 665 2023 728 stis,
2054 664 2219 718 Deum
2250 666 2497 734 precibus
2544 664 2829 736 adeamus;
2864 678 2922 724 ut
2963 684 3209 739 regnum,
3251 680 3306 729 et
3332 690 3491 746 gens,

226 752 552 835 unanimiter
579 761 742 802 unum
793 764 979 807 omnes
1026 767 1245 823 regnum
1302 753 1495 818 effecti,
1556 763 1660 807 tam
1713 768 1807 823 pro
1912 771 2033 825 qua:
2057 756 2325 813 Christum
2367 758 2765 827 glorificavitin
2821 761 3003 829 terris,
3054 763 3382 835 gloriﬁcetur
3424 768 3495 824 ab

223 832 513 889 stabilitate
542 838 689 906 regni
721 843 940 908 terreni,
970 859 1127 913 quam
1160 843 1409 900 felicitate
1448 846 1594 915 regni
1640 847 1802 903 etele-
1912 847 2005 902 illo
2036 864 2137 903 non
2167 850 2338 905 solum
2363 852 2413 905 in
2436 859 2614 919 terris,
2648 852 2742 908 sed
2763 853 2922 908 etiam
2949 854 3001 909 in
3022 832 3190 910 caelis.
3218 857 3409 913 Amen.

228 985 3483 1063 ﬁEEEEEEEEEEEEEEEEEEEEEEEEEEEEEEEEEEEEEEEEEEEEE

650 1153 1606 1301 actuosus
1683 1161 2246 1275 manu

1463 1157 1606 1271 BS
1683 1161 2448 1278 INCERTI
2523 1169 3059 1285 ANNI-

222 1388 3471 1451 mp

728 1562 1634 1802 ANTONINUS
1781 1565 2977 1814 PLACEN’I‘INUS‘.

1448 2014 1803 2107 ΑΝΤΟΝΙΝΙ
1842 2016 2249 2077 PLACENTINI

1121 2196 1182 2237 ω
1280 2122 2401 2299 lTiNEnARIUM.

1509 2381 1779 2446 (Bolland.,
1812 2383 1923 2433 Maii
1957 2392 2075 2437 tom.
2096 2385 2188 2450 Il.)

285 986 3393 1022 ω

226 1907 3486 1956 ______________~________________

1561 2592 2068 2668 PBOLOGU
2082 2594 2135 2667 S
2150 2649 2168 2669 .

315 2828 656 2888 'l'ornacense
690 2847 792 2888 ms.
822 2834 1032 2890 titulum
1057 2834 1199 2892 hunc
1228 2838 1445 2907 praefert
1473 2855 1489 2894 :
1515 2840 1592 2895 De
1614 2841 1739 2896 locis
1759 2844 1950 2898 sanctis
1976 2861 2092 2916 qua:
2118 2844 2486 2916 perambulavit
2512 2846 2684 2900 beatus
2728 2845 3017 2900 Antoninus
3039 2854 3256 2917 martyr.
3283 2845 3483 2906 Biblio-

231 2925 403 2981 theca.-
427 2938 602 2984 autem
635 2929 904 2985 Vaticana:
932 2930 1121 2988 Codex
1150 2934 1251 2987 sub
1280 2949 1507 2990 numero
1537 2934 1673 3002 656,
1704 2937 1788 2991 cui
1823 2939 2006 2993 titulus
2034 2941 2192 2995 Bedae
2222 2951 2274 2994 et
2300 2940 2547 3007 aliorum,
2582 2941 2895 3009 opusculum
2922 2941 3067 2997 idem
3090 2941 3169 2997 sic
3196 2942 3482 3002 inscribit:

225 3021 431 3076 Relatia
462 3022 609 3077 Beati
639 3026 884 3081 An:onini
904 3027 1167 3096 martyris.
1195 3026 1271 3081 De
1294 3028 1410 3089 hoc.
1443 3029 1617 3099 inquit
1643 3031 1801 3087 Pater
1832 3032 2017 3090 Daniel
2047 3049 2074 3086 a
2105 3033 2318 3103 Virgine
2348 3033 2508 3109 Maria
2552 3034 2604 3087 in
2644 3032 2807 3089 Vinea
2855 3033 3075 3088 Carmeli
3122 3051 3268 3091 num.
3306 3036 3437 3091 1551
3464 3082 3479 3107 ,

224 3114 460 3174 Molanus
489 3118 539 3173 iu
563 3118 942 3190 Martyrologio
963 3121 1027 3175 ad
1050 3122 1191 3179 diem
1222 3124 1289 3180 15
1316 3123 1654 3189 Novembris.
1690 3125 1971 3183 Placentia:
2004 3127 2263 3183 Reuelatio
2286 3130 2451 3183 sancti
2480 3129 2723 3183 Antonini
2755 3130 3016 3200 martyris.
3049 3129 3152 3185 Sed
3192 3130 3476 3186 addiderat

224 3210 487 3278 notulam,
522 3220 581 3267 ut
609 3214 935 3285 significaret
963 3214 1156 3272 festum
1190 3218 1289 3273 hoc
1316 3233 1438 3274 esse
1469 3220 1645 3275 minus
1673 3220 1965 3290 principan
2011 3220 2163 3276 istius
2192 3222 2381 3288 sancti,
2427 3237 2527 3278 nec
2558 3223 2611 3277 in
2659 3222 2901 3278 Usuardo
2929 3232 3221 3290 repertum,
3252 3224 3346 3278 sed
3373 3223 3477 3278 ali-

223 3308 365 3363 unde
419 3320 715 3381 acceptum.
758 3312 1056 3384 Principale
1084 3324 1261 3373 autem
1293 3314 1488 3371 festum
1538 3326 1644 3371 tam
1698 3316 1839 3386 apud
1872 3317 2137 3386 antiquos,
2196 3333 2352 3386 quam
2402 3317 2454 3374 in
2486 3317 2726 3372 Romano
2756 3317 3013 3375 hodierno
3042 3326 3256 3373 notatur
3284 3318 3371 3373 die
3398 3318 3471 3373 δυ

222 3405 587 3474 Septembris;
626 3409 712 3464 ubi
746 3408 1004 3466 Baronius
1035 3412 1287 3468 lectorem
1320 3412 1543 3468 remittit
1571 3411 1634 3466 ad
1670 3412 1886 3467 Petrum
1918 3412 1984 3466 de
2014 3412 2290 3467 Natalibus
2321 3412 2414 3467 lib.
2458 3429 2579 3477 vui.
2611 3428 2732 3481 cap.
2785 3412 2906 3469 l55.
2937 3411 3043 3467 Cur
3089 3411 3193 3467 huc
3233 3427 3338 3467 non
3386 3426 3472 3468 re-

220 3500 370 3556 misit
398 3515 495 3554 nos
527 3500 685 3558 Pater
708 3502 929 3558 Daniel?
958 3504 1293 3575 Legissemus
1322 3505 1393 3559 ibi
1425 3504 1565 3574 quod
1604 3524 1622 3557 ‹
1650 3504 1877 3561 Sanctus
1906 3504 2211 3560 Antoninus
2238 3516 2509 3576 martyr...
2551 3504 2620 3560 de
2650 3504 2975 3559 Placentinis
3004 3504 3195 3558 finibus
3211 3516 3481 3572 egressus,

218 3610 317 3663 per
346 3596 635 3652 orientales
669 3598 963 3663 provincias
991 3599 1367 3668 pertransivit,
1406 3609 1461 3654 et
1490 3600 1655 3654 multa
1687 3599 1939 3654 miracula
1972 3598 2125 3662 fecit.
2158 3600 2372 3655 demum
2402 3597 2471 3652 ab
2501 3596 2805 3651 infidelibus
2835 3602 3044 3660 tentus,
3078 3603 3132 3648 et
3170 3594 3341 3662 capite
3367 3607 3477 3649 caa-

216 3702 311 3743 sus
340 3686 579 3758 glorioso
624 3690 883 3759 martyrio
911 3701 1201 3747 coronatus
1227 3693 1346 3747 est?
1375 3711 1394 3743 ι
1450 3692 1557 3746 8νὰ
1593 3693 1693 3745 ista
1726 3692 1983 3761 legentes,
2016 3693 2175 3747 etiam
2207 3692 2549 3760 legissemus,
2581 3689 2721 3759 quod
2755 3691 2854 3745 iste
2888 3708 2907 3741 ι
2935 3698 3152 3743 sanctus
3181 3688 3480 3744 Antoninus

218 3781 326 3836 fuit
353 3798 417 3838 ex
447 3797 597 3838 sacra
646 3782 858 3854 legione
886 3784 928 3837 Τ
937 3784 1274 3850 Ιιθδωοι-υηι,
1323 3794 1378 3839 et
1416 3785 1597 3839 socius
1627 3783 1770 3838 beati
1801 3784 2029 3839 Mauritii
2064 3784 2336 3854 martyris.
2369 3801 2387 3834 ι
2446 3782 2557 3837 Hoc
2607 3789 2783 3836 autem
2832 3780 3069 3836 indicare
3118 3780 3325 3845 lectori,
3360 3786 3479 3835 erat

216 3883 463 3936 evertere
521 3883 685 3928 totam
717 3875 1089 3929 auctoritatem
1141 3876 1258 3945 ejus
1280 3875 1487 3943 scripti,
1510 3873 1595 3929 cui
1625 3889 1830 3929 summa
1864 3873 1996 3929 fides
2026 3874 2410 3943 postulabatur.
2445 3874 2583 3928 Fieri
2632 3874 2774 3928 enim
2808 3887 2913 3927 non
2961 3880 3201 3941 poterat,
3235 3880 3290 3926 ut
3334 3871 3475 3926 idem

220 3963 324 4019 sub
352 3964 679 4020 Diocletiano
724 3981 787 4020 ac
827 3963 1146 4021 Maximiano
1178 3965 1587 4034 imperatoribus
1614 3964 1916 4028 militasset,
1944 3964 2079 4020 duce
2126 3974 2313 4019 saneto
2360 3965 2639 4031 Manritio,
2669 3964 2822 4034 cujus
2852 3966 3171 4034 martyrium
3202 3979 3344 4020 anno
3370 3964 3475 4018 297

218 4057 441 4112 ascribit
473 4057 766 4123 Baronius;
797 4067 851 4113 et
892 4073 953 4113 ea
982 4058 1161 4113 omnia
1186 4058 1474 4127 reperisset
1516 4057 1567 4112 in
1600 4058 1766 4111 Terra
1797 4056 2013 4122 Sancta,
2043 4073 2161 4127 qua
2192 4057 2278 4113 hic
2324 4065 2630 4123 narrantur,
2662 4072 2889 4128 quaeque
2918 4072 3024 4112 non
3073 4057 3172 4112 nisi
3197 4058 3299 4113 sub
3339 4055 3481 4112 Con-

218 4152 456 4209 stantino
487 4152 676 4221 Magno
697 4159 980 4219 coeperunt
1008 4153 1375 4214 innotescere;
1408 4158 1465 4204 ut
1495 4150 1564 4205 de
1592 4149 1894 4205 Justiniano
1920 4150 2054 4205 nihil
2077 4150 2275 4216 dicam,
2304 4150 2460 4218 cujus
2486 4149 2573 4204 hic
2599 4152 2801 4206 mentio
2831 4152 2889 4206 lit
2915 4149 3218 4221 aliquoties,
3244 4159 3299 4205 et
3326 4148 3479 4220 cujus

220 4243 509 4313 imperium
548 4244 715 4312 coepit
743 4258 886 4298 anno
918 4242 1044 4297 527.
1084 4242 1191 4312 Ego
1215 4252 1269 4297 ut
1321 4241 1587 4297 neminem
1632 4241 1719 4295 hic
1743 4254 1957 4308 accuso,
1987 4240 2065 4295 sic
2094 4255 2192 4295 nec
2224 4248 2349 4308 puto
2382 4238 2516 4295 mihi
2546 4240 2874 4309 sequendum
2919 4241 3222 4309 exemplum
3256 4238 3393 4306 tale;
3424 4245 3480 4295 et

220 4334 417 4390 Leonis
448 4335 627 4390 Allatii
654 4335 911 4404 judicium
943 4334 1123 4400 laudo,
1155 4334 1242 4403 qui
1272 4331 1546 4387 Vaticana:
1579 4331 1935 4387 Bibliotheca;
1961 4340 2305 4387 monumenta
2346 4332 2523 4393 omnia
2553 4332 2831 4387 notissima
2873 4332 3094 4409 habens,
3123 4333 3227 4387 alia
3258 4333 3473 4402 quidem

218 4426 348 4482 inde
376 4427 647 4496 excerpsit
687 4425 996 4498 Symmietis
1041 4426 1153 4480 suis
1190 4423 1557 4495 adjungenda;
1589 4423 1684 4479 sed
1718 4423 2053 4479 ltinerarium
2083 4425 2139 4479 S.
2191 4422 2445 4479 Antonini
2493 4425 2744 4495 martyris
2776 4439 2970 4480 nomen
3003 4423 3293 4493 praeferens
3315 4463 3331 4485 ,
3360 4423 3479 4478 luce

221 4525 429 4595 publica
458 4525 732 4595 indignum
760 4525 989 4580 censuit.
1036 4524 1123 4579 Sic
1151 4530 1326 4578 autem
1358 4523 1593 4587 censuit,
1627 4537 1731 4576 non
1765 4529 1975 4576 tantum
2004 4522 2125 4591 quia
2161 4520 2387 4590 tempori
2418 4536 2523 4575 non
2547 4536 2647 4574 suo
2677 4520 2991 4587 ascriptum,
3019 4519 3113 4573 sed
3138 4517 3259 4587 quia
3298 4517 3474 4586 ipsum

220 4619 545 4685 inveniebat,
594 4634 705 4688 prae
732 4618 856 4674 aliis
884 4616 1077 4672 similis
1105 4616 1404 4685 argumenti
1456 4615 1665 4670 Latinis
1695 4614 1936 4685 scriptis,
1967 4614 2227 4668 refertum
2278 4613 2489 4667 fabellis
2514 4612 2673 4682 plane
2695 4595 2925 4666 anilibus
2944 4649 2961 4676 ,
3006 4606 3138 4693 quas
3166 4609 3319 4666 nobis
3350 4609 3483 4665 satis

218 4712 321 4768 erit
348 4713 655 4768 asteriscoi‘
686 4719 902 4775 nutare,
923 4722 975 4764 ut
998 4711 1230 4764 animum
1251 4709 1697 4764 advertatleetor.
1720 4709 1786 4761 lis
1802 4722 1985 4775 porro,
2003 4706 2093 4775 qni
2115 4707 2277 4775 paulo
2295 4708 2561 4762 notiorem
2587 4704 2786 4758 habent
2812 4705 3046 4757 locorum
3072 4702 3255 4766 situm,
3286 4703 3483 4773 quique

218 4807 352 4861 alias
383 4807 634 4877 legerunt
665 4802 942 4858 itineraria
973 4818 1121 4857 sacra
1153 4813 1313 4871 atque
1343 4800 1584 4870 profana,
1619 4798 2066 4864 considerandum
2098 4798 2364 4865 relinquo,
2397 4808 2575 4851 utrum
2604 4796 2657 4849 in
2689 4796 2787 4850 hac
2817 4794 3080 4850 relatione
3109 4793 3336 4849 inveniri
3369 4809 3483 4864 pos-

217 4900 288 4955 sit
308 4900 616 4955 verisimilis
642 4898 779 4952 ratio
806 4897 1011 4951 itineris
1032 4895 1289 4961 alicujus;
1315 4894 1406 4948 ubi
1436 4892 1566 4946 nihil
1590 4891 1893 4945 ordinatum
1924 4889 2323 4959 digestumqne,
2346 4903 2412 4943 ex
2442 4900 2595 4942 more
2621 4900 2807 4941 eorum
2830 4884 2920 4955 qui
2948 4886 3237 4954 prudenter
3253 4894 3308 4941 et
3330 4894 3482 4940 certo

217 4993 379 5044 ductu
413 4990 857 5060 peregrinantur;
890 4986 985 5041 sed
1015 4983 1237 5039 confusa
1269 4984 1472 5045 omnia,
1524 4980 1668 5036 velut
1696 4979 1742 5034 si
1771 4993 1868 5048 per
1896 4976 2163 5032 somnium
2197 4992 2284 5033 res
2330 4985 2516 5046 agatur
2546 4977 2599 5030 in
2630 4983 2828 5043 mente,
2860 4991 2966 5030 non
3017 4984 3191 5032 autem
3221 4990 3482 5044 corporeo

215 5094 361 5140 motu
393 5100 553 5153 super
583 5092 801 5138 terram.
844 5078 1085 5133 Antonini
1110 5075 1401 5131 Placentini
1432 5072 1764 5127 ltinerarium
1789 5069 2103 5137 simpliciter
2125 5068 2310 5123 vocavi
2328 5108 2345 5135 ,
2374 5077 2433 5122 ut
2456 5081 2629 5136 neque
2654 5080 2894 5121 errorem
2920 5066 3220 5121 evidentem
3257 5073 3476 5120 secutus

214 5179 419 5243 videar,
451 5176 495 5232 si
521 5179 786 5247 scripsero
816 5173 1332 5244 Martyrem;neque
1365 5182 1582 5238 prorsus
1611 5182 1641 5222 a
1668 5167 1777 5236 jam
1812 5174 1937 5220 nota
1966 5164 2321 5234 appellatione
2362 5160 2634 5227 recedam,
2667 5160 2714 5215 si
2742 5161 2947 5216 omisso
2991 5160 3207 5217 nomine
3230 5159 3479 5213 Antonini

215 5286 474 5327 vocavero
505 5270 756 5341 Anonymi
787 5266 1116 5323 ltinerarium
1136 5306 1151 5331 ,
1202 5273 1447 5334 respectu
1478 5264 1714 5318 auctoris
1765 5276 1959 5318 nomen
2005 5274 2160 5315 suum
2191 5276 2296 5315 non
2327 5258 2697 5328 exprimentis.
2730 5257 2878 5312 Nunc
2909 5259 3079 5327 ipsum
3111 5256 3245 5326 lege,
3280 5264 3341 5321 et
3377 5256 3478 5311 ad-

214 5366 519 5419 notationes
545 5364 644 5419 sub
688 5370 835 5417 textu
866 5361 1157 5429 appositas.
1191 5357 1261 5412 Ut
1289 5372 1416 5413 vero
1447 5356 1610 5412 etiam
1638 5355 1948 5409 discernere
1976 5354 2160 5406 valeas
2190 5366 2252 5407 ea
2283 5351 2401 5407 loca
2432 5365 2550 5420 quae
2582 5349 2704 5404 hinc
2729 5358 2978 5417 excerpta
3010 5346 3167 5402 nobis
3211 5347 3477 5416 objiciun-

214 5470 321 5528 tur,
362 5468 612 5529 tanquam
640 5455 906 5512 luculenta
936 5460 1219 5524 prtetensae
1244 5451 1572 5521 antiquitatis
1595 5449 1937 5515 documenta,
1970 5445 2170 5515 placuit
2201 5443 2292 5498 illa
2330 5442 2516 5497 Italico
2542 5440 2860 5499 charactere
2888 5448 3296 5509 repraesentare.

242 5594 245 5597 Α
280 5620 313 5655 ⁴
341 5620 540 5689 Martyr
570 5618 767 5673 sateulo
804 5631 890 5681 v1;
923 5616 1023 5670 sub
1051 5614 1205 5683 cujus
1237 5612 1474 5689 _t_ton_tine
1518 5611 1724 5689 incerta
1774 5608 1881 5663 fide
1939 5602 2502 5689 ferttt_r,_!tinerarium
2530 5602 2593 5682 de
2622 5590 3480 5689 ιοιιὲἒςξεξςιειξαηςςιξηριίιςεξςῖτ

216 5664 528 5754 ωυιῦίλὶδῦξῖξ
553 5664 890 5753 [ἧνῶἦᾷἠῆ
912 5664 1494 5755 5
1516 5664 2283 5755 satieturunttt‘u-ntulibiaii,
2319 5671 2627 5741 Antuerpite
2661 5667 2825 5735 1080,
2854 5666 3057 5737 incl'ol.,
3087 5664 3247 5736 atque
3276 5664 3477 5723 editum

218 5777 456 5836 primum
485 5746 517 5815 a
546 5746 767 5817 Claudio
797 5746 1072 5815 Menardo.
1102 5754 1372 5825 Andegavi
1401 5755 1518 5809 sive
1548 5750 1836 5817 Juliamagi
1866 5746 2029 5800 16m.
2063 5748 2229 5801 tri-4°.
