4042 6348
183 398 291 454 9M

1190 382 1510 453 ΔΝΤΟΝΙΝΙ
1550 377 1951 449 PLACENTINI
1994 372 2455 435 lTlNERARlUM.

3339 371 3441 430 909.

192 511 359 568 debat
385 496 715 562 infantibus:
746 514 866 574 qua:
892 496 1040 559 trabs
1063 492 1084 525 "
1110 515 1142 555 s
1166 497 1488 555 Ghristisnis
1530 496 1762 566 agitator
1788 496 1839 559 Α
1862 492 2143 564 vespertina
2165 490 2480 547 mandantur
2508 491 2733 545 thermaz.
2766 489 2902 543 Ante
2923 484 3093 561 ipsum
3120 502 3248 544 vero
3268 488 3440 545 cliba-

180 612 245 659 et
274 599 613 660 sublevatur;
641 595 812 652 Judai
857 610 985 649 vero
1025 608 1145 649 eam
1175 591 1323 647 nullo
1362 589 1522 647 modo
1561 591 1761 659 agitate

182 700 416 769 possunt
443 709 457 745 :
483 688 577 745 sed
608 704 706 743 nec
730 687 985 759 permittit
1004 702 1063 742 se
1087 684 1229 741 foras
1257 685 1393 740 tolli.
1421 684 1620 739 Domus
1640 697 1764 739 san-

182 798 300 852 cta,
334 783 546 840 basilica
575 794 655 839 est
678 800 693 850 ;
718 792 768 840 et
800 781 964 835 multa
1004 786 1128 834 sunt
1170 778 1242 834 ibi
1290 776 1548 832 beneficia
1578 774 1648 830 de
1673 789 1765 831 ve-

186 880 459 935 stimentis
484 878 623 948 ejus.
674 877 728 927 In
753 873 971 928 civitate
997 885 1127 926 vero
1154 876 1300 925 tanta
1331 878 1413 925 est
1440 867 1611 937 gratia
1643 881 1763 923 mu-

187 978 382 1032 lierum
435 978 816 1038 ﬂaebraearnm,
859 980 915 1024 ut
963 969 1103 1023 intra
1151 967 1298 1021 illam
1330 966 1472 1021 inter
1503 964 1760 1022 Hebraeae

186 1069 527 1138 pulchriores
568 1081 672 1121 non
720 1060 1063 1118 inveniantur
1092 1077 1105 1112 :
1135 1067 1189 1113 et
1214 1058 1318 1113 hoc
1340 1056 1360 1079 '
1388 1072 1417 1112 a
1445 1063 1631 1114 sancta
1656 1055 1767 1113 lla-

184 1163 268 1214 ria
295 1162 391 1214 sibi
441 1170 757 1213 concessum
785 1153 970 1207 dicunt
998 1153 1143 1220 (nam
1191 1157 1249 1205 et
1292 1156 1567 1219 parentem
1607 1162 1764 1207 suam

182 1252 377 1303 dicunt
405 1246 580 1317 eam),
611 1256 665 1301 et
692 1246 819 1299 dum
847 1242 994 1296 nulla
1022 1242 1091 1295 sit
1118 1240 1359 1297 charitss
1406 1238 1649 1295 Hebreis
1677 1252 1762 1293 er-

185 1357 259 1412 ga
286 1340 636 1403 Christianos,
669 1337 776 1399 illae
800 1342 927 1389 sunt
951 1333 1095 1387 omni
1124 1332 1387 1387 cltsritate
1410 1330 1603 1399 plenae.
1635 1330 1769 1385 Pro-

187 1432 367 1485 vincia
398 1429 651 1499 paradiso
682 1427 870 1481 similis
897 1424 949 1481 in
984 1423 1195 1488 tritico,
1228 1423 1278 1477 in
1309 1421 1549 1491 frugibus
1572 1421 1768 1477 similis

190 1520 460 1591 Egypto;
492 1520 585 1574 sed
626 1516 879 1588 prmcellit
909 1516 961 1570 in
997 1516 1122 1570 vino
1148 1523 1201 1571 et
1228 1514 1350 1571 oleo
1386 1520 1443 1568 et
1490 1513 1665 1584 pomis
1704 1526 1770 1568 ac

190 1615 377 1665 uiuite.
408 1611 512 1665 Sed
542 1619 597 1665 et
626 1609 826 1663 milium
872 1617 1033 1662 extra
1060 1616 1307 1662 naturam
1358 1605 1527 1661 altum
1575 1606 1767 1672 nimis,

189 1720 354 1770 supra
390 1712 627 1757 naturam
658 1700 887 1755 hominis
916 1700 1053 1755 talea
1083 1712 1267 1767 gressa
1290 1706 1343 1754 ι.

270 1822 319 1873 6.
366 1820 438 1874 De
478 1818 735 1873 Nazareth
757 1819 999 1873 venimus
1032 1814 1086 1869 in
1120 1822 1357 1869 montem
1385 1811 1607 1869 Thabor
1632 1829 1646 1865 :
1674 1812 1766 1883 qui

192 1926 351 1964 mons
390 1911 498 1965 exit
530 1914 580 1964 in
613 1912 789 1964 medio
839 1906 1160 1978 campestri,
1193 1915 1335 1960 terra
1382 1905 1535 1971 viva,
1584 1912 1774 1960 tenens

186 2002 473 2055 circuitum
495 2002 657 2055 millia
690 2017 774 2067 vt,
807 2014 1086 2055 ascensum
1118 1997 1278 2053 millia
1306 2009 1368 2051 ιιι
1391 2036 1407 2060 ,
1434 2009 1647 2051 sursum
1674 1994 1773 2049 adt

188 2092 502 2145 milliarium
546 2093 784 2158 planum,
836 2092 888 2144 in
917 2105 1023 2159 quo
1053 2097 1179 2143 sunt
1223 2098 1335 2142 tres
1379 2086 1650 2151 ecclesia,
1685 2086 1775 2140 ubi

184 2184 394 2238 dictum
440 2192 519 2237 est
546 2197 576 2235 a
623 2183 895 2251 discipulis
927 2198 940 2233 :
970 2178 1249 2233 Faciamus
1290 2176 1372 2231 hic.
1413 2177 1511 2230 tria
1552 2176 1776 2230 taberna-

186 2276 333 2329 cula.
393 2274 449 2328 ln
512 2275 730 2329 circuitu
789 2274 1013 2329 diversa:
1063 2272 1309 2327 civitates
1359 2285 1479 2342 quae
1534 2271 1586 2324 in
1639 2270 1775 2325 libro

184 2368 396 2438 Regum
468 2368 730 2437 leguntur.
794 2366 869 2421 De
934 2365 1151 2421 'l‘habor
1213 2365 1457 2420 venimus
1507 2362 1573 2417 sd
1625 2378 1775 2418 mare

190 2458 519 2522 'l‘iberiadis,
546 2461 595 2512 in
629 2459 895 2512 civitatein
921 2472 1040 2527 quae
1069 2457 1175 2511 alio
1204 2465 1448 2525 tempore
1477 2464 1560 2511 est
1589 2456 1775 2525 appel-

182 2552 295 2605 lata
320 2549 575 2615 Samaria,
603 2566 740 2604 nunc
761 2566 889 2606 vero
910 2549 1104 2604 dicitur
1123 2548 1371 2619 Neapolis
1387 2546 1437 2612 δ,
1469 2547 1523 2603 in
1547 2563 1648 2614 qua
1674 2563 1774 2617 pu-

184 2656 313 2700 teus
339 2654 421 2701 est
464 2661 527 2700 ex
560 2660 665 2714 quo
696 2645 952 2699 Dominus
997 2659 1187 2715 aquam
1216 2659 1245 2699 a
1276 2643 1500 2698 muliere
1543 2642 1773 2697 Samari-

180 2745 317 2790 tana
352 2736 537 2805 petiit;
571 2746 623 2790 et
666 2736 737 2790 ibi
753 2736 982 2790 basilica
1024 2745 1106 2791 est
1132 2737 1303 2790 sancti
1334 2734 1559 2791 Joannis
1593 2734 1773 2805 Bapti-

179 2838 324 2895 stae;
351 2837 405 2883 et
426 2828 539 2896 ipse
573 2836 759 2896 puteus
783 2840 863 2882 est
892 2840 1017 2885 ante
1055 2829 1326 2884 cancellos
1368 2828 1588 2895 altaris;
1618 2837 1673 2884 et
1701 2826 1775 2882 si-

180 2923 306 2977 tula
340 2922 406 2977 de
432 2938 534 2990 qua
575 2920 774 2976 dicitur
804 2922 1057 2977 Dominus
1088 2921 1324 2991 bibisse,
1364 2928 1422 2977 et
1447 2922 1599 2977 multi
1644 2922 1773 2993 nigri

190 3015 272 3069 ibi
305 3014 524 3070 veniunt
550 3024 604 3069 et
632 3021 907 3068 sanantur.

267 3129 320 3182 7.
348 3128 547 3184 Deinde
594 3129 838 3184 venimus
885 3130 936 3183 in
982 3126 1250 3183 civitatem
1300 3126 1664 3193 Tiberladem,
1712 3128 1772 3183 in

188 3236 297 3291 qua
326 3230 447 3276 sunt
475 3223 699 3277 thermae
726 3222 899 3276 salsre.
929 3220 1023 3276 Hic
1049 3235 1184 3291 aqua
1226 3221 1387 3276 maris
1415 3221 1559 3277 illius
1601 3220 1775 3276 dulcis
1799 3235 1849 3309 ο

193 3325 303 3384 est,
329 3316 465 3385 quod
492 3330 634 3369 mare
664 3316 853 3370 circuit
883 3314 1044 3369 millia
1075 3329 1190 3368 vui.
1221 3314 1425 3369 Deinde
1452 3311 1697 3369 venimus
1724 3314 1775 3368 in

192 3408 566 3477 Capharnaum
600 3410 651 3462 iu
698 3408 912 3462 domum
944 3406 1082 3461 beati
1125 3405 1265 3461 Petri
1286 3446 1303 3472 ,
1340 3420 1459 3477 qua:
1487 3415 1573 3461 est
1599 3406 1652 3461 in
1685 3406 1778 3460 ba-

193 3500 373 3557 silica.
405 3499 531 3555 inde
558 3500 833 3555 venientes
865 3513 959 3567 per
985 3505 1180 3563 castra,
1214 3500 1299 3552 vel
1327 3496 1506 3562 vicos,
1538 3499 1621 3551 vel
1646 3496 1780 3551 civi-

196 3600 360 3659 tates,
398 3594 463 3647 ad
489 3592 620 3647 duos
650 3592 822 3647 fontes
846 3590 1121 3655 venimus,
1150 3589 1355 3645 scilicet
1378 3588 1474 3644 .lor
1501 3597 1524 3628 ⁸
1556 3596 1613 3644 et
1642 3589 1775 3655 Dan,

194 3686 362 3757 qui-in
388 3700 547 3739 unum
573 3683 815 3751 efﬂuunt,
847 3696 903 3739 et
940 3684 1204 3738 vocitatur
1250 3682 1522 3737 Iordanis.
1573 3681 1775 3736 Parvus

196 3779 494 3848 ingreditur
538 3792 712 3843 mare,
748 3788 800 3831 et
850 3776 1139 3846 pertransit
1168 3784 1333 3830 totum
1368 3776 1530 3829 maris
1560 3774 1781 3844 pelagus

196 3886 370 3941 usque
383 3871 446 3924 ad
471 3870 619 3924 littus
634 3870 813 3924 maris.
836 3868 1181 3923 Revertentes
1193 3874 1315 3936 post
1339 3880 1435 3920 nos
1454 3865 1698 3921 venimus
1713 3865 1780 3918 ad

196 3965 375 4018 locutu
409 3963 493 4016 ubi
544 3961 791 4017 Jordanis
823 3959 1091 4030 egreditur
1120 3973 1290 4015 mare.
1334 3956 1401 4010 Et
1437 3960 1490 4011 in
1518 3959 1632 4026 ipso
1668 3958 1783 4013 loco

199 4054 519 4111 transivimus
548 4052 850 4116 Iordanem,
876 4060 922 4104 et
949 4050 1175 4103 venimus
1195 4050 1248 4102 in
1271 4049 1524 4102 civitatem
1551 4063 1667 4116 qua
1688 4064 1783 4102 vo-

199 4157 346 4200 catur
374 4143 617 4199 Gaddera
648 4142 676 4180 ἀ
715 4158 829 4211 qua:
858 4150 904 4196 et
924 4140 1136 4195 Gabaon
1165 4141 1373 4193 dicitur.
1403 4137 1470 4192 In
1500 4141 1595 4193 ista
1638 4148 1783 4206 parte

200 4242 417 4295 civitatis
436 4281 449 4305 ,
482 4237 719 4291 milliario
746 4251 801 4293 ιιι
831 4236 892 4288 ab
930 4233 1080 4300 urbe,
1106 4243 1225 4289 sunt
1250 4247 1397 4303 aquis
1423 4232 1606 4287 calida!
1624 4273 1641 4299 ,
1668 4246 1785 4304 qna

201 4329 530 4398 appelluntur
558 4326 764 4380 thermae
794 4324 945 4388 Elite,
980 4324 1065 4377 ubi
1108 4323 1293 4393 leprosi
1323 4321 1655 4377 inundantur.
1698 4319 1784 4376 Ibi

203 4436 279 4479 est
302 4422 690 4487 xenodochium,
721 4418 929 4473 delicias
972 4418 1036 4471 de
1076 4416 1279 4487 publico
1320 4415 1545 4481 habens,
1574 4425 1622 4469 et
1651 4414 1786 4469 hora

286 4613 310 4647 ε
340 4601 393 4657 ιιι
426 4607 507 4658 εει
535 4595 1041 4689 "tmi'l‘tPFE‘iT‘j-
1055 4590 1779 4689 “("13‘.“‘E'11.Bff’_.'°.'?3iitt
1807 4628 1858 4689 υ

207 4674 352 4733 dine.
386 4689 485 4738 vox
515 4677 597 4725 est
625 4663 838 4738 acoepta
882 4682 944 4720 ex
979 4664 1262 4720 vernacula
1306 4663 1555 4719 Italorum
1598 4663 1773 4733 lingua

206 4746 397 4816 taglia,
427 4741 643 4805 Francis
671 4737 829 4816 taille.
1230 4804 1261 4816 υ
1299 4814 1307 4816 _
1354 4812 1363 4816 _
1575 4804 1585 4813 .
1616 4801 1675 4816 ﬂ"

284 4802 308 4853 δ
340 4802 576 4870 Samaria
608 4802 734 4865 nrbs
766 4806 1146 4861 mediterranea
1168 4846 1180 4870 ,
1213 4804 1369 4857 distat
1396 4816 1423 4854 a
1455 4804 1587 4857 mari
1616 4802 1779 4856 Tibe-

210 4885 371 4945 riadis
397 4884 556 4953 duplo
586 4882 799 4953 longius
818 4892 974 4953 quam
1005 4880 1114 4943 ipse
1140 4889 1295 4931 mons
1321 4873 1535 4953 Tltabor
1562 4885 1778 4953 :Ane‘que

206 4941 345 5020 haec,
377 4941 486 5008 sed.
506 4941 888 5020 vicina'civitas
918 4941 1314 5020 Sictiat-_“posten
1353 4943 1495 5020 dicta
1528 4951 1608 5020 est
1639 4941 1777 5020 Nea:

397 5023 544 5101 Cumh
570 5038 711 5101 ergo
741 5018 977 5101 Joannis”
1003 5032 1052 5099 tv
1079 5008 1271 5101 dicitur
1297 5030 1310 5066 :
1353 5011 1501 5065 Venit
1529 5008 1780 5101 (causam!

211 5081 461 5151 invitatam
498 5081 757 5151 Samaria:
784 5105 896 5157 qua:
919 5088 1109 5160 dicitur
1156 5084 1361 5160 Sic/tor,
1390 5084 1646 5151 accipitur
1674 5081 1777 5160 ξιι-

213 5168 397 5233 maria,
433 5180 533 5218 nun
567 5178 660 5233 pro
691 5164 800 5228 ipsa
828 5159 1064 5233 civitate,
1092 5157 1186 5223 sed
1217 5171 1310 5225 pro
1341 5164 1451 5207 toto
1476 5168 1541 5208 eo
1569 5157 1779 5207 territo-

214 5242 317 5304 rio,
344 5229 492 5306 cujus
517 5229 675 5306 caput
702 5240 815 5286 erat
844 5229 1102 5306 Sam-aria.
1326 5294 1359 5306 ί.

287 5295 316 5348 έ
347 5295 500 5363 lit'ad
530 5295 626 5359 bris
656 5305 825 5355 fontes
855 5299 1144 5364 veniretur,
1172 5295 1499 5351 remetienda
1526 5302 1639 5348 erat
1667 5300 1777 5347 tota

217 5380 327 5436 fere
356 5377 574 5443 Galiltea
615 5372 880 5449 superior,
913 5385 1006 5441 per
1044 5370 1271 5437 Spatium
1321 5368 1571 5425 horarum
1617 5364 1777 5418 circi-

273 5470 293 5503 l'
321 5452 410 5503 ἆυ.

218 5453 610 5575 le‘dﬂii’auaram
662 5528 829 5585 prope
873 5514 1041 5567 lacum
1084 5506 1418 5585 ﬁenezamtli
1466 5506 1588 5585 novi
1623 5504 1777 5585 :nGa-

216 5593 349 5645 baon
384 5588 595 5645 unicum
624 5575 788 5640 sacrae
820 5586 1031 5637 Litterae
1062 5581 1331 5634 tramittant
1380 5579 1432 5630 iu
1466 5577 1605 5630 tribu
1637 5575 1778 5628 Ben-

210 5664 390 5741 jatuinA
402 5676 562 5730 prope
584 5657 896 5721 Jerusalem,
924 5655 1077 5741 longe
1104 5666 1131 5703 a
1155 5650 1298 5702 dictu
1322 5648 1460 5741 lacu.

291 5714 594 5799 {Quinque
627 5720 681 5779 ut
718 5714 982 5799 summum
1015 5714 1277 5799 horarum
1322 5720 1420 5798 iter
1449 5724 1533 5771 est
1569 5714 1783 5799 (indura

219 5787 611 5873 Scytliopolim,
641 5798 858 5873 proinde
884 5801 931 5873 in
963 5805 1068 5847 tam
1100 5790 1247 5847 brevi
1276 5790 1449 5859 Spatia
1476 5803 1579 5842 non
1610 5787 1785 5863 potuit

222 5870 335 5940 quis
368 5873 560 5928 multas
584 5871 740 5924 urbes
771 5870 1043 5922 ttausisse.

1866 600 1994 641 num
2023 584 2224 655 grande
2252 592 2333 639 est
2366 583 2588 653 solium,
2618 580 2755 653 quod
2785 580 2908 636 dum
2955 580 3227 653 impletum
3258 580 3440 650 fuerit,

1866 678 2047 735 omnia
2079 677 2215 733 ostia
2242 675 2594 741 clauduntur;
2624 683 2679 731 et
2705 690 2800 746 per
2832 676 3023 729 ostium
3055 673 3336 727 mittuntur
3364 672 3445 727 ln-

1865 778 1953 827 tus
1981 770 2261 825 luminaria
2306 778 2361 825 et
2409 770 2723 835 incensum;
2756 778 2806 823 et
2854 767 3042 822 sedent
3069 768 3120 821 in
3166 767 3269 821 isto
3309 766 3445 821 solio

1868 869 1978 919 tOta
2009 870 2165 915 nocte
2196 876 2208 912 :
2240 868 2293 914 et
2328 859 2455 912 dum
2506 858 2735 929 soporati
2780 856 2993 923 fuerint,
3034 855 3178 911 videt
3220 855 3311 911 ille
3355 855 3446 927 qui

1866 952 2148 1007 mundatus
2175 959 2257 1007 est
2286 950 2515 1020 aliquam
2543 951 2562 974 ‘
2592 950 2852 1005 visionem
2887 956 2981 1003 :et
3008 948 3135 1003 dum
3165 948 3331 1017 ipsam
3364 962 3445 1001 re-

1867 1044 2139 1109 citaverit,
2170 1042 2489 1098 ntundantnr
2518 1041 2737 1096 thermae
2784 1056 2875 1110 per
2921 1048 3125 1110 septem
3176 1038 3312 1094 dies.
3367 1038 3441 1091 lbi

1866 1151 1996 1191 vero
2023 1135 2305 1191 defunctus
2325 1144 2407 1189 est
2432 1134 2635 1204 collega
2666 1143 2847 1188 noster
2872 1131 3105 1188 Joannes
3134 1131 3201 1186 de
3228 1132 3445 1186 Placen-

1869 1228 1963 1283 tia.
1994 1226 2110 1299 lpse
2137 1227 2328 1283 ﬂuvius
2355 1226 2579 1290 calidus,
2604 1224 2693 1295 qui
2717 1224 2962 1280 Gaddera
2984 1224 3198 1289 dicitur,
3223 1222 3446 1277 descen-

1870 1319 1948 1374 dit
1980 1328 2188 1374 torrens
2217 1325 2270 1373 et
2297 1317 2459 1373 intrat
2485 1315 2793 1384 Jordanem,
2825 1324 2879 1370 et
2906 1330 2970 1371 ex
3001 1316 3116 1386 ipso
3161 1302 3445 1383 ampliatur

1869 1408 2117 1464 Jordanis
2146 1419 2229 1464 est
2258 1407 2428 1477 major
2449 1405 2541 1461 ﬁt.

1941 1516 1995 1573 8.
2029 1517 2095 1573 Et
2133 1524 2257 1571 tunc
2287 1514 2660 1570 descendimus
2706 1528 2801 1583 per
2830 1511 3101 1569 Galilaeam
3137 1510 3285 1582 juxta
3326 1510 3446 1565 Jor-
3510 1490 3521 1499 “

1873 1608 2089 1673 danem,
2133 1616 2467 1663 transeuntes
2496 1605 2687 1661 multas
2729 1608 2969 1659 civitates
2998 1614 3125 1674 quae“
3166 1604 3443 1675 leguntur;

1873 1707 1930 1755 et
1966 1701 2206 1755 venimus
2255 1700 2306 1753 in
2353 1698 2621 1752 civitatem
2670 1696 3008 1768 metropolim
3049 1694 3285 1751 Galilteze
3329 1711 3447 1765 quac

1876 1802 2096 1847 vocatur
2140 1791 2477 1864 Scythopolis
2507 1798 2560 1857 ε,
2613 1788 2664 1843 in
2715 1798 2894 1843 monte
2942 1786 3150 1858 posita,
3196 1788 3285 1843 ubi
3328 1805 3449 1841 sau-

1800 1861 1852 1926 Β
1874 1894 2105 1943 ctus.....
2135 1861 2328 1938 multas
2355 1892 2605 1952 operatus
2635 1893 2715 1937 cst
2745 1882 2987 1936 virtutes.
3022 1880 3214 1935 Deinde
3240 1880 3448 1935 descen-

1877 1976 2046 2029 dimus
2077 1990 2168 2044 per
2196 1974 2303 2028 alia
2328 1975 2439 2037 loca
2471 1974 2725 2029 Samaria:
2768 1983 2814 2027 et
2861 1970 3059 2026 ludive
3106 1973 3157 2026 in
3198 1973 3447 2026 civitatem

1876 2069 2187 2127 Sebastazam
2221 2065 2264 2135 ι,
2301 2069 2355 2122 in
2382 2084 2484 2138 qua
2510 2068 2773 2138 requiescit
2808 2067 3022 2122 Elisteus
3048 2066 3312 2136 praplteta.
3347 2065 3448 2120 De-

1875 2163 2190 2219 scendentes
2222 2175 2315 2229 per
2343 2160 2691 2229 campestria,
2736 2157 2874 2232 [per]
2901 2159 3141 2214 civitates
3173 2160 3253 2213 vel
3300 2158 3447 2214 vicos

1875 2252 2331 2309 Samaritanorum
2353 2262 2407 2307 et
2428 2252 2629 2322 plateas
2652 2251 2788 2305 unde
2813 2251 3154 2305 transivimus
3178 2250 3449 2325 [vidimus]

1874 2342 2150 2398 venientes
2176 2342 2390 2399 Judteos
2421 2350 2538 2413 post
2568 2356 2663 2396 nos
2688 2355 2808 2396 cum
2856 2340 3040 2409 paleis,
3094 2342 3313 2413 vestigia
3354 2357 3450 2398 no-

1874 2426 1985 2491 stra
2013 2434 2034 2457 "
2063 2434 2439 2502 incendentes,
2490 2441 2632 2489 tanta
2677 2441 2760 2489 est
2798 2432 3010 2487 illorum
3060 2432 3357 2488 exsecratio
3399 2440 3448 2488 8.

1875 2527 2068 2600 Utique
2115 2525 2431 2583 Christianis
2478 2525 2694 2596 quidem
2749 2540 3064 2596 responsum
3108 2522 3310 2579 faciunt
3349 2533 3449 2580 :at

1875 2632 2088 2691 cavent,
2111 2620 2251 2693 quod
2273 2621 2341 2677 ab
2358 2621 2466 2676 illis
2488 2636 2669 2679 emere
2687 2622 2791 2687 vis,
2811 2636 2915 2676 non
2942 2632 3126 2695 tangas
3144 2621 3445 2699 priusquam

1876 2718 2101 2787 pretium
2132 2718 2265 2772 des:
2307 2716 2446 2787 quod
2490 2717 2536 2771 si
2567 2716 2823 2787 tetigeris,
2851 2724 2905 2771 et
2953 2730 3059 2781 non
3106 2730 3451 2785 comparave-

1875 2812 1949 2868 ris
1980 2808 2010 2849 ιι
2040 2824 2163 2866 mox
2192 2809 2711 2867 scandalizabuntur.
2755 2808 2884 2864 Nam
2919 2808 3047 2863 loris
3093 2808 3145 2862 in
3194 2808 3312 2863 vico
3356 2808 3448 2861 hn-

1876 2905 2006 2961 bent
2030 2920 2151 2960 cum
2182 2905 2342 2959 domo
2372 2918 2485 2969 una
2508 2904 2675 2972 posita
2713 2896 2726 2939 ⁵
2766 2902 2907 2972 quod
2938 2902 3108 2973 ipsum
3141 2900 3330 2955 facium
3366 2916 3451 2954 re-

1875 3017 2153 3073 sponsum.
2184 3002 2439 3057 Nummos
2465 3000 2532 3056 de
2559 3013 2715 3054 manu
2740 3005 2828 3053 tua
2858 3011 2962 3059 non
2991 2996 3276 3066 accipient,
3304 2993 3326 3019 ‘
3354 2994 3451 3051 sed

1877 3105 1933 3152 tu
1959 3098 2013 3153 in
2037 3111 2234 3179 aquam
2265 3092 2513 3169 projicies
2542 3106 2673 3158 eos;
2715 3099 2772 3146 et
2810 3089 3124 3161 denuntiant
3168 3088 3260 3142 tibi
3310 3086 3451 3157 quod

1876 3177 2397 3259 [nou]'ingrediaris.
2429 3183 2508 3237 Tu
2536 3195 2665 3236 vero
2701 3178 2809 3235 noli
2840 3194 3138 3255 esspnere;
3181 3177 3226 3234 si
3272 3185 3450 3230 autem

1880 3278 2179 3349 exspueris,
2212 3273 2732 3335 scandalizabuntur.
2775 3268 2907 3329 Sero
2940 3264 3125 3331 autem
3172 3266 3453 3345 puriﬁcant

1879 3384 1941 3427 se
1967 3370 2021 3424 in
2047 3382 2183 3439 aqua
2208 3382 2224 3423 :
2249 3375 2305 3427 et
2330 3365 2409 3427 sic
2439 3362 2810 3436 ingrediuntur
2835 3360 2889 3416 in
2918 3361 3091 3416 vicum
3123 3370 3212 3414 aut
3241 3359 3293 3414 in
3323 3357 3453 3412 civi-

1880 3470 2068 3529 ιιιοιιι.

1951 3595 2007 3652 9.
2037 3592 2240 3649 Deinde
2259 3590 2503 3648 venimus
2532 3588 2585 3644 in
2612 3587 2787 3647 locum
2817 3584 2908 3641 ubi
2933 3583 3192 3645 Dominus
3212 3582 3280 3645 de
3304 3582 3455 3653 quin<

1879 3704 1984 3762 quo
2013 3688 2236 3758 panibus
2261 3696 2318 3743 et
2358 3684 2569 3740 duobus
2618 3681 2850 3751 piscibus
2894 3679 3127 3749 quinque
3177 3675 3452 3739 hominum

1882 3781 2052 3838 millia
2078 3779 2311 3847 satiavit,
2343 3784 2491 3833 extra
2528 3774 2781 3831 mulieres
2826 3781 2880 3827 et
2922 3770 3207 3839 parvulos:
3237 3777 3454 3827 extenta

1882 3874 2181 3945 campanis,
2208 3874 2399 3926 oliveta
2426 3879 2483 3925 et
2512 3869 2764 3937 palmeta.
2794 3865 2927 3921 Inde
2948 3864 3172 3921 venimus
3200 3864 3267 3916 ad
3287 3860 3456 3919 locant

1882 3968 1970 4026 ubi
1997 3968 2281 4038 baptizatus
2326 3970 2398 4018 est
2442 3961 2714 4015 Dominus.
2761 3955 2829 4012 In
2870 3956 2961 4012 illo
2993 3954 3106 4009 loco
3144 3953 3242 4023 ﬁlii
3289 3950 3457 4006 Israel

1886 4059 2226 4115 transiuerunt
2248 4054 2547 4118 Iordanem,
2565 4060 2613 4105 st
2637 4049 2734 4119 ﬁlii
2749 4049 3101 4119 prophetarum
3126 4043 3459 4112 perdiderunt

1882 4152 2128 4215 securim;
2158 4158 2204 4202 et
2223 4163 2285 4202 ea:
2310 4147 2423 4217 ipso
2446 4146 2560 4200 loco
2587 4140 2733 4197 Elius
2753 4148 3045 4209 assumptus
3070 4146 3143 4191 est
3171 4138 3225 4189 in
3251 4134 3456 4189 caelum.

1887 4246 2067 4315 Ibique
2088 4255 2242 4297 mons
2273 4241 2503 4295 Hermon
2534 4238 2547 4289 l
2586 4234 2842 4301 modicus,
2876 4234 2963 4303 qui
3000 4230 3189 4301 legitur
3217 4229 3269 4295 in
3313 4226 3462 4293 Psal-

1886 4350 1996 4393 mo.
2027 4335 2106 4389 Ad
2134 4331 2294 4404 pedes
2312 4330 2506 4385 montis
2527 4328 2695 4398 ipsius
2718 4324 2959 4382 ascendit
2984 4322 3050 4377 de
3074 4320 3236 4377 ﬂuvio
3262 4319 3460 4394 nubes,

1887 4439 1942 4487 et
1966 4429 2099 4484 hora
2128 4427 2295 4498 prima
2322 4425 2533 4481 oriente
2554 4420 2670 4477 sole
2704 4416 3122 4487 Hierosolymam
3151 4411 3296 4468 venit
3325 4410 3344 4431 ‘
3369 4424 3462 4466 suo.

1912 4636 1919 4647 ,
1961 4582 1983 4624 τ
2025 4586 2096 4640 Ut
2133 4582 2485 4642 Sebasuesm;
2516 4575 2567 4630 id
2604 4582 2690 4630 est
2725 4572 3018 4647 samariam
3057 4566 3323 4647 veniatur,
3357 4579 3457 4647 ne‘c

1883 4630 2487 4723 u‘uusﬁhiiéaiiiiaié
2519 4649 2664 4701 locus
2693 4641 3034 4709 attingendus
3058 4646 3172 4723 est;
3198 4637 3265 4723 ad
3308 4630 3452 4716 liaii‘c

1878 4718 2312 4788 autem'primum
2344 4719 2571 4784 venitur,
2605 4724 2726 4782 post
2765 4725 3036 4766 emensam
3076 4718 3237 4763 totam
3277 4722 3452 4778 regio-

1880 4811 2000 4850 nem
2026 4794 2500 4849 Samaritanorum.
2936 4850 2950 4859 _
3274 4846 3286 4859 ⁸

1953 4874 1977 4911 s
2022 4864 2238 4915 Videtur
2266 4869 2567 4927 supponere
2599 4863 2786 4913 auctor
2813 4850 2964 4927 quod
2986 4858 3146 4905 totam
3176 4850 3449 4917 regionem

1874 4934 1982 5004 jam
2013 4934 2205 4988 dictam
2229 4921 2409 5004 1ludaii
2443 4934 2717 4990 tenerent,
2745 4921 3053 5004 etheidem
3086 4932 3189 4977 tam
3224 4934 3447 4991 scrupu-

1881 4994 1977 5059 losi
2004 5012 2187 5056 contra
2217 4999 2563 5060 Christianos,
2593 5005 2649 5049 ut
2672 4994 2931 5064 sequitur.

1954 5072 1986 5115 δ
2015 5073 2345 5141 Comparare,
2367 5068 2512 5123 Italis
2543 5060 3064 5141 prpprio'idiotismo,
3087 5077 3268 5135 emere,
3292 5060 3454 5131 vulgo

1885 5137 2171 5214 eontprare,
2198 5142 2337 5195 unde
2361 5154 2599 5214 compara,
2630 5137 2849 5214 emptio.
2877 5206 2888 5214 _
3025 5205 3037 5214 _
3098 5202 3130 5214 η
3230 5200 3243 5214 .

1963 5201 2221 5280 ΓΑ]ᾱίῥο
2264 5220 2385 5281 eget
2414 5201 2498 5265 hic
2540 5201 2987 5281 locusfSuspicor
3025 5201 3260 5281 indic‘ari.
3286 5201 3457 5281 lorum

1884 5302 2062 5344 rerum
2092 5271 2353 5339 venalium
2374 5321 2389 5347 ,
2414 5290 2565 5337 extra
2592 5279 2737 5339 vicos
2766 5271 2992 5344 positum
3018 5271 3455 5347 proChristianis

1883 5342 2064 5414 emere
2093 5342 2411 5418 volentibus,
2439 5351 2526 5406 ubi
2553 5350 2657 5404 illis
2685 5342 2995 5416 responsum
3013 5342 3221 5418 iaciant
3250 5342 3418 5397 Judaii
3439 5386 3455 5411 ,

1887 5447 1954 5484 ne
1980 5444 2163 5483 eorum
2196 5415 2437 5494 ingressu
2466 5420 2752 5494 immundae
2779 5415 2910 5494 ﬁant
2940 5415 3292 5494 habitationes
3320 5429 3459 5470 sum.

1882 5502 1984 5557 Sed
2013 5501 2127 5569 quis
2160 5486 2281 5569 ιδιιῆ
2306 5508 2537 5569 unquam
2566 5490 2764 5547 Judteis
2786 5486 3030 5569 afﬁnxit?

1957 5552 1975 5622 i
2021 5552 2134 5624 ᾗοιι
2164 5568 2230 5620 ad
2257 5552 2541 5620 Jordanem
2582 5570 2668 5623 est
2710 5572 2864 5621 mons
2904 5556 3166 5629 Herniea;
3197 5552 3293 5609 sed
3320 5553 3462 5629 alios

1885 5623 2053 5711 major
2090 5644 2141 5693 iu
2170 5632 3008 5711 cmitesyriatcontiuuatustenui
3052 5623 3464 5711 Libanoaalius

1885 5694 2058 5767 minor
2083 5711 2135 5765 iu
2165 5694 2404 5769 Galilaea,
2441 5694 2506 5756 ad
2538 5710 2838 5778 torrentem
2858 5697 3080 5778 Gissun,
3110 5694 3253 5752 haud
3296 5694 3461 5777 longe

1885 5799 1915 5838 a
1938 5784 2233 5843 Thabch
2258 5788 2441 5833 monte
2468 5784 2615 5835 trans
2640 5776 2933 5831 torrentem
2960 5776 3157 5838 postto.
