4042 6348
566 275 673 337 903
1809 260 2133 323 ANTONINI
2168 259 2582 321 PLACENTINI

564 412 660 467 per
687 389 964 449 basilicam
993 374 1195 444 sentin
1218 368 1399 441 Mariis
1439 378 1506 440 εἶά
1533 381 1771 441 sanctam
1803 382 2055 452 Sophiam
2090 387 2114 416 ι
2133 418 2148 445 ,
2175 384 2224 443 Α
2256 378 2570 448 perlicitur;
2602 374 2833 432 inferior
2858 387 2988 433 vero
3019 372 3151 467 fugit
3178 374 3235 431 in
3261 387 3433 445 mare,
3451 374 3666 436 dicente
3694 379 3846 437 Psal-

562 466 679 558 qus
717 488 816 542 fuit
847 483 1150 554 praetorium
1181 481 1270 535 ubi
1298 479 1509 535 auditus
1538 486 1622 535 est
1651 477 1929 533 Dominus.
1970 474 2149 556 Super
2256 470 2409 524 mista
2445 486 2457 521 :
2493 467 2640 522 Mare
2666 468 2791 522 uidit
2819 477 2866 522 et
2890 468 3040 539 fugit,
3084 466 3331 523 Iordanis
3362 485 3631 526 conversus
3661 486 3736 527 cst
3766 492 3845 528 re-

563 581 651 637 his
677 578 809 634 locis
836 572 1115 631 descendit
1134 574 1163 607 *
1188 586 1277 627 ros
1299 571 1439 625 sicut
1458 569 1659 636 pluvia,
1684 578 1736 623 et
1751 567 2004 636 colligunt
2028 577 2149 619 eum
2257 574 2501 619 trorsunt.
2526 562 2682 620 Tunc
2708 577 2897 619 omnes
2923 562 3273 618 Alexandrini
3297 564 3496 619 habent
3521 564 3597 620 ibi
3624 565 3646 587 ‘
3675 580 3843 622 naves

562 676 792 741 medici;
824 681 878 729 et
905 673 957 727 iu
981 672 1097 741 ipso
1126 676 1433 738 coquuntur
1459 679 1647 721 omnes
1669 663 2032 719 coniectiones
2056 674 2151 728 per
2258 666 2282 696 ο
2332 672 2456 713 suas
2497 671 2621 712 cum
2670 656 2995 723 hominibus,
3045 656 3303 711 habentes
3356 655 3596 711 calathos
3654 658 3847 728 plenos

565 766 905 826 xenodocbia
939 782 953 819 :
984 778 1107 817 nam
1150 761 1301 815 multi
1335 761 1619 830 languores
1648 766 1905 812 sanantur
1935 754 2025 817 ibi,
2061 750 2149 807 ubi
2254 749 2581 805 aromatibus
2620 758 2675 805 et
2720 748 3002 804 balsamo:
3032 758 3086 804 et
3132 748 3263 804 hora
3306 764 3411 819 qua
3453 749 3850 807 benedixerunt

2255 842 2482 910 fontem,
2515 850 2807 912 antequam
2840 841 3099 910 incipiant
3122 841 3428 911 baptizare,
3461 842 3698 901 fundunt
3727 845 3847 899 illos

2253 934 2495 989 calathos
2525 935 2579 989 in
2610 934 2829 989 ﬂuvium
2858 942 2913 988 et
2956 933 3148 989 tollunt
3174 948 3368 1005 aquam
3400 935 3771 1002 benedictam,
3798 948 3850 992 et

2254 1027 2448 1082 exinde
2478 1026 2682 1082 faciunt
2718 1039 2911 1095 aquam
2958 1026 3283 1097 aspersionis
3330 1040 3383 1083 tn
3431 1030 3545 1085 suis
3592 1032 3844 1097 navibus,

2253 1127 2537 1189 antequam
2554 1128 2752 1175 exeant
2769 1118 2837 1175 ad
2858 1118 3234 1189 navigandum.
3260 1119 3532 1188 Baptismo
3547 1122 3846 1193 completo,

2253 1224 2440 1266 omnes
2462 1210 2515 1266 in
2539 1211 2757 1267 ﬂuvium
2781 1227 2878 1282 pro
2896 1211 3269 1268 benedictione
3285 1212 3655 1279 descendunt,
3679 1213 3849 1271 induti

2253 1302 2546 1368 sindones;
2576 1314 2630 1359 et
2654 1304 2787 1359 alias
2830 1304 3026 1360 multas
3053 1304 3308 1361 sindones
3331 1305 3629 1378 lintingunt
3651 1306 3849 1379 aqua],

2253 1410 2386 1465 quas
2415 1396 2516 1451 sibi
2546 1397 2611 1451 ad
2639 1398 2945 1467 sepulturas
2966 1409 3205 1455 servant.
3229 1399 3358 1455 Post
3378 1399 3495 1455 hare
3523 1402 3712 1457 omnia
3736 1417 3849 1471 pa-

701 1547 717 1573 ,
764 1502 853 1557 ubi
897 1510 1266 1558 remanserunt
1307 1500 1423 1554 dua)
1455 1507 1510 1554 et
1535 1499 1701 1554 semis
1743 1497 1909 1552 tribus
1955 1495 2148 1564 Israel,
2254 1487 2414 1553 Tecla.
2445 1490 2624 1545 statim
2656 1507 2791 1561 aqua
2826 1492 2875 1546 itt
2923 1483 3141 1561 proprio
3167 1496 3454 1549 revertitur
3481 1494 3650 1550 alveo
3683 1513 3699 1549 :
3729 1510 3846 1550 nam

561 1596 871 1665 priusquam
914 1593 1201 1647 transirent
1248 1590 1535 1645 Jordanem
1563 1607 1576 1642 :
1608 1590 1660 1643 in
1710 1604 1813 1657 quo
1860 1590 1977 1643 loco
2028 1595 2155 1641 sunt
2255 1579 2396 1633 unde
2418 1579 2588 1650 surgit
2608 1579 2860 1635 Jordanis
2882 1596 2910 1634 a
2930 1596 3079 1636 mare
3100 1581 3396 1638 Tiberiadis
3417 1596 3592 1654 usque
3611 1584 3683 1640 ad
3704 1599 3849 1641 mare

559 1691 784 1745 thermae
830 1705 895 1743 ex
944 1702 1003 1742 se
1049 1687 1291 1741 lavantes
1314 1726 1326 1747 ,
1360 1685 1389 1719 '*
1419 1699 1538 1753 qua:
1590 1692 1850 1739 vocantur
1892 1682 2142 1737 Thermaa
2254 1667 2571 1724 Sabinam!“
2598 1681 2723 1725 sum
2752 1671 3077 1727 "lini-'10!!!
3109 1669 3155 1727 '-

561 1783 759 1852 Moysis
790 1799 802 1834 :
834 1779 920 1834 ubi
952 1780 1114 1833 etiam
1148 1776 1342 1846 leprosi
1375 1778 1717 1841 mundantur,
1749 1784 1805 1830 et
1827 1772 1897 1829 ibi
1923 1781 2005 1829 est
2023 1772 2141 1828 dul-
2169 1763 2219 1825 Β
2319 1757 2405 1813 12·
2435 1760 2488 1814 ίιι
2516 1760 2627 1831 ipsa
2660 1777 2787 1817 νθτο
2816 1761 2930 1831 ripa
2972 1760 3223 1817 Iordanis
3246 1771 3329 1819 θεῖ
3353 1764 3640 1836 spelunca,
3664 1765 3720 1821 ίιι
3746 1781 3845 1836 qua

568 859 713 916 cadit
741 858 853 927 ipse
885 869 991 910 ros.
1020 854 1135 923 Ipse
1161 861 1244 906 est
1274 864 1362 905 ros
1383 850 1451 906 de
1472 864 1579 921 quo
1608 849 1819 902 canitur
1850 863 1893 899 ε(
1914 847 2042 900 sicnt
2068 860 2151 897 ros

567 955 799 1009 Harmon
828 953 913 1019 qui
944 949 1199 1003 descendit
1232 948 1285 1000 in
1319 946 1469 1003 Sion.
1507 964 1526 1000 ι
1562 945 1629 999 1η
1660 946 1771 1015 ipsa
1800 945 1913 1013 ripa
1934 952 2007 1017 est
2036 946 2151 1011 fons

567 1046 654 1100 ubi
681 1042 953 1111 baptizavit
982 1049 1188 1095 sanctus
1218 1037 1462 1092 Joannes.
1502 1035 1630 1089 Inde
1676 1052 1832 1105 usque
1862 1036 1929 1087 ad
1959 1032 1990 1085 .1
2000 1032 2149 1086 arda-

562 1154 672 1193 nem
695 1137 856 1190 millia
876 1136 997 1188 duo.
1024 1130 1088 1186 In
1112 1134 1221 1201 ipsa
1246 1130 1375 1185 valle
1397 1132 1626 1183 inventus
1647 1140 1719 1183 est
1748 1126 1893 1181 Elius
1912 1167 1928 1193 ,
1950 1124 2153 1196 quando

561 1244 736 1283 corvus
766 1226 790 1265 ι)
816 1228 863 1280 ei
893 1224 1150 1291 deferebat
1181 1239 1367 1292 panem
1395 1231 1443 1276 et
1483 1238 1683 1275 carnes.
1730 1220 1797 1274 In
1826 1221 2042 1273 circuitu
2063 1234 2149 1272 att-

560 1327 660 1373 tem
691 1319 836 1371 vallis
866 1318 1030 1387 ipsius
1058 1315 1329 1380 multitudo
1372 1316 1718 1367 eremitarum.

635 1410 721 1465 10.
751 1407 818 1463 Et
845 1408 914 1463 ibi
948 1423 1106 1478 prope
1127 1414 1211 1461 est
1240 1406 1427 1461 civitas
1454 1420 1572 1476 quae
1623 1413 1842 1460 vocatur
1893 1401 2153 1459 Salamia-

559 1503 625 1560 da
660 1515 717 1564 ιτ,
764 1502 853 1557 ubi
897 1510 1266 1558 remanserunt
1307 1500 1423 1554 dua)
1455 1507 1510 1554 et
1535 1499 1701 1554 semis
1743 1497 1909 1552 tribus
1955 1495 2148 1564 Israel,

558 1874 805 1930 cissimus
850 1886 996 1940 aquae
1048 1869 1207 1934 fons,
1237 1867 1321 1923 cui
1371 1868 1569 1924 bibitur
1616 1882 1712 1937 pro
1766 1867 2039 1932 catarrho,
2089 1877 2141 1920 et

560 1967 756 2022 multus
776 1974 929 2019 sanat
954 1963 1258 2033 languores.
1285 1961 1400 2016 Non
1424 1961 1580 2029 longe
1602 1975 1631 2013 a
1660 1958 2139 2025 mari.Sa|inarum,

559 2058 626 2112 ad
656 2056 795 2128 quod
822 2054 1068 2111 Jordanis
1096 2053 1407 2122 ingreditur.
1435 2053 1633 2109 Subtus
1659 2063 1743 2107 est
1769 2050 2066 2107 Gomorrha
2090 2060 2144 2105 et

557 2149 811 2216 Sodoma,
826 2147 890 2201 ad
911 2145 1063 2215 cujus
1084 2145 1230 2199 littus
1252 2145 1489 2200 bitumen
1513 2152 1569 2198 et
1594 2144 1817 2213 sulphur
1839 2142 2139 2211 colligitur:

556 2243 613 2294 in
644 2253 754 2309 quo
781 2239 914 2292 mari
934 2281 951 2307 ,
983 2251 1166 2293 mense
1196 2236 1337 2291 Julio
1367 2245 1422 2291 et
1467 2237 1707 2307 Augusto
1753 2247 1806 2289 et
1858 2251 2026 2305 usque
2073 2236 2137 2288 ad

556 2329 786 2388 medium
814 2329 1165 2400 Septembris,
1201 2338 1307 2385 tota
1338 2328 1425 2384 die
1467 2330 1647 2398 jacent
1682 2330 1877 2398 leprosi
1905 2330 1936 2363 "
1970 2340 2024 2383 et
2073 2328 2139 2383 ad

554 2434 833 2490 veSpcrum
886 2421 1130 2476 lavantur
1159 2423 1212 2475 in
1247 2420 1376 2490 ipsis
1416 2420 1648 2476 thermis
1693 2434 1710 2477 :
1742 2430 1795 2477 et
1832 2419 2138 2490 aliquoties.

556 2513 834 2580 Dominus,
866 2529 1022 2583 quem
1048 2515 1194 2579 vult,
1225 2512 1441 2567 mundat
1476 2532 1488 2565 :
1523 2528 1643 2567 nam
1691 2516 1741 2568 in
1790 2516 2141 2584 generalitate

556 2620 640 2666 est
661 2610 836 2680 aliqua
864 2610 1119 2681 primitia.
1151 2608 1207 2663 In
1239 2623 1345 2679 quo
1372 2608 1505 2662 mari
1536 2608 1668 2663 nihil
1698 2609 2019 2675 viviﬁcatur,
2045 2623 2141 2664 nec

558 2702 702 2774 ligna
731 2702 804 2757 ibi
831 2709 1037 2770 natant,
1069 2716 1167 2757 nec
1198 2702 1384 2770 paleae,
1418 2716 1589 2771 neque
1618 2701 1815 2768 homo;
1847 2702 1940 2757 sed
1973 2700 2140 2771 quid-

566 2795 691 2865 quid
724 2794 793 2849 ibi
826 2793 1118 2864 projectum
1147 2793 1329 2863 luerit,
1354 2794 1406 2848 in
1436 2792 1754 2863 profundum
1786 2794 2139 2866 demergitur.

563 2889 641 2944 De
657 2889 889 2945 Jordane
913 2902 1079 2959 usque
1098 2889 1163 2944 ad
1186 2889 1361 2944 locum
1383 2889 1436 2943 in
1460 2886 1799 2959 quthoyses
1821 2888 1888 2944 de
1914 2903 2141 2959 corpore

556 2985 751 3052 exivit,
777 2992 904 3039 sunt
932 2983 1096 3038 millia
1125 2998 1238 3038 vm.
1270 2981 1473 3038 Exinde
1500 2996 1529 3037 a
1558 2981 1741 3054 Segor,
1768 2982 1819 3035 in
1849 2981 2029 3050 quibus
2058 2984 2142 3037 lo-

554 3077 625 3131 cis
654 3086 773 3130 sunt
813 3076 962 3129 multi
991 3078 1230 3130 eremitw.
1266 3074 1506 3129 Vidimus
1536 3074 1609 3129 ibi
1632 3085 1687 3130 et
1732 3083 2140 3130 monumentum

554 3171 785 3226 Absalon
816 3164 843 3205 ει
876 3168 970 3223 lilii
994 3168 1183 3223 David.

628 3261 716 3317 ll.
736 3260 999 3317 Venimus
1029 3260 1147 3333 (sic)
1176 3259 1523 3331 Theophania
1546 3259 1695 3327 juxta
1721 3257 2009 3315 Jordanem
2039 3275 2052 3311 ε
2083 3265 2139 3314 et

554 3354 627 3411 ibi
656 3354 786 3409 fiunt
816 3353 1077 3410 mirabilia
1105 3396 1118 3419 ,
1151 3354 1239 3408 ubi
1268 3352 1569 3423 baptizatus
1618 3359 1703 3406 est
1749 3351 2029 3417 Dominus,
2084 3352 2135 3406 in

553 3447 667 3517 ipsa
696 3454 889 3502 nocte:
920 3452 978 3500 et
1004 3444 1078 3500 ibi
1109 3445 1342 3499 tumulus
1369 3442 1623 3498 cancellis
1647 3441 2007 3498 circumdatur
2039 3459 2051 3495 :
2080 3450 2138 3497 et

551 3541 749 3598 inloco
777 3540 866 3596 ubi
897 3537 1162 3595 redundat
1215 3552 1350 3608 aqua
1405 3539 1456 3591 in
1497 3536 1712 3592 alveum
1757 3550 1933 3600 suum,
1965 3536 2134 3606 posita

550 3642 633 3689 est
651 3648 777 3689 ctux
806 3634 999 3701 lignea.
1019 3630 1129 3685 Itur
1158 3630 1213 3685 in
1241 3644 1431 3699 aquam
1459 3641 1527 3683 ex
1557 3636 1780 3698 utraque
1812 3639 1963 3695 parte
1994 3644 2135 3683 mar-

553 3726 741 3783 moris.
784 3723 839 3778 ln
871 3723 1047 3794 vigilia
1079 3721 1443 3791 Theophanis;
1468 3718 1696 3789 grandes
1727 3720 1859 3774 liuut
1898 3720 2132 3789 vigiliae:

552 3819 780 3889 populus
808 3819 1073 3882 inlinitus;
1096 3826 1151 3872 et
1170 3822 1356 3886 quarta
1389 3822 1479 3869 aut
1499 3811 1684 3884 quinta
1711 3814 1827 3869 vice
1852 3814 1991 3883 gallo
2014 3829 2137 3869 can-

554 3922 699 3966 tante
727 3913 859 3964 iiuut
886 3912 1098 3979 vigilite.
1128 3908 1421 3979 Completis
1467 3908 1740 3964 matutinis
1771 3908 1943 3977 primo
1992 3897 2133 3963 dilu-

553 4005 673 4060 culo
699 4010 994 4072 surgentes,
1030 4001 1323 4071 proeedunt
1348 3999 1576 4054 ministri
1621 3992 1721 4053 sub
1760 3998 1884 4053 divo
1913 4007 1969 4053 et
2010 3999 2132 4054 dia-

555 4094 707 4158 coni,
754 4100 999 4147 teuentes
1027 4092 1379 4147 sacerdotem.
1412 4091 1517 4147 Ter
1562 4089 1839 4147 descendit
1882 4092 2134 4148 sacerdos

551 4185 607 4243 in
638 4185 857 4241 ﬂuvium
881 4200 899 4249 ;
928 4193 982 4240 et
1011 4184 1141 4238 hora
1159 4200 1272 4256 .qua
1301 4186 1528 4255 cmperit
1567 4183 1889 4240 benedicere
1916 4199 2130 4255 aquam,

551 4296 674 4337 mox
700 4278 949 4335 Iordanis
972 4280 991 4301 ¹
1018 4294 1137 4333 cum
1167 4287 1360 4349 magno
1391 4279 1569 4347 rugitu"
1592 4281 1876 4333 revertitur
1904 4288 2025 4343 post
2049 4294 2128 4345 se,

549 4383 605 4431 et
643 4382 749 4429 stat
776 4387 911 4443 aqua
941 4371 1187 4443 superior
1238 4372 1291 4427 iu
1340 4384 1399 4426 se
1446 4384 1615 4440 usque
1661 4369 1786 4426 dum
1834 4370 2154 4440 baptismus.

2247 1864 2371 1906 sunt
2417 1861 2622 1922 septem
2655 1854 2864 1910 cellulae
2892 1870 3016 1910 cum
3046 1865 3253 1925 septem
3303 1858 3519 1927 puellis,
3554 1860 3573 1879 '
3609 1875 3735 1930 qua:
3777 1862 3841 1917 ibi

2245 1941 2517 1997 infantulae
2549 1943 2869 1999 mittuntur:
2899 1954 2953 1999 et
2996 1959 3117 1999 cum
3156 1947 3332 2016 aliqua
3380 1962 3444 2002 ex
3495 1949 3579 2003 eis
3634 1960 3838 2005 mortua

2244 2031 2426 2101 fuerit,
2458 2035 2511 2090 in
2540 2036 2654 2105 ipsa
2690 2036 2884 2091 cellula
2911 2038 3203 2107 sepelitur;
3235 2049 3290 2094 et
3316 2040 3425 2095 alia
3466 2041 3667 2096 cellula
3710 2044 3839 2098 inci-

2243 2122 2405 2190 ditur,
2436 2135 2490 2181 et
2515 2127 2617 2181 alia
2648 2126 2719 2181 ibi
2750 2126 2979 2181 mittitur
3009 2128 3183 2198 puella
3226 2136 3285 2183 ut
3312 2144 3573 2185 numerus
3603 2140 3745 2198 stet;
3793 2145 3839 2186 et

2243 2215 2443 2272 habent
2471 2216 2600 2271 loris
2629 2218 2718 2288 qui
2762 2217 2840 2272 eis
2869 2219 3068 2273 cibaria
3119 2232 3407 2290 praeparet.
3458 2220 3517 2276 ln
3566 2238 3680 2293 quo
3730 2225 3840 2281 loco

2243 2325 2364 2366 cum
2406 2325 2599 2382 magno
2652 2312 2845 2367 timore
2892 2312 3119 2383 ingressi
3149 2326 3334 2368 sumus
3377 2313 3446 2368 ad
3498 2319 3835 2371 orationem:

2242 2405 2441 2460 nullius
2474 2406 2545 2459 ibi
2574 2404 2763 2460 faciem
2794 2404 3045 2461 vidimus.
3075 2403 3132 2460 ln
3177 2405 3295 2474 ipso
3324 2406 3441 2461 loco
3483 2407 3687 2463 dicitur
3725 2422 3837 2463 esse

2240 2496 2514 2553 sudarium
2541 2496 2686 2567 quod
2725 2496 2823 2551 fuit
2854 2512 3017 2567 super
3064 2507 3223 2568 caput
3248 2496 3399 2552 Iesu.
3454 2497 3580 2553 Non
3623 2501 3835 2553 multum

2242 2589 2392 2662 longe
2414 2610 2444 2643 ιι
2471 2588 2730 2657 Iordane,
2759 2589 2844 2642 ubi
2870 2589 3156 2661 baptizatus
3186 2599 3258 2645 est
3282 2588 3557 2658 Dominus,
3613 2602 3687 2645 est
3734 2609 3834 2646 mo-

2240 2684 2519 2740 nasterium
2546 2683 2711 2738 sancti
2744 2682 2965 2737 Joannis
2993 2677 3144 2739 val'de
3183 2700 3447 2756 magnum,
3478 2685 3533 2738 in
3577 2700 3680 2755 quo
3724 2698 3833 2738 sunt

2239 2776 2558 2833 modochia
2584 2777 2707 2830 duo.
2738 2775 2793 2831 In
2826 2777 2929 2831 ista
2960 2791 3180 2831 vero....
3213 2777 3301 2831 illa
3332 2776 3445 2846 ripa
3468 2776 3729 2832 Iordanis
3758 2778 3833 2831 in-

2239 2872 2484 2926 venimus
2539 2878 2816 2939 serpentes
2870 2867 2937 2924 de
2991 2869 3185 2939 quibus
3238 2868 3473 2926 theriaca
3525 2871 3831 2927 conﬁcitur.

2241 2962 2371 3019 lnde
2399 2962 2645 3018 venimus
2674 2961 2742 3017 ad
2769 2960 3081 3018 Jordanem.

2315 3075 2405 3133 15.
2438 3076 2515 3132 De
2543 3074 2776 3131 lordane
2822 3088 2988 3145 usque
3018 3072 3086 3129 ad
3113 3071 3331 3130 Jerichu
3360 3073 3531 3130 millia
3561 3091 3644 3131 vi.
3693 3075 3830 3133 Jeri-

2166 3149 2215 3216 C
2244 3170 2347 3227 cbo
2376 3180 2553 3225 autem
2585 3169 2638 3224 in
2665 3167 2833 3224 oculis
2866 3166 3140 3222 hominum
3174 3168 3244 3222 ita
3276 3167 3487 3222 videtur
3507 3182 3635 3225 esse
3662 3180 3723 3224 ut
3747 3184 3830 3240 pa-

2243 3262 2481 3333 radisus,
2535 3278 2565 3315 a
2596 3269 2902 3316 terrtcmotu
2931 3259 3069 3314 muri
3104 3259 3302 3323 diruti;
3344 3261 3535 3316 domus
3568 3262 3721 3317 Raab
3751 3278 3830 3318 re-

2240 3365 2365 3423 stat,
2397 3365 2450 3410 et
2477 3363 2561 3411 est
2588 3352 2978 3409 xenodocltium
2998 3394 3013 3417 ,
3046 3352 3141 3408 sed
3185 3362 3243 3408 et
3268 3353 3602 3421 cubiculum,
3632 3356 3700 3410 de
3730 3370 3830 3425 quo

2237 3449 2601 3518 exploratores
2628 3444 2893 3517 deposuit,
2922 3444 3215 3501 oratorium
3242 3453 3332 3502 'est
3382 3457 3586 3501 sancta:
3629 3448 3830 3503 Maria.

2244 3538 2475 3609 Lapides
2502 3553 2630 3595 vero
2656 3539 2731 3593 illi
2761 3551 2897 3608 quos
2924 3537 3237 3592 levaverunt
3264 3538 3357 3592 lilii
3399 3537 3561 3593 Israel
3611 3539 3679 3595 de
3720 3539 3832 3596 Jor-

2238 3635 2396 3697 daue,
2431 3646 2535 3687 non
2565 3630 2720 3699 longe
2750 3646 2779 3685 a
2807 3629 3023 3685 civitate
3048 3628 3264 3684 Jericlto
3294 3629 3457 3700 positi
3485 3640 3616 3685 sunt
3660 3632 3715 3686 iu
3740 3631 3829 3688 ha-

2240 3728 2391 3783 silica
2420 3737 2541 3797 post
2569 3728 2769 3793 altare;
2795 3736 2850 3782 et
2886 3735 3011 3781 ante
3046 3725 3320 3780 basilicam
3345 3734 3429 3780 est
3474 3741 3701 3798 campus
3748 3729 3831 3800 qui

2240 3820 2437 3875 dicitur
2467 3823 2609 3889 Ager
2637 3818 2849 3874 Domini
2883 3836 2896 3872 :
2930 3818 2950 3839 ‘
2981 3819 3033 3873 in
3080 3832 3188 3887 quo
3216 3816 3475 3873 Dominus
3514 3835 3678 3874 manu
3711 3837 3833 3891 pro-

2238 3910 2349 3980 pria
2374 3907 2677 3977 seminavit,
2711 3909 2886 3965 ferens
2915 3917 3090 3963 satum
3123 3907 3280 3963 tritici
3313 3908 3412 3963 tria
3445 3909 3630 3965 modia
3660 3912 3752 3981 qui
3781 3923 3831 3967 et

2238 4002 2522 4074 colligitur,
2551 4014 2604 4058 et
2634 4017 2900 4072 nunquam
2931 4001 3152 4068 seritur,
3184 4002 3279 4057 sed
3314 4017 3379 4057 ex
3408 4018 3467 4057 se
3516 4005 3726 4073 profert
3749 4020 3830 4059 se-

2236 4110 2382 4149 men.
2421 4093 2705 4164 Colligitur
2734 4109 2763 4148 a
2791 4108 2976 4150 mense
3008 4094 3320 4163 Februario,
3350 4102 3407 4150 et
3432 4095 3563 4151 inde
3589 4110 3828 4153 commnc

2239 4188 2448 4244 nicatur
2479 4189 2534 4244 in
2561 4188 2785 4245 Pascha.
2820 4187 2953 4244 Cum
3001 4190 3283 4244 collectum
3316 4188 3495 4246 luerit.
3525 4199 3734 4256 aratur,
3780 4200 3829 4247 et

2236 4282 2428 4337 iterum
2453 4295 2573 4336 cum
2603 4281 2823 4351 reliquis
2846 4281 3111 4336 messibus
3133 4280 3421 4353 colligitur.

2306 4373 2391 4428 14.
2434 4374 2498 4427 At
2550 4390 2667 4429 vero
2716 4375 2831 4445 fons
2876 4390 3025 4444 aquae
3070 4390 3217 4442 quem
3260 4375 3543 4431 indulcauit
3596 4373 3824 4431 Elim

621 4538 666 4607 ἢ-
685 4530 761 4586 De
796 4538 979 4607 saneta
999 4528 1211 4607 _$0ph_ia
1251 4527 1841 4607 Constantinopolitana
1873 4528 2007 4607 forte
2036 4528 2121 4584 in-
2151 4544 2207 4607 Ῑ)
2231 4542 2624 4607 occupaverunt
2646 4532 2817 4589 tribus
2842 4532 3028 4607 Ruben
3057 4542 3113 4589 et
3137 4534 3250 4590 Gad
3273 4550 3394 4590 cum
3420 4534 3647 4591 dimidia
3676 4538 3814 4594 tribu

548 4601 822 4675 audiverat
851 4602 1047 4673 aliquid
1072 4603 1321 4671 scriptor,
1347 4600 1490 4672 quod
1522 4601 1645 4655 inde
1687 4600 2114 4673 Hierosolymam

548 4672 834 4728 transtulit.

618 4740 645 4780 ι’
686 4743 875 4814 lutegri
919 4743 1023 4799 diei
1080 4743 1267 4800 itinere
1297 4744 1446 4799 locus
1474 4744 1723 4811 baptismi
1754 4742 1914 4798 distat
1942 4758 1970 4799 a
2005 4752 2117 4800 tor-

546 4824 698 4869 rente
720 4815 919 4869 Carith.
959 4815 1053 4867 Est
1096 4824 1270 4869 tamen
1312 4814 1602 4870 verisimile
1646 4816 1795 4876 satis;
1829 4815 1893 4868 ad
1937 4814 2109 4871 locum

546 4887 800 4939 memoria
830 4884 1123 4939 absconditi
1150 4884 1424 4954 quondam
1454 4886 1524 4939 ibi
1547 4886 1687 4939 .Elise
1715 4887 1978 4940 celebrem
2010 4887 2110 4941 ali-

543 4956 756 5025 quando
804 4956 1072 5010 habitasse
1118 4958 1388 5009 eremitas.
1420 4960 1501 5011 An
1547 4958 1706 5010 etiam
1754 4956 1895 5025 quod
1947 4958 2110 5025 tilias,

544 5042 713 5098 usque
738 5026 872 5082 adeo
898 5034 1023 5082 tunc
1050 5025 1308 5080 abductus
1333 5042 1364 5080 a
1394 5026 1878 5098 notitiahominum
1896 5069 1909 5093 ,
1944 5037 2002 5081 ut
2031 5044 2115 5084 ne-

542 5097 693 5155 cesse
724 5098 970 5154 habuerit
997 5112 1027 5151 a
1052 5098 1225 5151 corvis
1257 5098 1434 5167 pasci,
1463 5112 1555 5153 eos
1585 5097 1656 5151 ibi
1684 5097 1989 5167 collegerit,
2022 5116 2113 5153 vo-

541 5170 659 5224 lens
690 5178 808 5240 post
835 5185 893 5225 se
924 5169 1223 5236 relinquere
1245 5170 1568 5240 monasticae
1594 5169 1714 5222 vita:
1752 5183 2107 5238 successores,

539 5250 597 5293 ut
628 5238 821 5296 dicitur
861 5244 911 5296 in
955 5240 1093 5295 libro
1134 5240 1199 5294 de
1244 5238 1413 5296 lnstit.
1459 5240 1877 5293 monachorum?
1916 5240 2113 5297 Credat

537 5311 641 5364 hoc
666 5314 754 5381 qui
787 5321 960 5380 potest
999 5310 1220 5365 credere
1249 5310 1490 5365 Graecum
1523 5324 1642 5365 esse
1687 5320 1955 5365 auctorem
1975 5352 1990 5377 ,
2018 5316 2110 5380 qui

540 5382 594 5452 iu
623 5396 750 5436 voce
779 5382 952 5437 (ἐπήιή
983 5383 1259 5452 mysticam
1306 5385 1443 5436 hanc
1473 5382 1911 5450 signiﬁcationem
1954 5399 2105 5452 repe-

536 5451 641 5521 rit,
670 5454 805 5519 quod
840 5454 983 5507 Elias
1005 5451 1133 5507 sedit
1162 5454 1216 5506 in
1251 5461 1468 5507 torrente
1496 5452 1695 5517 Carith,
1722 5454 1807 5521 qui
1836 5462 1908 5507 est
1931 5467 2109 5508 contra

535 5519 855 5590 Iordanem:
883 5526 1003 5595 quia
1041 5526 1094 5595 in
1126 5523 1335 5587 Carith,
1375 5525 1428 5577 id
1469 5533 1576 5588 est,
1617 5525 1670 5576 in
1708 5519 1801 5576 Dei
1839 5525 2106 5591 charitale,

534 5610 646 5649 eum
682 5592 933 5649 dividente
965 5612 997 5648 α
1027 5592 1277 5657 Iordane,
1307 5595 1362 5647 id
1391 5606 1463 5649 est
1494 5611 1525 5647 a
1553 5604 1871 5663 peccatorum
1902 5596 2109 5649 descen-

532 5668 693 5722 sione.
725 5680 787 5719 ea:
816 5676 932 5720 tunc
958 5681 1154 5737 semper
1182 5667 1393 5719 exstitit.

605 5748 628 5775 ε
670 5737 857 5816 Totam
902 5734 1506 5816 regionemusecundum
1561 5734 1878 5816 lordaneui,
1926 5752 2105 5816 quam

536 5806 692 5876 longe
718 5806 832 5861 ﬂuit
857 5821 886 5860 a
919 5806 1030 5859 s'uis
1062 5806 1294 5860 fontibus
1324 5819 1494 5877 usque
1523 5807 1586 5861 ad
1617 5822 1763 5863 mare
1803 5807 2105 5880 Morinum,

2226 4604 2497 4672 Manasse,
2528 4605 2623 4659 sed
2657 4621 2915 4675 nusquam
2949 4606 3194 4675 leguntur
3224 4607 3497 4662 invenisse
3541 4609 3816 4665 civitatem

2222 4674 2525 4732 Salamiada
2553 4694 2567 4731 :
2602 4674 2785 4730 verum
2818 4674 3067 4731 Antonini
3110 4678 3449 4745 imperatoris
3479 4678 3817 4735 Itinera-ium

2222 4746 2636 4803 Salaminiadam
2677 4747 2836 4803 habet
2874 4748 3057 4816 procul
3102 4749 3247 4814 inde,
3299 4751 3437 4805 inter
3485 4752 3719 4807 Ucoram
3766 4761 3818 4808 et

2220 4818 2484 4874 Emissam
2511 4819 2813 4889 leesyrim
2838 4818 3018 4889 urbes.

2294 4894 2316 4926 ιι
2364 4892 2591 4964 Econtra
2623 4888 2697 4945 ex
2718 4889 2811 4964 lib.
2852 4889 2893 4943 ll
2915 4888 3159 4964 ‘Regttm,
3187 4902 3309 4964 cap.
3342 4888 3431 4964 18,
3460 4892 3667 4947 scimus
3720 4910 3817 4964 pu-

2218 4975 2378 5031 gnam
2418 4963 2557 5015 inter
2594 4960 2865 5017 exercitus
2911 4962 3075 5014 David
3117 4969 3172 5015 et
3196 4961 3429 5031 Ahsalon
3464 4960 3813 5021 commissam

2221 5030 2341 5087 esse
2376 5034 2427 5105 in
2458 5032 2597 5087 saltu
2620 5031 2880 5105 Ephraim
2924 5032 2978 5086 in
3024 5030 3381 5105 Gulaaditt’de,
3412 5031 3553 5087 haud
3590 5036 3754 5105 longe
3781 5052 3811 5089 a

2219 5105 2353 5157 mari
2381 5104 2702 5171 'l‘iberiadis,
2743 5103 2923 5174 ibique
2966 5104 3239 5168 occisum,
3264 5113 3319 5159 et
3360 5104 3459 5161 sub
3485 5103 3704 5161 acervo'
3737 5111 3813 5162 la-

2224 5174 2405 5244 pidum
2437 5176 2702 5242 sepultum
2734 5174 3055 5229 Absalonem
3084 5190 3223 5228 esse.

2290 5255 2312 5282 ε
2346 5246 2560 5301 Diceres
2581 5260 2729 5301 mare
2753 5245 3225 5309 Mediterraneum,
3251 5260 3348 5309 per
3389 5245 3531 5312 quod
3575 5246 3814 5301 Alexan-

2213 5315 2352 5372 drini
2378 5318 2689 5386 navigantes
2704 5319 2988 5386 stationem
3013 5316 3231 5385 capiunt
3252 5318 3304 5369 in
3325 5315 3507 5386 aliquo
3525 5317 3812 5374 Palestina

2215 5398 2402 5457 pOrtu,
2442 5385 2564 5457 puta
2605 5388 2794 5457 .loppe,
2832 5385 3085 5444 confundi
3129 5405 3157 5440 a
3195 5385 3457 5454 scriptore
3498 5402 3622 5444 cum
3674 5392 3809 5444 mari

2219 5461 2448 5523 Mortuo,
2476 5458 2675 5513 nullam
2722 5473 2842 5514 eum
2900 5460 3071 5514 altero
3124 5459 3671 5515 communicationem
3705 5461 3807 5514 ha-

2215 5528 2404 5593 bente;
2434 5531 2569 5584 adeo
2601 5538 2656 5583 ut
2683 5529 3011 5597 impossibile
3034 5530 3099 5584 sit
3124 5531 3613 5586 Alexandrinorum
3641 5547 3811 5587 nares

2215 5603 2507 5654 ascendere
2534 5600 2598 5653 ad
2630 5602 2801 5665 locum
2834 5602 3083 5669 baptismi
3108 5600 3385 5655 dominici.

2290 5668 2330 5744 ξ-
2351 5670 2599 5744 Abundat
2644 5672 2729 5725 hic
2772 5668 3026 5728 numerus
3078 5671 3463 5744 ceuteuarius,
3520 5687 3644 5729 nam
3692 5690 3808 5735 xxx

2213 5740 2463 5800 sufﬁcere
2488 5742 2665 5814 reipsa
2694 5751 2856 5814 patet.
