4042 6348
550 322 652 383 907

1788 316 2111 375 ΑΝΤΟΝΙΝΙ
2151 318 2561 378 PLACENTINI

3724 325 3837 388 908

552 442 779 496 rantium
831 440 1083 496 deorsum
1136 439 1190 493 in
1244 438 1381 493 valle
1404 434 1682 505 Josaphat,
1736 434 1803 489 ad
1850 435 1965 491 loca
2010 436 2314 506 qumAest
2340 436 2415 493 ibi
2470 438 2685 497 basilica
2732 439 3001 509 volubilis,
3032 442 3101 499 de
3144 443 3246 500 sub
3287 458 3393 516 qua
3437 446 3613 517 surgit
3654 446 3825 519 Siloa,

552 536 844 605 nepiciunt
871 544 1057 588 contra
1084 532 1371 588 Sodomam
1392 540 1447 586 et
1468 529 1845 586 Gomorrbam.

2232 533 2477 587 clausura
2507 534 2901 600 cancellorum;
2937 536 2989 590 in
3022 536 3216 607 quibus
3243 551 3340 606 pro
3367 536 3753 595 benedictione
3773 542 3828 596 in

618 627 710 682 22.
754 626 954 682 Deinde
984 626 1225 681 venimus
1270 625 1322 678 in
1364 623 1636 677 basilicam
1686 623 1839 689 Sion,
1888 622 1975 676 ubi
2006 630 2133 677 Sunt
2234 640 2344 681 uno
2373 625 2620 682 lavantur
2646 628 2767 691 viri,
2801 629 2850 681 in
2875 629 3049 683 altero
3078 644 3206 683 vero
3228 628 3524 684 mulieres:
3549 634 3607 684 in
3636 631 3832 696 quibus

491 759 497 779 ε
550 719 807 775 mirabilia
841 718 1043 773 multa:
1089 716 1229 771 inter
1254 729 1375 785 quae
1404 726 1485 769 est
1532 716 1673 784 quod
1719 714 1910 785 legitur
1937 712 2002 769 de
2054 715 2130 769 la-

547 812 671 880 pide
696 810 957 880 angulari,
992 808 1083 878 qui
1111 808 1428 875 reprobatus
1466 818 1551 861 est
1596 807 1663 861 ab
1715 806 2126 862 aediﬁcantibus.

550 905 773 959 Domino
799 905 940 959 enim
992 902 1327 973 ingrediente
1359 900 1411 955 in
1442 902 1609 971 ipsam
1660 900 1964 963 ecclesiam,
2012 914 2132 969 quae

547 996 642 1051 fuit
670 998 857 1051 domus
902 995 1070 1049 sancti
1114 993 1320 1059 Jacobi,
1366 992 1569 1047 invenit
1622 994 1902 1061 lapidcm“
1947 992 2131 1047 defor-

548 1106 709 1153 mem,
745 1089 797 1142 in
828 1088 1005 1141 medio
1035 1090 1331 1154 iacentem;
1367 1088 1639 1154 tenuitque
1669 1102 1790 1141 eum
1811 1122 1826 1148 ,
1859 1095 1911 1140 et
1956 1087 2136 1154 posuit

544 1181 598 1235 in
631 1180 841 1249 angulo.
874 1179 1041 1247 Quem
1069 1191 1255 1234 tenens
1281 1179 1433 1233 levas
1456 1188 1509 1232 et
1538 1180 1696 1249 ponis
1724 1193 1905 1233 aurem
1936 1179 1986 1230 in
2015 1179 2134 1246 ipso

544 1274 738 1345 angulo
760 1277 803 1343 ‘,
832 1284 885 1328 et
924 1282 1080 1326 sonat
1110 1272 1162 1325 in
1210 1273 1425 1327 auribus
1455 1270 1560 1326 tuis
1590 1275 1738 1342 quasi
1783 1270 2136 1325 murmuratio

550 1364 840 1420 multorum
889 1363 1188 1418 hominum.
1236 1363 1293 1417 In
1324 1364 1437 1432 ipsa
1474 1362 1713 1417 Ecclesia
1736 1372 1817 1416 est
1862 1362 2133 1428 columna,

542 1459 595 1514 in
626 1474 727 1529 qua
749 1458 850 1512 tale
877 1465 959 1511 est
984 1456 1217 1527 signum,
1244 1465 1303 1510 ut
1332 1458 1457 1509 dum
1486 1471 1604 1509 eam
1623 1455 1833 1523 quidam
1858 1456 2135 1523 amplexus

544 1552 754 1615 luisset.
800 1552 853 1605 in
890 1554 1003 1618 ipsa
1028 1551 1075 1604 ei
1118 1560 1303 1620 pectus
1332 1548 1561 1603 adhaesit
1603 1558 1658 1603 et
1684 1558 1945 1618 apparent
1988 1548 2041 1601 in
2072 1560 2136 1599 ea

542 1646 731 1714 palma).
760 1654 813 1699 et
842 1645 1029 1714 digiti;
1064 1646 1134 1698 ita
1180 1654 1238 1699 ut
1281 1643 1406 1697 inde
1445 1657 1539 1711 per
1569 1641 1815 1712 singulos
1848 1642 2136 1710 languores

541 1739 780 1803 tollatur,
814 1746 869 1792 et
921 1740 1010 1806 qui
1063 1737 1204 1792 circa
1252 1736 1451 1793 collum
1496 1734 1719 1801 habent,
1752 1744 2029 1788 sanantur.
2079 1735 2135 1788 In

2236 720 2394 787 aquis
2422 719 2588 775 multa
2618 722 3002 787 ostenduntur,
3039 721 3148 776 imo
3172 730 3229 777 et
3255 721 3453 791 leprosi
3480 721 3828 780 mandantur.

2238 810 2303 865 Et
2338 821 2463 867 ante
2491 812 2683 866 atrium
2729 824 2813 868 est
2843 814 3044 879 piscina
3070 811 3311 883 grandis,
3345 827 3505 867 manu
3548 810 3832 868 hominum

2236 903 2543 970 munita,in
2587 919 2693 974 qua
2739 904 2948 960 lavatur
2980 906 3210 975 populus
3244 902 3466 958 assidue
3492 903 3628 957 solis
3670 901 3832 956 certis

2238 996 2383 1050 horis
2415 1014 2429 1051 :
2469 1011 2589 1050 nam
2618 996 2706 1049 ille
2750 994 2869 1050 fons
2901 997 3087 1066 irrigat
3130 1010 3298 1066 aquas
3332 995 3553 1057 multas,
3590 1009 3715 1063 quae
3740 991 3836 1046 tte-'-

2236 1088 2497 1141 scendunt
2524 1102 2617 1156 per
2647 1087 2837 1142 vallem
2866 1086 3144 1153 Josapltat,
3191 1100 3312 1156 qua
3361 1082 3830 1149 etGethzentani,

2237 1187 2292 1233 et
2318 1177 2689 1245 ingrediuntur
2720 1177 2771 1231 in
2800 1176 3039 1232 Jordane
3069 1174 3259 1240 ﬂuvio,
3292 1173 3380 1229 ubi
3408 1172 3672 1228 Jordanis
3702 1170 3836 1225 deti-

2237 1273 2311 1325 cit
2342 1272 2391 1325 in
2424 1285 2571 1325 mare
2600 1270 2927 1338 Salinarum,
2961 1268 3155 1325 subtus
3182 1267 3472 1325 Sodomam
3503 1274 3561 1322 et
3607 1265 3839 1322 Gomor-

2237 1363 2413 1417 rliam.

2306 1455 2395 1510 25.
2439 1455 2558 1523 Ipse
2602 1453 2722 1510 fons
2758 1453 2909 1511 Siloa
2945 1451 3084 1508 infra
3121 1452 3399 1507 civitatem
3431 1449 3688 1505 inclusus
3719 1459 3837 1517 est,

2238 1549 2361 1618 quia
2408 1548 2641 1602 Eudoxia
2686 1546 2713 1585 δ
2764 1561 2898 1601 uxor
2922 1544 3211 1603 Justiniani
3254 1543 3607 1614 impvratoris
3631 1542 3842 1601 addidit

2239 1653 2419 1694 muros
2450 1640 2502 1693 in
2534 1638 2749 1694 civitate
2778 1638 3075 1694 Jerusalem
3097 1678 3113 1703 ,
3147 1646 3201 1692 et
3233 1638 3346 1707 ipsa
3377 1638 3614 1691 munivit
3657 1638 3838 1707 sepul-

2240 1746 2390 1785 crum
2420 1740 2475 1786 et
2505 1730 2781 1784 basilicam
2816 1732 2955 1786 beati
2985 1730 3278 1798 Stephani,
3310 1741 3364 1784 et
3406 1730 3523 1798 ipsa
3556 1746 3716 1783 suum
3747 1731 3837 1783 ha-

543 1830 657 1898 ipsa
684 1829 933 1883 columna
961 1839 1041 1883 est
1070 1844 1237 1882 cornu
1265 1827 1399 1882 illud
1443 1826 1511 1881 de
1540 1841 1649 1896 quo
1674 1841 1827 1895 reges
1858 1824 2133 1892 ungeban-
2163 1824 2211 1884 B
2237 1821 2328 1877 bet
2356 1821 2664 1891 sepulcrum
2707 1823 2861 1891 juxta
2908 1823 3213 1892 sepulcrum
3256 1821 3396 1876 beati
3444 1821 3755 1892 Stephani;
3782 1831 3837 1879 et

540 1927 647 1983 tur,
679 1919 822 1973 unde
848 1927 901 1971 et
935 1917 1096 1972 David
1144 1920 1195 1971 in
1237 1933 1399 1987 regno
1442 1928 1635 1973 unctus
1664 1928 1765 1974 est.
1802 1917 1876 1971 lbi
1921 1929 2005 1972 est
2043 1933 2135 1974 co-
2240 1914 2377 1969 inira
2405 1914 2711 1984 sepulcrum
2754 1921 2882 1969 sunt
2921 1929 3140 1985 gressus
3178 1929 3332 1978 xxvr,
3373 1923 3428 1969 et
3475 1915 3669 1970 beatus
3713 1916 3835 1969 Ste-

542 2025 675 2065 rona
706 2009 890 2079 spinea
908 2009 975 2064 de
1005 2024 1106 2078 qua
1132 2010 1392 2065 Dominus
1412 2019 1707 2066 coronatus
1734 2024 1839 2079 est,
1866 2026 1920 2068 et
1948 2014 2134 2069 lancea
2245 2006 2454 2076 Phanus
2482 2008 2777 2077 requiescit
2807 2006 2937 2062 Ῑοΐίε
2962 2018 3171 2077 Portam
3200 2009 3407 2078 εδεὶιιω
3429 2007 3605 2076 iacui.
3630 2022 3838 2078 unaque

538 2101 606 2155 de
634 2116 733 2171 qua
766 2106 817 2153 in
851 2102 1015 2155 latere
1040 2115 1326 2169 percussus
1352 2109 1458 2167 est,
1485 2111 1542 2157 et
1571 2104 1779 2169 lapides
1808 2104 1983 2171 multi,
2012 2120 2133 2161 cum
2241 2100 2404 2155 modo
2446 2109 2596 2169 porta
2629 2115 2694 2155 ex
2727 2103 2947 2155 nomine
2988 2100 3157 2169 ipsius
3196 2101 3452 2171 martyris
3494 2112 3747 2159 vocatur.
3788 2110 3838 2156 et

536 2195 732 2264 quibus
765 2194 864 2248 fuit
892 2195 1155 2264 lapidatus
1186 2194 1514 2264 Stephanus.
1550 2198 1625 2253 lbi
1656 2201 1907 2254 columna
1935 2202 1987 2255 in
2029 2217 2134 2271 qua

2249 2200 2323 2246 est
2351 2191 2418 2245 ad
2448 2190 2592 2247 viam
2624 2205 2746 2261 qua:
2772 2191 2995 2260 respicit
3022 2190 3089 2245 ad
3127 2192 3475 2246 Occidentem
3496 2232 3511 2257 ,
3556 2207 3681 2262 qua
3719 2190 3839 2246 des-

540 2290 710 2356 posita
744 2287 841 2342 fuit
870 2303 1001 2343 crux
1048 2289 1191 2343 beati
1238 2288 1423 2356 Petri,
1460 2290 1549 2345 ubi
1580 2292 1871 2347 cruciﬁxus
1900 2304 1981 2349 est
2028 2293 2134 2348 ﬂo-
2238 2286 2420 2342 cendit
2446 2286 2515 2341 ad
2554 2288 2781 2356 Joppem
2819 2296 2877 2341 et
2902 2286 3210 2341 Cmsat‘eam
3240 2285 3545 2341 Palmtina
3577 2286 3663 2340 vel
3691 2286 3835 2339 Dios-

538 2395 672 2446 ntae;
702 2381 773 2435 ibi
802 2389 857 2435 et
884 2380 1020 2436 calix
1056 2383 1105 2435 iu
1137 2396 1242 2451 quo
1267 2391 1385 2457 post
1418 2385 1875 2439 resurrectionem
1921 2384 2135 2439 Domini

536 2475 728 2527 missas
756 2471 1103 2526 celebrarunt
1150 2473 1421 2541 apostoli;
1451 2483 1507 2527 et
1538 2475 1701 2529 multa
1729 2475 1833 2529 alia
1868 2476 2131 2529 mirabilia

539 2579 659 2633 qum
688 2579 794 2617 non
827 2563 1023 2617 recolo.
1070 2561 1153 2615 Ibi
1183 2570 1258 2616 est
1287 2566 1662 2618 monasterium
1692 2567 1984 2633 puellarum
2024 2582 2044 2621 :
2077 2575 2133 2622 et

542 2656 616 2710 ibi
640 2654 746 2709 vidi
779 2662 970 2708 testam
1005 2654 1239 2708 hominis
1280 2654 1543 2709 inclusam
1575 2656 1628 2709 in
1660 2656 1835 2711 loculo
1860 2671 2023 2711 aureo
2049 2674 2138 2710 or-

542 2754 668 2799 nato
718 2745 945 2813 gemmis
991 2760 1005 2795 :
1054 2758 1216 2813 quam
1264 2744 1455 2800 dicunt
1503 2760 1627 2801 esse
1673 2756 1833 2814 caput
1886 2748 2137 2819 martyris

539 2835 835 2892 Theodotze
880 2844 907 2873 ι
938 2834 990 2889 in
1031 2849 1134 2905 qua
1193 2835 1346 2891 multi
1385 2851 1581 2907 aquam
1629 2852 1728 2909 pro
1758 2839 2137 2897 benedictione

539 2932 751 2998 bibunt,
779 2940 834 2987 et
858 2945 962 3001 ego
989 2930 1122 2986 bibi.

608 3025 700 3081 25.
732 3025 810 3079 De
836 3024 969 3081 Sion
994 3039 1153 3095 usque
1182 3022 1456 3078 basilicam
1484 3032 1674 3080 sancta
1704 3024 1893 3079 Maria:
1915 3067 1927 3089 ,
1956 3025 2026 3079 ibi
2054 3035 2130 3081 est

538 3117 865 3188 congregatio
896 3131 1084 3187 magna
1131 3114 1497 3170 monachorum
1536 3130 1597 3170 ac
1636 3117 1914 3171 mulierum
1944 3132 2133 3172 mensa:

2239 2377 2377 2447 polis
2407 2376 2700 2440 civitatem,
2724 2390 2846 2446 qua
2887 2376 3183 2445 antiquitus
3223 2374 3509 2431 dicebatur
3550 2377 3761 2431 Azotus
3787 2386 3835 2445 ε,

2240 2470 2291 2524 in
2322 2485 2427 2540 qua
2464 2468 2753 2540 requiescit
2795 2478 3013 2524 sanctus
3056 2468 3320 2540 Georgius
3356 2477 3587 2539 martyr.
3632 2469 3687 2524 In
3730 2470 3838 2536 ipsa

2237 2563 2362 2629 via,
2410 2577 2521 2617 non
2570 2563 2728 2632 longe
2771 2570 2914 2617 astat
2956 2561 3199 2617 columna
3246 2576 3591 2627 marmorea,
3640 2561 3697 2615 in
3741 2576 3839 2632 qua

2247 2656 2515 2711 Dominus
2554 2656 2704 2727 prius
2745 2655 3041 2711 ducebatur
3079 2656 3143 2709 ad
3188 2654 3566 2725 ﬂagellandum
3604 2672 3620 2709 :
3660 2670 3785 2726 qua
3808 2655 3843 2688 ‘

2242 2747 2457 2819 fugiens
2485 2748 2659 2805 levata
2687 2759 2771 2803 est
2797 2747 2865 2802 ad
2895 2747 3097 2813 nubes,
3128 2757 3181 2801 et
3218 2746 3461 2817 deposita
3501 2758 3589 2803 est
3632 2749 3688 2803 in
3731 2749 3839 2816 ipso

2240 2839 2403 2909 loco;
2448 2848 2509 2896 et
2548 2839 2606 2894 in
2648 2845 2860 2893 tantum
2901 2852 3088 2893 verum
3126 2838 3477 2908 cognoscitur
3517 2853 3680 2902 esse.
3722 2841 3838 2909 quia

2240 2948 2348 2988 non
2381 2932 2545 2988 habet
2583 2932 2759 2987 basim
2804 2931 2892 2985 ubi
2926 2930 3100 2986 .debet
3143 2944 3268 2987 esse
3314 2931 3571 2997 laudata,
3620 2931 3719 2985 sed
3764 2932 3837 2985 sic

2239 3032 2346 3080 stat
2391 3036 2556 3095 super
2597 3032 2797 3079 terram
2840 3032 2895 3079 et
2934 3023 3187 3091 agitatur.
3234 3023 3289 3078 in
3326 3022 3483 3093 cujus
3519 3024 3838 3080 summitate

2239 3117 2379 3173 Crux
2406 3121 2579 3175 terrea
2611 3118 2781 3185 posita
2809 3127 2914 3174 est.
2962 3118 3027 3171 Et
3057 3132 3245 3172 rursus
3277 3131 3374 3185 per
3402 3118 3613 3172 scalam
3641 3133 3837 3171 ascen-

537 3208 957 3275 innumerabiles,
991 3213 1121 3262 tecta
1142 3208 1501 3276 languentium
1527 3210 1644 3276 plus
1660 3210 1883 3278 quinque
1904 3210 2069 3263 millia
2087 3214 2127 3276 ',
2155 3208 2203 3272 C
2237 3211 2409 3276 ditur,
2441 3220 2495 3265 et
2528 3210 2663 3265 ﬁunt
2692 3210 2762 3265 ibi
2791 3211 3070 3265 luminaria
3097 3218 3152 3264 et
3182 3210 3461 3264 incensum
3484 3253 3497 3275 ,
3531 3218 3592 3264 et
3628 3210 3838 3263 damo-

540 3304 611 3357 ad
639 3303 807 3357 minus
847 3301 964 3356 tria.
1000 3301 1069 3355 Et
1099 3301 1371 3355 oravimus
1420 3299 1472 3353 in
1507 3302 1759 3368 praetorio
1804 3302 1889 3355 ubi
1921 3300 2133 3357 auditus

547 3407 632 3453 est
664 3395 953 3461 Dominus;
993 3405 1047 3449 et
1072 3395 1127 3448 in
1157 3408 1224 3449 eo
1254 3391 1471 3447 basilica
1502 3402 1703 3447 sanctae
1730 3391 1967 3461 Sopltiae.
1991 3394 2135 3450 Alite

545 3493 730 3548 ruinas
762 3489 944 3559 templi
990 3488 1300 3544 Salomonis
1328 3486 1430 3541 sub
1460 3486 1632 3555 platea
1664 3499 1803 3555 aqua
1828 3486 2065 3541 decurrit
2103 3501 2135 3541 a

545 3584 693 3639 fonte
737 3583 904 3639 Siloe.
938 3582 1105 3638 Secus
1136 3580 1399 3651 porticum
1431 3576 1735 3634 Salomonis
1761 3577 1813 3631 in
1844 3579 1955 3647 ipsa
1994 3578 2137 3633 basi-

544 3678 645 3732 lica
674 3684 760 3731 est
778 3674 935 3732 sedes
970 3674 1025 3729 in
1069 3687 1172 3743 qua
1217 3670 1357 3728 sedit
1404 3669 1632 3736 Pilatus,
1670 3669 1885 3740 quando
1931 3670 2138 3726 audivit

546 3767 854 3825 Dominum.
879 3771 1037 3823 Petra
1059 3775 1146 3821 est
1171 3762 1538 3835 quadrangula
1556 3761 1609 3817 in
1640 3778 1740 3831 qua
1770 3777 1894 3818 reus
1922 3762 2138 3818 levaba-

542 3873 649 3925 tur,
679 3869 740 3915 ut
765 3861 834 3916 ab
860 3858 1109 3913 omnibus
1138 3857 1415 3914 audiretur
1442 3866 1497 3911 et
1523 3855 1819 3912 videretur.
1866 3855 1922 3908 In
1951 3868 2015 3909 ea
2062 3854 2140 3909 le-

547 3964 703 4008 vatus
740 3960 824 4007 est
850 3952 1125 4017 Dominus,
1156 3952 1372 4021 quando
1394 3949 1612 4005 auditus
1639 3959 1722 4003 est
1751 3963 1783 4002 a
1811 3948 2005 4013 Pilato,
2044 3948 2138 4003 ibi-

546 4057 651 4112 que
684 4042 828 4095 illius
854 4041 1110 4096 remansit
1138 4040 1334 4111 imago,
1366 4038 1558 4109 pedem
1607 4038 1814 4094 habens
1841 4039 2136 4105 modicum,

544 4133 853 4205 pulchrum,
888 4132 1160 4187 subtilem.
1192 4130 1393 4186 Natura
1436 4131 1772 4197 communis,
1809 4131 2032 4201 pulchra
2062 4131 2139 4185 ia-

543 4226 688 4291 cies,
743 4223 937 4291 capillo
982 4221 1359 4286 subanuulato,
1415 4237 1606 4276 manus
1669 4220 1929 4288 formosa,
1986 4220 2140 4294 digiti

545 4316 715 4389 longi,
742 4322 996 4387 quantum
1028 4314 1203 4383 imago
1238 4313 1506 4382 designat,
1543 4327 1663 4381 qua:
1707 4312 1800 4367 illo
1827 4313 2040 4368 vivente
2082 4324 2140 4371 et

542 4409 770 4481 pedibus
796 4406 1105 4463 ambulante
1127 4407 1147 4429 ⁴
1176 4406 1321 4476 picta
1354 4413 1459 4472 est,
1492 4415 1547 4459 et
1579 4406 1749 4474 posita
1780 4406 1831 4461 in
1860 4407 1978 4475 ipso
2000 4422 2140 4476 prae-

544 4504 706 4558 torio.
748 4500 921 4557 Etiam
952 4501 1019 4554 de
1048 4500 1164 4569 ipsa
1194 4504 1347 4567 petra
1378 4499 1561 4552 multa:
1589 4497 1722 4552 ﬁunt
1748 4500 2006 4555 virtutes:
2037 4502 2136 4554 tol-

2238 3302 2378 3358 niaci
2408 3302 2732 3355 mandantur
2760 3317 2773 3354 :
2809 3316 2931 3354 nam
2958 3308 3014 3355 et
3041 3300 3095 3355 in
3124 3300 3238 3369 ipsa
3267 3297 3552 3367 provincia
3577 3308 3663 3355 est
3706 3299 3836 3354 bea-

2238 3403 2322 3449 tus
2352 3402 2556 3464 martyr
2582 3392 2875 3462 Georgius.

2309 3485 2403 3540 26.
2445 3483 2637 3553 Itaque
2669 3492 2933 3539 exeuntes
2968 3496 3035 3538 cx
3078 3481 3223 3538 Siloa
3264 3480 3442 3546 fonte,
3490 3481 3743 3536 venimus
3780 3480 3835 3537 in

2243 3594 2432 3649 agrum
2464 3578 2560 3649 qui
2589 3585 2934 3646 cornparatus
2962 3584 3047 3631 est
3074 3574 3248 3646 pretio
3278 3575 3558 3644 sanguinis
3587 3574 3834 3641 Domini,

2239 3670 2331 3742 qui
2385 3679 2611 3726 vocatur
2648 3668 3003 3734 Haceldanta,
3045 3667 3101 3722 id
3136 3675 3224 3722 est
3263 3667 3399 3737 Ager
3430 3668 3739 3738 sanguinis,
3783 3668 3837 3723 in

2241 3781 2348 3837 quo
2396 3768 2736 3837 sepeliuntur
2770 3753 2975 3820 omnes
2997 3762 3289 3834 peregrini.
3330 3762 3395 3818 Et
3423 3763 3566 3818 intra
3597 3762 3720 3833 ipsa
3748 3780 3838 3821 sec

2243 3860 2429 3929 pulcra
2460 3868 2587 3914 sunt
2612 3858 2822 3913 cellula:
2848 3871 3125 3913 servorum
3156 3854 3284 3923 Dei,
3332 3856 3424 3910 ubi
3473 3855 3612 3911 ﬁunt
3648 3858 3840 3916 multa

2240 3955 2466 4010 virtutes
2493 3970 2509 4010 :
2540 3965 2595 4011 et
2625 3971 2723 4027 per
2749 3954 2871 4011 loca
2897 3952 3038 4010 infra
3066 3954 3182 4024 ipsa
3222 3952 3474 4024 septtlcra
3502 3961 3634 4009 sunt
3659 3954 3841 4010 vinea

2244 4059 2301 4105 et
2328 4062 2508 4119 poma.

2316 4141 2413 4196 27.
2455 4141 2811 4198 Revertentes
2834 4140 2890 4196 in
2923 4140 3230 4209 civitatem,
3272 4139 3521 4194 venimus
3566 4138 3636 4193 ad
3674 4140 3844 4209 pisci-

2243 4248 2366 4290 nam
2414 4235 2772 4301 natatoriam,
2814 4246 2937 4305 qua
2982 4235 3217 4304 quinque
3252 4235 3493 4303 porticus
3531 4231 3741 4299 habet,
3785 4240 3844 4289 et

2244 4330 2298 4384 in
2330 4342 2434 4384 una
2467 4343 2650 4383 earum
2676 4339 2763 4383 est
2790 4328 3013 4383 basilica
3042 4338 3242 4381 sancta:
3273 4325 3489 4395 Mariae,
3524 4327 3619 4382 ubi
3646 4329 3839 4383 multa

2247 4420 2379 4475 ﬁunt
2405 4420 2653 4476 virtutes.
2687 4421 2801 4487 Ipsa
2832 4434 2961 4475 vero
2988 4422 3192 4489 piscina
3224 4420 3385 4475 modo
3413 4420 3623 4489 iactata
3659 4432 3755 4475 est
3788 4422 3843 4476 in

2244 4523 2508 4577 stercore,
2541 4522 2594 4566 et
2626 4512 2699 4566 ibi
2733 4513 2974 4566 lavantur
2997 4514 3173 4566 omnia
3199 4527 3317 4581 quae
3347 4512 3657 4567 necessaria
3688 4527 3839 4573 sum.

545 4596 719 4651 lentes
747 4608 1053 4649 mensuram
1079 4591 1148 4648 de
1178 4591 1295 4661 ipso
1337 4591 1586 4662 vestigio,
1617 4591 1783 4663 ligant
1823 4608 1918 4662 per
1955 4594 2138 4663 singuo
2165 4603 2221 4663 1)
2248 4601 2489 4657 vidimus
2522 4610 2580 4656 et
2622 4602 2674 4655 in
2718 4614 2825 4654 nno
2857 4603 3057 4672 angulo
3081 4610 3327 4656 catenam
3360 4601 3593 4656 ferream
3623 4602 3683 4670 ⁸,
3715 4617 3841 4657 eunt

546 4685 629 4741 los
654 4685 939 4756 languores
971 4693 1026 4740 et
1076 4693 1355 4740 sanantur.
1389 4684 1454 4738 Et
1481 4684 1597 4753 ipsa
1630 4694 1790 4754 porta
1820 4696 2006 4740 ornata
2050 4695 2135 4743 est

546 4792 614 4833 ex
637 4793 768 4834 auro
792 4786 847 4832 et
872 4786 1120 4846 argento.

617 4870 709 4924 24.
765 4868 892 4923 Inde
957 4867 1201 4923 venimus
1246 4867 1314 4922 ad
1372 4882 1521 4923 aram
1569 4868 1662 4925 ubi
1699 4868 1798 4925 fuit
1840 4870 2136 4941 antiquitus

550 4973 699 5034 porta
728 4963 960 5017 civitatis
986 4979 1001 5015 :
1028 4962 1088 5017 in
1116 4962 1236 5031 ipso
1265 4962 1385 5017 loco
1416 4971 1544 5018 sunt
1569 4978 1726 5034 aqua;
1771 4965 2029 5033 putridte,
2076 4966 2134 5022 in

547 5072 680 5127 quas
709 5055 903 5111 missus
924 5064 1010 5111 est
1033 5053 1297 5110 Jeremias
1324 5056 1611 5125 propheta.
1634 5056 1719 5113 Ab
1744 5072 1874 5114 arcu
1894 5056 1987 5113 illo
2012 5058 2136 5115 dee-

548 5147 896 5205 cmdentibus
913 5147 1070 5203 nobis
1088 5147 1158 5203 ad
1173 5146 1376 5205 fontem
1401 5149 1548 5207 Siloa
1578 5150 1888 5220 pet-gradus
1909 5150 2132 5219 multos,

622 5319 649 5345 ἰ
689 5309 1049 5384 variatvariis
1084 5309 1274 5384 diebus
1322 5311 1614 5384 Theodth
1655 5322 1920 5384 martyres
1944 5314 2136 5381 colun-

551 5387 637 5434 tur
664 5395 693 5433 a
725 5375 946 5449 Graecis,
977 5395 1077 5435 nec
1123 5380 1278 5437 facile
1320 5395 1403 5437 est
1444 5378 1686 5440 divinare
1730 5375 1907 5438 utrum
1942 5376 2129 5441 harum

549 5451 781 5523 aliquam
808 5452 892 5505 vel
923 5451 1080 5507 aliam
1110 5449 1378 5507 diversam
1409 5450 1675 5523 intelligat
1702 5452 1906 5509 auctor.

621 5520 650 5560 ι’
678 5521 887 5595 [Sullam
920 5523 1021 5577 hoc
1048 5524 1264 5579 nomine
1299 5539 1516 5579 uxorem
1569 5520 1753 5578 habuit
1777 5525 2129 5595 Justiuianus,

549 5590 980 5667 necAThéodoAra,
1006 5608 1169 5667 quam
1186 5665 1193 5667 Α
1212 5595 1423 5663 habuit,
1458 5595 1856 5667 Hierosolymas
1894 5590 2129 5667 unQuam

550 5663 734 5727 venit;
762 5662 855 5715 sed
891 5658 1231 5733 intelligenda
1276 5658 1419 5719 esset
1467 5658 1724 5731 Eudocia;
1770 5675 1910 5721 uxor
1948 5658 2129 5722 'l‘iteo-

551 5732 957 5809 dosii_jutt_ioris.
987 5732 1234 5809 de’cujus
1258 5737 1311 5790 in
1341 5737 1504 5809 Terra
1550 5736 1748 5793 Sancta
1780 5740 1941 5792 rebus
1966 5742 2133 5809 gesus

553 5808 608 5856 et
627 5802 866 5855 tediticiis
890 5802 1056 5856 sacris
1082 5803 1261 5859 licebit
1285 5808 1445 5862 multa
1476 5807 1651 5878 legere
1674 5809 1815 5879 apud
1844 5802 2128 5880 antiquos;

2240 4710 2341 4765 qua
2396 4711 2453 4749 se
2498 4694 2801 4764 illaqueavit
2856 4692 3036 4749 infelix
3083 4692 3268 4749 Judas.
3321 4692 3517 4749 lterum
3573 4704 3840 4750 exeuntes

2239 4788 2305 4843 ad
2337 4792 2544 4858 portam
2574 4786 2869 4857 majorem,
2901 4788 3145 4842 venimus
3169 4788 3237 4841 ad
3275 4788 3455 4842 locum
3498 4788 3556 4842 in
3599 4803 3716 4859 quo
3745 4804 3837 4845 re.

2239 4881 2469 4950 quiescit
2514 4881 2704 4934 beatus
2752 4879 2956 4935 Ysitius
2998 4878 3069 4934 ἀι
3110 4880 3293 4950 ibique
3329 4887 3628 4949 erogantur
3662 4896 3839 4954 partes

2241 4974 2566 5044 pauperibus
2585 5011 2603 5040 ,
2633 4986 2773 5042 quos
2799 4972 3074 5041 deputavit
3100 4972 3255 5027 beata
3288 4972 3514 5028 Helena.

2309 5064 2404 5121 28.
2450 5064 2544 5120 Via
2574 5080 2691 5135 qua:
2720 5064 2867 5121 ducit
2890 5065 2959 5121 ad
2980 5067 3256 5121 Bethleem
3282 5067 3540 5122 milliaria
3570 5066 3749 5122 serio
3768 5066 3837 5119 sit

2238 5156 2575 5229 Jerusalem,
2601 5157 2747 5228 jacet
2770 5158 3003 5226 Rachel,
3039 5172 3174 5213 uxor
3201 5159 3397 5226 Jacob;
3422 5164 3601 5214 mater
3623 5154 3838 5213 sﬂit-st

2236 5315 2319 5387 uti
2337 5324 2391 5369 et
2422 5314 2542 5378 hoc,
2575 5316 2712 5387 quod
2743 5325 2951 5373 mortuo
2972 5317 3202 5387 conjuge
3232 5316 3419 5370 eodem
3453 5330 3705 5380 reversa,
3740 5330 3828 5371 se-

2237 5386 2383 5456 pulta
2414 5389 2482 5440 sit
2508 5388 2558 5453 in
2590 5378 2812 5440 ecclesia
2844 5388 3010 5440 sancti
3040 5378 3325 5455 Stephani.

2312 5467 2334 5495 ε
2369 5456 2464 5511 Ast
2491 5456 2868 5528 diversissima:
2910 5454 3153 5512 civitates
3198 5466 3323 5511 sunt
3365 5454 3632 5528 Diospoiis
3660 5456 3829 5528 (alia!

2235 5527 2407 5583 Lidda
2434 5544 2493 5580 ac
2528 5527 2770 5597 Romula)
2796 5538 2849 5582 et
2876 5530 3108 5596 Azotus;
3137 5531 3251 5583 ha-c
3279 5528 3422 5583 enim
3446 5527 3513 5583 ad
3543 5543 3699 5582 mare
3731 5531 3835 5581 sita
3906 5548 3909 5551 π

2235 5608 2318 5654 est
2347 5601 2399 5652 in
2432 5600 2622 5670 linibus
2654 5599 2765 5652 Dan
2794 5598 2859 5653 ad
2894 5600 3167 5654 meridiem
3188 5644 3201 5668 ,
3228 5599 3320 5654 illa
3342 5614 3470 5654 vero
3496 5601 3551 5654 in
3572 5599 3833 5670 ejusdem

2236 5672 2407 5725 tribus
2436 5669 2627 5723 ﬁnibus
2662 5670 2967 5725 Borealibus
2991 5671 3403 5727 mediterranea.

2308 5739 2335 5778 ά
2376 5740 2561 5808 Neque
2587 5740 2842 5812 Ysitium,
2870 5758 3041 5810 neque
3080 5741 3402 5812 Hesychium
3450 5752 3697 5798 sanctum
3734 5739 3837 5795 aii—

2235 5826 2394 5882 quem
2426 5812 2551 5867 novi
2572 5811 2646 5868 de
2666 5820 2775 5883 quo
2806 5811 2891 5867 hic
2918 5812 3070 5870 locus
3096 5811 3269 5884 possit
3292 5813 3538 5885 intelligi.
