4042 6348
182 336 287 399 909

1593 330 2068 401 lTlNEHARIUM.

3352 334 3461 394 910

182 454 376 523 Ioseph
401 465 452 509 et
478 450 786 523 Beniamin,
809 468 926 524 quae
952 450 1241 525 requiescit
1268 452 1321 510 in
1354 454 1547 509 finibus
1572 455 1757 508 itania.
1792 457 1843 514 Α
1872 452 2045 521 pluvia
2074 450 2379 512 descendit,
2409 457 2687 519 postquam
2722 441 2885 502 David
2919 462 3013 502 eos
3053 450 3367 519 maledixit;
3394 459 3454 510 et

183 545 238 601 In
290 543 465 600 medio
516 543 634 598 loco
685 546 736 598 in
785 543 959 599 media
1002 546 1083 600 via
1132 560 1265 615 aqua
1316 548 1518 615 surgit,
1569 546 1770 600 habens

182 638 337 707 quasi
368 638 638 692 sextarios
666 649 870 707 septem
893 679 907 703 ,
955 637 1094 692 unde
1142 652 1330 693 omnes
1374 638 1647 708 complent
1685 653 1772 689 sa-

184 730 425 786 tietatem
472 728 685 784 bibendi
711 771 724 794 ,
767 738 823 784 et
866 746 965 785 nec
1007 740 1233 801 augetur
1273 745 1373 786 nec
1412 728 1687 797 minuitur,
1718 736 1773 784 et

183 836 273 881 eat
321 824 502 879 suavis
550 824 616 877 ad
668 824 995 889 bibendum;
1046 834 1097 880 et
1149 824 1333 879 dicunt
1378 824 1518 894 quod
1564 822 1773 894 fugiens

183 915 343 971 beata
372 914 537 970 Maria
569 915 621 969 iti
649 914 940 987 Egyptum
966 960 980 984 ,
1011 915 1208 972 sederit
1244 914 1317 971 ibi
1344 931 1466 970 cum
1499 931 1689 986 puero,
1718 921 1774 969 et

181 1009 378 1064 sitiens
421 1009 625 1075 oravit,
670 1018 723 1061 et
762 1008 1017 1063 continuo
1058 1024 1194 1079 aqua
1236 1009 1545 1075 emanavit;
1574 1013 1629 1063 et
1656 1007 1774 1079 ipso

186 1100 313 1155 loco
342 1100 505 1155 modo
531 1098 755 1155 ecclesia
784 1108 1090 1155 constructa
1123 1108 1225 1155 est.

260 1192 355 1247 29.
396 1192 523 1248 lnde
552 1206 721 1261 usque
745 1191 1017 1247 Bethleem
1048 1191 1289 1249 milliaria
1309 1205 1386 1245 ιιι.
1409 1190 1471 1244 Ει
1499 1188 1773 1245 Bethleem

190 1293 279 1340 est
308 1284 460 1339 locus
498 1283 997 1353 splendidissimus,
1042 1282 1185 1338 servi
1228 1280 1323 1336 Dei
1365 1283 1534 1336 multi.
1580 1281 1653 1336 lbl
1695 1288 1777 1337 est

187 1373 447 1442 spelunca
481 1373 569 1427 ubi
602 1384 757 1427 natus
798 1380 883 1427 est
923 1372 1214 1438 Dominus,
1256 1382 1310 1426 et
1350 1371 1667 1441 prmsepium
1711 1385 1777 1426 ex

187 1478 329 1521 auro
356 1472 409 1521 et
455 1476 676 1535 argento
731 1477 1020 1533 ornatum,
1072 1474 1132 1523 et
1166 1466 1365 1539 jugiter
1406 1462 1475 1521 lbi
1520 1469 1651 1521 liunt
1694 1467 1775 1521 lu«

194 1559 459 1625 minaria,
492 1571 554 1613 os
590 1568 721 1615 vero
762 1561 1032 1627 Speluncae
1075 1564 1380 1627 augustum.
1425 1558 1780 1630 Hieronymus

199 1649 508 1721 presbyter,
550 1650 603 1703 in
647 1649 917 1719 loquendo
958 1651 1191 1720 peritus,
1239 1652 1289 1704 in
1332 1649 1778 1720 interpretatione

200 1743 398 1803 clarus.
421 1742 562 1796 inter
583 1751 803 1797 cunctos
831 1743 1028 1797 relator
1042 1743 1386 1814 conspicuus,
1415 1743 1465 1797 in
1490 1744 1657 1812 ipsius
1685 1759 1780 1799 ore

1874 544 2153 596 nocturnis
2184 541 2331 595 horis
2364 552 2573 596 secreto
2607 539 2855 594 videntur
2894 538 2966 595 ibi
3010 540 3151 595 volvi
3196 542 3459 603 immundi

1872 637 2096 704 Spiritus
2118 679 2133 702 ,
2168 645 2419 701 tanquam
2450 636 2647 688 vellera
2680 634 2815 687 laute
2840 632 2924 687 vel
2952 631 3105 687 unda:
3134 635 3316 689 mat-is.

1947 724 2035 779 3‘2.
2084 725 2291 781 Deinde
2325 726 2531 779 viantes
2560 723 2625 778 ad
2654 724 2822 790 latus,
2845 725 3088 780 venimus
3116 726 3167 784 in
3191 726 3465 782 civitatem

1873 831 1992 887 quae
2023 816 2221 871 dicitur
2266 813 2564 884 Heliopolis
2595 812 2645 883 ἀ,
2697 814 2747 869 in
2781 814 2897 869 loco
2926 815 3014 869 ubi
3056 815 3318 886 Sampson
3361 819 3467 873 lor-

1878 907 2122 963 tissimus
2155 923 2277 962 cum
2308 907 2523 962 maxilla
2567 907 2705 961 asini
2752 908 2897 962 mille
2940 907 3135 963 occidit
3177 910 3357 977 viros,
3400 927 3470 967 ex

1874 1020 1977 1075 qua
2010 1005 2223 1060 maxilla
2250 1005 2369 1074 ipso
2396 1014 2587 1058 orante
2614 1018 2753 1073 aqua
2786 1003 3071 1072 proﬂuxit,
3097 1005 3189 1072 qui
3220 1005 3338 1058 fons
3368 1018 3464 1058 us-

1876 1112 1979 1167 que
2007 1098 2061 1152 in
2094 1096 2416 1152 hodiernum
2448 1097 2589 1152 diem
2617 1096 2733 1149 loca
2764 1096 2853 1150 illa
2878 1095 3085 1168 irrigat:
3114 1112 3234 1150 nam
3263 1098 3314 1150 in
3345 1097 3469 1151 loco

1877 1192 1968 1247 ubi
2001 1191 2208 1262 surgit,
2243 1191 2461 1246 fuimus.
2506 1190 2715 1246 Deinde
2743 1190 2990 1246 venimus
3031 1190 3171 1245 inter
3213 1191 3474 1259 templum

1878 1294 1932 1338 et
1960 1283 2127 1337 altare
2166 1283 2256 1337 ubi
2303 1285 2514 1338 occisus
2541 1291 2623 1338 est
2654 1282 2975 1348 Zacharias,
3004 1291 3059 1337 et
3100 1284 3186 1337 ubi
3230 1284 3473 1352 requies-

1879 1374 1972 1431 cit.
2000 1372 2127 1428 lnde
2154 1374 2397 1428 venimus
2439 1376 2506 1428 ad
2550 1373 2722 1429 locum
2768 1374 2855 1428 ubi
2898 1374 3063 1429 Isaias
3105 1374 3361 1446 pr0pheta
3402 1375 3474 1430 de

1881 1467 2055 1538 lignea
2081 1480 2232 1522 serra
2256 1477 2471 1523 secutus
2498 1476 2600 1521 est.
2636 1465 2706 1521 Et
2731 1465 2843 1536 ipse
2868 1465 3014 1537 jacet
3044 1467 3114 1520 ibi
3147 1468 3245 1522 sub
3270 1482 3475 1535 quercu

1882 1556 2231 1629 Rogi-ljuxta
2273 1574 2531 1625 aquarum
2573 1556 2897 1623 decursum;
2943 1567 2998 1613 et
3038 1557 3150 1629 ipsa
3198 1572 3344 1612 serra
3379 1574 3476 1628 pro

1884 1650 2193 1705 testimonio
2221 1648 2389 1718 posita
2421 1660 2505 1705 est
2528 1648 2593 1702 ad
2625 1659 2869 1704 sanctum
2896 1648 3232 1705 Zachariam.
3261 1651 3325 1705 Et
3354 1651 3483 1708 inde

1884 1749 2131 1801 venimus
2168 1745 2235 1801 ad
2285 1749 2462 1802 locum
2509 1744 2597 1801 ubi
2641 1747 2862 1801 Abacuc
2898 1747 3159 1816 propheta
3197 1747 3485 1823 prandium

190 1834 471 1901 speluncae
502 1843 703 1903 petram
731 1835 975 1902 sculpsit,
1003 1847 1058 1893 et
1087 1836 1160 1894 ob
1186 1836 1522 1892 devotionem
1550 1832 1789 1893 Salvato—
1823 1841 1875 1904 B
1900 1838 2105 1895 ferebat
2135 1839 2463 1895 messoribus
2484 1881 2499 1906 ,
2529 1839 2743 1909 quaudo
2771 1855 2892 1894 eum
2923 1841 3147 1910 angelus
3186 1855 3282 1909 per
3319 1841 3483 1895 verti-

193 1926 275 1983 ris
303 1927 501 1982 ibidem
524 1928 625 1983 sibi
653 1932 1056 1984 monumentum
1085 1929 1231 1985 fecit.
1262 1930 1510 1986 Milliario
1537 1931 1700 1986 semis
1727 1930 1796 1987 de

199 2017 477 2074 Bethleem
507 2019 561 2073 in
590 2019 826 2075 suburbe
855 2019 1054 2085 David,
1083 2021 1227 2091 jacet
1268 2021 1431 2076 David
1461 2038 1474 2075 :
1508 2021 1600 2075 sed
1631 2030 1684 2076 et
1714 2021 1797 2074 in-

201 2109 379 2167 fantes
417 2122 550 2182 quos
586 2111 782 2167 occidit
813 2111 1084 2179 Herodes,
1118 2114 1233 2183 ipso
1262 2113 1313 2167 in
1341 2114 1460 2168 loco
1488 2113 1683 2168 habent
1711 2129 1797 2167 se-

198 2206 407 2272 pulcra,
431 2213 482 2258 et
506 2204 757 2259 videntur
776 2216 961 2259 eorum
986 2214 1170 2262 sancta
1198 2220 1338 2261 ossa.
1368 2208 1498 2259 Ante
1538 2205 1796 2262 Bethleem

197 2306 275 2351 est
318 2298 685 2351 monasterium
726 2312 877 2353 muro
918 2298 1173 2365 cinctum,
1203 2298 1259 2353 in
1288 2316 1385 2371 quo
1416 2301 1693 2353 multitudo
1721 2307 1797 2355 est

201 2388 595 2443 monachorum.

275 2482 363 2536 50.
407 2482 483 2538 De
526 2480 799 2538 Bethleem
848 2495 1015 2553 usque
1056 2482 1123 2538 ad
1174 2483 1351 2538 ilicem
1394 2482 1627 2539 Mambre
1672 2491 1798 2539 sunt

203 2574 369 2629 millia
418 2588 547 2630 xxm
604 2585 665 2643 I;
707 2576 759 2631 in
804 2589 911 2645 quo
954 2577 1074 2631 loco
1112 2576 1456 2647 requiescunt
1494 2577 1792 2644 Abraham,

206 2664 383 2730 isaac,
415 2677 469 2721 et
492 2667 660 2722 Jacob
684 2707 698 2733 ,
725 2675 782 2724 et
819 2667 987 2734 Sara,
1017 2666 1071 2722 et
1098 2664 1255 2722 simul
1297 2681 1418 2722 ossa
1465 2667 1662 2736 Joseph
1690 2686 1703 2733 ;
1745 2676 1799 2723 et

206 2760 427 2816 basilica
459 2762 717 2834 agdiﬁcata
746 2773 850 2818 est.
883 2761 943 2817 In
973 2762 1369 2832 quadriporticu
1392 2764 1583 2817 atrium
1610 2763 1660 2815 in
1685 2776 1799 2817 me-

209 2852 301 2907 dio
342 2854 782 2922 discoopertum;
817 2863 873 2908 et
913 2869 1007 2923 per
1050 2851 1283 2909 medium
1329 2854 1687 2907 cancellorum
1730 2868 1798 2908 ex

209 2960 318 3002 uno
362 2939 524 3001 laiere
554 2949 753 3001 intrant
779 2945 1102 3012 Christiani,
1135 2962 1197 3001 ex
1228 2946 1333 3001 alio
1362 2945 1533 3001 Judtci
1556 2988 1569 3012 ,
1597 2942 1798 3002 iacien-

212 3050 294 3099 tes
325 3044 543 3097 incensa
572 3042 737 3096 multa
765 3058 782 3109 ;
816 3055 937 3095 nam
965 3040 1229 3110 depositio
1258 3042 1421 3096 David
1468 3051 1521 3096 et
1559 3038 1728 3097 Jacob
1769 3041 1798 3081 δ

214 3132 267 3189 in
303 3146 443 3189 terra
477 3134 568 3187 illa
592 3175 606 3199 ,
634 3134 721 3188 die
753 3134 926 3204 primo
957 3142 1076 3202 post
1104 3134 1290 3189 Natale
1318 3133 1529 3188 Domini
1560 3133 1799 3189 devotis-

1896 1945 2013 1985 cem
2046 1941 2239 1986 tenens
2260 1974 2276 2000 ,
2311 1926 2460 1985 duxit
2490 1932 2544 1985 in
2576 1930 2751 1985 locum
2783 1930 2871 1985 ubi
2914 1931 3097 1985 Daniel
3134 1931 3272 1987 inter
3302 1932 3488 1989 leones

1896 2025 2103 2081 orabat.
2152 2024 2219 2078 Et
2262 2025 2331 2078 ibi
2375 2024 2548 2093 surgit
2587 2024 2705 2077 fons
2750 2024 2837 2078 ubi
2880 2023 3157 2095 Philippus
3198 2023 3490 2093 baptizavit

1899 2115 2246 2170 Eunuchum.
2277 2112 2333 2169 in
2366 2113 2495 2184 ipsis
2525 2124 2649 2169 sunt
2682 2115 2826 2182 putei
2856 2130 2991 2184 quos
3032 2114 3281 2171 foderunt
3308 2116 3484 2172 Abra-

1899 2213 2021 2265 ham
2051 2218 2105 2264 et
2133 2210 2301 2278 Isaac,
2330 2217 2385 2263 et
2413 2208 2750 2280 appellarunt
2774 2207 3129 2264 Calumniam.

1969 2302 2061 2359 53.
2105 2304 2232 2359 lnde
2265 2305 2491 2375 ingressi
2523 2318 2710 2359 sumus
2738 2304 2989 2358 Ascalon.
3034 2304 3233 2359 Ibidem
3262 2311 3347 2360 est
3388 2319 3491 2373 pu-

1901 2406 2020 2454 teus
2055 2397 2243 2464 Pacis,
2274 2397 2326 2452 in
2359 2396 2577 2452 modum
2609 2396 2804 2452 theatri
2832 2396 3035 2462 factus,
3069 2397 3121 2451 in
3164 2412 3271 2468 quo
3314 2412 3489 2471 usque

1899 2491 1964 2545 ad
1993 2508 2189 2561 aquam
2230 2489 2576 2545 descenditur
2619 2505 2713 2558 per
2750 2489 2987 2560 gradus;
3019 2490 3111 2545 ubi
3140 2491 3490 2562 requiescunt

1899 2590 2010 2638 tres
2042 2582 2232 2638 fratres
2259 2595 2525 2653 martyres
2553 2591 2599 2635 ο.
2633 2580 2849 2650 Pmpria
2889 2582 3105 2652 quidem
3151 2582 3356 2639 habent
3384 2600 3485 2639 no-

1901 2673 2084 2740 mina,
2131 2673 2225 2727 sed
2283 2672 2573 2743 vulgariter
2621 2672 2861 2743 Egyptii
2909 2682 3189 2728 vocantur.
3235 2676 3490 2730 Milliariu

1905 2783 1934 2822 a
1966 2768 2217 2831 civitate,
2248 2767 2479 2837 Herapia
2510 2777 2591 2823 est
2612 2808 2627 2834 ,
2657 2766 2846 2823 civitas
2888 2767 3103 2822 Μυχοηί
3140 2768 3489 2826 Ascaloniae.

1910 2856 2039 2915 Inde
2062 2860 2310 2915 venimus
2339 2860 2391 2915 in
2418 2860 2687 2915 civitatem
2712 2861 3027 2930 Axomates,
3050 2862 3105 2915 in
3127 2876 3228 2931 qua
3251 2865 3493 2931 requies-

1904 2951 1975 3006 cit
2015 2960 2231 3005 sanctus
2277 2952 2459 3006 Victor
2500 2961 2702 3023 martyr
2757 2948 2803 3005 ι.
2850 2952 2926 3007 De
2986 2952 3208 3007 Mazona
3252 2954 3496 3010 venimus

1906 3057 2073 3113 usque
2105 3040 2304 3097 Gazam
2333 3043 2637 3098 milliarium
2665 3060 2680 3096 :
2714 3042 2858 3099 Gaza
2888 3054 3066 3098 autem
3094 3043 3286 3099 civitas
3313 3045 3495 3112 splen-

1906 3138 2030 3192 dida
2055 3180 2070 3203 ,
2104 3137 2357 3193 deliciosa
2381 3178 2398 3205 ,
2442 3137 2685 3192 homines
2727 3134 3128 3204 honestissimi,
3169 3137 3316 3193 omni
3359 3138 3495 3193 libe-

224 3229 365 3283 sime
395 3226 464 3280 ab
492 3227 740 3282 omnibus
768 3225 1092 3293 celebratur,
1136 3227 1205 3280 ita
1243 3234 1303 3281 ut
1344 3240 1407 3280 ex
1441 3228 1584 3280 omni
1629 3237 1764 3280 terra
1784 3267 1801 3296 ,
1827 3232 1875 3295 ο
1906 3229 2115 3283 ralitate
2143 3229 2361 3296 decori,
2392 3236 2660 3284 amatores
2691 3228 3116 3297 peregrinorum.
3146 3227 3277 3284 lude
3300 3228 3494 3283 millia-

218 3318 524 3377 Judaorum
572 3320 857 3376 conveniat
901 3320 1306 3376 innumerabilis
1349 3318 1663 3385 multitudo,
1712 3320 1798 3375 in-

216 3426 378 3469 censa
407 3413 638 3468 terentes
666 3413 750 3468 vel
794 3412 1107 3479 luminaria,
1153 3422 1205 3468 et
1246 3413 1434 3468 dantes
1475 3428 1693 3467 munera
1738 3428 1803 3469 ac

217 3505 519 3559 servientes
548 3502 772 3559 ibidem.
801 3498 998 3559 lteium
1028 3513 1365 3561 reVertentes
1392 3504 1444 3559 in
1468 3502 1761 3559 Jerusalem
1782 3545 1799 3573 ,

218 3597 595 3653 descendimus
628 3595 887 3663 perviam
918 3596 1211 3675 quaevadit
1249 3597 1317 3652 ad
1357 3596 1557 3653 Gazam
1601 3607 1657 3655 et
1699 3592 1803 3653 As-

219 3694 377 3749 calon
406 3693 572 3749 millia
606 3710 694 3748 xx.

293 3787 383 3842 51.
430 3786 507 3842 De
552 3786 853 3843 Jerusalem
900 3786 1143 3845 venimus
1190 3786 1244 3843 in
1293 3795 1527 3842 montem
1572 3786 1799 3855 Gelboe,

220 3878 312 3935 ubi
341 3881 531 3934 occidit
559 3880 723 3935 David
754 3879 1021 3950 gigantem
1065 3877 1240 3934 Goliat
1284 3891 1328 3947 ο,
1361 3890 1415 3935 et
1442 3881 1530 3935 ubi
1560 3890 1807 3937 mortuus

235 3981 318 4027 est
348 3972 474 4027 Saul
503 3983 557 4027 et
589 3971 729 4025 filius
757 3968 874 4040 ejus
918 3970 1196 4026 Jonatbas.
1225 3969 1376 4027 iacet
1416 3972 1489 4026 ibi
1532 3971 1700 4027 Goliat
1746 3972 1801 4028 in

224 4062 399 4119 media
442 4064 557 4129 via,
590 4062 821 4133 ligneum
864 4061 1065 4117 habens
1105 4064 1170 4117 ad
1220 4071 1381 4133 caput
1425 4079 1705 4131 acervum,
1755 4078 1811 4123 et

224 4170 390 4226 super
416 4173 535 4212 eum
564 4158 844 4226 congeries
870 4170 1059 4223 magna
1103 4165 1406 4224 petrarum,
1451 4156 1521 4210 ita
1564 4164 1620 4209 ut
1665 4172 1690 4207 a
1738 4172 1810 4211 xx

228 4246 468 4303 millibus
502 4262 608 4302 non
643 4246 816 4317 possis
849 4247 1087 4301 int/enire
1118 4246 1345 4315 lapidem
1390 4263 1547 4317 quem
1595 4262 1811 4303 movere

230 4339 403 4409 possis
430 4378 443 4404 ,
474 4340 598 4410 quia
631 4353 759 4393 usus
789 4347 874 4393 est
905 4340 1045 4394 talis.
1075 4338 1296 4405 Quoties
1325 4340 1441 4409 quis
1472 4340 1542 4394 ibi
1583 4342 1774 4395 transit
1794 4384 1809 4407 ,

230 4443 415 4489 ternos
442 4434 646 4501 lapides
677 4450 857 4490 secum
890 4434 1093 4501 defert,
1126 4447 1181 4491 et
1210 4451 1302 4492 eos
1333 4436 1401 4491 ibi
1435 4438 1646 4507 projicit
1672 4454 1686 4507 ;
1717 4438 1812 4494 sed

230 4534 287 4581 et
317 4539 414 4579 nos
436 4524 685 4582 similiter
707 4526 948 4583 fecimus.
974 4526 1028 4582 In
1061 4528 1204 4598 ipsos
1235 4538 1445 4584 montes
1469 4544 1568 4586 nec
1597 4544 1687 4587 ros
1712 4545 1811 4587 nec

302 4710 330 4774 ε
360 4703 650 4773 Expunctis
676 4719 777 4769 xx,
805 4702 1031 4758 sufficiet
1058 4703 1337 4774 reliquisse
1367 4722 1441 4760 ιιι.

304 4773 333 4813 δ
374 4776 447 4829 De
479 4775 639 4829 David
692 4791 756 4827 ex
807 4775 1023 4829 Menaeis
1068 4773 1297 4828 constat.
1338 4774 1502 4831 Jacoh
1539 4791 1643 4831 una
1687 4792 1807 4832 cum

229 4847 444 4904 uteris
485 4845 912 4915 progenitoribus
958 4844 1155 4915 Christi
1208 4851 1397 4901 lutum
1429 4847 1589 4901 habet
1616 4848 1810 4901 Domi-

234 4919 353 4987 nica
404 4914 528 4971 ante
574 4916 813 4987 Natalem
868 4914 1108 4984 Domini,
1140 4915 1279 4972 sicut
1316 4917 1384 4972 ad
1425 4917 1815 4987 Ephetnerides

235 4985 635 5043 Gramomoscas
662 4985 839 5041 docui.

309 5069 332 5097 ε
377 5058 489 5113 Lib.
521 5058 537 5112 l
568 5059 791 5125 Regum,
820 5071 938 5121 cap.
963 5071 1099 5121 xvn,
1124 5055 1359 5112 Goliathi
1385 5055 1583 5111 eadem
1612 5056 1813 5112 descri-

236 5129 341 5196 bit,
395 5132 586 5183 tactam
631 5130 683 5182 in
726 5129 861 5183 valle
892 5127 1232 5191 'l‘erebinthi,
1270 5129 1359 5181 ubi
1402 5137 1811 5184 castrametatus

237 5214 349 5256 erat
375 5201 494 5255 Saul
520 5210 705 5254 centra
730 5198 1047 5263 Philistmos,
1080 5200 1336 5253 habentes
1358 5210 1528 5254 castra
1554 5214 1647 5253 sua
1673 5203 1811 5255 inter

237 5273 431 5326 Socliot
484 5270 635 5325 inda:
674 5279 728 5323 et
775 5270 946 5341 Azeca
992 5270 1043 5323 in
1090 5268 1304 5341 Finibus
1356 5270 1650 5341 Dommim,
1695 5285 1814 5341 qua:

239 5343 416 5395 otnnia
446 5342 558 5397 loca
589 5350 714 5394 sunt
741 5340 915 5394 media
941 5341 1020 5393 via
1050 5341 1187 5395 inter
1213 5338 1506 5395 Jerusalem
1539 5348 1593 5394 et
1620 5338 1811 5409 Joppe,

239 5426 269 5466 a
302 5417 566 5467 montibus
590 5410 811 5475 Gelboe,
837 5414 1017 5479 procul
1045 5412 1167 5466 inde
1190 5411 1255 5465 ad
1284 5410 1646 5467 Euroboream
1673 5413 1816 5481 sitis,

242 5486 358 5553 plus
384 5497 541 5552 quam
570 5499 638 5537 xx
669 5482 854 5553 leucis.

313 5551 339 5590 ἀ
380 5550 423 5609 Ᾱ
478 5554 619 5608 Valle
657 5552 961 5607 Terebinthi
1008 5566 1175 5621 usque
1227 5551 1292 5606 ad
1344 5550 1611 5606 civitatem
1663 5552 1815 5618 solis,

247 5625 331 5679 cui
361 5627 689 5694 propinquus
718 5632 801 5677 est
828 5622 944 5676 fons
970 5624 1301 5690 Sampsmiis,
1332 5638 1366 5676 x
1399 5622 1614 5677 circiter
1652 5624 1818 5678 leuca:

248 5695 602 5749 extenduntur
646 5708 833 5749 versus
883 5694 1190 5763 meridiem,
1219 5706 1269 5748 et
1302 5695 1425 5747 hinc
1454 5705 1646 5747 caetera
1690 5694 1820 5748 satis

250 5768 527 5820 commode
558 5776 875 5834 sequuntur,
906 5767 1006 5819 nisi
1037 5767 1175 5834 quod
1202 5768 1392 5820 iterum
1423 5775 1609 5818 auctor
1636 5779 1816 5820 recur-

246 5854 330 5901 rat
355 5838 811 5915 Hierosolymam,
846 5847 1061 5908 propter
1087 5836 1395 5893 Zachariam
1426 5844 1480 5891 et
1510 5838 1718 5891 Isaiam.

1830 4600 1888 4666 D

1908 3324 1988 3378 rio
2026 3322 2263 3377 secundo
2294 3322 2583 3392 requiescit
2609 3328 2831 3375 sanctus
2855 3318 3094 3375 Hilarion
3123 3329 3171 3373 κ.

1978 3412 2067 3470 54.
2110 3412 2236 3468 Inde
2265 3413 2511 3468 venimus
2540 3411 2596 3467 in
2622 3411 2896 3467 civitatem
2930 3411 3131 3465 Dnnaal
3161 3408 3212 3477 ιι,
3245 3411 3300 3466 in
3330 3419 3493 3481 caput

1906 3507 2073 3561 eremi
2106 3520 2226 3574 quae
2259 3505 2404 3560 vadit
2434 3504 2499 3560 ad
2526 3504 2656 3561 Sina
2687 3514 2922 3560 montem
2954 3522 2969 3559 :
3000 3506 3055 3560 in
3092 3520 3194 3577 qua
3236 3520 3307 3559 ex
3350 3504 3499 3563 rela-

1909 3598 2057 3653 tione
2084 3598 2318 3669 episcopi
2351 3596 2520 3668 ipsius
2548 3597 2819 3656 civitatis.
2850 3612 3013 3652 unum
3052 3597 3357 3652 audivimus
3386 3597 3499 3661 mi-

1908 3689 2185 3755 raculum,
2215 3688 2355 3758 quod
2401 3687 2563 3744 silere
2604 3704 2711 3744 non
2750 3697 2981 3759 oportet.
3029 3688 3210 3745 Puella
3248 3689 3496 3758 quaedam

1908 3778 2239 3843 nobilissima
2268 3780 2484 3834 nomine
2516 3781 2679 3834 Maria
2703 3819 2718 3845 ,
2752 3794 2872 3835 cum
2906 3791 3072 3849 nupta
3101 3781 3327 3845 fuisset,
3372 3780 3495 3850 ipsa

1907 3885 2067 3927 nocte
2100 3881 2296 3942 nuptus
2326 3872 2407 3927 sui
2439 3882 2682 3929 mortuus
2711 3886 2790 3929 est
2822 3888 3054 3943 sponsos
3082 3875 3198 3944 ejus
3227 3891 3243 3941 ;
3272 3875 3495 3945 ipsaque

1911 3965 2048 4019 hanc
2086 3981 2197 4021 rem
2244 3965 2506 4036 patienter
2538 3968 2803 4037 portavit,
2853 3978 2910 4023 et
2956 3968 3094 4024 intra
3141 3968 3497 4037 septimanam

1911 4062 2089 4116 omnia
2122 4076 2215 4116 sua
2243 4061 2516 4117 distribuit
2556 4064 2900 4133 pauperibus.
2945 4061 3230 4120 Celebrato
3261 4062 3349 4118 die
3376 4078 3501 4133 sep—

1911 4153 2043 4208 timo
2065 4196 2080 4222 ,
2117 4164 2271 4209 nocte
2303 4155 2415 4225 ipsa
2448 4164 2596 4211 veste
2628 4157 2810 4225 sponsi
2838 4156 3081 4222 sublata,
3133 4156 3346 4210 inventa
3391 4171 3500 4210 non

1912 4254 1997 4301 est
2031 4263 2043 4298 :
2092 4246 2158 4301 de
2204 4262 2309 4315 qua
2350 4246 2549 4301 dictum
2594 4256 2675 4302 est
2721 4246 2875 4301 nobis
2912 4248 3034 4316 quia
3067 4249 3285 4301 essetin
3317 4260 3501 4303 eremo

1918 4346 2065 4391 trans
2112 4336 2435 4407 Jordanem,
2479 4342 2618 4393 inter
2662 4340 2919 4393 calamcta
2975 4339 3056 4393 vel
3107 4341 3332 4408 palmeta
3376 4348 3503 4393 ante

1916 4444 2015 4484 nos
2044 4428 2097 4484 in
2135 4430 2327 4484 ﬁnibus
2359 4432 2547 4500 Segor,
2580 4430 2631 4485 in
2666 4432 2800 4485 mari
2832 4432 3133 4486 balioarum
3164 4445 3178 4480 :
3212 4430 3264 4481 in
3307 4428 3501 4497 quibus

1920 4520 2054 4577 locis
2083 4521 2389 4577 invenimus
2419 4524 2747 4578 monasteria
2780 4537 2850 4575 xv
2882 4525 2964 4576 vel
3000 4534 3131 4575 xvm
3168 4518 3501 4589 puellarum,

1987 4709 2012 4738 θ
2054 4699 2250 4754 Menam
2280 4697 2347 4751 ad
2376 4696 2407 4749 6
2464 4696 2664 4765 Aprilis
2696 4693 3050 4765 meminerunt
3094 4694 3320 4747 duorum
3357 4708 3499 4748 mar-

1919 4778 2096 4842 tyrum
2130 4763 2750 4842 Ascalonepassuruml
2782 4777 2905 4842 post
2946 4763 3138 4842 factam
3176 4765 3499 4842 memoriam

1921 4834 2124 4895 sanctae
2167 4837 2478 4901 Platonidis,
2510 4850 2667 4905 quam
2712 4836 2971 4889 Baronius
3000 4835 3053 4888 in
3088 4834 3347 4889 hodierno
3392 4837 3500 4888 lto-

1916 4926 2078 4965 mano
2106 4924 2204 4978 pro
2233 4910 2352 4964 viro
2375 4908 2665 4977 accipiens,
2694 4906 2904 4964 duobus
2940 4906 3261 4962 Ascaloniae
3298 4915 3501 4977 marty-

1918 4981 2068 5036 ribus
2095 4982 2292 5036 iunxit.

1994 4996 2567 5119 ιΠείέεζΐιῗεέῑ’νίιειοιθιιι
2611 5057 2931 5120 martyrem,
2975 5050 3065 5119 qui
3114 5048 3217 5103 huc
3258 5054 3507 5118 spectare

1993 5123 2120 5187 ssit,
2170 5122 2339 5176 ullum
2386 5120 2542 5185 novi;
2595 5119 2767 5189 neque
2797 5119 3075 5189 Herapiam
3101 5159 3116 5185 ,
3153 5121 3501 5189 Axnmatem,

1971 5208 2190 5247 azonam
2238 5192 2509 5252 civitates;
2558 5188 2839 5243 nisi’forte
2889 5188 3073 5243 ultima
3115 5199 3199 5243 est
3251 5188 3505 5257 Majuma,

1920 5279 2039 5334 qua:
2070 5263 2226 5334 Gazae
2250 5262 2548 5334 emporium
2575 5263 2878 5317 nominatur
2906 5275 2936 5314 a
2960 5268 3149 5315 sancto
3177 5259 3510 5332 Hieronymo

1923 5332 1976 5390 in
2004 5333 2119 5389 Vita
2152 5332 2462 5387 Hilarionis.

1995 5415 2017 5452 ε
2060 5403 2245 5459 Sancti
2292 5400 2582 5458 Hilarionis
2628 5404 3011 5457 monasterium
3058 5399 3349 5468 septima
3393 5400 3510 5458 la-

1924 5477 2064 5539 iuma
2118 5475 2386 5539 milliario,
2418 5474 2471 5528 id
2519 5481 2601 5529 est
2645 5474 2853 5527 duabus
2893 5486 2955 5525 ac
3000 5472 3327 5538 semileuels,
3355 5471 3505 5529 idem

1943 5493 2064 5531 uma
2118 5493 2386 5539 llillllal'lo,
2418 5493 2471 5528 ια
2519 5493 2601 5529 881,
2645 5493 2853 5527 uuauus
2893 5493 2955 5525 ac
3000 5493 3327 5538 δυιιιιιουῦιι,
3355 5493 3469 5528 “lu

1917 5493 2281 5615 ilieronymus
2310 5544 2616 5609 constituit,
2644 5544 2728 5615 cui
2750 5543 2954 5615 certior
2972 5542 3117 5615 iides
3140 5542 3469 5599 adhibenda.

1995 5614 2023 5653 ιι
2063 5613 2265 5672 Dunaal
2314 5616 2479 5681 urbs,
2533 5624 2588 5669 et
2633 5614 2852 5683 quidem
2898 5613 3239 5681 episcOpalis,
3288 5616 3341 5669 in
3394 5621 3510 5671 ωιι

1923 5702 2073 5743 sacra
2101 5702 2163 5741 ac
2194 5686 2411 5755 profana
2457 5686 2778 5755 geographia
2814 5684 2958 5737 nulla
3005 5693 3122 5750 est;
3154 5685 3230 5739 uti
3262 5699 3361 5739 nec
3392 5685 3505 5741 Bll-

1922 5760 2046 5815 latia
2090 5759 2284 5828 aliqua,
2316 5759 2383 5814 ad
2415 5757 2688 5815 introitum
2723 5757 2922 5819 eremi,
2961 5755 3137 5824 capite
3177 5770 3294 5825 seq.
3324 5758 3502 5811 nomi-

1924 5840 2075 5887 nata.
