4042 6348
623 367 718 432 9n

1857 362 2181 429 ANTONINI
2223 362 2631 425 PLACENTINI

3739 370 3817 437 9η

622 508 743 565 qua:
781 488 1072 547 Christiani
1113 488 1469 562 pupulabant;
1510 504 1628 561 qua
1656 489 1932 557 habebant
1971 488 2192 542 asellum
2224 490 2278 549 Α
2302 485 2535 555 fecimus,
2580 492 2625 537 et
2659 480 3075 553 lacrymavimus.
3111 478 3658 557 Tuncintrudumnt
3691 492 3818 548 satis

620 587 714 655 qui
744 587 827 642 eis
850 585 1052 643 cibaria
1079 587 1386 652 deferebat,
1414 596 1467 641 et
1498 586 1806 641 nutriebant
1847 586 2056 641 leonem
2094 595 2199 639 ter-

620 677 837 731 ribilem
879 676 947 732 ad
988 677 1298 732 videndum.
1334 674 1575 747 Cumque
1622 678 2202 747 appropinquassemus

624 766 859 832 cellulae,
887 767 1071 823 omnia
1101 764 1344 821 animalia
1369 780 1493 833 qua:
1519 777 1675 823 erant
1700 769 1975 823 nobiscum
1996 767 2029 803 "
2054 782 2083 821 a
2114 782 2203 821 ru-

619 863 732 930 gitu
767 859 911 913 illius
940 860 1278 924 minxerunt,
1308 866 1363 913 et
1404 858 1459 913 in
1501 867 1699 913 terram
1744 867 2105 922 corruerunt;
2150 866 2204 912 et

628 953 907 1006 dicebatur
935 950 1089 1005 nobis
1114 949 1258 1019 quod
1288 949 1463 1018 ipsum
1494 949 1714 1003 asellum
1748 949 1831 1003 leo
1870 949 1983 1016 ipse
2012 948 2205 1017 guber-

621 1053 778 1100 naret
804 1044 856 1097 in
888 1043 1099 1112 pascuis
1125 1060 1139 1094 :
1167 1057 1325 1111 quem
1354 1041 1653 1096 oil'erebant
1679 1040 1832 1095 nobis
1862 1055 1956 1109 pro
1985 1050 2201 1095 centum

625 1135 835 1191 solidis.
868 1133 975 1189 Sed
1008 1134 1168 1188 Pater
1192 1134 1499 1188 Antoninus
1542 1134 1821 1203 suscipere
1861 1133 2066 1201 noluit,
2108 1133 2203 1188 sed

624 1227 769 1281 misit
799 1227 853 1281 in
883 1226 1188 1281 Jerusalem
1230 1227 1371 1291 cito,
1417 1235 1473 1281 et
1521 1226 1738 1281 adduxit
1780 1225 1857 1280 eis
1906 1236 2081 1281 ternas
2125 1234 2206 1281 tu-

622 1320 775 1372 nicas
807 1328 863 1372 et
890 1317 1067 1372 oleum
1098 1317 1166 1371 ad
1194 1318 1507 1383 luminaria,
1538 1327 1591 1373 et
1621 1318 1887 1387 legumina
1920 1318 2106 1372 multa.
2140 1319 2208 1373 Et

618 1410 751 1480 ipsa).
782 1409 937 1465 nobis
965 1410 1218 1465 dixerunt
1242 1410 1310 1465 de
1336 1409 1624 1465 virtutibus
1665 1410 1842 1464 Mariae
1869 1452 1884 1476 ,
1927 1412 2079 1481 cujus
2118 1427 2207 1466 su-

617 1503 805 1574 perius
833 1505 1160 1559 mentionem
1184 1503 1430 1571 fecimus,
1458 1520 1577 1573 quae
1608 1505 1976 1559 ambulaverat
2008 1505 2058 1558 in
2085 1504 2209 1557 llie-

619 1596 917 1665 rosolyma,
949 1594 1063 1650 sola
1093 1602 1314 1664 portans
1343 1594 1609 1663 legumina
1632 1636 1646 1659 ,
1688 1594 1976 1664 sportellas
2022 1595 2206 1664 plenas

616 1697 675 1745 et
720 1690 969 1755 tunicas;
1012 1702 1147 1759 quas
1186 1690 1235 1744 ei
1282 1688 1570 1757 cupiebant
1608 1687 1854 1754 auferre;
1894 1688 1987 1743 sed
2030 1688 2207 1742 nullus

620 1797 739 1838 eam
782 1785 1027 1839 invenire
1065 1785 1237 1854 potuit
1277 1791 1301 1819 ⁸
1338 1793 1573 1839 attamen
1613 1784 1682 1839 de
1727 1784 1792 1838 iis
1846 1798 1964 1853 qua:
2022 1796 2204 1837 secum

2301 575 2488 629 vallem
2517 578 2648 628 inter
2671 574 2845 629 Horeb
2877 584 2920 629 et
2952 574 3105 640 Sina,
3138 576 3207 627 ad
3237 578 3386 645 cujus
3428 576 3602 627 montis
3626 581 3744 643 pedes
3767 593 3818 639 αι

2304 670 2417 738 fons
2446 669 2531 721 ubi
2561 666 2767 737 Moyses
2806 667 3095 738 adaquabat
3125 683 3258 730 oves,
3304 667 3511 737 quando
3542 668 3652 720 vidit
3691 674 3821 731 ruba-

2303 762 2591 816 ardentem.
2628 760 2731 825 Qui
2763 760 2878 829 fons
2902 760 3218 814 estinclusus
3253 758 3397 828 infra
3437 762 3819 830 monasteriumis

2303 868 2403 921 quo
2429 861 2546 905 sunt
2574 861 2674 905 tres
2706 852 2911 905 abbates
2942 853 3157 905 scientes
3194 852 3419 920 linguas,
3458 851 3512 901 id
3541 862 3607 903 cst
3632 850 3817 922 Grecam,

2304 944 2576 1012 Latinam,
2633 944 2852 1015 Syram,
2912 944 3277 1015 Egyptiacam
3331 953 3355 980 ο
3412 950 3459 997 el
3508 940 3819 1003 Bessam.lndc

2304 1046 2529 1097 venimus
2566 1044 2633 1095 ad
2664 1044 2964 1112 speluncam
2994 1044 3077 1095 ubi
3108 1043 3435 1096 absconditus
3470 1044 3562 1111 fuit
3594 1044 3715 1097 Elius
3738 1060 3820 1112 prio

2305 1136 2475 1207 pheta,
2506 1137 2713 1205 quando
2743 1138 2872 1206 fugit
2912 1136 3117 1189 Jezabel
3144 1136 3410 1190 mulierem
3461 1135 3703 1205 perﬁdam.
3739 1136 3823 1191 Αιυε

2306 1226 2473 1295 ipsam
2498 1227 2794 1295 speluncam
2815 1229 2980 1295 surgit
3009 1231 3124 1297 fons
3154 1228 3241 1296 qui
3265 1228 3449 1297 irrigat
3465 1228 3621 1295 ipsum
3647 1240 3822 1283 montem.

2305 1317 2436 1373 lude
2464 1317 2807 1372 ascendimus
2846 1333 3111 1372 summum
3161 1332 3422 1373 cacumen
3455 1319 3659 1384 montis,
3693 1319 3736 1374 iu
3755 1338 3824 1389 quo

2306 1417 2389 1462 est
2416 1406 2706 1463 oratorium
2733 1408 3023 1475 modicum,
3056 1410 3260 1464 habens
3282 1410 3656 1479 longitudinem
3680 1426 3753 1465 se:
3769 1427 3826 1479 pe.

2306 1499 2457 1567 dum,
2487 1500 2733 1555 similiter
2762 1510 2819 1555 et
2851 1500 3208 1569 latitudinem,
3244 1502 3297 1556 in
3340 1516 3451 1571 quo
3482 1515 3682 1557 manere
3703 1503 3824 1558 nullus

2308 1593 2614 1662 praesumit;
2647 1592 2739 1646 sed
2768 1603 2888 1647 orto
2917 1594 3022 1662 jam
3055 1594 3141 1648 die
3188 1594 3493 1649 ascendunt
3540 1595 3749 1649 monachi
3782 1597 3825 1650 de

2308 1686 2618 1755 supradicto
2650 1687 2999 1752 monasterio,
3031 1698 3086 1741 et
3116 1688 3394 1744 celebrant
3424 1690 3499 1745 ibi
3534 1689 3737 1746 officium
3760 1710 3769 1743 :
3791 1693 3824 1746 in

2307 1791 2413 1846 quo
2441 1777 2558 1831 loco
2598 1792 2693 1846 pro
2722 1777 3018 1832 devotione
3048 1778 3203 1832 multi
3236 1779 3464 1834 tondent
3512 1782 3709 1849 capillos
3742 1795 3825 1835 suos

617 1875 772 1929 duxit
799 1876 865 1931 de
892 1890 1081 1930 eremo
1112 1875 1245 1929 nihil
1273 1876 1566 1945 reportavit
1596 1886 1891 1930 revertens.
1926 1873 2090 1943 Cujus
2119 1872 2201 1929 af-
2228 1863 2281 1921 Β
2306 1878 2360 1922 et
2381 1868 2630 1932 barbam;
2662 1883 2781 1921 nam
2812 1877 2865 1923 ει
2890 1883 2989 1939 880
3022 1869 3227 1924 10l0ndi
3252 1869 3325 1924 ibi
3360 1870 3579 1926 barbam
3603 1887 3759 1927 meam.

617 1966 917 2025 ﬂictionem
946 1968 1034 2024 vel
1067 1969 1333 2038 ploratum
1367 1969 1509 2022 nulla
1541 1969 1749 2023 ratione
1793 1968 2065 2023 consolari
2112 1981 2206 2036 po-

616 2060 825 2115 tuimus
852 2076 868 2126 ;
898 2060 993 2114 sed
1023 2068 1226 2113 tantum
1259 2060 1456 2127 saepius
1481 2058 1696 2113 dicebat
1730 2058 1863 2112 flens
1890 2076 1901 2110 :
1936 2056 2030 2112 Va:
2078 2058 2205 2113 mihi

618 2152 836 2208 misera:
861 2154 873 2206 Ξ
907 2153 1060 2223 cujus
1089 2168 1249 2208 causa
1283 2168 1369 2208 me
1395 2152 1516 2207 dico
1542 2151 1936 2208 Christianam?

684 2246 775 2302 55.
817 2244 1227 2302 Proficiscentes
1252 2246 1318 2301 de
1348 2245 1551 2300 Eulatia
1582 2246 1917 2300 introivimus
1957 2261 2199 2303 eremum

616 2337 866 2393 milliario
896 2339 1059 2402 xx,in
1090 2353 1197 2407 quo
1228 2348 1309 2393 est
1324 2348 1557 2393 castrum
1582 2338 1668 2393 ubi
1699 2350 1779 2392 est
1808 2337 2204 2394 xenodochium

619 2430 789 2484 sancti
820 2428 1087 2499 Gregorii,
1120 2430 1171 2482 in
1204 2444 1309 2498 quo
1354 2428 1552 2483 habent
1585 2437 1925 2484 transeuntes
1971 2430 2054 2484 vel
2084 2444 2207 2485 ere-

620 2523 769 2579 mitae
798 2522 1063 2594 refugium
1095 2523 1179 2577 vel
1221 2522 1507 2592 stipendia.
1541 2522 1667 2577 Inde
1696 2522 1959 2578 intrantes
1988 2524 2206 2579 interio-

620 2627 734 2668 rem
767 2628 1031 2679 eremum,
1064 2613 1306 2667 venimus
1334 2613 1400 2667 ad
1430 2613 1605 2666 locum
1657 2611 1725 2666 de
1778 2628 1884 2681 quo
1912 2614 2106 2667 dicitur
2153 2614 2206 2669 in

620 2703 853 2773 psalmo,
887 2701 1047 2756 Terra
1059 2705 1393 2774 fructiferain
1418 2703 1677 2774 salsugine
1705 2704 1781 2769 (id
1805 2714 1909 2769 est,
1933 2707 1983 2759 in
2016 2704 2211 2760 amari-

621 2797 851 2864 tudine),
886 2794 1134 2848 animalia
1163 2795 1499 2848 habitantium
1563 2797 1615 2848 in
1654 2813 1733 2850 ea.
1767 2796 1833 2850 Et
1879 2796 1952 2851 ibi
1983 2797 2211 2853 vidimus

620 2890 870 2944 homines
899 2901 1079 2952 rasos,
1112 2885 1373 2955 fugientes
1416 2902 1537 2942 cum
1590 2889 1827 2944 camelis.
1872 2888 2002 2943 Nam
2056 2899 2109 2944 et
2156 2891 2209 2944 in

620 2982 998 3054 Hierosolyma
1027 2980 1258 3037 vidimus
1280 2984 1522 3037 homines
1549 2998 1616 3038 ex
1646 2983 1920 3053 Ethiopia
1952 2984 2210 3041 habentes

622 3076 777 3130 fissas
814 3089 971 3131 nares
1000 3074 1023 3097 '
1046 3085 1101 3131 et
1125 3089 1304 3141 aures,
1327 3074 1583 3145 caligulas
1612 3076 1855 3142 calceati,
1878 3086 1930 3131 et
1956 3092 2051 3147 per
2078 3078 2210 3147 digi-

618 3176 706 3222 tos
736 3167 789 3221 in
821 3168 984 3237 pedes
1011 3167 1239 3222 annulus
1282 3167 1496 3225 missos.
1548 3167 1998 3237 Interrogavimus
2045 3183 2211 3238 quare

625 3260 730 3326 sic,
778 3269 832 3314 et
876 3259 1132 3313 dixerunt
1179 3277 1191 3311 :

616 3365 784 3423 gnum
814 3352 915 3407 hoc
945 3351 1103 3406 nobis
1131 3352 1370 3422 reliquit.

689 3442 783 3498 '56.
821 3442 1171 3499 Ambulantes
1209 3457 1305 3512 per
1325 3457 1563 3499 eremum
1591 3443 1709 3499 dies
1738 3458 1791 3499 vt
1811 3484 1827 3510 ,
1859 3444 2079 3500 camelis
2108 3458 2209 3500 no-

618 3535 705 3591 bis
728 3550 919 3605 aquam
951 3534 1307 3604 portantibus,
1340 3536 1634 3590 sextarium
1656 3550 1816 3590 mane
1841 3545 1897 3591 et
1923 3535 2211 3592 sextarium

618 3642 846 3696 vespere
897 3625 1125 3680 dabatur
1175 3640 1271 3696 per
1347 3625 1621 3681 hominem
1668 3626 1950 3697 quotidie:
2011 3640 2211 3682 amare-

620 3729 807 3775 scente
836 3733 971 3789 aqua
1000 3720 1052 3774 in
1083 3719 1292 3774 utribus
1318 3732 1415 3787 per
1441 3718 1661 3773 modum
1702 3718 1856 3784 fellis,
1901 3719 2212 3774 mittebatur

626 3815 682 3868 in
713 3816 1123 3879 eam‘arenam,
1146 3810 1608 3867 etdulcorabatur.
1642 3810 1876 3864 Familiae
1902 3821 2078 3866 autem
2107 3807 2209 3866 Sa-

621 3921 937 3961 racenorum
966 3915 1020 3961 et
1061 3919 1260 3960 UXOI‘BS
1294 3919 1478 3959 eorum
1505 3906 1785 3959 venientes
1814 3904 1879 3959 de
1929 3920 2207 3961 eremo....

622 3999 791 4052 in‘via
818 3996 1067 4052 sedentes
1108 3996 1350 4065 deposita
1397 3997 1626 4060 sarcina,
1685 3995 1935 4064 petebant
1986 4010 2153 4065 panes
2180 4010 2210 4049 a

623 4089 1054 4153 transeuntibus;
1086 4100 1139 4143 et
1167 4087 1456 4143 veniebant
1501 4088 1601 4141 viri
1639 4102 1821 4142 earum
1870 4089 1940 4142 de
1967 4087 2212 4142 interiori

622 4188 778 4251 parte
804 4180 989 4247 eremi,
1016 4180 1460 4249 adducebantque
1489 4190 1634 4234 utres
1657 4194 1778 4234 cum
1809 4195 1946 4249 aqua
1992 4180 2206 4249 frigida,

623 4282 679 4328 et
702 4270 1034 4340 accipiebant
1082 4270 1180 4324 sibi
1234 4284 1420 4340 panes,
1452 4280 1507 4325 et
1526 4269 1863 4325 adducebant
1888 4282 2061 4325 restes
2090 4262 2239 4325 cum‘

623 4365 913 4429 radicibus,
946 4377 1167 4432 quarum
1198 4362 1331 4415 odor
1359 4363 1706 4417 suavissimus
1753 4378 1916 4431 super
1946 4373 2208 4433 aromata,

624 4467 678 4512 et
708 4457 823 4513 dies
864 4456 1029 4511 lestos
1072 4471 1198 4510 suos
1241 4454 1609 4510 celebrabant.
1640 4455 1876 4526 Populus
1913 4465 2089 4511 autem
2120 4457 2210 4527 qui

622 4563 719 4616 per
738 4547 995 4618 majorem
1025 4562 1266 4602 eremum
1298 4546 1697 4616 ingrcdiebatur
1722 4547 1788 4602 ad
1814 4548 2206 4618 explorandum

622 4655 847 4696 numero
874 4655 946 4693 xu
969 4643 987 4663 ⁶
1012 4639 1175 4693 millia
1200 4654 1283 4693 nc.

691 4730 782 4785 57.
836 4729 1256 4785 Peratnbuluntes
1296 4746 1517 4784 eremum
1556 4742 1729 4784 octavo
1756 4731 1838 4785 die
1871 4731 2098 4785 venimus
2137 4732 2205 4784 ad

621 4835 841 4878 montem
867 4822 1077 4877 Domini
1102 4822 1310 4888 Horeb;
1339 4834 1385 4876 et
1412 4824 1532 4877 inde
1554 4833 1801 4877 moventes
1836 4832 1890 4875 ut
1912 4824 2207 4877 ascendere-

620 4931 735 4968 mus
762 4924 982 4968 montem
1011 4914 1162 4981 Sina,
1198 4930 1313 4968 ecce
1359 4914 1637 4967 multitudo
1684 4913 2056 4967 monachorum
2094 4931 2206 4969 ere-

618 5006 861 5060 mitarum
888 5020 1003 5058 cum
1045 5005 1275 5058 crucibus
1304 5004 1579 5074 psallentes
1613 5005 1931 5059 obviaverunt
1965 5006 2128 5071 nobis,
2158 5016 2209 5062 et

620 5097 863 5177 prostrati
908 5098 961 5151 in
1006 5108 1192 5151 terram
1236 5098 1611 5153 adoraverunt:
1639 5100 1795 5154 simili
1840 5100 1993 5154 modo
2037 5109 2087 5155 et
2113 5117 2205 5157 nos

692 5272 968 5350 {Nullum
1015 5274 1361 5350 commodum
1420 5291 1633 5331 sensum
1689 5293 1753 5332 ex
1798 5278 1988 5350 ultima
2043 5279 2201 5350 hujus

619 5346 811 5418 capitis
835 5355 987 5418 parte
1015 5346 1491 5418 hactenuselicere
1520 5350 1661 5415 potui
1688 5348 2069 5418 conjectando;
2100 5346 2198 5407 nec

618 5416 809 5489 magni
832 5414 1026 5481 refert,
1053 5419 1177 5486 quia
1224 5417 1347 5471 talis
1386 5414 1550 5472 Maria
1582 5414 1840 5489 nusquam
1887 5422 2030 5475 inter
2057 5414 2196 5475 san-

616 5490 735 5539 etas
765 5495 889 5539 nota
918 5496 1019 5539 est.

690 5552 895 5631 {Nihil
934 5556 1072 5631 juris
1127 5556 1359 5631 Traiano
1390 5558 1451 5631 in
1502 5557 1785 5631 [Ethiopes
1844 5561 1975 5627 fuit,
2031 5577 2206 5631 neque

615 5621 819 5680 bellum
838 5621 979 5699 fuit)
1010 5628 1115 5681 iis:
1156 5621 1341 5699 scissae
1385 5630 1543 5696 igitur
1589 5621 1708 5699 ejus
1748 5629 1899 5699 jussu
1948 5621 2206 5687 aures'et

624 5709 785 5750 nares
815 5694 1123 5766 Ethiopum
1150 5712 1246 5766 pro
1272 5694 1450 5752 fabula
1482 5694 1665 5754 haberi
1700 5694 1917 5755 debent.

694 5776 716 5801 ε
758 5766 995 5843 Quidsi
1035 5765 1162 5843 pro:
1192 5765 1352 5843 Besso
1392 5770 1604 5843 lingua,
1650 5772 1790 5843 legas
1838 5770 2055 5843 Persam
2106 5788 2203 5828 seu

620 5833 927 5889 Persicam?
954 5833 1087 5891 Nam
1118 5839 1301 5905 Bessi,
1332 5833 1559 5910 exiguus
1586 5833 1726 5897 cliui
1762 5841 1815 5897 in
1847 5842 2072 5899 Thracia
2100 5859 2199 5914 ρο·
2226 5862 2229 5865 λ

2380 1961 2468 2017 58.
2512 1962 2663 2017 Mons
2688 1978 2816 2017 vero
2847 1962 2973 2017 Sina
3006 1972 3253 2031 petrosus
3283 1974 3390 2029 est,
3439 1980 3562 2020 raro
3597 1965 3729 2021 habet
3757 1975 3826 2021 ter-

2309 2069 2448 2119 ram,
2478 2065 2531 2109 et
2556 2055 2610 2109 in
2642 2056 2867 2109 circuitu
2893 2055 3011 2124 ejus
3039 2056 3250 2111 cellulae
3280 2057 3473 2111 multa:
3500 2070 3739 2112 servorum
3764 2058 3814 2113 De

2308 2147 2555 2202 similiter
2581 2157 2635 2202 et
2664 2148 2717 2201 in
2745 2146 2947 2212 Horeb,
2979 2158 3033 2201 et
3060 2150 3111 2203 in
3135 2157 3287 2218 parte
3312 2146 3460 2205 illius
3484 2152 3666 2205 montis
3688 2151 3823 2205 habent

2310 2238 2561 2293 Saraceni
2592 2239 2793 2293 idolum
2835 2241 2851 2260 ‘
2884 2255 3039 2294 suum
3085 2257 3452 2297 marmoreum
3494 2245 3717 2313 positum,
3738 2258 3822 2297 can-

2310 2330 2491 2385 didum
2525 2339 2774 2400 tanquam
2802 2332 2999 2387 nivem.
3025 2332 3102 2387 lbi
3129 2342 3183 2387 et
3210 2345 3496 2403 permanet
3529 2334 3744 2390 sacerdos
3762 2350 3823 2389 eo-

2311 2438 2430 2479 rum
2502 2424 2735 2492 ipsorum
2791 2423 3011 2479 indutus
3078 2424 3362 2481 dalmatica
3420 2435 3476 2482 et
3531 2427 3674 2496 pallio
3717 2427 3821 2481 lineo.

2311 2518 2534 2587 Quando
2556 2521 2705 2575 venit
2734 2530 2943 2589 tempus
2974 2520 3275 2576 festivitatis
3301 2536 3513 2590 eorum,
3559 2529 3823 2592 percurrente

2312 2611 2437 2667 luna
2484 2622 2769 2681 antequam
2801 2612 3109 2683 egrediatur
3137 2630 3165 2667 a
3222 2613 3361 2669 festo
3400 2616 3661 2685 ipsorum,
3701 2614 3824 2683 incipit

2313 2721 2551 2761 marmor
2574 2707 2705 2762 illud
2734 2716 2944 2763 mutare
2983 2710 3257 2775 colorem;
3288 2719 3348 2765 et
3377 2712 3589 2782 quando
3624 2719 3825 2779 coeperunt

2313 2799 2544 2855 adorare
2582 2800 2808 2869 idolum,
2853 2800 2914 2854 fit
2950 2816 3187 2856 marmor
3226 2801 3358 2856 illud
3403 2804 3608 2873 nigrum
3645 2814 3819 2871 tanquam

2317 2892 2437 2961 pix;
2470 2893 2738 2963 completo
2767 2902 3007 2963 tempore
3035 2894 3345 2950 festivitatis
3385 2910 3590 2961 eorum,
3616 2894 3823 2949 revertitur

2316 2982 2510 3037 iterum
2555 2983 2607 3036 in
2658 2982 2941 3051 pristinum
2985 2985 3243 3051 colorem,
3290 2986 3437 3042 unde
3491 2986 3632 3041 valde
3672 2987 3824 3039 miratus

2314 3087 2455 3129 sum.

2390 3166 2478 3220 59.
2522 3164 2669 3220 Inter
2720 3167 2846 3223 Sina
2886 3176 2940 3223 et
2986 3168 3161 3224 Horeb
3205 3178 3289 3225 est
3328 3171 3487 3227 vallis
3522 3175 3572 3227 in
3599 3186 3687 3241 qua
3716 3168 3822 3224 certis

1247 3260 1368 3328 quia
1426 3258 1691 3328 Trajanus
1734 3258 1761 3298 δ
1810 3259 2102 3331 imperator
2146 3260 2217 3317 si-
2243 3256 2291 3320 C
2324 3257 2651 3326 temporibus
2682 3273 2770 3312 ros
2796 3259 2864 3314 de
2894 3260 3036 3315 ccelo
3065 3259 3270 3332 [cadit],
3303 3278 3467 3331 quem
3496 3278 3668 3317 manna
3689 3259 3821 3330 appel-

2318 3348 2449 3403 lant.
2481 3349 2547 3403 Et
2574 3350 2902 3419 coagulatur,
2937 3364 2987 3407 et
3020 3350 3079 3406 ﬁt
3108 3361 3356 3422 tanquam
3388 3371 3603 3424 granum
3626 3353 3818 3413 masticis;

2316 3447 2371 3495 et
2392 3438 2590 3494 habent
2621 3442 2743 3496 inde
2774 3442 2926 3511 plena
2958 3442 3120 3510 dolia,
3153 3453 3207 3499 et
3243 3444 3375 3501 dant
3404 3447 3521 3502 aliis
3548 3462 3633 3516 pro
3667 3442 3820 3501 benedi-

2316 3536 2514 3602 ctione,
2544 3544 2598 3588 et
2629 3534 2784 3589 nobis
2809 3535 3074 3591 dederunt
3102 3540 3373 3595 sextarios
3398 3542 3624 3610 quinque
3644 3556 3658 3591 :
3682 3554 3731 3592 ex
3752 3548 3819 3605 quo

2316 3634 2371 3681 et
2401 3625 2608 3696 perdite
2638 3625 2848 3692 bibunt,
2879 3637 2933 3682 et
2962 3629 3115 3683 nobis
3154 3628 3423 3686 dederunt
3454 3632 3642 3687 bibere.
3664 3629 3762 3685 Nam
3788 3635 3822 3679 et

2316 3718 2369 3771 in
2402 3716 2533 3786 ipsis
2560 3718 2832 3773 montibus
2862 3719 2948 3775 leo
2985 3729 3040 3775 et
3080 3720 3277 3789 pardus
3307 3724 3351 3790 ‘,
3386 3738 3589 3793 capreae
3613 3732 3659 3777 et
3684 3718 3819 3775 bardo-

2316 3824 2413 3865 nes
2441 3810 2599 3863 simul
2631 3819 2888 3879 pascunt:
2919 3821 2973 3867 et
2998 3827 3063 3867 ex
3095 3812 3173 3868 eis
3195 3814 3376 3869 nullus
3408 3814 3610 3871 laeditur
3644 3831 3668 3867 a
3700 3812 3819 3870 leone.

2315 3909 2537 3971 propter
2561 3903 2728 3956 eremi
2752 3901 3076 3959 vastitatem.
3103 3904 3171 3959 Et
3192 3907 3313 3976 quia
3339 3908 3541 3981 jamse
3568 3904 3823 3974 completum

2315 3994 2430 4050 dies
2460 3992 2584 4049 festi
2614 3994 3028 4065 lsmaelitarum,
3060 4013 3235 4066 praeco
3262 4000 3395 4054 exiit
3421 4011 3479 4056 ut
3517 4000 3671 4054 nullus
3699 3992 3819 4050 subsi-

2315 4094 2482 4140 steret
2511 4101 2605 4155 per
2641 4100 2903 4153 eremum,
2938 4103 3031 4157 per
3060 4105 3217 4154 quam
3248 4091 3479 4160 ingrcssi
3518 4103 3707 4151 sumus;
3730 4078 3820 4157 [sed]

2315 4176 2403 4233 alii
2431 4193 2527 4247 per
2550 4176 2863 4249 Egyptum,
2894 4181 2982 4235 alii
3010 4196 3106 4251 per
3132 4180 3382 4238 Arabiam
3433 4190 3769 4240 reverterentur
3785 4176 3817 4229 in

2315 4268 2585 4325 civitatem
2614 4279 2874 4324 sanctam.

2374 4360 2466 4414 40.
2508 4359 2585 4415 De
2611 4370 2792 4415 monte
2820 4361 2949 4417 Sina
2977 4378 3145 4430 usque
3176 4365 3228 4419 in
3253 4367 3467 4422 Arabia:
3488 4367 3722 4422 civitatem
3741 4369 3818 4430 qut

2313 4466 2537 4510 vocatur
2565 4457 2730 4511 Ahela
2756 4452 2804 4522 ά,
2837 4470 2961 4512 sunt
3000 4461 3305 4516 mansiones
3346 4480 3455 4531 vn;
3503 4466 3550 4519 in
3595 4463 3731 4517 Abela
3759 4471 3817 4508 au-

2314 4551 2420 4599 tem
2449 4544 2839 4602 descendentes
2868 4563 3029 4604 naves
3057 4551 3125 4604 de
3165 4551 3311 4607 India
3349 4570 3471 4609 cuin
3511 4556 3706 4610 diversis
3735 4560 3812 4602 aro.

2234 4658 2291 4718 Β
2312 4638 2567 4704 matibus,
2600 4638 2773 4693 visum
2817 4650 2900 4695 est
2930 4642 3087 4696 nobis
3129 4658 3221 4712 per
3254 4644 3541 4716 [Egyptuiu
3572 4641 3747 4701 reveni.
3776 4638 3817 4692 Et

2310 4729 2553 4786 venimus
2580 4732 2631 4785 in
2663 4730 2936 4787 civitatem
2972 4733 3025 4787 in
3075 4750 3176 4804 qua
3227 4743 3481 4807 pugnavit
3524 4739 3703 4807 Moyses
3735 4743 3813 4787 cum

2306 4822 2587 4889 Amalech,
2615 4824 2703 4878 ubi
2731 4833 2816 4879 est
2840 4829 3153 4893 oratorium,
3178 4829 3329 4897 cujus
3354 4813 3524 4886 altare
3553 4830 3740 4900 positum
3760 4830 3811 4876 est

2308 4932 2470 4987 super
2496 4918 2699 4988 lapides
2726 4918 2848 4973 illos
2877 4935 3011 4989 quos
3039 4934 3330 4991 posuerunt
3370 4926 3549 4997 Moyse
3581 4930 3747 4979 orante.
3775 4915 3810 4965 in

2308 5009 2429 5064 loco
2463 5010 2576 5079 ipso
2606 5021 2689 5065 est
2709 5011 2898 5067 civitas
2923 5014 3123 5068 munita
3154 5013 3221 5070 de
3256 5016 3531 5081 lateribus,
3564 5018 3684 5069 locus
3705 5004 3811 5063 steri-

2309 5106 2377 5161 lis
2406 5106 2559 5162 valde
2584 5116 2803 5177 propter
2824 5123 3013 5179 aquas.
3048 5109 3125 5165 lbi
3149 5123 3493 5168 occurrerunt
3516 5110 3653 5166 nobis
3676 5101 3807 5159 mulie-

2306 5287 2484 5361 pulus,
2514 5296 2568 5344 et
2599 5303 2664 5344 eo
2693 5305 2798 5360 quo
2836 5291 2953 5348 haec
2996 5294 3293 5361 composita
3334 5305 3458 5351 sunt
3494 5307 3598 5348 aevo
3639 5286 3719 5343 sub
3748 5280 3805 5332 II“

2304 5360 2522 5430 nomine
2569 5376 2673 5413 non
2717 5362 2946 5429 amplius
3000 5360 3179 5430 natus,
3212 5382 3317 5420 non
3359 5367 3592 5421 videntur
3628 5361 3710 5413 huc
3743 5364 3807 5418 Po‘

2303 5429 2471 5504 tuisse
2504 5432 2743 5504 irrepere
2764 5448 2857 5498 per
2882 5434 3112 5504 aliquem
3142 5436 3311 5503 ipsius
3339 5436 3563 5493 auctoris
3581 5438 3783 5504 errorem-

2375 5500 2404 5575 «ξ
2443 5500 2671 5575 Deberet
2731 5502 2845 5557 haec
2887 5500 3074 5559 civitas
3125 5500 3287 5561 Abela
3348 5506 3548 5575 concipi
3601 5500 3657 5556 ad
3705 5502 3805 5575 ωὲζε

2304 5569 2576 5643 Rubrum,
2609 5573 2744 5626 haud
2790 5575 2945 5643 longe
2972 5592 3001 5630 a
3034 5577 3177 5630 Maca
3197 5560 3339 5642 {sed
3359 5560 3568 5633 ﬁnecvihi
3611 5584 3692 5627 nec
3718 5560 3803 5643 alibi

2306 5642 2359 5693 in
2392 5649 2501 5694 tota
2527 5642 2720 5696 Arabia
2753 5641 3115 5719 noménistud
3145 5641 3284 5714 apud
3316 5641 3803 5719 geograplios_vel¢f§§

2306 5725 2581 5781 novosque
2609 5714 2876 5781 reperitur
2902 5734 2915 5768 :
2951 5716 3088 5771 bene
3133 5706 3735 5773 ai'itetuvinvlladianitide
3765 5706 3801 5781 επ

2304 5771 2584 5856 adlacunl
2615 5771 2944 5856 Génezareth
2963 5827 2977 5849 ,
3011 5789 3093 5841 vel
3122 5771 3678 5856 AbiI—aﬂinﬁCwlesyria,
3705 5771 3800 5829 unde

2302 5850 2517 5913 Abilina
2544 5853 2850 5909 Tetrarchia
2884 5872 3077 5913 nomen
3106 5864 3354 5931 sumpsit.
