4042 6348
162 422 288 480 915

1597 418 2072 478 ITINERARIUM.

3358 418 3470 474 9M

160 551 263 593 res
292 550 412 592 cum
438 535 748 601 infantibus,
775 535 975 606 palmas
1002 535 1057 590 in
1095 535 1341 591 manibus
1377 541 1670 604 portantes,
1710 543 1765 588 et
1797 540 1845 597 Α
1878 550 1973 604 per
2001 535 2216 605 Clysma
2246 544 2531 607 antequam
2553 535 2968 592 commisceatur
2994 549 3115 590 cum
3146 534 3268 591 oleo
3296 554 3308 590 :
3336 518 3464 593 nam

160 630 443 700 ampullas
467 644 589 683 cum
620 628 806 683 rafano
830 629 972 693 oleo,
1015 626 1180 700 [quae]
1229 635 1508 698 prostrata
1541 628 1766 697 pedibus

164 725 381 779 nostris
430 723 700 793 ungebant
736 722 941 792 plantas
970 732 1183 777 nostras
1228 731 1282 777 et
1330 723 1503 789 capita
1561 730 1766 790 nostra,

160 814 353 885 lingua
383 812 694 885 (Egyptiaca
722 815 1009 882 psallentes
1038 814 1387 883 antiphonam
1426 832 1440 867 :
1481 833 1499 865 ι
1541 814 1771 869 Benedi-

164 907 246 962 (ειὶ
282 920 378 960 vos
408 920 437 959 a
496 905 741 970 Domino,
800 916 856 960 et
901 905 1212 961 benedictus
1259 905 1519 959 adventus
1566 912 1768 966 vester,

167 997 432 1052 Hosanna
476 997 528 1051 in
581 998 831 1053 excelsis.
895 1016 914 1049 ›
952 999 1067 1067 Ipsa
1121 1007 1204 1053 est
1245 1006 1386 1052 terra
1438 997 1669 1063 Madian,
1720 1004 1774 1050 et

168 1090 284 1159 ipsi
326 1090 628 1144 habitantes
660 1091 713 1143 in
754 1106 815 1145 ea
868 1090 1105 1144 civitate.
1165 1090 1366 1145 Dicitur
1392 1100 1572 1145 autem
1648 1089 1769 1159 quia

170 1198 246 1238 ex
282 1180 483 1236 familia
524 1182 735 1246 Jethro,
779 1184 953 1237 soceri
1003 1184 1222 1254 Moysis,
1263 1182 1597 1237 descendunt
1651 1196 1776 1236 LVIII

172 1284 203 1313 ι
258 1274 577 1341 condomte,
625 1274 915 1330 militantes
954 1275 1006 1329 in
1065 1275 1275 1342 publico
1332 1291 1452 1330 cum
1510 1274 1778 1331 uxoribus

171 1365 328 1435 suis,
349 1384 617 1423 annonam
643 1378 698 1422 et
728 1378 903 1423 vestes
932 1367 1261 1434 accipientes
1293 1384 1356 1422 ex
1389 1367 1647 1439 IEgypto.
1768 1366 1769 1369 “

249 1461 342 1516 41.
388 1461 462 1515 De
509 1460 702 1531 quibus
750 1460 883 1513 locis
943 1459 1189 1514 venimus
1240 1460 1484 1530 Magdalo
1526 1459 1551 1497 ι’
1581 1469 1633 1514 et
1682 1458 1782 1514 So-

167 1554 309 1609 chot
336 1563 389 1610 et
420 1554 485 1608 ad
520 1570 622 1611 Lxx
650 1554 854 1623 palmas
883 1562 937 1607 et
980 1553 1045 1607 ad
1078 1569 1147 1607 xu
1192 1554 1398 1619 fontes;
1441 1564 1494 1608 et
1521 1553 1783 1623 applicui-

171 1662 304 1702 mus
333 1647 401 1701 ibi
430 1662 523 1715 per
545 1646 680 1700 duos
708 1646 847 1711 dies,
890 1645 1089 1715 fatigati
1140 1661 1234 1713 per
1278 1655 1484 1700 tantum
1536 1646 1782 1700 laborem

170 1752 232 1797 et
259 1741 427 1796 eremi
459 1744 779 1795 vastitatem.
810 1739 864 1795 In
902 1756 1007 1808 quo
1039 1740 1157 1793 loco
1182 1752 1264 1795 est
1286 1741 1569 1795 castellum
1604 1741 1783 1795 modi-

173 1848 306 1890 cum
339 1832 480 1901 quod
534 1842 759 1887 vocatur
804 1844 825 1870 ε
858 1832 1178 1897 Surandela,
1219 1842 1272 1886 et
1322 1841 1404 1886 est
1436 1832 1571 1886 infra
1613 1834 1782 1900 ipsum

1875 630 1919 684 si
1951 646 2054 683 non
2083 631 2500 697 adulteraretur,
2534 631 2697 686 credo
2717 633 2840 703 quia
2864 632 3032 698 ipsam
3054 631 3305 686 virtutem
3329 645 3475 687 sem-

1876 734 1970 787 per
2000 719 2204 775 faceret
2235 737 2247 773 :
2282 736 2402 775 nam
2451 720 2626 789 liquor
2672 722 2841 791 ipsius
2868 730 3017 777 tenet
3046 719 3310 792 [odorem]
3341 726 3473 774 con-'

1874 812 2025 869 tinuo
2060 829 2157 883 per
2183 814 2289 867 duo
2317 815 2504 869 millia.
2536 815 2677 870 Infra
2702 815 2971 870 civitatem
3000 816 3168 884 ipsam
3195 831 3314 884 qum
3337 815 3474 870 dici-

1878 914 1961 961 tur
1988 905 2225 977 Clysma,
2256 907 2396 961 intus
2427 908 2477 961 in
2509 908 2725 962 basilica
2755 908 2990 962 vidimus
3021 907 3224 964 loculos
3252 907 3465 977 ligneos

1876 1010 2187 1053 sanctorum
2220 999 2569 1053 eremitarum
2600 1000 2816 1055 Patrum
2842 1014 2950 1054 ιιν.

1949 1090 2039 1145 45.
2085 1092 2149 1144 Et
2184 1090 2311 1146 inde
2362 1092 2602 1147 venimus
2652 1107 2749 1161 per
2792 1107 3032 1148 eremum
3065 1092 3131 1147 ad
3160 1094 3475 1161 speluncam

1880 1182 2019 1237 beati
2077 1182 2222 1237 Pauli
2284 1185 2524 1238 cremita:
2582 1193 2629 1251 ο,
2683 1201 2802 1255 quae
2854 1180 3077 1241 vocatur
3124 1185 3475 1249 Siracumba,

1881 1278 2003 1348 quia
2037 1276 2154 1332 fons
2212 1278 2387 1348 ipsum
2440 1280 2613 1333 locum
2672 1280 2873 1349 irrigat.
2924 1278 3137 1335 Exinde
3192 1288 3478 1348 pergentes

1885 1371 2134 1425 venimus
2172 1372 2238 1424 ad
2297 1381 2592 1425 cataractas
2648 1370 2770 1436 Nili,
2821 1370 2911 1426 ubi
2955 1371 3197 1426 ascendit
3234 1386 3366 1439 aqua
3406 1369 3477 1423 ad

1883 1466 2091 1532 signum
2140 1478 2330 1518 manus
2380 1464 2614 1518 hominis
2666 1464 2825 1529 facta,
2873 1474 2927 1518 et
2980 1463 3351 1533 habetgradus
3383 1476 3478 1517 xtt.

1887 1556 1961 1611 Ex
2011 1566 2236 1626 utraque
2285 1565 2435 1625 parte
2465 1567 2852 1612 cataractarum
2894 1567 3018 1611 sunt
3064 1557 3182 1611 dua:
3210 1556 3479 1625 civitates,

1886 1661 2017 1715 quas
2046 1646 2341 1701 aediﬁcasse
2364 1648 2549 1701 dicunt
2573 1648 2708 1703 filias
2738 1654 2756 1672 ‘
2789 1648 2953 1716 Loth,
2982 1658 3037 1706 et
3058 1665 3162 1705 una
3194 1665 3375 1703 earum
3402 1650 3485 1703 di-

1886 1738 2025 1792 citur
2048 1739 2361 1808 Babylonia.
2396 1740 2523 1795 Inde
2551 1742 2794 1795 venimus
2822 1756 2917 1811 per
2945 1757 3165 1811 campos
3194 1742 3405 1797 Taneos
3427 1750 3485 1797 et

1889 1830 1940 1883 in
1970 1828 2229 1896 Memphis
2255 1829 2544 1895 civitatem,
2571 1841 2625 1885 et
2651 1832 2959 1898 Antinoum,
2997 1834 3047 1886 in
3079 1848 3182 1902 qua
3211 1832 3486 1887 residebat

172 1924 463 1980 castellum
488 1924 715 1978 ecclesia
744 1939 864 1978 cum
893 1922 1228 1978 xenodochio
1259 1932 1474 1992 propter
1502 1934 1785 1978 transeun-
1815 1918 1861 1977 Β
1891 1921 2098 1975 Pharao
2141 1936 2204 1974 ex
2238 1937 2340 1989 qua
2389 1920 2410 1959 ί
2456 1923 2551 1977 lilii
2595 1924 2759 1978 Israel
2793 1924 3067 1980 exierunt.
3101 1924 3157 1979 In
3188 1924 3318 1994 ipsis
3352 1924 3485 1979 locis

176 2027 283 2071 tes.
318 2014 449 2069 Inde
468 2017 693 2071 venimus
723 2018 791 2069 ad
816 2017 984 2070 locant
1029 2018 1116 2070 ubi
1147 2017 1244 2087 ﬁlii
1272 2016 1437 2071 Israel
1465 2027 1783 2072 transeuntes

182 2126 330 2163 mare
381 2108 616 2163 Rubrum
665 2110 1026 2174 castrametati,
1069 2119 1116 2163 et
1146 2110 1215 2162 ibi
1259 2110 1495 2163 similiter
1523 2107 1785 2163 castellum

176 2216 298 2255 cum
324 2202 663 2266 xenodocltio,
716 2210 762 2255 et
790 2201 843 2254 in
875 2200 986 2254 loco
1026 2217 1126 2268 quo
1175 2202 1405 2255 exierunt
1448 2202 1513 2255 de
1550 2202 1681 2253 mari
1710 2209 1785 2255 est

178 2293 466 2347 oratorium
513 2290 667 2346 Elite.
699 2292 766 2346 Et
810 2300 1149 2347 transeuntes
1203 2293 1445 2347 venimus
1499 2294 1551 2346 in
1600 2294 1777 2347 locum

181 2385 275 2440 ubi
305 2385 636 2439 intraverunt
678 2384 731 2439 in
772 2400 938 2449 mare,
974 2386 1063 2439 ubi
1107 2394 1192 2439 est
1230 2386 1521 2439 oratorium
1552 2385 1774 2456 Moysis.

181 2477 261 2533 lbi
318 2490 400 2533 est
445 2479 632 2534 civitas
674 2494 833 2547 parva
880 2496 996 2547 qua:
1026 2480 1325 2548 appellatur
1357 2479 1570 2551 Clystna
1599 2478 1653 2547 ἀ,
1695 2481 1783 2535 ubi

179 2570 252 2625 de
279 2570 429 2625 India
504 2585 667 2626 naves
716 2570 960 2625 veniunt.
988 2570 1044 2625 ln
1097 2573 1216 2627 loco
1250 2572 1339 2625 ubi
1391 2572 1721 2627 transierunt
1770 2577 1787 2597 '

179 2661 366 2733 fulgur
395 2664 504 2719 exit
534 2665 603 2719 de
635 2665 823 2734 pelago
867 2664 1056 2735 majori
1085 2673 1140 2719 et
1168 2664 1477 2719 extenditur
1507 2666 1557 2718 in
1602 2665 1785 2720 multis

180 2739 444 2821 millibus,
495 2758 615 2825 quia
642 2772 887 2814 accessus
946 2768 999 2811 et
1051 2773 1296 2813 recessus
1345 2772 1498 2828 aquae
1536 2758 1783 2813 habetur.

180 2846 498 2903 Recedente
530 2848 661 2901 mari
684 2857 906 2917 apparet
932 2850 1106 2902 omnis
1137 2850 1439 2905 submersio
1471 2848 1786 2912 Pharaonis,

178 2948 239 2994 et
266 2938 448 2992 omnia
480 2954 626 2991 arma
654 2938 709 2992 in
740 2954 1005 2993 marmora
1040 2948 1241 2993 mutata
1276 2939 1547 2993 videntur.
1601 2940 1676 2993 lbi
1703 2954 1784 2994 ac-

184 3046 419 3115 cipimus
448 3058 615 3099 nuces
636 3043 855 3109 virides,
890 3056 1009 3110 qua:
1036 3041 1102 3095 de
1136 3040 1279 3094 India
1323 3049 1609 3105 venerunt,
1658 3055 1791 3109 quas

183 3140 257 3196 de
286 3139 537 3208 paradiso
560 3138 784 3192 credunt
816 3137 1063 3191 homines
1090 3149 1246 3199 esse;
1280 3143 1333 3188 et
1357 3134 1446 3202 qui
1480 3148 1548 3189 ex
1581 3133 1664 3187 his
1692 3149 1789 3202 gu—

186 3232 415 3290 staverit
455 3235 475 3255 ⁶
519 3239 763 3286 sanatur.

1889 2023 2013 2067 sunt
2043 2013 2235 2066 horrea
2258 2012 2456 2079 .loseph
2481 2030 2553 2067 xII
2582 2019 2599 2037 ‘
2628 2017 2801 2083 plena.

1959 2106 2048 2160 44.
2097 2104 2149 2157 In
2180 2106 2440 2174 Memphis
2471 2107 2567 2160 fuit
2608 2108 2865 2177 templum
2905 2108 3046 2177 quod
3076 2117 3160 2163 est
3206 2107 3369 2161 modo
3398 2121 3489 2163 ec-

1889 2197 2076 2263 clesia,
2108 2197 2260 2266 cujus
2290 2214 2389 2252 una
2424 2206 2576 2266 porta
2620 2213 2679 2252 se
2724 2199 2919 2252 clausit
2946 2202 2962 2222 '
3019 2209 3141 2254 ante
3202 2199 3487 2256 Dominum

1889 2302 2155 2353 nostrum,
2180 2291 2393 2357 quando
2417 2291 2569 2345 beata
2600 2291 2763 2345 Maria
2788 2306 2909 2345 cum
2938 2291 3056 2360 ipso
3079 2290 3211 2361 fugit
3234 2290 3289 2345 in
3316 2289 3487 2363 Εεν-

1892 2390 2065 2447 ptum;
2102 2388 2155 2433 et
2184 2379 2355 2433 adlmc
2382 2394 2487 2433 non
2530 2390 2706 2449 pmest
2730 2382 2949 2450 aperiri.
2984 2381 3057 2435 lbi
3100 2381 3332 2436 vidimus
3365 2383 3482 2451 pal-

1889 2470 2017 2525 lium
2052 2470 2247 2525 lineum
2283 2470 2335 2524 in
2363 2486 2468 2540 quo
2491 2472 2673 2525 dicunt
2696 2472 2843 2525 illum
2876 2472 3158 2541 tempore"
3188 2472 3277 2527 illo
3301 2483 3484 2528 trans-

1888 2563 2021 2628 isse,
2071 2572 2126 2617 et
2181 2563 2383 2618 idcirco
2437 2563 2508 2617 ibi
2554 2564 2670 2632 i-jus
2718 2567 3041 2620 remansisse
3092 2564 3487 2637 vestigiaqu

1892 2655 2067 2724 imago
2097 2655 2167 2709 ibi
2207 2656 2434 2726 singulis
2468 2656 2797 2725 temporibus
2827 2657 3100 2725 aduratur,
3133 2668 3189 2712 et
3226 2674 3322 2713 nos
3356 2658 3487 2713 ado-

1890 2749 2128 2803 ravimus
2156 2750 2207 2813 *,
2263 2759 2317 2803 et
2366 2759 2583 2818 propter
2630 2750 2969 2819 splendorem
2999 2767 3106 2806 non
3139 2752 3406 2821 potuimus
3434 2754 3490 2809 in

1895 2856 2012 2895 eam
2045 2841 2348 2906 intendere,
2380 2843 2503 2911 quia
2534 2853 2789 2911 quantum
2814 2843 2867 2898 in
2899 2845 3068 2915 ipsam
3097 2846 3353 2914 intendis,
3387 2847 3492 2901 im-

1894 2944 2131 2989 mutatur
2157 2936 2209 2989 in
2242 2935 2409 2991 oculis
2441 2936 2566 2990 tuis.

1964 3027 2053 3082 45.
2103 3029 2496 3083 Descendentes
2524 3043 2621 3099 per
2642 3028 2958 3100 Egyptum,
2989 3032 3232 3085 venimus
3259 3031 3311 3085 in
3352 3031 3491 3086 civi-

1891 3129 2052 3176 tatem
2086 3120 2239 3188 Alepi
2270 3131 2316 3186 ιι,
2349 3120 2415 3173 ad
2466 3130 2707 3175 sanctum
2754 3121 3060 3176 Menoatum
3097 3119 3123 3157 ¹ι
3147 3127 3237 3192 qui
3286 3124 3483 3178 multas

1894 3214 2119 3267 virtutes
2170 3213 2241 3267 ib‘i
2291 3222 2566 3282 operatur.
2622 3214 2747 3268 lude
2788 3229 2883 3283 per
2934 3225 3178 3285 stagnum
3228 3218 3495 3285 navigan-

263 3325 354 3379 42.
397 3326 538 3379 Intus
570 3334 746 3379 autem
780 3323 831 3377 in
861 3322 979 3391 ipso
1011 3319 1199 3390 pelago
1230 3318 1443 3373 modica
1472 3326 1557 3373 est
1598 3317 1790 3383 insula,
1821 3295 1867 3358 Ο
1899 3313 2000 3370 les.
2033 3304 2413 3359 Alexandriam
2436 3306 2701 3360 νθηίῐηυε·
2735 3306 2788 3360 In
2818 3306 2934 3375 ίρεο
2954 3315 3141 3376 εωῧηο
3167 3308 3273 3361 Vidi
3306 3308 3488 3363 ηιυΙιί·

192 3419 250 3473 in
281 3434 385 3487 qua
417 3429 496 3473 est
529 3426 675 3485 pctra
702 3417 842 3480 viva,
890 3415 976 3469 tibi
1010 3414 1243 3484 pendent
1268 3414 1299 3447 ’ί
1345 3412 1552 3478 molles,
1588 3420 1646 3465 ut
1671 3426 1793 3466 car-

193 3509 307 3574 ttei,
349 3509 401 3563 in
430 3510 643 3563 modum
674 3507 1034 3578 dactylorum,
1067 3507 1159 3579 qui
1196 3504 1423 3559 fundunt
1464 3513 1791 3574 unguentum

194 3601 340 3671 quod
373 3602 548 3655 oleum
584 3599 848 3667 petrinum
892 3608 1103 3664 vocant,
1137 3598 1276 3668 quod
1311 3613 1406 3665 pro
1434 3599 1665 3650 maxima
1695 3598 1791 3651 he-

201 3692 508 3749 nedictione
539 3692 762 3746 tollitur.
800 3692 902 3744 Vas
926 3692 977 3744 in
1008 3706 1113 3760 quo
1138 3700 1398 3758 portatur,
1429 3690 1472 3743 si
1517 3689 1793 3758 impletum

199 3783 382 3849 fuerit,
408 3793 461 3838 et
490 3784 718 3838 volueris
749 3782 1040 3837 rediterare
1069 3781 1135 3835 ad
1177 3781 1492 3842 tollendum,
1535 3780 1644 3847 jam
1678 3794 1782 3833 non

205 3888 328 3929 eum
359 3874 516 3943 capit.
550 3873 604 3927 ιιι
634 3888 741 3939 quo
772 3872 892 3927 loco
919 3871 1339 3942 quanticumque
1374 3870 1561 3939 κεινοιί
1595 3870 1797 3937 pertin-

207 3981 335 4039 gere
364 3973 609 4035 possunt,
636 3966 667 4001 ¥
692 3973 970 4019 sanantur.
998 3962 1165 4030 Quem
1197 3958 1507 4033 [liquorem]
1543 3960 1795 4013 tollentes

211 4074 310 4131 pro
336 4056 725 4122 benedictione,
759 4070 861 4109 non
881 4069 1001 4109 eum
1026 4052 1340 4118 permittunt
1360 4051 1551 4106 iterum
1576 4049 1797 4105 introire

291 4226 315 4254 η
353 4215 621 4271 Condoma
653 4214 859 4269 videtur
889 4212 976 4267 hic
1009 4210 1172 4266 scribi
1200 4225 1297 4279 pro
1327 4209 1574 4265 Familia.

288 4312 312 4351 δ
350 4312 446 4367 llic
493 4312 683 4365 iterum
736 4312 851 4364 loca
902 4307 1323 4376 disparatissima
1365 4304 1687 4374 conjungere
1714 4303 1799 4357 vi-

221 4387 372 4441 detur
411 4392 633 4438 auctor:
678 4382 905 4437 necdum
948 4380 1088 4433 enim
1144 4384 1459 4445 pervenerat
1501 4377 1567 4430 ad
1623 4376 1758 4429 Elim
1784 4417 1797 4439 ,

225 4465 421 4512 sextam
449 4454 729 4509 stationem
764 4450 1116 4505 Israelitarum
1138 4491 1153 4514 ,
1186 4448 1273 4503 ubi
1303 4458 1454 4502 erant
1482 4464 1583 4502 Lxx
1610 4449 1799 4515 palma:

228 4539 281 4583 et
316 4542 384 4580 sn
416 4526 608 4588 fontes,
647 4532 705 4577 ut
733 4522 926 4576 dicitur
972 4521 1135 4575 lixodi
1182 4535 1269 4582 xv,
1315 4534 1435 4572 cum
1471 4519 1701 4587 loquitur
1731 4517 1799 4571 de

233 4597 462 4668 Magdalo
488 4605 540 4650 et
578 4593 797 4668 Socoth,
832 4591 1049 4646 urbibus
1082 4589 1427 4668 :Egypti,_ad
1468 4604 1599 4658 quas
1640 4589 1799 4668 iidem

236 4659 475 4724 Israelita:
510 4664 1165 4732 constiteruutantequam
1192 4659 1485 4715 transirent
1516 4675 1662 4714 mare
1692 4659 1801 4713 Ru~

235 4741 397 4795 brum.

308 4842 327 4869 ε
368 4830 615 4885 Novimus
655 4827 729 4882 ibi
774 4826 1044 4879 desertum
1095 4823 1221 4887 Sur,
1264 4821 1359 4876 sed
1395 4822 1673 4877 castellum
1703 4820 1805 4875 Su-

240 4903 439 4958 randela
473 4900 652 4955 nescio
681 4898 821 4953 unde
849 4896 935 4949 hic
965 4894 1191 4963 scriptor
1219 4895 1507 4962 acceperit.

307 4992 331 5030 ά
371 4994 578 5065 Clystna
636 4988 941 5065 prmsitlium
992 4983 1205 5065 [Egypti
1260 4984 1325 5038 ad
1374 4998 1519 5037 mare
1569 4982 1808 5063 Rubrum

248 5054 521 5122 Ptolotn'mo
546 5054 649 5117 est'
674 5063 774 5115 hoc
813 5057 1028 5113 circiter
1072 5054 1191 5110 luco
1217 5072 1231 5109 :
1262 5071 1425 5124 quare
1456 5054 1667 5108 correxi
1716 5068 1813 5107 no-

1900 3397 2136 3451 tndinem
2169 3398 2584 3452 crocodilorum.
2638 3398 2963 3453 Alexandria
3016 3400 3205 3454 civitas
3253 3410 3334 3454 est
3368 3400 3491 3468 pul-

1900 3489 2052 3553 chra,
2097 3489 2321 3558 populus
2362 3490 2524 3552 levis,
2576 3490 2669 3544 sed
2723 3500 2991 3544 amatores
3041 3491 3444 3561 peregrinorum
3475 3530 3497 3559 ,

1899 3582 2134 3638 baIreses
2157 3583 2358 3637 multm.
2404 3583 2478 3638 lbi
2526 3591 2582 3637 et
2621 3582 2909 3651 requiescit
2948 3583 3291 3648 Athanasius,
3327 3582 3494 3652 ipsius

1897 3675 2126 3730 civitatis
2167 3675 2474 3743 episcopus,
2507 3674 2597 3743 qui
2636 3685 2820 3729 contra
2850 3674 3036 3729 Arium
3070 3673 3237 3743 ipsius
3265 3674 3497 3728 civitatis

1906 3766 2274 3839 presbyterum
2326 3765 2638 3820 hmreticum
2686 3782 2784 3834 pro
2833 3766 2935 3821 fide
2966 3766 3167 3822 Christi
3213 3767 3495 3833 certando,

1904 3859 2070 3913 multa
2132 3858 2368 3927 pericula
2428 3858 2618 3912 mortis
2647 3860 2922 3923 sustinuit,
2967 3860 3298 3928 temporibus
3345 3858 3495 3915 Con-

1904 3950 2087 4004 stantii
2117 3947 2259 4020 [ﬁlii]
2306 3950 2648 4019 imperatoris
2697 3950 3057 4015 Constantini,
3106 3951 3323 4007 Helena:
3375 3951 3493 4007 lilii.

1907 4041 2105 4096 Ibidem
2128 4040 2417 4111 requiescit
2436 4051 2650 4097 sanctus
2675 4041 2904 4096 Faustus
2937 4052 2993 4098 et
3036 4052 3252 4097 sanctus
3282 4044 3497 4112 Epima-

1909 4206 2172 4261 ferebant.
2210 4203 2326 4258 Mox
2374 4205 2515 4258 enim
2556 4219 2650 4273 per
2679 4219 2896 4274 campos
2939 4204 3148 4260 Taneos
3180 4208 3395 4262 venisse
3434 4222 3497 4263 se

1909 4278 2037 4333 dicit
2063 4276 2344 4344 Memphim
2377 4286 2431 4329 et
2460 4276 2782 4340 Antinoum;
2821 4278 2963 4344 atqui
2988 4276 3099 4346 jam
3133 4278 3183 4331 in
3216 4278 3493 4345 IEtltiopia

1910 4357 2007 4402 aut
2050 4350 2236 4402 saltem
2269 4348 2532 4412 superiori
2565 4346 2799 4418 [Egypto
2826 4361 3056 4412 eramus,
3090 4348 3231 4402 unde
3270 4349 3498 4403 descen-

1912 4421 2057 4474 denti
2089 4419 2411 4473 occurrisset
2451 4419 2734 4479 Antinous.
2765 4428 2891 4471 tunc
2936 4418 3217 4487 Memphis,
3249 4433 3313 4472 ac
3342 4418 3496 4473 deni-

1913 4506 2015 4560 que
2043 4490 2093 4544 in
2125 4490 2309 4543 intima
2336 4488 2569 4559 [Egypto
2599 4489 2783 4543 Tauis.

1987 4583 2004 4659 ε
2021 4655 2030 4659 Α
2058 4582 2366 4659 Pharaones
2416 4581 2626 4659 [Egypti
2654 4593 2828 4659 _reges
2854 4578 3083 4645 Memphi
3111 4579 3498 4659 aut__Ba_bylone

1912 4654 2252 4716 habitabant,
2287 4651 2441 4718 loage
2472 4649 2606 4703 infra
2640 4649 2959 4711 Antinoum,
3005 4664 3162 4713 quam
3197 4649 3498 4705 Hadrianus

1907 4726 2197 4794 imperator
2229 4719 2530 4794 mdificavit.
2566 4719 2706 4794 Filii_
2729 4727 2907 4771 autem
2940 4720 3329 4794 lsrael_egressi
3361 4728 3490 4794 sunt

1909 4789 2066 4849 de'ea
2095 4807 2217 4863 quae
2246 4789 2346 4846 sibi
2390 4803 2643 4846 concessa
2686 4789 2858 4843 fuerat
2906 4800 3044 4843 terra
3075 4789 3317 4855 Gessen,
3360 4792 3497 4846 inter

1914 4862 2204 4935 Egyptum
2230 4871 2281 4917 et
2313 4862 2544 4932 Syriam.

1987 4969 2011 5005 κ
2051 4959 2168 5026 Quo
2204 4962 2392 5013 iterum
2431 4955 2702 5023 rapimur?
2754 4955 3014 5023 Alepiim,
3076 4956 3309 5026 antiquis
3360 4958 3504 5012 dicta

1918 5028 2239 5098 Hierapolis,
2283 5031 2408 5083 urbs
2449 5027 2621 5096 Syria:
2668 5034 2724 5098 et
2760 5027 2972 5095 quidem
3025 5028 3189 5097 regia'
3216 5041 3323 5091 est;
3378 5030 3503 5083 hinc

1917 5114 2047 5154 vero
2072 5097 2464 5162 Alexandriam,
2490 5099 2658 5167 Syria:
2680 5097 2918 5166 ejusdem
2945 5100 3129 5153 urbem
3156 5098 3499 5166 maritimam,

251 5152 362 5191 men
403 5138 456 5191 in
486 5149 588 5190 ms.
619 5133 847 5187 Tornac.
877 5143 1191 5199 expressum
1230 5127 1315 5181 hic
1343 5135 1399 5180 et
1429 5125 1562 5179 infra
1598 5124 1810 5189 Diania,

250 5207 379 5277 quod
409 5221 662 5276 nusquam
691 5214 793 5258 est.

321 5312 341 5337 °
374 5300 693 5370 Speluncam
737 5295 910 5370 sancti
959 5292 1110 5350 Pauli
1158 5291 1223 5370 ad
1257 5290 1340 5370 ἳ8Δ
1374 5287 1594 5370 gradum
1635 5286 1815 5370 altitu-

259 5372 385 5427 dinis
411 5357 635 5425 collocat
666 5365 978 5422 Rosweidns
1009 5380 1038 5417 e
1067 5363 1282 5427 regiOne
1315 5357 1531 5413 Antinoi
1560 5377 1571 5410 :
1606 5358 1672 5412 ab
1718 5357 1816 5411 hac

258 5426 413 5511 usque
454 5442 518 5495 ad
551 5438 654 5494 Nili
696 5445 1002 5511 cataractas,
1036 5435 1088 5487 in
1118 5426 1389 5500 )Etltiopia
1416 5430 1520 5511 sub
1550 5429 1712 5498 gradu
1747 5426 1818 5479 2'2

258 5506 396 5579 sitas,
425 5526 560 5581 opus
600 5518 683 5563 est
728 5509 915 5581 itinere
957 5506 1226 5581 leucarum
1256 5510 1313 5555 ut
1359 5506 1637 5581 minimum
1661 5514 1815 5581 _cxx;

266 5570 342 5642 bic
370 5570 492 5639 vero
532 5581 757 5647 scriptor
780 5580 846 5630 ad
882 5574 1203 5647 Babylonem
1249 5586 1339 5626 eas
1367 5570 1629 5647 collocat,
1661 5571 1817 5637 longe

267 5640 388 5712 infra
429 5640 715 5709 Antinoum
766 5647 927 5701 lencis
977 5640 1192 5699 circiter
1234 5658 1335 5706 at;
1386 5640 1579 5712 deinde
1628 5650 1819 5712 canera

268 5710 427 5781 omnia
450 5726 563 5779 loca
590 5720 801 5793 Egypti
829 5734 952 5793 qua;
976 5712 1319 5793 nominat_sic
1345 5711 1650 5793 permiscet,
1680 5710 1822 5793 nullo

269 5780 459 5852 servato
479 5796 611 5849 situs
631 5780 813 5847 eorum
841 5780 1048 5851 ordine,
1082 5796 1135 5839 ut
1162 5784 1333 5861 palam
1360 5782 1516 5836 faciat
1536 5780 1821 5861 [Egyptutn

273 5881 521 5936 nunquam
546 5880 577 5918 a
607 5878 666 5918 se
694 5855 1187 5936 conspectatn;_sed
1225 5857 1498 5910 civitatum
1529 5855 1745 5931 nomina
1772 5855 1825 5936 in

271 5921 495 5997 citat-iatn
520 5936 781 6005 conjecta.
816 5921 971 6002 prout
1015 5929 1141 5984 alibi
1171 5927 1306 5985 lecta
1335 5940 1395 5981 se
1431 5923 1706 5981 memoriae
1744 5921 1826 5976 ol-

1917 5171 2038 5237 iter,
2064 5170 2156 5224 sed
2187 5179 2439 5224 terrestre
2469 5179 2579 5230 est,
2613 5168 2884 5223 leucarum
2914 5169 3131 5223 circiter
3150 5180 3153 5183 '
3174 5183 3320 5222 xvm.
3355 5171 3504 5224 Hanc

1916 5257 2046 5295 vero
2071 5250 2250 5295 noster
2276 5245 2434 5293 homo
2454 5238 2737 5293 confundit
2757 5254 2878 5310 cum
2903 5238 3221 5310 Alexandria
3250 5238 3495 5310 Aigypti,

1920 5322 2122 5381 tantum
2152 5312 2335 5366 dissita
2360 5321 2555 5381 quanta
2584 5320 2666 5364 est
2690 5309 2916 5364 latitudo
2947 5312 3105 5363 totius
3135 5309 3305 5377 Syriae
3332 5309 3496 5379 atque

1906 5380 2163 5453 ‘A‘ngpti.

1994 5474 2017 5511 ιι
2058 5474 2284 5529 Sanctus
2340 5473 2523 5527 Menas
2573 5482 2793 5542 martyr,
2835 5473 2922 5540 qui
2964 5472 3161 5525 colitur
3186 5471 3253 5542 ll
3285 5473 3513 5528 Novem-

1922 5546 2054 5611 bris,
2085 5544 2366 5614 Aigyptius
2394 5544 2608 5612 quidem
2648 5540 2818 5611 patria
2868 5542 2994 5614 fuit,
3034 5543 3136 5614 sed,
3170 5540 3408 5613 Cotltyaai
3451 5545 3510 5599 in

1926 5611 2745 5687 Phrygia'passus.;Alius,ve_ro
2798 5611 2953 5687 hujus
3002 5613 3228 5667 nominis
3276 5611 3507 5687 martyr,

1926 5682 2263 5740 Alexandria:
2307 5685 2358 5738 in
2392 5683 2623 5754 Egypto
2662 5682 2978 5754 decollatus,
3010 5697 3129 5754 cum
3180 5683 3339 5738 sociis
3373 5682 3509 5739 Her-

1929 5772 2152 5825 Inogene
2181 5766 2235 5810 et
2283 5752 2584 5823 Eugrapbo,
2614 5753 2925 5825 corporibus
2956 5752 3087 5806 mari
3129 5755 3340 5821 mersis,
3372 5755 3508 5809 alla-

1914 5824 2125 5897 tus’est
2154 5827 2494 5897 Byzantium,
2530 5825 2705 5895 ibique
2734 5824 3137 5882 celeberrimum
3170 5826 3373 5881 cultum
3414 5825 3517 5889 lia-

1932 5897 2022 5955 bet
2054 5896 2116 5949 10
2149 5896 2475 5954 Decembris.
