4042 6348
287 352 389 411 917

1135 360 1453 418 FLORIANI
1491 361 1825 421 EPISTOLA
1862 363 1955 421 AD
1992 364 2313 422 SANCTUM
2352 365 2702 427 NICETIUM.

3445 360 3549 419 918

288 474 453 539 vicos,
485 474 659 543 villas,
690 475 771 531 vel
799 477 1060 534 civitates.
1106 479 1331 567 Fatigati
1357 498 1424 551 ex
1456 492 1564 557 tam
1592 484 1753 567 longo
1780 484 1868 553 iti-
1891 492 1947 563 Α
1970 484 2113 550 fecit,
2145 487 2225 541 vel
2249 503 2367 556 quae
2392 496 2517 542 ante
2566 495 2775 555 tempus
2829 483 3211 541 incarnationis
3265 496 3373 537 suae
3422 480 3550 536 olim

288 578 416 620 nere
439 567 698 635 cepimus
729 569 831 623 iter
855 585 1076 639 carpere
1120 581 1459 653 transeuntes
1487 590 1656 651 mare,
1689 586 1743 637 et
1773 591 1865 649 Y9-

289 656 468 711 nimus
492 658 544 712 in
593 658 819 729 Italiam,
858 662 1146 730 adjuvante
1194 666 1417 729 Domino
1465 666 1593 727 Jesu
1623 656 1858 735 Christo,

288 764 387 818 pro
412 751 564 820 cujus
592 767 772 809 amore
794 756 861 809 ab
883 756 984 813 hoc
1004 757 1121 813 loco
1145 762 1345 829 egressi
1375 761 1651 830 pervidere
1669 740 1864 818 ivimus

285 848 437 896 tanta
458 843 575 911 ejus
596 844 859 902 mirabiiia
883 863 1002 918 quae
1028 850 1142 920 ipse
1167 852 1309 907 inter
1344 853 1589 909 homines
1619 853 1865 910 habitans

1969 593 2064 648 per
2085 579 2414 646 patriarchas
2440 587 2494 632 et
2522 577 2812 661 prophetas
2847 592 2973 631 suos
3015 576 3248 641 fecerat;
3294 574 3552 639 viventes,

1967 680 2209 751 ovantes,
2240 670 2480 739 venimus
2510 669 2833 753 Placentiam
2859 669 3125 723 civitatem
3155 676 3414 731 nostram,
3454 678 3557 736 po-

1967 766 2123 821 sitam
2144 781 2306 835 super
2340 766 2557 821 ﬂuvium
2589 763 2679 833 qui
2706 763 2902 819 dicitur
2931 758 3150 836 [Padus]
3176 760 3308 815 infra
3333 758 3444 830 jam
3470 756 3556 813 di-

1967 866 2107 912 etam
2136 857 2363 912 Italiam.

282 1018 3557 1073 ψ

1121 1210 2572 1428 FLOBIANUS
2660 1362 2716 1460 ,

601 1558 1171 1709 ABBAS
1251 1559 1971 1697 ROMANI
2070 1560 3224 1717 MONASTERII.

488 1934 1161 2034 FLORIANI,
1240 1934 1767 2033 ROMANI
1856 1934 2671 2027 MONASTERII
2747 1935 3333 2020 ABBATISs

986 2128 1491 2269 EPISTOLA
1557 2128 1694 2257 ΑΙ)
1780 2127 2243 2277 SANCTIIM
2326 2128 2854 2277 NICETIUM.

356 2468 579 2524 Domino
607 2482 704 2522 suo
733 2466 937 2523 Nicetio
965 2480 1139 2535 papae,
1170 2463 1455 2521 Florianus
1496 2479 1563 2521 ex
1592 2476 1865 2524 monaste-
1894 2469 1944 2530 B
1971 2481 2069 2535 pro
2094 2466 2228 2521 filio.
2253 2466 2361 2522 Sed
2390 2476 2444 2523 et
2474 2483 2689 2527 coronae
2717 2478 2908 2526 vestrae
2938 2468 3139 2524 socium
3172 2469 3342 2527 beatae
3363 2487 3563 2530 memo-

274 2562 361 2617 rio
391 2560 631 2616 Romano
659 2559 794 2634 [Al.,
824 2558 1109 2632 Remano].

354 2653 691 2708 Benedicitur
733 2668 836 2708 una
881 2653 1133 2719 Trinitas,
1188 2651 1331 2707 Deus
1370 2660 1573 2717 noster,
1633 2652 1722 2720 qui
1768 2668 1868 2709 vos

282 2745 684 2817 pontificalibus
712 2746 915 2801 meritis
938 2744 1227 2815 pontiﬁcali
1257 2744 1451 2799 locavit
1481 2745 1533 2798 in
1563 2746 1783 2811 vertice,
1808 2754 1868 2801 ut

284 2854 394 2893 non
444 2839 751 2892 beatitatem
802 2838 1051 2907 dignitas,
1096 2837 1188 2891 sed
1228 2837 1506 2891 beatitudo
1542 2838 1870 2905 pracederet

286 2930 624 3000 dignitatem.
668 2929 777 2983 Nec
804 2929 1071 2983 immerito
1104 2946 1116 2982 :
1151 2944 1269 2982 cum
1300 2928 1368 2983 ab
1401 2931 1613 2984 ineunte
1642 2930 1867 2999 pueritia

284 3021 575 3076 dominicis
631 3020 942 3074 militaveris
990 3022 1041 3073 in
1090 3021 1315 3082 castris,
1346 3029 1403 3073 ιιι
1434 3021 1561 3075 illuc
1601 3020 1766 3076 tutius
1816 3030 1872 3078 et

284 3113 521 3168 validius
571 3112 856 3185 discretis,
904 3111 1095 3183 quibus
1139 3110 1334 3189 [oculis
1382 3111 1733 3183 intelligibilis
1778 3113 1868 3173 ille

286 3206 641 3277 prosternitur
668 3204 947 3279 Amalech,
982 3203 1189 3267 sculicet
1214 3202 1430 3273 quando
1461 3214 1512 3265 et
1546 3203 1661 3281 ipse
1701 3205 1873 3261 victor

287 3314 346 3354 es
384 3300 617 3353 nomine.
673 3297 760 3353 Sic
786 3298 930 3351 enim
976 3297 1107 3349 estis
1155 3294 1264 3348 Deo
1311 3295 1539 3364 pra-sole
1566 3294 1621 3349 in
1658 3297 1873 3351 statutis

287 3390 674 3445 cmnobialibus
705 3389 922 3451 eruditi,
958 3398 1013 3441 ut
1044 3401 1138 3456 per
1169 3402 1316 3440 mare
1342 3386 1522 3441 saeculi
1552 3388 1672 3442 sine
1695 3404 1871 3443 saecu-

290 3486 490 3541 laribus
541 3483 788 3538 [luctibus
842 3481 1105 3536 inoffenso
1154 3482 1377 3551 vestigio
1427 3481 1771 3546 transiretis,
1821 3491 1876 3537 et

295 3579 665 3646 triumphalem
696 3577 948 3645 hymnum
981 3590 1100 3630 cum
1134 3574 1315 3644 Moyse
1340 3575 1538 3645 merito
1578 3575 1875 3645 concinen-

293 3681 414 3727 tes:
446 3671 718 3725 Cantemus
764 3666 1018 3729 Domino,
1060 3666 1280 3737 gloriose
1321 3666 1456 3718 enim
1505 3665 1877 3734 honori/iectus

291 3773 399 3828 est;
444 3778 625 3825 equum
662 3770 707 3813 et
743 3774 1058 3813 ascensorem
1105 3758 1316 3827 projccit
1344 3758 1397 3809 in
1426 3773 1588 3811 mare.
1622 3758 1713 3814 Sic
1738 3758 1879 3814 indi-

1972 2564 2071 2621 τῖε
2118 2564 2397 2621 dominum
2452 2565 2743 2622 Caesarium
2796 2568 3165 2629 Arelatensem
3218 2570 3555 2639 episcopum,

1975 2654 2063 2720 qui
2112 2653 2242 2708 vixit
2289 2656 2428 2710 inter
2471 2655 2728 2711 barbaros
2777 2658 2917 2726 pius,
2964 2658 3100 2712 inter
3146 2658 3282 2712 bella
3317 2668 3560 2728 pacatus,

1976 2754 2128 2815 pater
2155 2747 2540 2818 orphanorum,
2573 2760 2757 2819 pastor
2780 2750 3071 2820 egentium,
3118 2752 3207 2819 qni
3254 2752 3383 2809 tanti
3429 2768 3565 2811 eon-

1976 2856 2069 2896 sus
2115 2842 2374 2897 effusione
2420 2842 2493 2897 nil
2523 2844 2771 2912 perdidit,
2804 2844 3068 2899 catholice
3106 2845 3348 2916 regulam
3396 2844 3562 2901 disci-

1978 2933 2134 3003 plina:
2161 2934 2317 2989 dictis
2347 2936 2608 3004 factisque
2638 2936 3037 2991 demonstrans.
3085 2938 3203 3006 Ipse
3233 2939 3395 3007 igitur
3424 2938 3561 2995 mihi

1978 3025 2181 3080 Latinis
2207 3025 2489 3079 elementis
2517 3026 2771 3094 imposuit
2798 3027 3164 3094 alphabetum,
3201 3029 3294 3081 sed
3318 3038 3372 3083 et
3414 3030 3559 3085 hunc

1978 3132 2077 3187 pro
2093 3115 2290 3171 famulo
2318 3116 2689 3187 discipuloque
2717 3132 2817 3191 suo
2842 3119 3131 3201 impetrare
3153 3119 3385 3173 confido.
3408 3120 3562 3175 Addo

1978 3212 2216 3277 tertium,
2242 3212 2500 3279 imparem
2526 3208 2743 3281 quidem
2769 3210 3046 3281 dignitate,
3077 3211 3168 3263 sed
3194 3211 3398 3265 meritis
3421 3225 3562 3265 core-

1976 3304 2187 3373 qualem
2214 3316 2415 3357 sanctae
2437 3302 2711 3358 memoriae
2730 3302 3058 3363 Theodotum
3087 3304 3333 3357 abbatem
3358 3318 3558 3369 meum,

1979 3407 2033 3451 et
2060 3394 2560 3462 archimandritam,
2590 3395 2773 3450 saeculi
2810 3394 2969 3464 hujus
3002 3394 3296 3458 inimicum,
3335 3395 3421 3447 cui
3446 3410 3563 3448 cru-

1978 3487 2167 3542 ciﬁxus
2194 3498 2273 3543 est
2303 3488 2550 3551 mundus,
2585 3487 2841 3555 templum
2874 3501 3002 3541 vere
3029 3486 3396 3555 dignissimum
3440 3487 3560 3539 Tri-

1980 3580 2182 3643 nitatis,
2209 3580 2423 3650 plenum
2452 3582 2767 3633 reverentiae
2790 3578 3231 3645 Christianitatis,
3262 3594 3327 3633 ex
3354 3577 3563 3646 placida

1980 3669 2213 3724 bonitate
2263 3670 2625 3734 mitissimum,
2673 3669 2888 3737 jejuniis
2921 3670 3259 3737 castigatum,
3308 3669 3563 3723 orationi-

1981 3763 2080 3817 bus
2125 3761 2403 3827 refectum,
2438 3762 2666 3830 puritate
2711 3760 3146 3826 mundissimum,
3185 3760 3274 3830 qui
3307 3760 3435 3814 mihi
3476 3776 3566 3815 sa-—

290 3857 484 3911 viduus
510 3868 693 3911 comes
718 3854 869 3915 Elite,
899 3860 955 3905 ut
982 3866 1319 3921 nequaquam
1348 3850 1607 3907 deserens
1647 3852 1869 3921 altiora,
1896 3862 1947 3928 ο
1976 3870 2096 3910 cras
2126 3854 2377 3922 exposuit
2407 3852 2729 3922 Scripturas,
2780 3861 2835 3907 ct
2864 3852 3025 3907 ﬂores
3057 3860 3255 3917 tenera:
3298 3852 3563 3921 lanuginis

290 3962 398 4018 quo
426 3945 724 4001 humilitate
753 3942 1179 4006 cousceuderas,
1212 3940 1354 3995 unde
1382 3956 1505 3997 cum
1535 3942 1791 4011 apostolis
1818 3943 1872 3999 in

293 4048 529 4094 montem
578 4036 932 4105 gloriﬁcatum
985 4033 1252 4101 aspiceres
1302 4030 1589 4095 Dominum
1629 4032 1875 4089 Salvato-

292 4147 429 4188 rem.
477 4130 612 4198 Quia
638 4128 805 4199 igitur
846 4135 1007 4183 tantae
1030 4123 1406 4185 sanctimonia
1457 4136 1649 4185 vesme
1676 4140 1877 4195 praem-

292 4225 485 4294 gativaa
530 4223 786 4287 suﬂultat,
818 4235 1004 4290 quaeso
1036 4227 1095 4275 ut
1119 4234 1221 4288 pro
1252 4234 1362 4284 me,
1401 4220 1493 4290 qui
1523 4220 1871 4289 impetrastis,

290 4316 481 4371 oretis.
512 4314 774 4382 Quoniam
801 4311 944 4377 Deus
973 4312 1228 4382 praescius
1258 4313 1579 4377 futurorum,
1622 4313 1711 4382 qui
1747 4313 1874 4368 fecit

292 4426 412 4480 quae
456 4418 683 4466 eventura
724 4416 871 4475 sunt,
923 4407 1102 4470 sciens
1153 4421 1241 4463 me
1309 4416 1621 4473 sanctorum
1681 4408 1875 4464 solatio

293 4503 534 4573 indigere
592 4502 857 4567 vivorum,
899 4509 966 4563 ,ιιι
1014 4500 1191 4561 boum
1246 4498 1504 4565 Dominus
1548 4501 1875 4570 praeparavit

292 4596 511 4652 auxilia.

367 4688 499 4745 Vide
526 4701 653 4757 ergo
674 4685 887 4756 quantis
924 4683 1264 4752 adiutoribus
1292 4684 1482 4753 uteris,
1510 4698 1631 4741 cum
1654 4699 1759 4754 pro
1784 4699 1875 4740 me

292 4780 523 4846 coeperis
549 4780 836 4834 obsecrare
858 4786 1059 4833 sanctae
1088 4775 1364 4838 memoria
1387 4776 1664 4835 dominum
1692 4775 1875 4835 Euno-

292 4875 443 4930 dium
497 4873 800 4941 pontiﬁcem
832 4868 1131 4931 Ticiuensis
1162 4866 1443 4929 Ecclesia,
1482 4864 1576 4935 qui
1622 4864 1873 4935 generosi

291 4966 566 5037 sanguinis
608 4964 949 5025 nobilitatem
1002 4959 1303 5019 humilitate
1347 4956 1604 5026 pravexit
1644 4957 1713 5021 ad
1754 4956 1873 5028 κιο-

292 5059 449 5122 riam,
483 5067 539 5112 ut
564 5058 617 5111 in
647 5053 886 5113 caelestis
917 5050 1100 5121 patria:
1137 5057 1329 5111 senatu
1359 5048 1514 5105 ﬁeret
1543 5056 1597 5102 et
1623 5047 1694 5102 ibi
1718 5062 1873 5109 sena-

295 5157 399 5213 tor,
444 5147 597 5216 cujus
628 5143 1098 5214 incomparabiiem
1146 5140 1405 5201 doctrinae
1433 5139 1735 5194 facundiam
1765 5154 1872 5195 non

1978 3948 2093 4016 ipse
2120 3946 2390 4015 suscepit;
2426 3945 2512 4014 qui
2547 3960 2643 4013 pro
2675 3943 2783 3999 ﬁlio
2810 3955 2864 4000 et
2904 3944 3186 4014 discipulo,
3218 3958 3561 3999 successore-

1978 4054 2082 4109 que
2108 4053 2226 4104 suo,
2256 4038 2385 4093 licet
2408 4038 2648 4105 indigno,
2671 4053 2777 4091 non
2805 4038 3020 4107 ambigo
3048 4038 3187 4108 quod
3220 4038 3332 4092 laus
3356 4036 3562 4108 [Forte,

1978 4130 2153 4203 laetus]
2178 4140 2383 4188 exoret.
2417 4130 2647 4186 Vincunt
2687 4146 2836 4202 ergo,
2869 4132 3094 4187 Domine
3125 4132 3219 4198 mi,
3264 4131 3397 4186 tanti
3431 4133 3565 4200 justi

1978 4227 2274 4281 orationem
2304 4234 2667 4295 peccatorum.
2693 4222 2857 4293 Igitur
2879 4224 3005 4293 quia
3021 4225 3359 4281 conversatio
3379 4232 3565 4280 vestra

1979 4319 2031 4374 in
2069 4319 2220 4373 caelis
2256 4326 2362 4384 est,
2407 4319 2545 4375 sicut
2585 4315 2716 4371 dicit
2759 4317 3050 4385 Apostolus
3094 4332 3109 4370 ε
3159 4315 3343 4371 Vestra
3388 4327 3563 4370 autem

1973 4408 2298 4473 conversatio
2332 4408 2388 4461 in
2419 4406 2558 4463 caelis
2587 4415 2659 4469 est
2689 4445 2704 4472 ,
2736 4414 2890 4477 orate
2915 4420 3035 4460 cum
3067 4405 3168 4470 his,
3198 4412 3255 4457 et
3298 4413 3476 4472 rogate
3499 4402 3564 4457 il-

1978 4502 2086 4556 lum
2136 4514 2313 4557 meum
2344 4498 2765 4557 sacratissimum
2794 4496 3157 4550 confessorem
3189 4493 3555 4559 Ambrosium,

1974 4602 2237 4663 quatenus
2286 4605 2375 4653 me
2418 4598 2478 4645 ut
2525 4584 2847 4661 peculiarem
2904 4586 3160 4639 famulum
3218 4592 3459 4651 tueatur,
3503 4594 3561 4639 ut

1975 4683 2247 4756 proprium
2297 4684 2470 4739 civem
2526 4681 2741 4745 foveat,
2802 4688 2858 4743 ut
2908 4676 3227 4739 familiarem
3280 4678 3554 4731 alumnum

1974 4784 2163 4830 eruat:
2194 4774 2287 4845 qui
2307 4776 2446 4844 apud
2470 4775 2756 4836 Dominum
2779 4772 2960 4839 Iesum
2984 4770 3126 4839 quod
3157 4770 3395 4827 oraverit
3437 4785 3558 4824 exo-

1974 4867 2134 4923 rabit.
2182 4868 2443 4939 Quocirca
2488 4867 2828 4939 salutationis
2868 4863 3188 4939 obsequium
3236 4862 3558 4941 famulztnter
3597 4886 3601 4895 ·

1975 4960 2291 5025 insinuans.
2339 4974 2531 5029 precor
2560 4967 2617 5025 ut
2647 4973 2743 5035 pro
2790 4944 3101 5035 beatissimo
3146 4956 3284 5021 viro,
3332 4952 3553 5029 domino

1973 5067 2099 5108 meo
2137 5053 2288 5109 Datio
2332 5052 2583 5120 episcopo
2625 5034 2791 5117 fratre
2845 5034 3045 5117 vestro,
3097 5060 3311 5125 semper
3364 5043 3553 5122 prelis.

1974 5142 2211 5214 Equum
2256 5151 2339 5197 est
2364 5143 2505 5196 enim
2535 5150 2594 5196 ut
2623 5156 2717 5210 pro
2747 5155 2833 5207 eo,
2864 5154 3020 5208 quem
3052 5136 3359 5205 monasterii
3405 5143 3556 5200 septa

294 5241 465 5301 solum
499 5248 725 5296 testatur
750 5236 1033 5302 Occidens,
1062 5233 1159 5291 sed
1188 5243 1244 5293 et
1269 5231 1460 5291 Oriens
1489 5230 1746 5289 instructa
1771 5233 1870 5286 tni-
1899 5239 1953 5307 1)
1976 5242 2259 5291 sacrarunt
2299 5218 2699 5303 successorem,
2738 5232 2899 5295 etiam
2929 5230 3293 5299 confessorum
3335 5240 3555 5303 succes-

292 5346 463 5394 ratur.
489 5331 726 5391 Nestora
769 5329 993 5393 fulmen,
1027 5325 1282 5396 Eutycius
1326 5325 1643 5391 exstinctor,
1672 5322 1872 5393 glorio-

290 5444 406 5487 sam
437 5426 710 5484 dominam
741 5437 916 5481 meam
962 5419 1430 5488 intiolabilemque
1458 5418 1676 5473 Mariam
1718 5416 1874 5471 Chri-

292 5529 541 5583 stotocou
568 5528 623 5577 et
649 5517 985 5578 Theotocon,
1013 5512 1306 5581 apostolica
1333 5510 1648 5565 auctoritate
1678 5508 1873 5578 perdo-

292 5616 423 5670 cuit.
474 5614 593 5684 Ipse
635 5624 761 5681 ergo
808 5622 957 5664 meus
1001 5613 1084 5663 est
1127 5612 1278 5673 pater
1305 5618 1374 5658 ex
1428 5602 1659 5667 lavacro,
1713 5616 1874 5670 quem

294 5705 461 5762 credo
480 5703 631 5773 apud
673 5712 933 5760 aeternum
964 5697 1173 5755 Patrem
1197 5709 1294 5765 per
1322 5692 1517 5747 Filium
1549 5690 1874 5747 intervenire

1977 5342 2068 5381 sor
2093 5325 2340 5397 egregius
2369 5325 2667 5389 beatorum,
2695 5335 2921 5377 exorare
2952 5336 3055 5373 non
3085 5318 3320 5372 desinas.
3353 5317 3422 5372 Et
3450 5316 3554 5371 hoc

1977 5419 2022 5473 si
2054 5418 2273 5489 dignum
2304 5417 2517 5482 ducitis,
2567 5414 2932 5483 supplicamus
2980 5422 3035 5465 ut
3067 5409 3416 5465 Beatitudinis
3464 5423 3557 5465 vc-

1983 5519 2106 5566 straa
2135 5508 2379 5578 sospitati
2408 5508 2721 5578 parvitatem
2752 5513 2989 5560 nostram
3016 5503 3251 5567 faciatis,
3283 5501 3423 5559 sicut
3454 5515 3546 5570 pe-

1985 5603 2163 5670 timus,
2194 5613 2561 5657 successorem
2591 5595 2795 5671 [Farte,
2835 5588 3168 5665 certiorem].
