4042 6348
564 391 3833 439 Μ

1459 566 1808 774 AN
1819 569 2166 776 ON
2172 560 2953 775 YMUS.

566 882 3843 915 MM

1903 996 2453 1086 ANONYMI

1121 1170 1300 1304 Μ)
1355 1175 1999 1305 EUSEBIANUM
2058 1174 2611 1306 CHRONICllN
2678 1170 3229 1304 APPENDIX.

800 1391 973 1472 (Hac
1003 1388 1326 1471 appendix
1362 1393 1529 1453 inter
1558 1409 1745 1470 opera
1775 1388 2040 1453 Eusebii
2086 1388 2403 1469 Pamphili
2458 1384 2978 1467 opportuniorem
3011 1382 3215 1443 locum
3251 1376 3613 1458 obtinebit.)

1312 1694 1713 1770 SIEC'ULI
1770 1697 1974 1772 SEX
1993 1698 2105 1771 TI
2153 1689 3072 1770 SUPPLEMENTUM.

1647 1978 2759 2129 SYNTAGMA

560 2222 1372 2337 Decretorum,
1446 2218 2332 2357 prwceptionum
2404 2243 2537 2312 ac
2612 2211 3177 2316 editorum
3228 2218 3853 2353 praecipuo-

698 2422 964 2492 rum
1012 2387 1409 2528 quibus
1445 2386 1680 2485 sive
1729 2383 2518 2517 imperatores,
2564 2379 2798 2480 sive
2842 2412 3172 2516 reges
3230 2414 3472 2483 sese
3514 2381 3844 2485 rebus

704 2552 1489 2656 ecclesiasticis
1563 2548 2335 2680 ingesserunt.

563 2770 1868 2804 ﬂ:

1095 2909 3308 3513 JUS’I‘INMUSIlW

1643 3630 2133 3716 ΝΟΤΙΤΙΑ
2188 3628 2361 3713 ΕΧ
2415 3628 2764 3715 CAVE.

619 3896 707 3951 Fl.
732 3894 1084 3959 Justinianus,
1111 3899 1271 3963 gente
1311 3890 1571 3962 lllyricus.
1620 3890 1861 3946 Sabbatii
1893 3899 1946 3945 et
1978 3890 2137 3961 Bigli-
2166 3890 2219 3950 Α
2244 3898 2444 3959 quente
2470 3903 2613 3943 anno
2642 3888 2880 3959 synodus
2905 3889 3505 3961 Constantinopolitana
3553 3894 3743 3950 itidem
3780 3896 3853 3951 ie.

553 3988 691 4043 nixa;
722 3988 881 4052 illius,
912 3985 1176 4048 Tauresii,
1211 3983 1369 4038 hodie
1413 3984 1760 4038 Achriduntis
1792 3985 1843 4038 in
1875 3984 2140 4038 Dardania

552 4089 710 4134 natus
757 4088 839 4132 est
877 4092 1019 4132 anno
1070 4076 1193 4130 485.
1243 4076 1578 4131 Avunculum
1630 4077 1814 4131 habuit
1871 4076 2141 4132 JuStinum

552 4171 877 4240 Augustum,
901 4183 932 4223 a
960 4184 1066 4239 quo
1096 4171 1147 4224 in
1177 4170 1409 4224 Castello
1437 4170 1732 4223 Belleriano
1763 4184 1967 4224 summa
2011 4184 2139 4225 cura

554 4263 814 4320 educatus
842 4272 947 4331 est,
979 4272 1033 4317 et
1057 4263 1109 4316 in
1152 4262 1317 4316 lilium
1347 4262 1649 4331 ad0platus.
1681 4264 1926 4319 Nondum
1969 4265 2139 4333 impe-
2192 4292 2195 4293 ν

548 4366 700 4414 rator
726 4354 1066 4411 Theodoram
1097 4362 1221 4409 ortu
1246 4353 1499 4423 Cyprium
1526 4370 1752 4411 uxorem
1782 4356 1954 4420 duxit,
1988 4358 2139 4412 femi«

548 4463 674 4504 nam
702 4447 1019 4505 insolentem
1062 4456 1115 4503 et
1142 4446 1487 4517 Eutychianze
1528 4447 1719 4503 haeresi
1754 4447 1963 4517 perdite
1987 4450 2141 4505 addi-

545 4548 711 4596 ctam.
739 4542 895 4596 Anno
924 4539 1051 4607 519,
1085 4555 1115 4595 a
1140 4538 1353 4595 Justino
1396 4540 1723 4608 imperatore
1756 4541 2011 4610 magister
2041 4544 2141 4597 mi-

548 4633 706 4691 litum
734 4636 900 4691 lactus
921 4643 1034 4699 est,
1060 4644 1114 4690 et
1137 4634 1188 4689 in
1210 4636 1483 4691 Urientem
1512 4647 1631 4687 cum
1653 4634 1893 4689 exercitu
1920 4635 2138 4703 missus,

550 4742 671 4784 rem
696 4736 884 4783 contra
912 4727 1105 4782 Persas
1134 4727 1271 4783 bene
1316 4727 1501 4798 gessit.
1532 4726 1687 4781 Anno
1717 4726 1851 4788 521.
1882 4728 2138 4783 consula-

548 4829 665 4876 tum
696 4820 862 4886 obiit;
899 4834 1021 4875 mox
1053 4821 1341 4891 patricius,
1389 4819 1583 4876 deinde
1626 4819 2030 4886 nobilissimus;
2076 4835 2139 4874 ac

549 4912 767 4967 tandem
796 4926 938 4966 anno
968 4911 1093 4979 527,
1126 4911 1378 4967 Kalendis
1416 4911 1689 4979 Aprilibus
1709 4953 1723 4976 ,
1755 4911 2027 4980 Augustus
2052 4926 2140 4966 re-

548 5007 847 5073 nuntiatus,
878 5021 1000 5060 cum
1032 5004 1291 5060 avunculo
1327 5020 1550 5075 regnare
1579 5006 1776 5075 coepit;
1809 5022 1913 5076 quo
1944 5007 2136 5061 delun-

548 5107 637 5153 cto
666 5097 921 5153 Kalendis
951 5097 1172 5165 Augusti
1203 5095 1443 5166 ejusdem
1472 5099 1626 5164 anni,
1662 5100 1944 5167 imperium
1976 5099 2136 5154 dein-

547 5203 678 5259 ceps
716 5190 865 5246 solus
895 5190 1082 5245 tenuit.
1112 5189 1269 5247 Anno
1298 5190 1432 5256 59.8,
1465 5191 1697 5245 edictum
1746 5192 2129 5261 promulgavit,

2247 3982 2339 4037 cit.
2372 3983 2529 4037 Anno
2557 3980 2695 4049 555,
2725 3982 3011 4037 concilium
3040 3986 3435 4039 mcumenicum
3462 3982 3854 4043 Constantinoo

2248 4076 2357 4147 poli
2406 4077 2708 4133 habendum
2753 4077 2947 4132 indixit
2976 4095 2989 4132 :
3022 4077 3073 4131 in
3118 4092 3225 4145 quo
3254 4093 3284 4133 a
3332 4077 3622 4145 Patribus,
3669 4092 3734 4135 ut
3762 4083 3857 4137 tria

2245 4168 2493 4238 Capitula
2519 4169 2907 4225 damnarentur
2939 4171 3224 4237 postulavit
3259 4180 3314 4226 et
3356 4171 3596 4227 obtinuit
3626 4171 3847 4244 (Emgr.

2248 4261 2284 4315 l.
2319 4277 2391 4330 tv,
2425 4279 2473 4318 c.
2520 4261 2633 4327 39).
2687 4264 2843 4317 Anno
2872 4261 3012 4327 563,
3046 4264 3412 4321 fatiscentibus
3448 4281 3572 4321 cum
3625 4283 3855 4335 corpore

2246 4355 2411 4409 animi
2442 4355 2670 4420 viribus,
2706 4357 2772 4409 ab
2804 4356 3071 4412 haereticis
3094 4358 3412 4427 quibusdam
3455 4359 3709 4425 delusus,
3742 4362 3854 4417 edi-

2245 4453 2390 4501 ctum
2420 4445 2683 4513 condidit,
2716 4462 2822 4517 quo
2845 4447 3044 4502 Christi
3075 4463 3270 4519 corpus
3301 4451 3414 4520 pari
3440 4453 3607 4507 modo
3633 4464 3771 4508 ante
3794 4471 3853 4509 ac

2245 4548 2368 4608 post
2399 4540 2854 4595 resurrectionem
2885 4542 3246 4608 corruptionis
3282 4553 3333 4598 et
3366 4545 3694 4601 naturalium
3729 4548 3860 4603 alie-

2243 4632 2479 4685 ctionum
2510 4645 2713 4701 expers
2744 4630 2910 4686 fuisse
2944 4631 3161 4699 docuit;
3196 4640 3359 4704 utque
3398 4638 3692 4692 sententia
3748 4654 3857 4693 sua

2243 4737 2432 4778 omnes
2456 4723 2691 4794 episcopi
2739 4723 3161 4790 subscribereut,
3205 4726 3497 4782 mandavit.
3545 4728 3853 4802 Episcopus

2244 4814 2546 4870 Orientales
2575 4814 2641 4869 ad
2686 4814 2960 4870 Anastasii
2987 4816 3307 4873 Antiocheui
3336 4819 3661 4874 sententiam
3720 4836 3849 4891 pro-

2243 4918 2495 4964 vocantes
2523 4909 2839 4980 gravissime
2867 4908 3095 4976 amixit;
3126 4911 3301 4980 ipsum
3331 4926 3464 4968 vero
3494 4915 3850 4971 Anastasium

2243 5010 2297 5057 et
2322 5003 2635 5073 Eutychium
2660 5005 3018 5074 patriarcham
3035 5002 3689 5077 Constantinopolitanum
3719 5025 3851 5065 con-

2242 5107 2448 5152 stanter
2491 5098 2820 5155 reluctantes
2873 5098 3087 5155 sedibus
3130 5100 3243 5155 suis
3286 5102 3630 5168 exturbavit,
3684 5114 3748 5158 et
3792 5104 3847 5160 in

2242 5190 2486 5244 exsilium
2519 5190 2791 5259 deportari
2827 5192 3007 5260 jussit.
3047 5189 3365 5261 Huiusmodi
3407 5193 3620 5248 deliriis
3668 5197 3848 5252 inten-

549 5296 655 5351 quo
680 5281 1030 5338 Nestorianos
1059 5290 1113 5336 et
1141 5282 1522 5352 Eutychianos,
1554 5292 1803 5353 tanquam
1852 5284 2135 5340 hmreticos
2166 5287 2214 5346 B
2244 5287 2327 5334 tus
2349 5323 2363 5344 .
2395 5281 2557 5336 rebus
2602 5281 2849 5336 humanis
2878 5291 3157 5352 exemptus
3186 5296 3267 5339 est
3310 5299 3453 5339 anno
3483 5284 3613 5353 565,
3656 5287 3758 5343 die
3781 5287 3846 5345 ιι

554 5372 726 5441 υωηίε
747 5373 991 5429 civilibus
1016 5374 1318 5429 multandos
1340 5372 1594 5438 decrevit,
1625 5375 1812 5429 eodem
1842 5385 1960 5444 post
1982 5376 2139 5444 quin-

548 5469 848 5531 quennium
874 5478 1153 5523 renovato.
1181 5468 1333 5522 Anno
1355 5467 1481 5531 541,
1511 5467 1794 5537 Origencm
1826 5470 1937 5537 ipse
1963 5470 2137 5524 edicto

549 5556 861 5622 damnavit,
907 5566 960 5612 et
1008 5558 1185 5613 habita
1230 5574 1351 5613 mox
1401 5559 1503 5613 sub
1549 5557 1735 5611 Menna
1765 5560 1969 5630 synodo
1996 5561 2137 5616 Con-

551 5648 934 5716 stantinopoli,
1007 5650 1152 5704 illum
1203 5664 1322 5703 cum
1386 5650 1739 5705 sectatoribus
1798 5652 2137 5709 anathemate

552 5741 958 5802 percutiendum
1007 5742 1229 5795 curavit.
1283 5745 1437 5798 Anno
1485 5742 1620 5809 545,
1680 5743 1821 5798 edita
1872 5746 2133 5801 constitu-

553 5825 723 5896 tione,
760 5829 861 5883 tria
893 5830 1131 5898 Capitula
1173 5833 1474 5900 damnavit,
1523 5835 1666 5906 quod
1692 5846 1745 5890 et
1783 5844 2011 5894 exeunte
2053 5853 2141 5895 se-

2244 5372 2582 5439 Novembris,
2614 5376 2856 5439 dierum,
2906 5376 3112 5447 gloriae,
3146 5388 3199 5433 et
3240 5379 3639 5449 triumphorum
3670 5392 3843 5439 satur.

2246 5467 2360 5522 Non
2390 5468 2615 5524 deerant
2644 5470 2772 5524 olim
2796 5510 2811 5534 ,
2845 5486 2943 5526 nec
2982 5470 3178 5527 desunt
3222 5471 3404 5539 hodie,
3433 5475 3525 5543 qui
3555 5474 3613 5530 in
3657 5491 3845 5533 sacra-

2245 5559 2505 5615 tissimum
2556 5565 2885 5635 principem,
2919 5580 3024 5620 non
3058 5564 3233 5620 minus
3279 5564 3547 5633 doctrina,
3598 5568 3838 5641 pietate,

2243 5667 2401 5722 quam
2434 5653 2673 5722 potentia
2694 5664 2751 5710 et
2776 5670 2953 5710 rerum
2982 5667 3249 5724 gestarum
3278 5657 3446 5728 gloria
3472 5658 3704 5721 clarum.
3730 5670 3838 5716 tota

2242 5747 2629 5803 calumniarum
2680 5758 2734 5803 et
2797 5750 3162 5805 conviciorum
3217 5750 3454 5819 plaustra
3511 5764 3830 5808 exonerant.

2241 5839 2411 5897 Nemo
2430 5857 2561 5899 vero
2583 5858 2816 5916 unquam
2834 5844 3083 5917 iniquiori
3104 5858 3353 5915 censura,
3377 5852 3434 5913 et
3453 5846 3832 5906 inverecundis
