  <div class='ocr_page' id='page_1' title='image "/cluster/home/n/w/nwhite01/storage/ocr_20150623/72/hvd.32044015469364/468.png"; bbox 0 0 4042 6348; ppageno 0'>
   <div class='ocr_carea' id='block_1_1' title="bbox 195 261 317 319">
    <p class='ocr_par' dir='ltr' id='par_1_1' title="bbox 195 261 317 319">
     <span class='ocr_line' id='line_1_1' title="bbox 195 261 317 319; baseline 0 0"><span class='ocrx_word' id='word_1_1' title='bbox 195 261 317 319; x_wconf 67' lang='grc'><strong>921</strong></span> 
     </span>
    </p>
   </div>
   <div class='ocr_carea' id='block_1_2' title="bbox 1008 246 2656 311">
    <p class='ocr_par' dir='ltr' id='par_1_2' title="bbox 1008 246 2656 311">
     <span class='ocr_line' id='line_1_2' title="bbox 1008 246 2656 311; baseline -0.001 0"><span class='ocrx_word' id='word_1_2' title='bbox 1008 250 1385 311; x_wconf 73' lang='lat' dir='ltr'><strong>JUSTINIANI</strong></span> <span class='ocrx_word' id='word_1_3' title='bbox 1424 249 1774 309; x_wconf 62' lang='lat' dir='ltr'><strong>NOVELLIE</strong></span> <span class='ocrx_word' id='word_1_4' title='bbox 1810 246 2164 307; x_wconf 67' lang='lat' dir='ltr'><strong>SELECTIE.</strong></span> <span class='ocrx_word' id='word_1_5' title='bbox 2209 251 2531 309; x_wconf 81' lang='lat' dir='ltr'><strong>NOVELLA</strong></span> <span class='ocrx_word' id='word_1_6' title='bbox 2569 253 2656 309; x_wconf 93' lang='lat' dir='ltr'><strong>lll.</strong></span> 
     </span>
    </p>
   </div>
   <div class='ocr_carea' id='block_1_3' title="bbox 3387 259 3495 318">
    <p class='ocr_par' dir='ltr' id='par_1_3' title="bbox 3387 259 3495 318">
     <span class='ocr_line' id='line_1_3' title="bbox 3387 259 3495 318; baseline 0.019 -2"><span class='ocrx_word' id='word_1_7' title='bbox 3387 259 3495 318; x_wconf 72' lang='grc'><strong>929.</strong></span> 
     </span>
    </p>
   </div>
   <div class='ocr_carea' id='block_1_4' title="bbox 195 366 3495 449">
    <p class='ocr_par' dir='ltr' id='par_1_4' title="bbox 195 366 3495 449">
     <span class='ocr_line' id='line_1_4' title="bbox 195 366 3495 449; baseline -0.002 -16"><span class='ocrx_word' id='word_1_8' title='bbox 195 377 373 449; x_wconf 78' lang='lat' dir='ltr'><strong>longe</strong></span> <span class='ocrx_word' id='word_1_9' title='bbox 392 373 529 430; x_wconf 76' lang='lat' dir='ltr'><strong>intra</strong></span> <span class='ocrx_word' id='word_1_10' title='bbox 557 372 749 428; x_wconf 87' lang='lat' dir='ltr'><strong>summi</strong></span> <span class='ocrx_word' id='word_1_11' title='bbox 773 368 1028 441; x_wconf 86' lang='lat' dir='ltr'><strong>principis</strong></span> <span class='ocrx_word' id='word_1_12' title='bbox 1056 378 1279 433; x_wconf 78' lang='lat' dir='ltr'><strong>sortem,</strong></span> <span class='ocrx_word' id='word_1_13' title='bbox 1310 369 1362 422; x_wconf 90' lang='lat' dir='ltr'><strong>in</strong></span> <span class='ocrx_word' id='word_1_14' title='bbox 1392 366 1795 437; x_wconf 84' lang='lat' dir='ltr'><strong>augustissimus</strong></span> <span class='ocrx_word' id='word_1_15' title='bbox 1824 368 1885 432; x_wconf 72' lang='grc' dir='ltr'><strong>Α</strong></span> <span class='ocrx_word' id='word_1_16' title='bbox 1906 368 2165 424; x_wconf 83' lang='lat' dir='ltr'><strong>memoria</strong></span> <span class='ocrx_word' id='word_1_17' title='bbox 2190 368 2532 423; x_wconf 78' lang='lat' dir='ltr'><strong>veneratione</strong></span> <span class='ocrx_word' id='word_1_18' title='bbox 2552 366 2714 437; x_wconf 86' lang='lat' dir='ltr'><strong>digna</strong></span> <span class='ocrx_word' id='word_1_19' title='bbox 2742 376 3023 438; x_wconf 80' lang='lat' dir='ltr'><strong>censetur,</strong></span> <span class='ocrx_word' id='word_1_20' title='bbox 3054 369 3206 440; x_wconf 81' lang='lat' dir='ltr'><strong>cujus</strong></span> <span class='ocrx_word' id='word_1_21' title='bbox 3250 370 3375 429; x_wconf 77' lang='lat' dir='ltr'><strong>fidei</strong></span> <span class='ocrx_word' id='word_1_22' title='bbox 3402 388 3495 433; x_wconf 42' lang='lat' dir='ltr'><strong>re.-</strong></span> 
     </span>
    </p>
   </div>
   <div class='ocr_carea' id='block_1_5' title="bbox 195 460 1799 531">
    <p class='ocr_par' dir='ltr' id='par_1_5' title="bbox 195 460 1799 531">
     <span class='ocr_line' id='line_1_5' title="bbox 195 460 1799 531; baseline -0.01 -2"><span class='ocrx_word' id='word_1_23' title='bbox 195 469 498 528; x_wconf 82' lang='lat' dir='ltr'><strong>Justiniani</strong></span> <span class='ocrx_word' id='word_1_24' title='bbox 546 482 730 523; x_wconf 87' lang='lat' dir='ltr'><strong>manes</strong></span> <span class='ocrx_word' id='word_1_25' title='bbox 767 464 1125 521; x_wconf 84' lang='lat' dir='ltr'><strong>debacchatus</strong></span> <span class='ocrx_word' id='word_1_26' title='bbox 1152 472 1267 530; x_wconf 87' lang='lat' dir='ltr'><strong>est,</strong></span> <span class='ocrx_word' id='word_1_27' title='bbox 1300 476 1459 531; x_wconf 90' lang='lat' dir='ltr'><strong>quam</strong></span> <span class='ocrx_word' id='word_1_28' title='bbox 1510 460 1799 516; x_wconf 91' lang='lat' dir='ltr'><strong>cardinalis</strong></span> 
     </span>
    </p>
   </div>
   <div class='ocr_carea' id='block_1_6' title="bbox 201 551 1798 627">
    <p class='ocr_par' dir='ltr' id='par_1_6' title="bbox 201 551 1798 627">
     <span class='ocr_line' id='line_1_6' title="bbox 201 551 1798 627; baseline -0.008 -8"><span class='ocrx_word' id='word_1_29' title='bbox 201 562 544 627; x_wconf 59' lang='lat' dir='ltr'><strong>Baronius’,</strong></span> <span class='ocrx_word' id='word_1_30' title='bbox 558 575 747 616; x_wconf 87' lang='lat' dir='ltr'><strong>omnes</strong></span> <span class='ocrx_word' id='word_1_31' title='bbox 764 560 816 614; x_wconf 90' lang='lat' dir='ltr'><strong>in</strong></span> <span class='ocrx_word' id='word_1_32' title='bbox 839 557 937 613; x_wconf 92' lang='lat' dir='ltr'><strong>hoc</strong></span> <span class='ocrx_word' id='word_1_33' title='bbox 949 556 1269 626; x_wconf 61' lang='lat' dir='ltr'><strong>eloquentia</strong></span> <span class='ocrx_word' id='word_1_34' title='bbox 1286 568 1477 610; x_wconf 83' lang='lat' dir='ltr'><strong>nervos</strong></span> <span class='ocrx_word' id='word_1_35' title='bbox 1490 551 1798 618; x_wconf 86' lang='lat' dir='ltr'><strong>intendens,</strong></span> 
     </span>
    </p>
   </div>
   <div class='ocr_carea' id='block_1_7' title="bbox 197 628 1800 721">
    <p class='ocr_par' dir='ltr' id='par_1_7' title="bbox 197 628 1800 721">
     <span class='ocr_line' id='line_1_7' title="bbox 197 628 1800 721; baseline -0.007 -11"><span class='ocrx_word' id='word_1_36' title='bbox 197 666 275 710; x_wconf 85' lang='lat' dir='ltr'><strong>ut</strong></span> <span class='ocrx_word' id='word_1_37' title='bbox 304 670 368 711; x_wconf 79' lang='lat' dir='ltr'><strong>ex</strong></span> <span class='ocrx_word' id='word_1_38' title='bbox 399 654 721 721; x_wconf 84' lang='lat' dir='ltr'><strong>imperatore</strong></span> <span class='ocrx_word' id='word_1_39' title='bbox 751 665 858 706; x_wconf 90' lang='lat' dir='ltr'><strong>non</strong></span> <span class='ocrx_word' id='word_1_40' title='bbox 899 628 1196 714; x_wconf 74' lang='lat' dir='ltr'><strong>hominem,</strong></span> <span class='ocrx_word' id='word_1_41' title='bbox 1230 646 1325 703; x_wconf 91' lang='lat' dir='ltr'><strong>sed</strong></span> <span class='ocrx_word' id='word_1_42' title='bbox 1352 645 1625 701; x_wconf 83' lang='lat' dir='ltr'><strong>diabolum</strong></span> <span class='ocrx_word' id='word_1_43' title='bbox 1645 643 1800 699; x_wconf 90' lang='lat' dir='ltr'><strong>nobis</strong></span> 
     </span>
    </p>
   </div>
   <div class='ocr_carea' id='block_1_8' title="bbox 195 737 1802 811">
    <p class='ocr_par' dir='ltr' id='par_1_8' title="bbox 195 737 1802 811">
     <span class='ocr_line' id='line_1_8' title="bbox 195 737 1802 811; baseline -0.007 -9"><span class='ocrx_word' id='word_1_44' title='bbox 195 746 517 803; x_wconf 73' lang='lat' dir='ltr'><strong>exhiberet.</strong></span> <span class='ocrx_word' id='word_1_45' title='bbox 551 743 613 801; x_wconf 87' lang='lat' dir='ltr'><strong>Ut</strong></span> <span class='ocrx_word' id='word_1_46' title='bbox 639 743 799 799; x_wconf 73' lang='lat' dir='ltr'><strong>ﬁdem</strong></span> <span class='ocrx_word' id='word_1_47' title='bbox 832 743 1043 810; x_wconf 81' lang='lat' dir='ltr'><strong>faciam,</strong></span> <span class='ocrx_word' id='word_1_48' title='bbox 1073 740 1319 811; x_wconf 76' lang='lat' dir='ltr'><strong>quaedam</strong></span> <span class='ocrx_word' id='word_1_49' title='bbox 1362 740 1544 795; x_wconf 87' lang='lat' dir='ltr'><strong>lectori</strong></span> <span class='ocrx_word' id='word_1_50' title='bbox 1572 737 1642 793; x_wconf 90' lang='lat' dir='ltr'><strong>ob</strong></span> <span class='ocrx_word' id='word_1_51' title='bbox 1672 751 1802 792; x_wconf 85' lang='lat' dir='ltr'><strong>ocu-</strong></span> 
     </span>
    </p>
   </div>
   <div class='ocr_carea' id='block_1_9' title="bbox 197 834 1797 909">
    <p class='ocr_par' dir='ltr' id='par_1_9' title="bbox 197 834 1797 909">
     <span class='ocr_line' id='line_1_9' title="bbox 197 834 1797 909; baseline -0.006 -15"><span class='ocrx_word' id='word_1_52' title='bbox 197 838 299 894; x_wconf 89' lang='lat' dir='ltr'><strong>los</strong></span> <span class='ocrx_word' id='word_1_53' title='bbox 337 853 552 909; x_wconf 91' lang='lat' dir='ltr'><strong>ponam.</strong></span> <span class='ocrx_word' id='word_1_54' title='bbox 590 857 611 891; x_wconf 85' lang='grc'><strong>‹</strong></span> <span class='ocrx_word' id='word_1_55' title='bbox 637 836 795 906; x_wconf 63' lang='grc' dir='ltr'><strong>οῐῖυίι,</strong></span> <span class='ocrx_word' id='word_1_56' title='bbox 829 838 1019 907; x_wconf 87' lang='lat' dir='ltr'><strong>inquit,</strong></span> <span class='ocrx_word' id='word_1_57' title='bbox 1053 837 1213 891; x_wconf 90' lang='lat' dir='ltr'><strong>homo</strong></span> <span class='ocrx_word' id='word_1_58' title='bbox 1242 834 1453 905; x_wconf 88' lang='lat' dir='ltr'><strong>penitus</strong></span> <span class='ocrx_word' id='word_1_59' title='bbox 1476 834 1797 896; x_wconf 72' lang='lat' dir='ltr'><strong>illiteratus;</strong></span> 
     </span>
    </p>
   </div>
   <div class='ocr_carea' id='block_1_10' title="bbox 196 925 1803 1000">
    <p class='ocr_par' dir='ltr' id='par_1_10' title="bbox 196 925 1803 1000">
     <span class='ocr_line' id='line_1_10' title="bbox 196 925 1803 1000; baseline -0.002 -15"><span class='ocrx_word' id='word_1_60' title='bbox 196 931 349 987; x_wconf 75' lang='lat' dir='ltr'><strong>adeo</strong></span> <span class='ocrx_word' id='word_1_61' title='bbox 377 940 434 986; x_wconf 93' lang='lat' dir='ltr'><strong>ut</strong></span> <span class='ocrx_word' id='word_1_62' title='bbox 460 945 560 986; x_wconf 90' lang='lat' dir='ltr'><strong>nec</strong></span> <span class='ocrx_word' id='word_1_63' title='bbox 583 930 926 1000; x_wconf 86' lang='lat' dir='ltr'><strong>alphabetum</strong></span> <span class='ocrx_word' id='word_1_64' title='bbox 971 929 1259 999; x_wconf 83' lang='lat' dir='ltr'><strong>aliquando</strong></span> <span class='ocrx_word' id='word_1_65' title='bbox 1295 928 1595 983; x_wconf 83' lang='lat' dir='ltr'><strong>didicisset.</strong></span> <span class='ocrx_word' id='word_1_66' title='bbox 1625 925 1803 982; x_wconf 84' lang='lat' dir='ltr'><strong>Sacri-</strong></span> 
     </span>
    </p>
   </div>
   <div class='ocr_carea' id='block_1_11' title="bbox 199 1020 1801 1093">
    <p class='ocr_par' dir='ltr' id='par_1_11' title="bbox 199 1020 1801 1093">
     <span class='ocr_line' id='line_1_11' title="bbox 199 1020 1801 1093; baseline -0.002 -13"><span class='ocrx_word' id='word_1_67' title='bbox 199 1024 366 1093; x_wconf 84' lang='lat' dir='ltr'><strong>legus</strong></span> <span class='ocrx_word' id='word_1_68' title='bbox 390 1025 704 1093; x_wconf 87' lang='lat' dir='ltr'><strong>imperator,</strong></span> <span class='ocrx_word' id='word_1_69' title='bbox 737 1023 826 1093; x_wconf 92' lang='lat' dir='ltr'><strong>qui</strong></span> <span class='ocrx_word' id='word_1_70' title='bbox 856 1038 961 1079; x_wconf 91' lang='lat' dir='ltr'><strong>non</strong></span> <span class='ocrx_word' id='word_1_71' title='bbox 992 1023 1162 1078; x_wconf 85' lang='lat' dir='ltr'><strong>levem</strong></span> <span class='ocrx_word' id='word_1_72' title='bbox 1195 1022 1625 1093; x_wconf 85' lang='lat' dir='ltr'><strong>persecutionem</strong></span> <span class='ocrx_word' id='word_1_73' title='bbox 1658 1020 1801 1077; x_wconf 82' lang='lat' dir='ltr'><strong>exci-</strong></span> 
     </span>
    </p>
   </div>
   <div class='ocr_carea' id='block_1_12' title="bbox 198 1113 1803 1185">
    <p class='ocr_par' dir='ltr' id='par_1_12' title="bbox 198 1113 1803 1185">
     <span class='ocr_line' id='line_1_12' title="bbox 198 1113 1803 1185; baseline -0.002 -17"><span class='ocrx_word' id='word_1_74' title='bbox 198 1118 363 1181; x_wconf 80' lang='lat' dir='ltr'><strong>tavit,</strong></span> <span class='ocrx_word' id='word_1_75' title='bbox 393 1113 572 1169; x_wconf 85' lang='lat' dir='ltr'><strong>l‘urore</strong></span> <span class='ocrx_word' id='word_1_76' title='bbox 596 1114 853 1185; x_wconf 88' lang='lat' dir='ltr'><strong>percitus,</strong></span> <span class='ocrx_word' id='word_1_77' title='bbox 890 1123 1071 1170; x_wconf 87' lang='lat' dir='ltr'><strong>mente</strong></span> <span class='ocrx_word' id='word_1_78' title='bbox 1097 1113 1360 1179; x_wconf 86' lang='lat' dir='ltr'><strong>dimotus,</strong></span> <span class='ocrx_word' id='word_1_79' title='bbox 1384 1123 1670 1183; x_wconf 89' lang='lat' dir='ltr'><strong>corruptus</strong></span> <span class='ocrx_word' id='word_1_80' title='bbox 1700 1120 1803 1166; x_wconf 86' lang='lat' dir='ltr'><strong>ma&#39;</strong></span> 
     </span>
    </p>
   </div>
   <div class='ocr_carea' id='block_1_13' title="bbox 196 1194 1798 1277">
    <p class='ocr_par' dir='ltr' id='par_1_13' title="bbox 196 1194 1798 1277">
     <span class='ocr_line' id='line_1_13' title="bbox 196 1194 1798 1277; baseline -0.002 -17"><span class='ocrx_word' id='word_1_81' title='bbox 196 1204 358 1275; x_wconf 85' lang='lat' dir='ltr'><strong>ligno</strong></span> <span class='ocrx_word' id='word_1_82' title='bbox 387 1208 600 1277; x_wconf 86' lang='lat' dir='ltr'><strong>spiritu,</strong></span> <span class='ocrx_word' id='word_1_83' title='bbox 655 1207 885 1275; x_wconf 86' lang='lat' dir='ltr'><strong>agitatus</strong></span> <span class='ocrx_word' id='word_1_84' title='bbox 930 1223 959 1261; x_wconf 89' lang='lat' dir='ltr'><strong>a</strong></span> <span class='ocrx_word' id='word_1_85' title='bbox 989 1206 1221 1272; x_wconf 87' lang='lat' dir='ltr'><strong>Satana,</strong></span> <span class='ocrx_word' id='word_1_86' title='bbox 1264 1194 1459 1275; x_wconf 78' lang='lat' dir='ltr'><strong>quique</strong></span> <span class='ocrx_word' id='word_1_87' title='bbox 1488 1219 1700 1259; x_wconf 88' lang='lat' dir='ltr'><strong>omnem</strong></span> <span class='ocrx_word' id='word_1_88' title='bbox 1746 1204 1798 1258; x_wconf 93' lang='lat' dir='ltr'><strong>in</strong></span> 
     </span>
    </p>
   </div>
   <div class='ocr_carea' id='block_1_14' title="bbox 198 1297 1797 1368">
    <p class='ocr_par' dir='ltr' id='par_1_14' title="bbox 198 1297 1797 1368">
     <span class='ocr_line' id='line_1_14' title="bbox 198 1297 1797 1368; baseline -0.001 -15"><span class='ocrx_word' id='word_1_89' title='bbox 198 1299 450 1355; x_wconf 84' lang='lat' dir='ltr'><strong>Ecclesia</strong></span> <span class='ocrx_word' id='word_1_90' title='bbox 475 1299 719 1355; x_wconf 82' lang='lat' dir='ltr'><strong>dissolvit</strong></span> <span class='ocrx_word' id='word_1_91' title='bbox 744 1300 1019 1367; x_wconf 88' lang='lat' dir='ltr'><strong>ordinem,</strong></span> <span class='ocrx_word' id='word_1_92' title='bbox 1062 1299 1294 1368; x_wconf 84' lang='lat' dir='ltr'><strong>iecitque</strong></span> <span class='ocrx_word' id='word_1_93' title='bbox 1318 1315 1383 1353; x_wconf 75' lang='lat' dir='ltr'><strong>ex</strong></span> <span class='ocrx_word' id='word_1_94' title='bbox 1434 1312 1599 1368; x_wconf 88' lang='lat' dir='ltr'><strong>regno</strong></span> <span class='ocrx_word' id='word_1_95' title='bbox 1629 1297 1797 1352; x_wconf 60' lang='lat' dir='ltr'><strong>coelo-</strong></span> 
     </span>
    </p>
   </div>
   <div class='ocr_carea' id='block_1_15' title="bbox 198 1389 1795 1463">
    <p class='ocr_par' dir='ltr' id='par_1_15' title="bbox 198 1389 1795 1463">
     <span class='ocr_line' id='line_1_15' title="bbox 198 1389 1795 1463; baseline -0.003 -17"><span class='ocrx_word' id='word_1_96' title='bbox 198 1407 331 1447; x_wconf 87' lang='lat' dir='ltr'><strong>rum</strong></span> <span class='ocrx_word' id='word_1_97' title='bbox 361 1393 685 1463; x_wconf 74' lang='lat' dir='ltr'><strong>ergastulum</strong></span> <span class='ocrx_word' id='word_1_98' title='bbox 716 1389 1011 1447; x_wconf 77' lang='lat' dir='ltr'><strong>inferorum</strong></span> <span class='ocrx_word' id='word_1_99' title='bbox 1039 1391 1255 1461; x_wconf 78' lang='lat' dir='ltr'><strong>(Annal.</strong></span> <span class='ocrx_word' id='word_1_100' title='bbox 1289 1392 1357 1445; x_wconf 87' lang='lat' dir='ltr'><strong>ad</strong></span> <span class='ocrx_word' id='word_1_101' title='bbox 1383 1408 1471 1445; x_wconf 91' lang='lat' dir='ltr'><strong>an.</strong></span> <span class='ocrx_word' id='word_1_102' title='bbox 1500 1389 1624 1455; x_wconf 86' lang='grc'><strong>551,</strong></span> <span class='ocrx_word' id='word_1_103' title='bbox 1650 1406 1795 1443; x_wconf 85' lang='lat' dir='ltr'><strong>num.</strong></span> 
     </span>
    </p>
   </div>
   <div class='ocr_carea' id='block_1_16' title="bbox 198 1483 1795 1554">
    <p class='ocr_par' dir='ltr' id='par_1_16' title="bbox 198 1483 1795 1554">
     <span class='ocr_line' id='line_1_16' title="bbox 198 1483 1795 1554; baseline -0.004 -13"><span class='ocrx_word' id='word_1_104' title='bbox 198 1486 266 1551; x_wconf 80' lang='lat'><strong>5,</strong></span> <span class='ocrx_word' id='word_1_105' title='bbox 291 1484 357 1550; x_wconf 70' lang='lat'><strong>4;</strong></span> <span class='ocrx_word' id='word_1_106' title='bbox 382 1484 507 1551; x_wconf 72' lang='lat'><strong>528,</strong></span> <span class='ocrx_word' id='word_1_107' title='bbox 536 1500 681 1540; x_wconf 85' lang='lat' dir='ltr'><strong>num.</strong></span> <span class='ocrx_word' id='word_1_108' title='bbox 704 1486 803 1549; x_wconf 75' lang='lat'><strong>20;</strong></span> <span class='ocrx_word' id='word_1_109' title='bbox 827 1485 954 1550; x_wconf 70' lang='lat'><strong>{353,</strong></span> <span class='ocrx_word' id='word_1_110' title='bbox 977 1500 1118 1538; x_wconf 79' lang='lat' dir='ltr'><strong>num.</strong></span> <span class='ocrx_word' id='word_1_111' title='bbox 1141 1483 1254 1554; x_wconf 75' lang='lat' dir='ltr'><strong>2i).</strong></span> <span class='ocrx_word' id='word_1_112' title='bbox 1288 1504 1306 1536; x_wconf 77' lang='grc' dir='ltr'><em>ι</em></span> <span class='ocrx_word' id='word_1_113' title='bbox 1334 1483 1576 1539; x_wconf 86' lang='lat' dir='ltr'><strong>lnlinitus</strong></span> <span class='ocrx_word' id='word_1_114' title='bbox 1595 1498 1795 1547; x_wconf 68' lang='lat' dir='ltr'><strong>essent,</strong></span> 
     </span>
    </p>
   </div>
   <div class='ocr_carea' id='block_1_17' title="bbox 195 1574 1799 1646">
    <p class='ocr_par' dir='ltr' id='par_1_17' title="bbox 195 1574 1799 1646">
     <span class='ocr_line' id='line_1_17' title="bbox 195 1574 1799 1646; baseline -0.001 -16"><span class='ocrx_word' id='word_1_115' title='bbox 195 1575 252 1630; x_wconf 85' lang='lat' dir='ltr'><strong>si</strong></span> <span class='ocrx_word' id='word_1_116' title='bbox 284 1577 463 1631; x_wconf 87' lang='lat' dir='ltr'><strong>omnia</strong></span> <span class='ocrx_word' id='word_1_117' title='bbox 496 1591 883 1646; x_wconf 88' lang='lat' dir='ltr'><strong>percnrrerem.</strong></span> <span class='ocrx_word' id='word_1_118' title='bbox 914 1574 1031 1632; x_wconf 83' lang='lat' dir='ltr'><strong>Non</strong></span> <span class='ocrx_word' id='word_1_119' title='bbox 1060 1577 1191 1631; x_wconf 91' lang='lat' dir='ltr'><strong>mihi</strong></span> <span class='ocrx_word' id='word_1_120' title='bbox 1236 1578 1288 1631; x_wconf 91' lang='lat' dir='ltr'><strong>in</strong></span> <span class='ocrx_word' id='word_1_121' title='bbox 1319 1578 1499 1631; x_wconf 90' lang='lat' dir='ltr'><strong>animo</strong></span> <span class='ocrx_word' id='word_1_122' title='bbox 1522 1584 1637 1643; x_wconf 89' lang='lat' dir='ltr'><strong>est,</strong></span> <span class='ocrx_word' id='word_1_123' title='bbox 1679 1583 1799 1643; x_wconf 89' lang='lat' dir='ltr'><strong>post</strong></span> 
     </span>
    </p>
   </div>
   <div class='ocr_carea' id='block_1_18' title="bbox 198 1668 1790 1740">
    <p class='ocr_par' dir='ltr' id='par_1_18' title="bbox 198 1668 1790 1740">
     <span class='ocr_line' id='line_1_18' title="bbox 198 1668 1790 1740; baseline 0 -17"><span class='ocrx_word' id='word_1_124' title='bbox 198 1668 519 1735; x_wconf 86' lang='lat' dir='ltr'><strong>Guinetum,</strong></span> <span class='ocrx_word' id='word_1_125' title='bbox 539 1668 879 1740; x_wconf 89' lang='lat' dir='ltr'><strong>Gipbanium,</strong></span> <span class='ocrx_word' id='word_1_126' title='bbox 899 1671 1222 1737; x_wconf 84' lang='lat' dir='ltr'><strong>Trivorium,</strong></span> <span class='ocrx_word' id='word_1_127' title='bbox 1241 1669 1449 1725; x_wconf 75' lang='lat' dir='ltr'><strong>Rivium</strong></span> <span class='ocrx_word' id='word_1_128' title='bbox 1469 1678 1790 1734; x_wconf 88' lang='lat' dir='ltr'><strong>nostratem,</strong></span> 
     </span>
    </p>
   </div>
   <div class='ocr_carea' id='block_1_19' title="bbox 1903 462 3494 535">
    <p class='ocr_par' dir='ltr' id='par_1_19' title="bbox 1903 462 3494 535">
     <span class='ocr_line' id='line_1_19' title="bbox 1903 462 3494 535; baseline 0.005 -18"><span class='ocrx_word' id='word_1_129' title='bbox 1903 462 2108 518; x_wconf 91' lang='lat' dir='ltr'><strong>ctitudo</strong></span> <span class='ocrx_word' id='word_1_130' title='bbox 2141 477 2236 530; x_wconf 88' lang='lat' dir='ltr'><strong>per</strong></span> <span class='ocrx_word' id='word_1_131' title='bbox 2265 462 2638 535; x_wconf 87' lang='lat' dir='ltr'><strong>augustissima</strong></span> <span class='ocrx_word' id='word_1_132' title='bbox 2670 463 2788 532; x_wconf 88' lang='lat' dir='ltr'><strong>ejus</strong></span> <span class='ocrx_word' id='word_1_133' title='bbox 2818 463 2992 518; x_wconf 87' lang='lat' dir='ltr'><strong>edicta</strong></span> <span class='ocrx_word' id='word_1_134' title='bbox 3016 464 3069 518; x_wconf 91' lang='lat' dir='ltr'><strong>in</strong></span> <span class='ocrx_word' id='word_1_135' title='bbox 3096 473 3209 520; x_wconf 85' lang='lat' dir='ltr'><strong>toto</strong></span> <span class='ocrx_word' id='word_1_136' title='bbox 3238 468 3368 523; x_wconf 84' lang='lat' dir='ltr'><strong>orbe</strong></span> <span class='ocrx_word' id='word_1_137' title='bbox 3386 466 3494 525; x_wconf 82' lang='lat' dir='ltr'><strong>dif-</strong></span> 
     </span>
    </p>
   </div>
   <div class='ocr_carea' id='block_1_20' title="bbox 1904 553 2366 610">
    <p class='ocr_par' dir='ltr' id='par_1_20' title="bbox 1904 553 2366 610">
     <span class='ocr_line' id='line_1_20' title="bbox 1904 553 2366 610; baseline -0.011 0"><span class='ocrx_word' id='word_1_138' title='bbox 1904 553 2016 610; x_wconf 87' lang='lat' dir='ltr'><strong>lusa</strong></span> <span class='ocrx_word' id='word_1_139' title='bbox 2047 554 2310 609; x_wconf 85' lang='lat' dir='ltr'><strong>laudatur.</strong></span> <span class='ocrx_word' id='word_1_140' title='bbox 2348 574 2366 605; x_wconf 76' lang='grc' dir='ltr'><strong><em>ι</em></strong></span> 
     </span>
    </p>
   </div>
   <div class='ocr_carea' id='block_1_21' title="bbox 1973 644 3495 717">
    <p class='ocr_par' dir='ltr' id='par_1_21' title="bbox 1973 644 3495 717">
     <span class='ocr_line' id='line_1_21' title="bbox 1973 644 3495 717; baseline 0.005 -15"><span class='ocrx_word' id='word_1_141' title='bbox 1973 646 2174 703; x_wconf 68' lang='grc' dir='ltr'><strong>Ρτεειει*</strong></span> <span class='ocrx_word' id='word_1_142' title='bbox 2202 646 2397 716; x_wconf 85' lang='lat' dir='ltr'><strong>Corpus</strong></span> <span class='ocrx_word' id='word_1_143' title='bbox 2428 648 2556 713; x_wconf 83' lang='lat' dir='ltr'><strong>iuris</strong></span> <span class='ocrx_word' id='word_1_144' title='bbox 2588 644 2766 702; x_wconf 80' lang='lat' dir='ltr'><strong>Civilis</strong></span> <span class='ocrx_word' id='word_1_145' title='bbox 2824 648 2968 717; x_wconf 76' lang='lat' dir='ltr'><strong>(Vis.</strong></span> <span class='ocrx_word' id='word_1_146' title='bbox 3010 645 3402 706; x_wconf 80' lang='lat' dir='ltr'><strong>Institutionum</strong></span> <span class='ocrx_word' id='word_1_147' title='bbox 3431 654 3495 709; x_wconf 87' lang='lat' dir='ltr'><strong>li-</strong></span> 
     </span>
    </p>
   </div>
   <div class='ocr_carea' id='block_1_22' title="bbox 1903 738 3496 809">
    <p class='ocr_par' dir='ltr' id='par_1_22' title="bbox 1903 738 3496 809">
     <span class='ocr_line' id='line_1_22' title="bbox 1903 738 3496 809; baseline 0.003 -14"><span class='ocrx_word' id='word_1_148' title='bbox 1903 740 2017 795; x_wconf 81' lang='lat' dir='ltr'><strong>bros</strong></span> <span class='ocrx_word' id='word_1_149' title='bbox 2056 754 2134 805; x_wconf 83' lang='lat' dir='ltr'><strong>tv,</strong></span> <span class='ocrx_word' id='word_1_150' title='bbox 2169 738 2572 806; x_wconf 86' lang='lat' dir='ltr'><strong>Pandectarum,</strong></span> <span class='ocrx_word' id='word_1_151' title='bbox 2615 740 2718 793; x_wconf 90' lang='lat' dir='ltr'><strong>sive</strong></span> <span class='ocrx_word' id='word_1_152' title='bbox 2748 738 3076 808; x_wconf 75' lang='lat' dir='ltr'><strong>Digestorum</strong></span> <span class='ocrx_word' id='word_1_153' title='bbox 3118 740 3281 798; x_wconf 91' lang='lat' dir='ltr'><strong>libros</strong></span> <span class='ocrx_word' id='word_1_154' title='bbox 3330 760 3396 809; x_wconf 81' lang='grc'><strong>1.,</strong></span> <span class='ocrx_word' id='word_1_155' title='bbox 3440 752 3496 800; x_wconf 88' lang='lat' dir='ltr'><strong>et</strong></span> 
     </span>
    </p>
   </div>
   <div class='ocr_carea' id='block_1_23' title="bbox 1902 831 3521 901">
    <p class='ocr_par' dir='ltr' id='par_1_23' title="bbox 1902 831 3521 901">
     <span class='ocr_line' id='line_1_23' title="bbox 1902 831 3521 901; baseline 0 -12"><span class='ocrx_word' id='word_1_156' title='bbox 1902 831 2138 897; x_wconf 83' lang='lat' dir='ltr'><strong>Codicis,</strong></span> <span class='ocrx_word' id='word_1_157' title='bbox 2170 833 2256 887; x_wconf 91' lang='lat' dir='ltr'><strong>cui</strong></span> <span class='ocrx_word' id='word_1_158' title='bbox 2288 832 2510 901; x_wconf 88' lang='lat' dir='ltr'><strong>plurima</strong></span> <span class='ocrx_word' id='word_1_159' title='bbox 2541 833 2610 886; x_wconf 90' lang='lat' dir='ltr'><strong>de</strong></span> <span class='ocrx_word' id='word_1_160' title='bbox 2658 832 2917 901; x_wconf 80' lang='lat' dir='ltr'><strong>religione</strong></span> <span class='ocrx_word' id='word_1_161' title='bbox 2963 831 3203 888; x_wconf 80' lang='lat' dir='ltr'><strong>admixta</strong></span> <span class='ocrx_word' id='word_1_162' title='bbox 3238 843 3396 899; x_wconf 90' lang='lat' dir='ltr'><strong>sunt,</strong></span> <span class='ocrx_word' id='word_1_163' title='bbox 3430 836 3521 897; x_wconf 45' lang='lat' dir='ltr'><strong>li-.</strong></span> 
     </span>
    </p>
   </div>
   <div class='ocr_carea' id='block_1_24' title="bbox 1901 926 3495 999">
    <p class='ocr_par' dir='ltr' id='par_1_24' title="bbox 1901 926 3495 999">
     <span class='ocr_line' id='line_1_24' title="bbox 1901 926 3495 999; baseline -0.001 -14"><span class='ocrx_word' id='word_1_164' title='bbox 1901 930 2029 987; x_wconf 89' lang='lat' dir='ltr'><strong>bros</strong></span> <span class='ocrx_word' id='word_1_165' title='bbox 2072 929 2203 998; x_wconf 85' lang='lat' dir='ltr'><strong>xu),</strong></span> <span class='ocrx_word' id='word_1_166' title='bbox 2230 928 2373 999; x_wconf 92' lang='lat' dir='ltr'><strong>quod</strong></span> <span class='ocrx_word' id='word_1_167' title='bbox 2412 927 2743 982; x_wconf 88' lang='lat' dir='ltr'><strong>Triboniano</strong></span> <span class='ocrx_word' id='word_1_168' title='bbox 2800 938 2958 996; x_wconf 90' lang='lat' dir='ltr'><strong>atque</strong></span> <span class='ocrx_word' id='word_1_169' title='bbox 2998 926 3118 981; x_wconf 89' lang='lat' dir='ltr'><strong>aliis</strong></span> <span class='ocrx_word' id='word_1_170' title='bbox 3160 927 3495 997; x_wconf 83' lang='lat' dir='ltr'><strong>adjutoribus</strong></span> 
     </span>
    </p>
   </div>
   <div class='ocr_carea' id='block_1_25' title="bbox 1904 1019 3495 1091">
    <p class='ocr_par' dir='ltr' id='par_1_25' title="bbox 1904 1019 3495 1091">
     <span class='ocr_line' id='line_1_25' title="bbox 1904 1019 3495 1091; baseline -0.003 -11"><span class='ocrx_word' id='word_1_171' title='bbox 1904 1040 2051 1091; x_wconf 89' lang='lat' dir='ltr'><strong>usus,</strong></span> <span class='ocrx_word' id='word_1_172' title='bbox 2073 1038 2215 1079; x_wconf 89' lang='lat' dir='ltr'><strong>anno</strong></span> <span class='ocrx_word' id='word_1_173' title='bbox 2236 1021 2364 1088; x_wconf 75' lang='lat'><strong>528,</strong></span> <span class='ocrx_word' id='word_1_174' title='bbox 2381 1022 2614 1077; x_wconf 91' lang='lat' dir='ltr'><strong>condere</strong></span> <span class='ocrx_word' id='word_1_175' title='bbox 2632 1021 2873 1089; x_wconf 66' lang='lat' dir='ltr'><strong>incoapit,</strong></span> <span class='ocrx_word' id='word_1_176' title='bbox 2889 1034 3031 1075; x_wconf 89' lang='lat' dir='ltr'><strong>anno</strong></span> <span class='ocrx_word' id='word_1_177' title='bbox 3057 1019 3183 1087; x_wconf 74' lang='grc'><strong>555,</strong></span> <span class='ocrx_word' id='word_1_178' title='bbox 3205 1022 3271 1075; x_wconf 92' lang='lat' dir='ltr'><strong>ad</strong></span> <span class='ocrx_word' id='word_1_179' title='bbox 3288 1023 3495 1077; x_wconf 77' lang='lat' dir='ltr'><strong>exitum</strong></span> 
     </span>
    </p>
   </div>
   <div class='ocr_carea' id='block_1_26' title="bbox 1902 1110 3495 1188">
    <p class='ocr_par' dir='ltr' id='par_1_26' title="bbox 1902 1110 3495 1188">
     <span class='ocr_line' id='line_1_26' title="bbox 1902 1110 3495 1188; baseline -0.003 -17"><span class='ocrx_word' id='word_1_180' title='bbox 1902 1117 2179 1188; x_wconf 83' lang='lat' dir='ltr'><strong>perduxit;</strong></span> <span class='ocrx_word' id='word_1_181' title='bbox 2232 1123 2288 1170; x_wconf 90' lang='lat' dir='ltr'><strong>et</strong></span> <span class='ocrx_word' id='word_1_182' title='bbox 2319 1114 2568 1169; x_wconf 74' lang='lat' dir='ltr'><strong>Novella:</strong></span> <span class='ocrx_word' id='word_1_183' title='bbox 2617 1122 2737 1183; x_wconf 90' lang='lat' dir='ltr'><strong>post</strong></span> <span class='ocrx_word' id='word_1_184' title='bbox 2774 1127 2973 1167; x_wconf 89' lang='lat' dir='ltr'><strong>annum</strong></span> <span class='ocrx_word' id='word_1_185' title='bbox 3006 1110 3111 1165; x_wconf 82' lang='lat'><strong>555</strong></span> <span class='ocrx_word' id='word_1_186' title='bbox 3137 1112 3328 1181; x_wconf 88' lang='lat' dir='ltr'><strong>editas,</strong></span> <span class='ocrx_word' id='word_1_187' title='bbox 3363 1128 3495 1182; x_wconf 84' lang='lat' dir='ltr'><strong>qua-</strong></span> 
     </span>
    </p>
   </div>
   <div class='ocr_carea' id='block_1_27' title="bbox 1901 1204 3493 1276">
    <p class='ocr_par' dir='ltr' id='par_1_27' title="bbox 1901 1204 3493 1276">
     <span class='ocr_line' id='line_1_27' title="bbox 1901 1204 3493 1276; baseline -0.003 -13"><span class='ocrx_word' id='word_1_188' title='bbox 1901 1225 2022 1263; x_wconf 86' lang='lat' dir='ltr'><strong>rum</strong></span> <span class='ocrx_word' id='word_1_189' title='bbox 2072 1206 2314 1276; x_wconf 70' lang='lat' dir='ltr'><strong>plurima:</strong></span> <span class='ocrx_word' id='word_1_190' title='bbox 2348 1206 2447 1260; x_wconf 89' lang='lat' dir='ltr'><strong>t&#39;ori</strong></span> <span class='ocrx_word' id='word_1_191' title='bbox 2491 1214 2617 1260; x_wconf 92' lang='lat' dir='ltr'><strong>sunt</strong></span> <span class='ocrx_word' id='word_1_192' title='bbox 2651 1204 3034 1272; x_wconf 84' lang='lat' dir='ltr'><strong>ecclesiastici,</strong></span> <span class='ocrx_word' id='word_1_193' title='bbox 3074 1205 3302 1259; x_wconf 89' lang='lat' dir='ltr'><strong>seorsim</strong></span> <span class='ocrx_word' id='word_1_194' title='bbox 3353 1206 3493 1274; x_wconf 82' lang='lat' dir='ltr'><strong>typis</strong></span> 
     </span>
    </p>
   </div>
   <div class='ocr_carea' id='block_1_28' title="bbox 1902 1293 3494 1367">
    <p class='ocr_par' dir='ltr' id='par_1_28' title="bbox 1902 1293 3494 1367">
     <span class='ocr_line' id='line_1_28' title="bbox 1902 1293 3494 1367; baseline -0.002 -13"><span class='ocrx_word' id='word_1_195' title='bbox 1902 1313 2130 1355; x_wconf 82' lang='lat' dir='ltr'><strong>excusas</strong></span> <span class='ocrx_word' id='word_1_196' title='bbox 2158 1298 2344 1353; x_wconf 64' lang='lat' dir='ltr'><strong>Graece</strong></span> <span class='ocrx_word' id='word_1_197' title='bbox 2373 1313 2469 1367; x_wconf 91' lang='lat' dir='ltr'><strong>per</strong></span> <span class='ocrx_word' id='word_1_198' title='bbox 2497 1296 2854 1351; x_wconf 89' lang='lat' dir='ltr'><strong>Haloandrum</strong></span> <span class='ocrx_word' id='word_1_199' title='bbox 2887 1294 3058 1353; x_wconf 86' lang='lat' dir='ltr'><strong>Paris.</strong></span> <span class='ocrx_word' id='word_1_200' title='bbox 3092 1293 3263 1362; x_wconf 74' lang='lat'><strong>{555,</strong></span> <span class='ocrx_word' id='word_1_201' title='bbox 3293 1296 3372 1361; x_wconf 85' lang='lat'><strong>8&#39;;</strong></span> <span class='ocrx_word' id='word_1_202' title='bbox 3399 1311 3494 1366; x_wconf 90' lang='lat' dir='ltr'><strong>per</strong></span> 
     </span>
    </p>
   </div>
   <div class='ocr_carea' id='block_1_29' title="bbox 1902 1386 3491 1462">
    <p class='ocr_par' dir='ltr' id='par_1_29' title="bbox 1902 1386 3491 1462">
     <span class='ocr_line' id='line_1_29' title="bbox 1902 1386 3491 1462; baseline -0.006 -12"><span class='ocrx_word' id='word_1_203' title='bbox 1902 1394 2284 1462; x_wconf 84' lang='lat' dir='ltr'><strong>Schringerum</strong></span> <span class='ocrx_word' id='word_1_204' title='bbox 2331 1391 2459 1446; x_wconf 88' lang='lat' dir='ltr'><strong>ibid.</strong></span> <span class='ocrx_word' id='word_1_205' title='bbox 2510 1389 2679 1454; x_wconf 72' lang='lat'><strong>1558;</strong></span> <span class='ocrx_word' id='word_1_206' title='bbox 2721 1388 2816 1443; x_wconf 88' lang='lat' dir='ltr'><strong>Gr.</strong></span> <span class='ocrx_word' id='word_1_207' title='bbox 2847 1388 2965 1444; x_wconf 88' lang='lat' dir='ltr'><strong>Lat.</strong></span> <span class='ocrx_word' id='word_1_208' title='bbox 3014 1390 3276 1458; x_wconf 78' lang='lat' dir='ltr'><strong>Antuerp.</strong></span> <span class='ocrx_word' id='word_1_209' title='bbox 3318 1386 3491 1454; x_wconf 64' lang='lat'><strong>1575;</strong></span> 
     </span>
    </p>
   </div>
   <div class='ocr_carea' id='block_1_30' title="bbox 1899 1481 3492 1555">
    <p class='ocr_par' dir='ltr' id='par_1_30' title="bbox 1899 1481 3492 1555">
     <span class='ocr_line' id='line_1_30' title="bbox 1899 1481 3492 1555; baseline -0.003 -13"><span class='ocrx_word' id='word_1_210' title='bbox 1899 1486 2117 1555; x_wconf 85' lang='lat' dir='ltr'><strong>scripsit</strong></span> <span class='ocrx_word' id='word_1_211' title='bbox 2156 1484 2488 1539; x_wconf 86' lang='lat' dir='ltr'><strong>Justinianus</strong></span> <span class='ocrx_word' id='word_1_212' title='bbox 2533 1481 2761 1552; x_wconf 91' lang='lat' dir='ltr'><strong>plurima</strong></span> <span class='ocrx_word' id='word_1_213' title='bbox 2806 1482 2872 1538; x_wconf 91' lang='lat' dir='ltr'><strong>ad</strong></span> <span class='ocrx_word' id='word_1_214' title='bbox 2913 1497 3029 1538; x_wconf 90' lang='lat' dir='ltr'><strong>rem</strong></span> <span class='ocrx_word' id='word_1_215' title='bbox 3071 1481 3492 1537; x_wconf 88' lang='lat' dir='ltr'><strong>ecclesiasticam</strong></span> 
     </span>
    </p>
   </div>
   <div class='ocr_carea' id='block_1_31' title="bbox 1899 1573 3493 1650">
    <p class='ocr_par' dir='ltr' id='par_1_31' title="bbox 1899 1573 3493 1650">
     <span class='ocr_line' id='line_1_31' title="bbox 1899 1573 3493 1650; baseline -0.004 -15"><span class='ocrx_word' id='word_1_216' title='bbox 1899 1578 2218 1650; x_wconf 84' lang='lat' dir='ltr'><strong>spectantia,</strong></span> <span class='ocrx_word' id='word_1_217' title='bbox 2251 1591 2322 1631; x_wconf 76' lang='lat' dir='ltr'><strong>ex</strong></span> <span class='ocrx_word' id='word_1_218' title='bbox 2348 1576 2538 1646; x_wconf 90' lang='lat' dir='ltr'><strong>quibus</strong></span> <span class='ocrx_word' id='word_1_219' title='bbox 2569 1575 2727 1632; x_wconf 91' lang='lat' dir='ltr'><strong>hodie</strong></span> <span class='ocrx_word' id='word_1_220' title='bbox 2756 1584 3009 1630; x_wconf 79' lang='lat' dir='ltr'><strong>exstant:</strong></span> <span class='ocrx_word' id='word_1_221' title='bbox 3036 1573 3341 1629; x_wconf 82' lang='lat' dir='ltr'><strong>Constitutio</strong></span> <span class='ocrx_word' id='word_1_222' title='bbox 3370 1590 3493 1628; x_wconf 88' lang='lat' dir='ltr'><strong>con-</strong></span> 
     </span>
    </p>
   </div>
   <div class='ocr_carea' id='block_1_32' title="bbox 1903 1666 3494 1739">
    <p class='ocr_par' dir='ltr' id='par_1_32' title="bbox 1903 1666 3494 1739">
     <span class='ocr_line' id='line_1_32' title="bbox 1903 1666 3494 1739; baseline -0.003 -11"><span class='ocrx_word' id='word_1_223' title='bbox 1903 1685 1981 1729; x_wconf 88' lang='lat' dir='ltr'><strong>tra</strong></span> <span class='ocrx_word' id='word_1_224' title='bbox 2000 1674 2321 1739; x_wconf 74' lang='lat' dir='ltr'><strong>Anthimum,</strong></span> <span class='ocrx_word' id='word_1_225' title='bbox 2342 1673 2608 1739; x_wconf 83' lang='lat' dir='ltr'><strong>Severum,</strong></span> <span class='ocrx_word' id='word_1_226' title='bbox 2635 1670 2865 1737; x_wconf 85' lang='lat' dir='ltr'><strong>Petrum,</strong></span> <span class='ocrx_word' id='word_1_227' title='bbox 2893 1666 3202 1735; x_wconf 84' lang='lat' dir='ltr'><strong>etZoarum,</strong></span> <span class='ocrx_word' id='word_1_228' title='bbox 3228 1684 3367 1723; x_wconf 90' lang='lat' dir='ltr'><strong>anno</strong></span> <span class='ocrx_word' id='word_1_229' title='bbox 3389 1668 3494 1725; x_wconf 76' lang='grc'><strong>556</strong></span> 
     </span>
    </p>
   </div>
   <div class='ocr_carea' id='block_1_33' title="bbox 193 1756 3491 1836">
    <p class='ocr_par' dir='ltr' id='par_1_33' title="bbox 193 1756 3491 1836">
     <span class='ocr_line' id='line_1_33' title="bbox 193 1756 3491 1836; baseline -0.001 -20"><span class='ocrx_word' id='word_1_230' title='bbox 193 1756 468 1832; x_wconf 72' lang='lat' dir='ltr'><strong>aliosque,</strong></span> <span class='ocrx_word' id='word_1_231' title='bbox 490 1763 684 1833; x_wconf 88' lang='lat' dir='ltr'><strong>egregii</strong></span> <span class='ocrx_word' id='word_1_232' title='bbox 710 1763 967 1833; x_wconf 87' lang='lat' dir='ltr'><strong>principis</strong></span> <span class='ocrx_word' id='word_1_233' title='bbox 990 1762 1247 1818; x_wconf 87' lang='lat' dir='ltr'><strong>vindicias</strong></span> <span class='ocrx_word' id='word_1_234' title='bbox 1269 1778 1450 1833; x_wconf 86' lang='lat' dir='ltr'><strong>agere.</strong></span> <span class='ocrx_word' id='word_1_235' title='bbox 1484 1762 1560 1816; x_wconf 89' lang='lat' dir='ltr'><strong>De</strong></span> <span class='ocrx_word' id='word_1_236' title='bbox 1581 1761 1793 1817; x_wconf 83' lang='lat' dir='ltr'><strong>eximiis</strong></span> <span class='ocrx_word' id='word_1_237' title='bbox 1822 1756 1870 1817; x_wconf 87' lang='lat' dir='ltr'><strong>B</strong></span> <span class='ocrx_word' id='word_1_238' title='bbox 1898 1767 2067 1831; x_wconf 78' lang='lat' dir='ltr'><strong>facta;</strong></span> <span class='ocrx_word' id='word_1_239' title='bbox 2100 1782 2220 1836; x_wconf 66' lang='lat' dir='ltr'><strong>quae</strong></span> <span class='ocrx_word' id='word_1_240' title='bbox 2247 1766 2492 1834; x_wconf 89' lang='lat' dir='ltr'><strong>quidem,</strong></span> <span class='ocrx_word' id='word_1_241' title='bbox 2537 1778 2603 1818; x_wconf 78' lang='lat' dir='ltr'><strong>ex</strong></span> <span class='ocrx_word' id='word_1_242' title='bbox 2632 1762 2865 1818; x_wconf 84' lang='lat' dir='ltr'><strong>Novellis</strong></span> <span class='ocrx_word' id='word_1_243' title='bbox 2908 1763 3191 1833; x_wconf 83' lang='lat' dir='ltr'><strong>desumpta</strong></span> <span class='ocrx_word' id='word_1_244' title='bbox 3213 1804 3228 1829; x_wconf 90' lang='lat'><strong>,</strong></span> <span class='ocrx_word' id='word_1_245' title='bbox 3263 1760 3491 1815; x_wconf 87' lang='lat' dir='ltr'><strong>habetur</strong></span> 
     </span>
    </p>
   </div>
   <div class='ocr_carea' id='block_1_34' title="bbox 194 1850 1796 1911">
    <p class='ocr_par' dir='ltr' id='par_1_34' title="bbox 194 1850 1796 1911">
     <span class='ocr_line' id='line_1_34' title="bbox 194 1850 1796 1911; baseline -0.001 -2"><span class='ocrx_word' id='word_1_246' title='bbox 194 1850 491 1909; x_wconf 71' lang='lat' dir='ltr'><strong>Iustiniani</strong></span> <span class='ocrx_word' id='word_1_247' title='bbox 517 1854 799 1911; x_wconf 85' lang='lat' dir='ltr'><strong>virtutibus</strong></span> <span class='ocrx_word' id='word_1_248' title='bbox 826 1858 1039 1910; x_wconf 90' lang='lat' dir='ltr'><strong>unicum</strong></span> <span class='ocrx_word' id='word_1_249' title='bbox 1069 1864 1161 1909; x_wconf 91' lang='lat' dir='ltr'><strong>aut</strong></span> <span class='ocrx_word' id='word_1_250' title='bbox 1187 1854 1415 1910; x_wconf 89' lang='lat' dir='ltr'><strong>alterum</strong></span> <span class='ocrx_word' id='word_1_251' title='bbox 1449 1864 1686 1909; x_wconf 89' lang='lat' dir='ltr'><strong>veterum</strong></span> <span class='ocrx_word' id='word_1_252' title='bbox 1717 1863 1796 1908; x_wconf 89' lang='lat' dir='ltr'><strong>te-</strong></span> 
     </span>
    </p>
   </div>
   <div class='ocr_carea' id='block_1_35' title="bbox 192 1946 1796 2019">
    <p class='ocr_par' dir='ltr' id='par_1_35' title="bbox 192 1946 1796 2019">
     <span class='ocr_line' id='line_1_35' title="bbox 192 1946 1796 2019; baseline -0.001 -16"><span class='ocrx_word' id='word_1_253' title='bbox 192 1947 519 2003; x_wconf 89' lang='lat' dir='ltr'><strong>stimonium</strong></span> <span class='ocrx_word' id='word_1_254' title='bbox 550 1948 839 2019; x_wconf 81' lang='lat' dir='ltr'><strong>proteram.</strong></span> <span class='ocrx_word' id='word_1_255' title='bbox 866 1948 942 2005; x_wconf 89' lang='lat' dir='ltr'><strong>De</strong></span> <span class='ocrx_word' id='word_1_256' title='bbox 968 1948 1210 2004; x_wconf 89' lang='lat' dir='ltr'><strong>doctrina</strong></span> <span class='ocrx_word' id='word_1_257' title='bbox 1239 1948 1357 2017; x_wconf 87' lang='lat' dir='ltr'><strong>ejus</strong></span> <span class='ocrx_word' id='word_1_258' title='bbox 1380 1956 1433 2003; x_wconf 91' lang='lat' dir='ltr'><strong>et</strong></span> <span class='ocrx_word' id='word_1_259' title='bbox 1461 1947 1658 2015; x_wconf 87' lang='lat' dir='ltr'><strong>pietate</strong></span> <span class='ocrx_word' id='word_1_260' title='bbox 1680 1946 1796 2001; x_wconf 63' lang='lat' dir='ltr'><strong>haec</strong></span> 
     </span>
    </p>
   </div>
   <div class='ocr_carea' id='block_1_36' title="bbox 192 2038 1792 2112">
    <p class='ocr_par' dir='ltr' id='par_1_36' title="bbox 192 2038 1792 2112">
     <span class='ocr_line' id='line_1_36' title="bbox 192 2038 1792 2112; baseline -0.001 -17"><span class='ocrx_word' id='word_1_261' title='bbox 192 2040 532 2111; x_wconf 85' lang='lat' dir='ltr'><strong>Procopius,</strong></span> <span class='ocrx_word' id='word_1_262' title='bbox 584 2041 637 2095; x_wconf 92' lang='lat' dir='ltr'><strong>in</strong></span> <span class='ocrx_word' id='word_1_263' title='bbox 666 2041 1023 2097; x_wconf 84' lang='lat' dir='ltr'><strong>Justinianum</strong></span> <span class='ocrx_word' id='word_1_264' title='bbox 1069 2042 1244 2097; x_wconf 91' lang='lat' dir='ltr'><strong>adhuc</strong></span> <span class='ocrx_word' id='word_1_265' title='bbox 1287 2056 1472 2112; x_wconf 66' lang='lat' dir='ltr'><strong>aequus</strong></span> <span class='ocrx_word' id='word_1_266' title='bbox 1515 2039 1622 2110; x_wconf 89' lang='lat' dir='ltr'><strong>(De</strong></span> <span class='ocrx_word' id='word_1_267' title='bbox 1658 2038 1792 2095; x_wconf 86' lang='lat' dir='ltr'><strong>Bell.</strong></span> 
     </span>
    </p>
   </div>
   <div class='ocr_carea' id='block_1_37' title="bbox 194 2128 1796 2205">
    <p class='ocr_par' dir='ltr' id='par_1_37' title="bbox 194 2128 1796 2205">
     <span class='ocr_line' id='line_1_37' title="bbox 194 2128 1796 2205; baseline -0.001 -19"><span class='ocrx_word' id='word_1_268' title='bbox 194 2128 367 2186; x_wconf 74' lang='lat' dir='ltr'><strong>Galli.</strong></span> <span class='ocrx_word' id='word_1_269' title='bbox 398 2133 433 2187; x_wconf 91' lang='grc' dir='ltr'><strong>Ι.</strong></span> <span class='ocrx_word' id='word_1_270' title='bbox 468 2148 552 2197; x_wconf 88' lang='lat' dir='ltr'><strong>tu;</strong></span> <span class='ocrx_word' id='word_1_271' title='bbox 585 2133 649 2187; x_wconf 87' lang='lat' dir='ltr'><strong>de</strong></span> <span class='ocrx_word' id='word_1_272' title='bbox 669 2131 815 2205; x_wconf 68' lang='lat' dir='ltr'><strong>azdif.</strong></span> <span class='ocrx_word' id='word_1_273' title='bbox 844 2132 985 2188; x_wconf 79' lang='lat' dir='ltr'><strong>Just.</strong></span> <span class='ocrx_word' id='word_1_274' title='bbox 1014 2134 1052 2189; x_wconf 92' lang='lat' dir='ltr'><strong>l.</strong></span> <span class='ocrx_word' id='word_1_275' title='bbox 1084 2132 1148 2203; x_wconf 88' lang='grc' dir='ltr'><strong>ι).</strong></span> <span class='ocrx_word' id='word_1_276' title='bbox 1182 2133 1409 2189; x_wconf 90' lang='lat' dir='ltr'><strong>Solitum</strong></span> <span class='ocrx_word' id='word_1_277' title='bbox 1437 2148 1560 2189; x_wconf 91' lang='lat' dir='ltr'><strong>eum</strong></span> <span class='ocrx_word' id='word_1_278' title='bbox 1591 2142 1701 2186; x_wconf 91' lang='lat' dir='ltr'><strong>tum</strong></span> <span class='ocrx_word' id='word_1_279' title='bbox 1735 2133 1796 2186; x_wconf 89' lang='lat' dir='ltr'><strong>li-</strong></span> 
     </span>
    </p>
   </div>
   <div class='ocr_carea' id='block_1_38' title="bbox 192 2224 1795 2297">
    <p class='ocr_par' dir='ltr' id='par_1_38' title="bbox 192 2224 1795 2297">
     <span class='ocr_line' id='line_1_38' title="bbox 192 2224 1795 2297; baseline -0.001 -17"><span class='ocrx_word' id='word_1_280' title='bbox 192 2224 334 2280; x_wconf 85' lang='lat' dir='ltr'><strong>bros</strong></span> <span class='ocrx_word' id='word_1_281' title='bbox 363 2224 431 2279; x_wconf 88' lang='lat' dir='ltr'><strong>de</strong></span> <span class='ocrx_word' id='word_1_282' title='bbox 458 2225 619 2280; x_wconf 87' lang='lat' dir='ltr'><strong>rebus</strong></span> <span class='ocrx_word' id='word_1_283' title='bbox 665 2225 857 2281; x_wconf 86' lang='lat' dir='ltr'><strong>divinis</strong></span> <span class='ocrx_word' id='word_1_284' title='bbox 900 2236 1122 2297; x_wconf 78' lang='lat' dir='ltr'><strong>agentes</strong></span> <span class='ocrx_word' id='word_1_285' title='bbox 1168 2225 1535 2295; x_wconf 87' lang='lat' dir='ltr'><strong>pervolutare,</strong></span> <span class='ocrx_word' id='word_1_286' title='bbox 1572 2234 1680 2279; x_wconf 88' lang='lat' dir='ltr'><strong>tum</strong></span> <span class='ocrx_word' id='word_1_287' title='bbox 1726 2226 1795 2279; x_wconf 90' lang='lat' dir='ltr'><strong>de</strong></span> 
     </span>
    </p>
   </div>
   <div class='ocr_carea' id='block_1_39' title="bbox 192 2315 1790 2388">
    <p class='ocr_par' dir='ltr' id='par_1_39' title="bbox 192 2315 1790 2388">
     <span class='ocr_line' id='line_1_39' title="bbox 192 2315 1790 2388; baseline 0.001 -17"><span class='ocrx_word' id='word_1_288' title='bbox 192 2315 396 2371; x_wconf 86' lang='lat' dir='ltr'><strong>iisdem</strong></span> <span class='ocrx_word' id='word_1_289' title='bbox 448 2316 717 2386; x_wconf 91' lang='lat' dir='ltr'><strong>colloquia</strong></span> <span class='ocrx_word' id='word_1_290' title='bbox 766 2333 886 2372; x_wconf 92' lang='lat' dir='ltr'><strong>cum</strong></span> <span class='ocrx_word' id='word_1_291' title='bbox 935 2318 1204 2388; x_wconf 82' lang='lat' dir='ltr'><strong>episcopis</strong></span> <span class='ocrx_word' id='word_1_292' title='bbox 1259 2328 1313 2373; x_wconf 90' lang='lat' dir='ltr'><strong>et</strong></span> <span class='ocrx_word' id='word_1_293' title='bbox 1368 2318 1693 2388; x_wconf 87' lang='lat' dir='ltr'><strong>presbyteris</strong></span> <span class='ocrx_word' id='word_1_294' title='bbox 1739 2318 1790 2372; x_wconf 91' lang='lat' dir='ltr'><strong>in</strong></span> 
     </span>
    </p>
   </div>
   <div class='ocr_carea' id='block_1_40' title="bbox 192 2406 1794 2479">
    <p class='ocr_par' dir='ltr' id='par_1_40' title="bbox 192 2406 1794 2479">
     <span class='ocr_line' id='line_1_40' title="bbox 192 2406 1794 2479; baseline 0.004 -19"><span class='ocrx_word' id='word_1_295' title='bbox 192 2406 425 2462; x_wconf 84' lang='lat' dir='ltr'><strong>multam</strong></span> <span class='ocrx_word' id='word_1_296' title='bbox 454 2416 665 2464; x_wconf 88' lang='lat' dir='ltr'><strong>noctem</strong></span> <span class='ocrx_word' id='word_1_297' title='bbox 689 2409 1032 2479; x_wconf 89' lang='lat' dir='ltr'><strong>pertrahere:</strong></span> <span class='ocrx_word' id='word_1_298' title='bbox 1058 2410 1114 2465; x_wconf 91' lang='lat' dir='ltr'><strong>in</strong></span> <span class='ocrx_word' id='word_1_299' title='bbox 1137 2425 1285 2465; x_wconf 91' lang='lat' dir='ltr'><strong>more</strong></span> <span class='ocrx_word' id='word_1_300' title='bbox 1310 2410 1361 2465; x_wconf 91' lang='lat' dir='ltr'><strong>ei</strong></span> <span class='ocrx_word' id='word_1_301' title='bbox 1388 2425 1601 2479; x_wconf 89' lang='lat' dir='ltr'><strong>semper</strong></span> <span class='ocrx_word' id='word_1_302' title='bbox 1629 2410 1794 2466; x_wconf 85' lang='lat' dir='ltr'><strong>luisse</strong></span> 
     </span>
    </p>
   </div>
   <div class='ocr_carea' id='block_1_41' title="bbox 191 2500 1794 2569">
    <p class='ocr_par' dir='ltr' id='par_1_41' title="bbox 191 2500 1794 2569">
     <span class='ocr_line' id='line_1_41' title="bbox 191 2500 1794 2569; baseline 0.001 -14"><span class='ocrx_word' id='word_1_303' title='bbox 191 2500 388 2557; x_wconf 88' lang='lat' dir='ltr'><strong>multis</strong></span> <span class='ocrx_word' id='word_1_304' title='bbox 413 2511 537 2557; x_wconf 89' lang='lat' dir='ltr'><strong>ante</strong></span> <span class='ocrx_word' id='word_1_305' title='bbox 565 2502 767 2557; x_wconf 85' lang='lat' dir='ltr'><strong>Pascha</strong></span> <span class='ocrx_word' id='word_1_306' title='bbox 796 2502 1005 2557; x_wconf 88' lang='lat' dir='ltr'><strong>dierum</strong></span> <span class='ocrx_word' id='word_1_307' title='bbox 1040 2502 1463 2559; x_wconf 89' lang='lat' dir='ltr'><strong>hebdomadibus</strong></span> <span class='ocrx_word' id='word_1_308' title='bbox 1490 2517 1685 2569; x_wconf 81' lang='lat' dir='ltr'><strong>corpus</strong></span> <span class='ocrx_word' id='word_1_309' title='bbox 1716 2505 1794 2556; x_wconf 86' lang='lat' dir='ltr'><strong>vi-</strong></span> 
     </span>
    </p>
   </div>
   <div class='ocr_carea' id='block_1_42' title="bbox 190 2595 1792 2667">
    <p class='ocr_par' dir='ltr' id='par_1_42' title="bbox 190 2595 1792 2667">
     <span class='ocr_line' id='line_1_42' title="bbox 190 2595 1792 2667; baseline 0.001 -18"><span class='ocrx_word' id='word_1_310' title='bbox 190 2595 349 2663; x_wconf 84' lang='lat' dir='ltr'><strong>giliis</strong></span> <span class='ocrx_word' id='word_1_311' title='bbox 395 2605 449 2650; x_wconf 90' lang='lat' dir='ltr'><strong>et</strong></span> <span class='ocrx_word' id='word_1_312' title='bbox 476 2595 669 2651; x_wconf 88' lang='lat' dir='ltr'><strong>inediis</strong></span> <span class='ocrx_word' id='word_1_313' title='bbox 715 2596 1000 2667; x_wconf 91' lang='lat' dir='ltr'><strong>plusquam</strong></span> <span class='ocrx_word' id='word_1_314' title='bbox 1029 2596 1280 2654; x_wconf 88' lang='lat' dir='ltr'><strong>asceticis</strong></span> <span class='ocrx_word' id='word_1_315' title='bbox 1306 2612 1601 2661; x_wconf 90' lang='lat' dir='ltr'><strong>macerare,</strong></span> <span class='ocrx_word' id='word_1_316' title='bbox 1626 2597 1792 2651; x_wconf 88' lang='lat' dir='ltr'><strong>semel</strong></span> 
     </span>
    </p>
   </div>
   <div class='ocr_carea' id='block_1_43' title="bbox 189 2687 1791 2760">
    <p class='ocr_par' dir='ltr' id='par_1_43' title="bbox 189 2687 1791 2760">
     <span class='ocr_line' id='line_1_43' title="bbox 189 2687 1791 2760; baseline 0 -17"><span class='ocrx_word' id='word_1_317' title='bbox 189 2688 251 2743; x_wconf 88' lang='lat' dir='ltr'><strong>in</strong></span> <span class='ocrx_word' id='word_1_318' title='bbox 284 2687 448 2743; x_wconf 91' lang='lat' dir='ltr'><strong>biduo</strong></span> <span class='ocrx_word' id='word_1_319' title='bbox 475 2688 652 2743; x_wconf 91' lang='lat' dir='ltr'><strong>cibum</strong></span> <span class='ocrx_word' id='word_1_320' title='bbox 682 2703 874 2759; x_wconf 88' lang='lat' dir='ltr'><strong>capere</strong></span> <span class='ocrx_word' id='word_1_321' title='bbox 895 2730 910 2754; x_wconf 93' lang='lat'><strong>,</strong></span> <span class='ocrx_word' id='word_1_322' title='bbox 942 2692 1097 2756; x_wconf 90' lang='lat' dir='ltr'><strong>vino,</strong></span> <span class='ocrx_word' id='word_1_323' title='bbox 1148 2706 1285 2760; x_wconf 84' lang='lat' dir='ltr'><strong>pane</strong></span> <span class='ocrx_word' id='word_1_324' title='bbox 1318 2690 1546 2759; x_wconf 88' lang='lat' dir='ltr'><strong>aliisque</strong></span> <span class='ocrx_word' id='word_1_325' title='bbox 1576 2690 1791 2745; x_wconf 89' lang='lat' dir='ltr'><strong>cibariis</strong></span> 
     </span>
    </p>
   </div>
   <div class='ocr_carea' id='block_1_44' title="bbox 186 2778 1791 2848">
    <p class='ocr_par' dir='ltr' id='par_1_44' title="bbox 186 2778 1791 2848">
     <span class='ocr_line' id='line_1_44' title="bbox 186 2778 1791 2848; baseline 0.002 -15"><span class='ocrx_word' id='word_1_326' title='bbox 186 2779 418 2848; x_wconf 84' lang='lat' dir='ltr'><strong>penitus</strong></span> <span class='ocrx_word' id='word_1_327' title='bbox 444 2778 789 2848; x_wconf 86' lang='lat' dir='ltr'><strong>abstinuisse,</strong></span> <span class='ocrx_word' id='word_1_328' title='bbox 820 2780 1001 2836; x_wconf 90' lang='lat' dir='ltr'><strong>herbis</strong></span> <span class='ocrx_word' id='word_1_329' title='bbox 1025 2790 1230 2836; x_wconf 90' lang='lat' dir='ltr'><strong>tantum</strong></span> <span class='ocrx_word' id='word_1_330' title='bbox 1256 2783 1368 2837; x_wconf 88' lang='lat' dir='ltr'><strong>sale</strong></span> <span class='ocrx_word' id='word_1_331' title='bbox 1393 2792 1446 2836; x_wconf 92' lang='lat' dir='ltr'><strong>et</strong></span> <span class='ocrx_word' id='word_1_332' title='bbox 1476 2792 1630 2836; x_wconf 88' lang='lat' dir='ltr'><strong>aceto</strong></span> <span class='ocrx_word' id='word_1_333' title='bbox 1659 2796 1791 2836; x_wconf 88' lang='lat' dir='ltr'><strong>con-</strong></span> 
     </span>
    </p>
   </div>
   <div class='ocr_carea' id='block_1_45' title="bbox 189 2868 1791 2944">
    <p class='ocr_par' dir='ltr' id='par_1_45' title="bbox 189 2868 1791 2944">
     <span class='ocr_line' id='line_1_45' title="bbox 189 2868 1791 2944; baseline 0.003 -19"><span class='ocrx_word' id='word_1_334' title='bbox 189 2868 351 2935; x_wconf 87' lang='lat' dir='ltr'><strong>ditis,</strong></span> <span class='ocrx_word' id='word_1_335' title='bbox 383 2879 541 2940; x_wconf 90' lang='lat' dir='ltr'><strong>atque</strong></span> <span class='ocrx_word' id='word_1_336' title='bbox 563 2884 699 2940; x_wconf 84' lang='lat' dir='ltr'><strong>aqua</strong></span> <span class='ocrx_word' id='word_1_337' title='bbox 724 2881 1053 2927; x_wconf 90' lang='lat' dir='ltr'><strong>contentum.</strong></span> <span class='ocrx_word' id='word_1_338' title='bbox 1090 2874 1164 2928; x_wconf 89' lang='lat' dir='ltr'><strong>De</strong></span> <span class='ocrx_word' id='word_1_339' title='bbox 1192 2874 1407 2944; x_wconf 88' lang='lat' dir='ltr'><strong>egregio</strong></span> <span class='ocrx_word' id='word_1_340' title='bbox 1437 2884 1617 2930; x_wconf 87' lang='lat' dir='ltr'><strong>autem</strong></span> <span class='ocrx_word' id='word_1_341' title='bbox 1648 2875 1791 2930; x_wconf 88' lang='lat' dir='ltr'><strong>illius</strong></span> 
     </span>
    </p>
   </div>
   <div class='ocr_carea' id='block_1_46' title="bbox 185 2961 1790 3036">
    <p class='ocr_par' dir='ltr' id='par_1_46' title="bbox 185 2961 1790 3036">
     <span class='ocr_line' id='line_1_46' title="bbox 185 2961 1790 3036; baseline 0.001 -17"><span class='ocrx_word' id='word_1_342' title='bbox 185 2976 329 3032; x_wconf 80' lang='lat' dir='ltr'><strong>erga</strong></span> <span class='ocrx_word' id='word_1_343' title='bbox 356 2961 516 3017; x_wconf 79' lang='lat' dir='ltr'><strong>ﬁdem</strong></span> <span class='ocrx_word' id='word_1_344' title='bbox 565 2963 886 3018; x_wconf 85' lang='lat' dir='ltr'><strong>catholicam</strong></span> <span class='ocrx_word' id='word_1_345' title='bbox 918 2964 1097 3018; x_wconf 88' lang='lat' dir='ltr'><strong>studio</strong></span> <span class='ocrx_word' id='word_1_346' title='bbox 1124 2964 1405 3019; x_wconf 83' lang='lat' dir='ltr'><strong>audiamus</strong></span> <span class='ocrx_word' id='word_1_347' title='bbox 1455 2966 1790 3036; x_wconf 80' lang='lat' dir='ltr'><strong>Agathonem</strong></span> 
     </span>
    </p>
   </div>
   <div class='ocr_carea' id='block_1_47' title="bbox 194 3055 1791 3127">
    <p class='ocr_par' dir='ltr' id='par_1_47' title="bbox 194 3055 1791 3127">
     <span class='ocr_line' id='line_1_47' title="bbox 194 3055 1791 3127; baseline 0.004 -20"><span class='ocrx_word' id='word_1_348' title='bbox 194 3067 401 3125; x_wconf 83' lang='lat' dir='ltr'><strong>papam</strong></span> <span class='ocrx_word' id='word_1_349' title='bbox 425 3069 495 3108; x_wconf 80' lang='lat' dir='ltr'><strong>ex</strong></span> <span class='ocrx_word' id='word_1_350' title='bbox 524 3055 899 3125; x_wconf 89' lang='lat' dir='ltr'><strong>episcoporum</strong></span> <span class='ocrx_word' id='word_1_351' title='bbox 931 3071 1075 3111; x_wconf 81' lang='lat' dir='ltr'><strong>cxxv</strong></span> <span class='ocrx_word' id='word_1_352' title='bbox 1099 3058 1307 3127; x_wconf 82' lang='lat' dir='ltr'><strong>synodo</strong></span> <span class='ocrx_word' id='word_1_353' title='bbox 1326 3058 1686 3115; x_wconf 87' lang='lat' dir='ltr'><strong>testimonium</strong></span> <span class='ocrx_word' id='word_1_354' title='bbox 1714 3056 1791 3113; x_wconf 84' lang='lat' dir='ltr'><strong>le-</strong></span> 
     </span>
    </p>
   </div>
   <div class='ocr_carea' id='block_1_48' title="bbox 1898 1852 3493 1926">
    <p class='ocr_par' dir='ltr' id='par_1_48' title="bbox 1898 1852 3493 1926">
     <span class='ocr_line' id='line_1_48' title="bbox 1898 1852 3493 1926; baseline -0.005 -10"><span class='ocrx_word' id='word_1_355' title='bbox 1898 1860 1991 1916; x_wconf 92' lang='lat' dir='ltr'><strong>Gr.</strong></span> <span class='ocrx_word' id='word_1_356' title='bbox 2026 1859 2143 1914; x_wconf 85' lang='lat' dir='ltr'><strong>Lat.</strong></span> <span class='ocrx_word' id='word_1_357' title='bbox 2177 1857 2383 1913; x_wconf 86' lang='lat' dir='ltr'><strong>Concil.</strong></span> <span class='ocrx_word' id='word_1_358' title='bbox 2416 1868 2545 1912; x_wconf 72' lang='lat' dir='ltr'><strong>tom.</strong></span> <span class='ocrx_word' id='word_1_359' title='bbox 2581 1855 2642 1922; x_wconf 71' lang='grc' dir='ltr'><strong>γ,</strong></span> <span class='ocrx_word' id='word_1_360' title='bbox 2692 1871 2742 1926; x_wconf 90' lang='lat' dir='ltr'><strong>p.</strong></span> <span class='ocrx_word' id='word_1_361' title='bbox 2772 1855 2898 1911; x_wconf 71' lang='grc'><strong>264.</strong></span> <span class='ocrx_word' id='word_1_362' title='bbox 2932 1854 3171 1925; x_wconf 85' lang='lat' dir='ltr'><strong>Epistola</strong></span> <span class='ocrx_word' id='word_1_363' title='bbox 3208 1856 3275 1909; x_wconf 89' lang='lat' dir='ltr'><strong>ad</strong></span> <span class='ocrx_word' id='word_1_364' title='bbox 3307 1852 3493 1909; x_wconf 83' lang='lat' dir='ltr'><strong>Patres</strong></span> 
     </span>
    </p>
   </div>
   <div class='ocr_carea' id='block_1_49' title="bbox 1896 1946 3484 2019">
    <p class='ocr_par' dir='ltr' id='par_1_49' title="bbox 1896 1946 3484 2019">
     <span class='ocr_line' id='line_1_49' title="bbox 1896 1946 3484 2019; baseline -0.003 -14"><span class='ocrx_word' id='word_1_365' title='bbox 1896 1951 2102 2006; x_wconf 80' lang='lat' dir='ltr'><strong>concilii</strong></span> <span class='ocrx_word' id='word_1_366' title='bbox 2134 1965 2163 2001; x_wconf 95' lang='lat' dir='ltr'><strong>v</strong></span> <span class='ocrx_word' id='word_1_367' title='bbox 2211 1949 2499 2019; x_wconf 82' lang='lat' dir='ltr'><strong>generalis,</strong></span> <span class='ocrx_word' id='word_1_368' title='bbox 2549 1962 2691 2003; x_wconf 89' lang='lat' dir='ltr'><strong>anno</strong></span> <span class='ocrx_word' id='word_1_369' title='bbox 2737 1947 2842 2003; x_wconf 81' lang='grc'><strong>555</strong></span> <span class='ocrx_word' id='word_1_370' title='bbox 2881 1948 3079 2016; x_wconf 92' lang='lat' dir='ltr'><strong>scripta</strong></span> <span class='ocrx_word' id='word_1_371' title='bbox 3112 1965 3123 2000; x_wconf 91' lang='lat'>:</span> <span class='ocrx_word' id='word_1_372' title='bbox 3153 1956 3325 2002; x_wconf 79' lang='lat' dir='ltr'><strong>exstat</strong></span> <span class='ocrx_word' id='word_1_373' title='bbox 3366 1946 3484 2002; x_wconf 89' lang='lat' dir='ltr'><strong>Lat.</strong></span> 
     </span>
    </p>
   </div>
   <div class='ocr_carea' id='block_1_50' title="bbox 1895 2040 3494 2111">
    <p class='ocr_par' dir='ltr' id='par_1_50' title="bbox 1895 2040 3494 2111">
     <span class='ocr_line' id='line_1_50' title="bbox 1895 2040 3494 2111; baseline -0.003 -11"><span class='ocrx_word' id='word_1_374' title='bbox 1895 2044 2104 2101; x_wconf 77' lang='lat' dir='ltr'><strong>Concil.</strong></span> <span class='ocrx_word' id='word_1_375' title='bbox 2154 2051 2282 2096; x_wconf 90' lang='lat' dir='ltr'><strong>tom.</strong></span> <span class='ocrx_word' id='word_1_376' title='bbox 2336 2040 2417 2107; x_wconf 84' lang='lat' dir='ltr'><strong>V,</strong></span> <span class='ocrx_word' id='word_1_377' title='bbox 2461 2055 2582 2111; x_wconf 84' lang='lat' dir='ltr'><strong>pag.</strong></span> <span class='ocrx_word' id='word_1_378' title='bbox 2624 2040 2750 2096; x_wconf 75' lang='lat' dir='ltr'><strong>M9.</strong></span> <span class='ocrx_word' id='word_1_379' title='bbox 2794 2042 3067 2096; x_wconf 82' lang='lat' dir='ltr'><strong>Tractatus</strong></span> <span class='ocrx_word' id='word_1_380' title='bbox 3102 2042 3203 2095; x_wconf 83' lang='lat' dir='ltr'><strong>sive</strong></span> <span class='ocrx_word' id='word_1_381' title='bbox 3249 2040 3494 2096; x_wconf 79' lang='lat' dir='ltr'><strong>Edictum</strong></span> 
     </span>
    </p>
   </div>
   <div class='ocr_carea' id='block_1_51' title="bbox 1894 2134 3493 2207">
    <p class='ocr_par' dir='ltr' id='par_1_51' title="bbox 1894 2134 3493 2207">
     <span class='ocr_line' id='line_1_51' title="bbox 1894 2134 3493 2207; baseline -0.001 -15"><span class='ocrx_word' id='word_1_382' title='bbox 1894 2140 2138 2193; x_wconf 67' lang='lat' dir='ltr'><strong>adversus</strong></span> <span class='ocrx_word' id='word_1_383' title='bbox 2164 2136 2455 2207; x_wconf 84' lang='lat' dir='ltr'><strong>Origenem,</strong></span> <span class='ocrx_word' id='word_1_384' title='bbox 2475 2146 2523 2190; x_wconf 89' lang='lat' dir='ltr'><strong>et</strong></span> <span class='ocrx_word' id='word_1_385' title='bbox 2542 2151 2738 2190; x_wconf 86' lang='lat' dir='ltr'><strong>errores</strong></span> <span class='ocrx_word' id='word_1_386' title='bbox 2760 2136 2894 2205; x_wconf 84' lang='lat' dir='ltr'><strong>ejus,</strong></span> <span class='ocrx_word' id='word_1_387' title='bbox 2917 2134 2982 2189; x_wconf 86' lang='lat' dir='ltr'><strong>ad</strong></span> <span class='ocrx_word' id='word_1_388' title='bbox 3008 2135 3251 2189; x_wconf 80' lang='lat' dir='ltr'><strong>Mennam</strong></span> <span class='ocrx_word' id='word_1_389' title='bbox 3270 2137 3493 2205; x_wconf 81' lang='lat' dir='ltr'><strong>patriar-</strong></span> 
     </span>
    </p>
   </div>
   <div class='ocr_carea' id='block_1_52' title="bbox 1896 2223 3490 2297">
    <p class='ocr_par' dir='ltr' id='par_1_52' title="bbox 1896 2223 3490 2297">
     <span class='ocr_line' id='line_1_52' title="bbox 1896 2223 3490 2297; baseline -0.003 -12"><span class='ocrx_word' id='word_1_390' title='bbox 1896 2232 2051 2285; x_wconf 89' lang='lat' dir='ltr'><strong>cham</strong></span> <span class='ocrx_word' id='word_1_391' title='bbox 2098 2228 2745 2297; x_wconf 77' lang='lat' dir='ltr'><strong>ConstantinOpolitanam</strong></span> <span class='ocrx_word' id='word_1_392' title='bbox 2783 2240 2926 2279; x_wconf 91' lang='lat' dir='ltr'><strong>anno</strong></span> <span class='ocrx_word' id='word_1_393' title='bbox 2957 2223 3053 2281; x_wconf 79' lang='grc'><strong>541</strong></span> <span class='ocrx_word' id='word_1_394' title='bbox 3079 2266 3094 2291; x_wconf 91' lang='grc'><strong>,</strong></span> <span class='ocrx_word' id='word_1_395' title='bbox 3126 2226 3322 2281; x_wconf 87' lang='lat' dir='ltr'><strong>missus</strong></span> <span class='ocrx_word' id='word_1_396' title='bbox 3349 2242 3365 2281; x_wconf 91' lang='lat'><strong>:</strong></span> <span class='ocrx_word' id='word_1_397' title='bbox 3394 2241 3490 2280; x_wconf 46' lang='lat' dir='ltr'><strong>exe</strong></span> 
     </span>
    </p>
   </div>
   <div class='ocr_carea' id='block_1_53' title="bbox 1896 2318 3483 2389">
    <p class='ocr_par' dir='ltr' id='par_1_53' title="bbox 1896 2318 3483 2389">
     <span class='ocr_line' id='line_1_53' title="bbox 1896 2318 3483 2389; baseline -0.003 -12"><span class='ocrx_word' id='word_1_398' title='bbox 1896 2333 2002 2378; x_wconf 90' lang='lat' dir='ltr'><strong>stat</strong></span> <span class='ocrx_word' id='word_1_399' title='bbox 2041 2321 2246 2376; x_wconf 73' lang='lat' dir='ltr'><strong>Cnncil.</strong></span> <span class='ocrx_word' id='word_1_400' title='bbox 2276 2319 2432 2374; x_wconf 86' lang='lat' dir='ltr'><strong>Tom.</strong></span> <span class='ocrx_word' id='word_1_401' title='bbox 2472 2320 2538 2384; x_wconf 81' lang='grc' dir='ltr'><strong>ν,</strong></span> <span class='ocrx_word' id='word_1_402' title='bbox 2588 2335 2638 2388; x_wconf 89' lang='lat' dir='ltr'><strong>p.</strong></span> <span class='ocrx_word' id='word_1_403' title='bbox 2676 2318 2800 2373; x_wconf 78' lang='grc'><strong>655.</strong></span> <span class='ocrx_word' id='word_1_404' title='bbox 2836 2318 3072 2389; x_wconf 83' lang='lat' dir='ltr'><strong>Epistola</strong></span> <span class='ocrx_word' id='word_1_405' title='bbox 3114 2319 3182 2371; x_wconf 87' lang='lat' dir='ltr'><strong>ad</strong></span> <span class='ocrx_word' id='word_1_406' title='bbox 3213 2318 3483 2389; x_wconf 84' lang='lat' dir='ltr'><strong>Synodum</strong></span> 
     </span>
    </p>
   </div>
   <div class='ocr_carea' id='block_1_54' title="bbox 1897 2410 3491 2481">
    <p class='ocr_par' dir='ltr' id='par_1_54' title="bbox 1897 2410 3491 2481">
     <span class='ocr_line' id='line_1_54' title="bbox 1897 2410 3491 2481; baseline -0.002 -12"><span class='ocrx_word' id='word_1_407' title='bbox 1897 2414 2539 2481; x_wconf 80' lang='lat' dir='ltr'><strong>ConstantinOpolitunam,</strong></span> <span class='ocrx_word' id='word_1_408' title='bbox 2569 2427 2709 2467; x_wconf 89' lang='lat' dir='ltr'><strong>anno</strong></span> <span class='ocrx_word' id='word_1_409' title='bbox 2733 2412 2829 2465; x_wconf 73' lang='lat' dir='ltr'><strong>5M</strong></span> <span class='ocrx_word' id='word_1_410' title='bbox 2860 2427 2889 2464; x_wconf 91' lang='lat' dir='ltr'><strong>a</strong></span> <span class='ocrx_word' id='word_1_411' title='bbox 2913 2410 3100 2465; x_wconf 85' lang='lat' dir='ltr'><strong>Menua</strong></span> <span class='ocrx_word' id='word_1_412' title='bbox 3133 2410 3366 2466; x_wconf 89' lang='lat' dir='ltr'><strong>habitam</strong></span> <span class='ocrx_word' id='word_1_413' title='bbox 3395 2411 3491 2466; x_wconf 86' lang='lat' dir='ltr'><strong>ad-</strong></span> 
     </span>
    </p>
   </div>
   <div class='ocr_carea' id='block_1_55' title="bbox 1895 2500 3577 2573">
    <p class='ocr_par' dir='ltr' id='par_1_55' title="bbox 1895 2500 3577 2573">
     <span class='ocr_line' id='line_1_55' title="bbox 1895 2500 3577 2573; baseline -0.002 -12"><span class='ocrx_word' id='word_1_414' title='bbox 1895 2521 2084 2561; x_wconf 87' lang='lat' dir='ltr'><strong>versus</strong></span> <span class='ocrx_word' id='word_1_415' title='bbox 2106 2506 2391 2573; x_wconf 74' lang='lat' dir='ltr'><strong>Origenem</strong></span> <span class='ocrx_word' id='word_1_416' title='bbox 2419 2514 2473 2558; x_wconf 86' lang='lat' dir='ltr'><strong>et</strong></span> <span class='ocrx_word' id='word_1_417' title='bbox 2495 2514 2790 2559; x_wconf 87' lang='lat' dir='ltr'><strong>sectatores</strong></span> <span class='ocrx_word' id='word_1_418' title='bbox 2810 2502 2927 2573; x_wconf 91' lang='lat' dir='ltr'><strong>ejus</strong></span> <span class='ocrx_word' id='word_1_419' title='bbox 2956 2521 2968 2556; x_wconf 88' lang='lat'><strong>:</strong></span> <span class='ocrx_word' id='word_1_420' title='bbox 2996 2502 3218 2557; x_wconf 80' lang='lat' dir='ltr'><strong>habetur</strong></span> <span class='ocrx_word' id='word_1_421' title='bbox 3247 2501 3338 2557; x_wconf 89' lang='lat' dir='ltr'><strong>Gr.</strong></span> <span class='ocrx_word' id='word_1_422' title='bbox 3366 2503 3483 2557; x_wconf 87' lang='lat' dir='ltr'><strong>Lat.</strong></span> <span class='ocrx_word' id='word_1_423' title='bbox 3574 2500 3577 2503; x_wconf 81' lang='grc'><em>’</em></span> 
     </span>
    </p>
   </div>
   <div class='ocr_carea' id='block_1_56' title="bbox 1894 2596 3490 2668">
    <p class='ocr_par' dir='ltr' id='par_1_56' title="bbox 1894 2596 3490 2668">
     <span class='ocr_line' id='line_1_56' title="bbox 1894 2596 3490 2668; baseline -0.003 -12"><span class='ocrx_word' id='word_1_424' title='bbox 1894 2600 2101 2656; x_wconf 85' lang='lat' dir='ltr'><strong>Concil.</strong></span> <span class='ocrx_word' id='word_1_425' title='bbox 2153 2611 2281 2653; x_wconf 89' lang='lat' dir='ltr'><strong>tom.</strong></span> <span class='ocrx_word' id='word_1_426' title='bbox 2319 2598 2391 2665; x_wconf 86' lang='lat' dir='ltr'><strong>V,</strong></span> <span class='ocrx_word' id='word_1_427' title='bbox 2444 2613 2495 2666; x_wconf 92' lang='lat' dir='ltr'><strong>p.</strong></span> <span class='ocrx_word' id='word_1_428' title='bbox 2529 2597 2652 2653; x_wconf 88' lang='lat'><strong>679.</strong></span> <span class='ocrx_word' id='word_1_429' title='bbox 2694 2596 2959 2666; x_wconf 79' lang='lat' dir='ltr'><strong>Confessio</strong></span> <span class='ocrx_word' id='word_1_430' title='bbox 3004 2606 3153 2650; x_wconf 74' lang='lat' dir='ltr'><strong>recta:</strong></span> <span class='ocrx_word' id='word_1_431' title='bbox 3204 2597 3325 2665; x_wconf 79' lang='lat' dir='ltr'><strong>ﬁdei</strong></span> <span class='ocrx_word' id='word_1_432' title='bbox 3364 2597 3490 2668; x_wconf 78' lang='lat' dir='ltr'><strong>(sive</strong></span> 
     </span>
    </p>
   </div>
   <div class='ocr_carea' id='block_1_57' title="bbox 1896 2686 3486 2759">
    <p class='ocr_par' dir='ltr' id='par_1_57' title="bbox 1896 2686 3486 2759">
     <span class='ocr_line' id='line_1_57' title="bbox 1896 2686 3486 2759; baseline -0.002 -12"><span class='ocrx_word' id='word_1_433' title='bbox 1896 2692 2139 2747; x_wconf 82' lang='lat' dir='ltr'><strong>Edictum</strong></span> <span class='ocrx_word' id='word_1_434' title='bbox 2164 2706 2341 2745; x_wconf 89' lang='lat' dir='ltr'><strong>contra</strong></span> <span class='ocrx_word' id='word_1_435' title='bbox 2370 2691 2470 2744; x_wconf 88' lang='lat' dir='ltr'><strong>tria</strong></span> <span class='ocrx_word' id='word_1_436' title='bbox 2497 2687 2772 2759; x_wconf 83' lang='lat' dir='ltr'><strong>Capitula)</strong></span> <span class='ocrx_word' id='word_1_437' title='bbox 2804 2704 2943 2742; x_wconf 89' lang='lat' dir='ltr'><strong>anno</strong></span> <span class='ocrx_word' id='word_1_438' title='bbox 2974 2686 3079 2743; x_wconf 69' lang='grc'><strong>515</strong></span> <span class='ocrx_word' id='word_1_439' title='bbox 3108 2688 3306 2759; x_wconf 89' lang='lat' dir='ltr'><strong>scripta</strong></span> <span class='ocrx_word' id='word_1_440' title='bbox 3340 2706 3353 2742; x_wconf 90' lang='lat'><strong>:</strong></span> <span class='ocrx_word' id='word_1_441' title='bbox 3386 2703 3486 2744; x_wconf 81' lang='lat' dir='ltr'><strong>ex-</strong></span> 
     </span>
    </p>
   </div>
   <div class='ocr_carea' id='block_1_58' title="bbox 1894 2779 3489 2851">
    <p class='ocr_par' dir='ltr' id='par_1_58' title="bbox 1894 2779 3489 2851">
     <span class='ocr_line' id='line_1_58' title="bbox 1894 2779 3489 2851; baseline -0.005 -10"><span class='ocrx_word' id='word_1_442' title='bbox 1894 2794 1999 2841; x_wconf 87' lang='lat' dir='ltr'><strong>stat</strong></span> <span class='ocrx_word' id='word_1_443' title='bbox 2024 2785 2117 2840; x_wconf 90' lang='lat' dir='ltr'><strong>Gr.</strong></span> <span class='ocrx_word' id='word_1_444' title='bbox 2152 2784 2267 2838; x_wconf 87' lang='lat' dir='ltr'><strong>Lat.</strong></span> <span class='ocrx_word' id='word_1_445' title='bbox 2295 2782 2497 2837; x_wconf 86' lang='lat' dir='ltr'><strong>Concil.</strong></span> <span class='ocrx_word' id='word_1_446' title='bbox 2532 2790 2663 2836; x_wconf 85' lang='lat' dir='ltr'><strong>tom.</strong></span> <span class='ocrx_word' id='word_1_447' title='bbox 2691 2780 2753 2847; x_wconf 87' lang='lat' dir='ltr'><strong>V,</strong></span> <span class='ocrx_word' id='word_1_448' title='bbox 2785 2797 2835 2850; x_wconf 91' lang='lat' dir='ltr'><strong>p.</strong></span> <span class='ocrx_word' id='word_1_449' title='bbox 2866 2780 2993 2835; x_wconf 69' lang='lat'><strong>684.</strong></span> <span class='ocrx_word' id='word_1_450' title='bbox 3021 2780 3258 2851; x_wconf 86' lang='lat' dir='ltr'><strong>Epistola</strong></span> <span class='ocrx_word' id='word_1_451' title='bbox 3284 2780 3352 2834; x_wconf 86' lang='lat' dir='ltr'><strong>ad</strong></span> <span class='ocrx_word' id='word_1_452' title='bbox 3384 2779 3489 2833; x_wconf 88' lang='lat' dir='ltr'><strong>Pa-</strong></span> 
     </span>
    </p>
   </div>
   <div class='ocr_carea' id='block_1_59' title="bbox 1896 2874 3485 2948">
    <p class='ocr_par' dir='ltr' id='par_1_59' title="bbox 1896 2874 3485 2948">
     <span class='ocr_line' id='line_1_59' title="bbox 1896 2874 3485 2948; baseline -0.003 -15"><span class='ocrx_word' id='word_1_453' title='bbox 1896 2888 1996 2933; x_wconf 86' lang='lat' dir='ltr'><strong>tres</strong></span> <span class='ocrx_word' id='word_1_454' title='bbox 2050 2878 2233 2948; x_wconf 83' lang='lat' dir='ltr'><strong>synodi</strong></span> <span class='ocrx_word' id='word_1_455' title='bbox 2280 2874 2893 2945; x_wconf 71' lang='lat' dir='ltr'><strong>Constantinopolitanw,</strong></span> <span class='ocrx_word' id='word_1_456' title='bbox 2944 2889 3086 2929; x_wconf 90' lang='lat' dir='ltr'><strong>anno</strong></span> <span class='ocrx_word' id='word_1_457' title='bbox 3148 2874 3253 2930; x_wconf 72' lang='grc'><strong>546</strong></span> <span class='ocrx_word' id='word_1_458' title='bbox 3299 2876 3485 2929; x_wconf 75' lang='lat' dir='ltr'><strong>habita:</strong></span> 
     </span>
    </p>
   </div>
   <div class='ocr_carea' id='block_1_60' title="bbox 1895 2967 3485 3038">
    <p class='ocr_par' dir='ltr' id='par_1_60' title="bbox 1895 2967 3485 3038">
     <span class='ocr_line' id='line_1_60' title="bbox 1895 2967 3485 3038; baseline -0.002 -12"><span class='ocrx_word' id='word_1_459' title='bbox 1895 2974 2135 3026; x_wconf 86' lang='lat' dir='ltr'><strong>adversus</strong></span> <span class='ocrx_word' id='word_1_460' title='bbox 2192 2971 2292 3023; x_wconf 86' lang='lat' dir='ltr'><strong>tria</strong></span> <span class='ocrx_word' id='word_1_461' title='bbox 2354 2967 2594 3038; x_wconf 85' lang='lat' dir='ltr'><strong>Capitula</strong></span> <span class='ocrx_word' id='word_1_462' title='bbox 2653 2985 2666 3020; x_wconf 89' lang='lat'><strong>:</strong></span> <span class='ocrx_word' id='word_1_463' title='bbox 2729 2976 2906 3022; x_wconf 88' lang='lat' dir='ltr'><strong>exstat</strong></span> <span class='ocrx_word' id='word_1_464' title='bbox 2960 2970 3055 3022; x_wconf 83' lang='lat' dir='ltr'><strong>Gr.</strong></span> <span class='ocrx_word' id='word_1_465' title='bbox 3106 2968 3227 3023; x_wconf 88' lang='lat' dir='ltr'><strong>Lat.</strong></span> <span class='ocrx_word' id='word_1_466' title='bbox 3278 2968 3485 3023; x_wconf 85' lang='lat' dir='ltr'><strong>Concil.</strong></span> 
     </span>
    </p>
   </div>
   <div class='ocr_carea' id='block_1_61' title="bbox 1896 3058 3489 3132">
    <p class='ocr_par' dir='ltr' id='par_1_61' title="bbox 1896 3058 3489 3132">
     <span class='ocr_line' id='line_1_61' title="bbox 1896 3058 3489 3132; baseline -0.003 -12"><span class='ocrx_word' id='word_1_467' title='bbox 1896 3074 2027 3119; x_wconf 89' lang='lat' dir='ltr'><strong>tom.</strong></span> <span class='ocrx_word' id='word_1_468' title='bbox 2057 3064 2129 3129; x_wconf 79' lang='grc' dir='ltr'><strong>ν,</strong></span> <span class='ocrx_word' id='word_1_469' title='bbox 2176 3077 2228 3132; x_wconf 95' lang='lat' dir='ltr'><strong>p.</strong></span> <span class='ocrx_word' id='word_1_470' title='bbox 2275 3059 2402 3115; x_wconf 68' lang='grc'><strong>724.</strong></span> <span class='ocrx_word' id='word_1_471' title='bbox 2451 3060 2507 3113; x_wconf 84' lang='grc' dir='ltr'><strong>1η</strong></span> <span class='ocrx_word' id='word_1_472' title='bbox 2557 3060 2769 3128; x_wconf 89' lang='lat' dir='ltr'><strong>scriptis</strong></span> <span class='ocrx_word' id='word_1_473' title='bbox 2818 3058 2970 3114; x_wconf 89' lang='lat' dir='ltr'><strong>hisce</strong></span> <span class='ocrx_word' id='word_1_474' title='bbox 3014 3059 3405 3113; x_wconf 87' lang='lat' dir='ltr'><strong>concinnandis</strong></span> <span class='ocrx_word' id='word_1_475' title='bbox 3441 3062 3489 3115; x_wconf 88' lang='lat' dir='ltr'><strong>si</strong></span> 
     </span>
    </p>
   </div>
   <div class='ocr_carea' id='block_1_62' title="bbox 194 3140 3487 3221">
    <p class='ocr_par' dir='ltr' id='par_1_62' title="bbox 194 3140 3487 3221">
     <span class='ocr_line' id='line_1_62' title="bbox 194 3140 3487 3221; baseline 0.001 -22"><span class='ocrx_word' id='word_1_476' title='bbox 194 3153 413 3201; x_wconf 85' lang='lat' dir='ltr'><strong>renlem</strong></span> <span class='ocrx_word' id='word_1_477' title='bbox 439 3160 457 3200; x_wconf 86' lang='lat'><strong>:</strong></span> <span class='ocrx_word' id='word_1_478' title='bbox 487 3162 506 3197; x_wconf 84' lang='grc'><strong>‹</strong></span> <span class='ocrx_word' id='word_1_479' title='bbox 539 3144 604 3199; x_wconf 89' lang='grc' dir='ltr'>Ει</span> <span class='ocrx_word' id='word_1_480' title='bbox 628 3162 737 3215; x_wconf 72' lang='lat' dir='ltr'><strong>pra:</strong></span> <span class='ocrx_word' id='word_1_481' title='bbox 776 3148 1052 3215; x_wconf 84' lang='lat' dir='ltr'><strong>omnibus,</strong></span> <span class='ocrx_word' id='word_1_482' title='bbox 1099 3148 1299 3218; x_wconf 88' lang='lat' dir='ltr'><strong>inquit,</strong></span> <span class='ocrx_word' id='word_1_483' title='bbox 1348 3150 1625 3204; x_wconf 75' lang='lat' dir='ltr'><strong>annulator</strong></span> <span class='ocrx_word' id='word_1_484' title='bbox 1658 3165 1795 3205; x_wconf 77' lang='lat' dir='ltr'><strong>vera:</strong></span> <span class='ocrx_word' id='word_1_485' title='bbox 1820 3140 1868 3205; x_wconf 85' lang='lat' dir='ltr'><strong><em>C</em></strong></span> <span class='ocrx_word' id='word_1_486' title='bbox 1902 3157 2063 3212; x_wconf 87' lang='lat' dir='ltr'><strong>modo</strong></span> <span class='ocrx_word' id='word_1_487' title='bbox 2090 3155 2481 3221; x_wconf 82' lang='lat' dir='ltr'><strong>Theologorum</strong></span> <span class='ocrx_word' id='word_1_488' title='bbox 2511 3165 2729 3205; x_wconf 89' lang='lat' dir='ltr'><strong>suorum</strong></span> <span class='ocrx_word' id='word_1_489' title='bbox 2778 3151 3001 3204; x_wconf 90' lang='lat' dir='ltr'><strong>consilio</strong></span> <span class='ocrx_word' id='word_1_490' title='bbox 3030 3159 3190 3219; x_wconf 89' lang='lat' dir='ltr'><strong>atque</strong></span> <span class='ocrx_word' id='word_1_491' title='bbox 3220 3149 3487 3203; x_wconf 81' lang='lat' dir='ltr'><strong>industria</strong></span> 
     </span>
    </p>
   </div>
   <div class='ocr_carea' id='block_1_63' title="bbox 198 3237 1789 3312">
    <p class='ocr_par' dir='ltr' id='par_1_63' title="bbox 198 3237 1789 3312">
     <span class='ocr_line' id='line_1_63' title="bbox 198 3237 1789 3312; baseline 0.003 -19"><span class='ocrx_word' id='word_1_492' title='bbox 198 3237 519 3307; x_wconf 75' lang='lat' dir='ltr'><strong>apostolicae</strong></span> <span class='ocrx_word' id='word_1_493' title='bbox 546 3238 667 3293; x_wconf 81' lang='lat' dir='ltr'><strong>ﬁdei</strong></span> <span class='ocrx_word' id='word_1_494' title='bbox 700 3238 801 3307; x_wconf 79' lang='lat' dir='ltr'><strong>piae</strong></span> <span class='ocrx_word' id='word_1_495' title='bbox 830 3242 1103 3295; x_wconf 76' lang='lat' dir='ltr'><strong>memorize</strong></span> <span class='ocrx_word' id='word_1_496' title='bbox 1140 3240 1469 3296; x_wconf 82' lang='lat' dir='ltr'><strong>Justinianus</strong></span> <span class='ocrx_word' id='word_1_497' title='bbox 1497 3248 1789 3312; x_wconf 66' lang='lat' dir='ltr'><strong>Augustus,</strong></span> 
     </span>
    </p>
   </div>
   <div class='ocr_carea' id='block_1_64' title="bbox 196 3329 1797 3403">
    <p class='ocr_par' dir='ltr' id='par_1_64' title="bbox 196 3329 1797 3403">
     <span class='ocr_line' id='line_1_64' title="bbox 196 3329 1797 3403; baseline 0.004 -18"><span class='ocrx_word' id='word_1_498' title='bbox 196 3329 362 3398; x_wconf 86' lang='lat' dir='ltr'><strong>cujus</strong></span> <span class='ocrx_word' id='word_1_499' title='bbox 379 3329 502 3385; x_wconf 80' lang='lat' dir='ltr'><strong>ﬁdei</strong></span> <span class='ocrx_word' id='word_1_500' title='bbox 527 3332 813 3399; x_wconf 90' lang='lat' dir='ltr'><strong>rectitudo,</strong></span> <span class='ocrx_word' id='word_1_501' title='bbox 838 3341 1093 3403; x_wconf 86' lang='lat' dir='ltr'><strong>quantum</strong></span> <span class='ocrx_word' id='word_1_502' title='bbox 1115 3349 1210 3403; x_wconf 91' lang='lat' dir='ltr'><strong>pro</strong></span> <span class='ocrx_word' id='word_1_503' title='bbox 1231 3335 1437 3389; x_wconf 89' lang='lat' dir='ltr'><strong>sincera</strong></span> <span class='ocrx_word' id='word_1_504' title='bbox 1462 3336 1797 3391; x_wconf 86' lang='lat' dir='ltr'><strong>confessione</strong></span> 
     </span>
    </p>
   </div>
   <div class='ocr_carea' id='block_1_65' title="bbox 197 3423 1798 3500">
    <p class='ocr_par' dir='ltr' id='par_1_65' title="bbox 197 3423 1798 3500">
     <span class='ocr_line' id='line_1_65' title="bbox 197 3423 1798 3500; baseline 0.002 -20"><span class='ocrx_word' id='word_1_505' title='bbox 197 3423 320 3480; x_wconf 85' lang='lat' dir='ltr'><strong>Deo</strong></span> <span class='ocrx_word' id='word_1_506' title='bbox 346 3423 563 3493; x_wconf 90' lang='lat' dir='ltr'><strong>placuit,</strong></span> <span class='ocrx_word' id='word_1_507' title='bbox 598 3434 800 3481; x_wconf 91' lang='lat' dir='ltr'><strong>tantum</strong></span> <span class='ocrx_word' id='word_1_508' title='bbox 832 3428 1215 3500; x_wconf 90' lang='lat' dir='ltr'><strong>rempublicam</strong></span> <span class='ocrx_word' id='word_1_509' title='bbox 1258 3428 1614 3485; x_wconf 86' lang='lat' dir='ltr'><strong>Christianam</strong></span> <span class='ocrx_word' id='word_1_510' title='bbox 1650 3430 1798 3484; x_wconf 79' lang='lat' dir='ltr'><strong>exal-</strong></span> 
     </span>
    </p>
   </div>
   <div class='ocr_carea' id='block_1_66' title="bbox 196 3517 1798 3593">
    <p class='ocr_par' dir='ltr' id='par_1_66' title="bbox 196 3517 1798 3593">
     <span class='ocr_line' id='line_1_66' title="bbox 196 3517 1798 3593; baseline 0.003 -20"><span class='ocrx_word' id='word_1_511' title='bbox 196 3517 365 3583; x_wconf 80' lang='lat' dir='ltr'><strong>tavit;</strong></span> <span class='ocrx_word' id='word_1_512' title='bbox 410 3527 464 3573; x_wconf 90' lang='lat' dir='ltr'><strong>et</strong></span> <span class='ocrx_word' id='word_1_513' title='bbox 510 3533 674 3589; x_wconf 89' lang='lat' dir='ltr'><strong>usque</strong></span> <span class='ocrx_word' id='word_1_514' title='bbox 702 3520 773 3575; x_wconf 92' lang='lat' dir='ltr'><strong>ab</strong></span> <span class='ocrx_word' id='word_1_515' title='bbox 806 3522 1057 3578; x_wconf 87' lang='lat' dir='ltr'><strong>omnibus</strong></span> <span class='ocrx_word' id='word_1_516' title='bbox 1102 3522 1352 3591; x_wconf 76' lang='lat' dir='ltr'><strong>gentibus</strong></span> <span class='ocrx_word' id='word_1_517' title='bbox 1397 3521 1516 3591; x_wconf 91' lang='lat' dir='ltr'><strong>ejus</strong></span> <span class='ocrx_word' id='word_1_518' title='bbox 1549 3522 1798 3593; x_wconf 86' lang='lat' dir='ltr'><strong>religiosa</strong></span> 
     </span>
    </p>
   </div>
   <div class='ocr_carea' id='block_1_67' title="bbox 1901 3240 3491 3309">
    <p class='ocr_par' dir='ltr' id='par_1_67' title="bbox 1901 3240 3491 3309">
     <span class='ocr_line' id='line_1_67' title="bbox 1901 3240 3491 3309; baseline -0.006 -5"><span class='ocrx_word' id='word_1_519' title='bbox 1901 3263 2028 3304; x_wconf 91' lang='lat' dir='ltr'><strong>usus</strong></span> <span class='ocrx_word' id='word_1_520' title='bbox 2054 3256 2136 3301; x_wconf 89' lang='lat' dir='ltr'><strong>est</strong></span> <span class='ocrx_word' id='word_1_521' title='bbox 2163 3245 2519 3309; x_wconf 83' lang='lat' dir='ltr'><strong>Justinianus,</strong></span> <span class='ocrx_word' id='word_1_522' title='bbox 2555 3256 2653 3297; x_wconf 90' lang='lat' dir='ltr'><strong>nec</strong></span> <span class='ocrx_word' id='word_1_523' title='bbox 2694 3256 2892 3296; x_wconf 86' lang='lat' dir='ltr'><strong>novum</strong></span> <span class='ocrx_word' id='word_1_524' title='bbox 2924 3242 2997 3309; x_wconf 87' lang='lat' dir='ltr'><strong>id,</strong></span> <span class='ocrx_word' id='word_1_525' title='bbox 3029 3256 3126 3296; x_wconf 92' lang='lat' dir='ltr'><strong>nec</strong></span> <span class='ocrx_word' id='word_1_526' title='bbox 3154 3240 3344 3295; x_wconf 86' lang='lat' dir='ltr'><strong>mirum</strong></span> <span class='ocrx_word' id='word_1_527' title='bbox 3371 3241 3491 3295; x_wconf 82' lang='lat' dir='ltr'><strong>cui-</strong></span> 
     </span>
    </p>
   </div>
   <div class='ocr_carea' id='block_1_68' title="bbox 1902 3330 3493 3407">
    <p class='ocr_par' dir='ltr' id='par_1_68' title="bbox 1902 3330 3493 3407">
     <span class='ocr_line' id='line_1_68' title="bbox 1902 3330 3493 3407; baseline -0.003 -14"><span class='ocrx_word' id='word_1_528' title='bbox 1902 3354 2061 3407; x_wconf 90' lang='lat' dir='ltr'><strong>quam</strong></span> <span class='ocrx_word' id='word_1_529' title='bbox 2105 3337 2272 3392; x_wconf 86' lang='lat' dir='ltr'><strong>videri</strong></span> <span class='ocrx_word' id='word_1_530' title='bbox 2305 3336 2523 3399; x_wconf 85' lang='lat' dir='ltr'><strong>debeat,</strong></span> <span class='ocrx_word' id='word_1_531' title='bbox 2555 3348 2653 3389; x_wconf 88' lang='lat' dir='ltr'><strong>nec</strong></span> <span class='ocrx_word' id='word_1_532' title='bbox 2682 3332 2857 3388; x_wconf 89' lang='lat' dir='ltr'><strong>minus</strong></span> <span class='ocrx_word' id='word_1_533' title='bbox 2887 3332 3084 3388; x_wconf 86' lang='lat' dir='ltr'><strong>idcirco</strong></span> <span class='ocrx_word' id='word_1_534' title='bbox 3125 3332 3239 3387; x_wconf 84' lang='lat' dir='ltr'><strong>haec</strong></span> <span class='ocrx_word' id='word_1_535' title='bbox 3271 3330 3493 3402; x_wconf 87' lang='lat' dir='ltr'><strong>proprio</strong></span> 
     </span>
    </p>
   </div>
   <div class='ocr_carea' id='block_1_69' title="bbox 1904 3424 2815 3498">
    <p class='ocr_par' dir='ltr' id='par_1_69' title="bbox 1904 3424 2815 3498">
     <span class='ocr_line' id='line_1_69' title="bbox 1904 3424 2815 3498; baseline -0.007 -12"><span class='ocrx_word' id='word_1_536' title='bbox 1904 3431 2074 3486; x_wconf 80' lang='lat' dir='ltr'><strong>Marte</strong></span> <span class='ocrx_word' id='word_1_537' title='bbox 2101 3428 2381 3498; x_wconf 89' lang='lat' dir='ltr'><strong>scripsisse</strong></span> <span class='ocrx_word' id='word_1_538' title='bbox 2403 3424 2662 3482; x_wconf 88' lang='lat' dir='ltr'><strong>dicendus</strong></span> <span class='ocrx_word' id='word_1_539' title='bbox 2691 3424 2815 3480; x_wconf 87' lang='lat' dir='ltr'><strong>erit.</strong></span> 
     </span>
    </p>
   </div>
   <div class='ocr_carea' id='block_1_70' title="bbox 269 3604 3492 3701">
    <p class='ocr_par' dir='ltr' id='par_1_70' title="bbox 269 3604 3492 3701">
     <span class='ocr_line' id='line_1_70' title="bbox 269 3604 3492 3701; baseline -0.001 -22"><span class='ocrx_word' id='word_1_540' title='bbox 269 3632 286 3651; x_wconf 82' lang='grc'><strong>⁹</strong></span> <span class='ocrx_word' id='word_1_541' title='bbox 312 3630 471 3701; x_wconf 61' lang='grc' dir='ltr'><strong>ῌυίυε</strong></span> <span class='ocrx_word' id='word_1_542' title='bbox 490 3634 705 3701; x_wconf 58' lang='grc' dir='ltr'><strong>ετίιίεεε</strong></span> <span class='ocrx_word' id='word_1_543' title='bbox 741 3634 998 3685; x_wconf 86' lang='lat' dir='ltr'><strong>acrimonia</strong></span> <span class='ocrx_word' id='word_1_544' title='bbox 1037 3636 1281 3687; x_wconf 88' lang='lat' dir='ltr'><strong>hominem</strong></span> <span class='ocrx_word' id='word_1_545' title='bbox 1321 3635 1641 3699; x_wconf 79' lang='lat' dir='ltr'><strong>Anglicanam</strong></span> <span class='ocrx_word' id='word_1_546' title='bbox 1666 3638 1843 3701; x_wconf 85' lang='lat' dir='ltr'><strong>prodit.</strong></span> <span class='ocrx_word' id='word_1_547' title='bbox 1880 3637 2125 3689; x_wconf 70' lang='lat' dir='ltr'><strong>Caeterum</strong></span> <span class='ocrx_word' id='word_1_548' title='bbox 2151 3642 2396 3697; x_wconf 88' lang='lat' dir='ltr'><strong>quatenus</strong></span> <span class='ocrx_word' id='word_1_549' title='bbox 2424 3630 2587 3684; x_wconf 81' lang='lat' dir='ltr'><strong>Cavea</strong></span> <span class='ocrx_word' id='word_1_550' title='bbox 2617 3627 2987 3681; x_wconf 85' lang='lat' dir='ltr'><strong>assentiendum</strong></span> <span class='ocrx_word' id='word_1_551' title='bbox 3012 3627 3095 3689; x_wconf 82' lang='lat' dir='ltr'><strong>sit,</strong></span> <span class='ocrx_word' id='word_1_552' title='bbox 3126 3625 3314 3689; x_wconf 75' lang='lat' dir='ltr'><strong>iudicet</strong></span> <span class='ocrx_word' id='word_1_553' title='bbox 3336 3624 3492 3677; x_wconf 84' lang='lat' dir='ltr'><strong>lector</strong></span> 
     </span>
    </p>
   </div>
   <div class='ocr_carea' id='block_1_71' title="bbox 198 3692 620 3745">
    <p class='ocr_par' dir='ltr' id='par_1_71' title="bbox 198 3692 620 3745">
     <span class='ocr_line' id='line_1_71' title="bbox 198 3692 620 3745; baseline -0.005 0"><span class='ocrx_word' id='word_1_554' title='bbox 198 3692 447 3745; x_wconf 77' lang='lat' dir='ltr'><strong>eruditus.</strong></span> <span class='ocrx_word' id='word_1_555' title='bbox 488 3692 620 3743; x_wconf 81' lang='lat' dir='ltr'><strong>Eutr.</strong></span> 
     </span>
    </p>
   </div>
   <div class='ocr_carea' id='block_1_72' title="bbox 652 3897 3048 4077">
    <p class='ocr_par' dir='ltr' id='par_1_72' title="bbox 652 3897 3048 4077">
     <span class='ocr_line' id='line_1_72' title="bbox 652 3897 3048 4077; baseline -0.003 -41"><span class='ocrx_word' id='word_1_556' title='bbox 652 3904 1708 4077; x_wconf 55' lang='lat' dir='ltr'><strong>,LUSTINIANI</strong></span> <span class='ocrx_word' id='word_1_557' title='bbox 1803 3897 3048 4031; x_wconf 66' lang='lat' dir='ltr'><strong>IMPER’ATORIS</strong></span> 
     </span>
    </p>
   </div>
   <div class='ocr_carea' id='block_1_73' title="bbox 306 4094 1815 4345">
    <p class='ocr_par' dir='ltr' id='par_1_73' title="bbox 306 4101 1815 4345">
     <span class='ocr_line' id='line_1_73' title="bbox 306 4101 1815 4345; baseline 0.001 -92"><span class='ocrx_word' id='word_1_558' title='bbox 306 4101 1016 4257; x_wconf 53' lang='lat' dir='ltr'><strong>“Nllllllltltlll</strong></span> <span class='ocrx_word' id='word_1_559' title='bbox 1126 4102 1295 4252; x_wconf 81' lang='lat' dir='ltr'><strong>AD</strong></span> <span class='ocrx_word' id='word_1_560' title='bbox 1402 4101 1815 4345; x_wconf 52' lang='lat' dir='ltr'><strong>sunt}</strong></span> 
     </span>
    </p>
   </div>
   <div class='ocr_carea' id='block_1_74' title="bbox 1901 4094 3258 4345">
    <p class='ocr_par' dir='ltr' id='par_1_74' title="bbox 1901 4094 3258 4344">
     <span class='ocr_line' id='line_1_74' title="bbox 1901 4094 3258 4344; baseline -0.007 -90"><span class='ocrx_word' id='word_1_561' title='bbox 1901 4102 2196 4344; x_wconf 57' lang='lat' dir='ltr'><strong>alia</strong></span> <span class='ocrx_word' id='word_1_562' title='bbox 2304 4094 3258 4251; x_wconf 76' lang='lat' dir='ltr'><strong>PERTINENTES.</strong></span> 
     </span>
    </p>
   </div>
   <div class='ocr_carea' id='block_1_75' title="bbox 774 4390 1221 4449">
    <p class='ocr_par' dir='ltr' id='par_1_75' title="bbox 774 4390 1221 4449">
     <span class='ocr_line' id='line_1_75' title="bbox 774 4390 1221 4449; baseline 0.002 -2"><span class='ocrx_word' id='word_1_563' title='bbox 774 4390 1095 4448; x_wconf 80' lang='lat' dir='ltr'><strong>NOVELLA</strong></span> <span class='ocrx_word' id='word_1_564' title='bbox 1135 4392 1221 4449; x_wconf 88' lang='grc'><strong>111.</strong></span> 
     </span>
    </p>
   </div>
   <div class='ocr_carea' id='block_1_76' title="bbox 218 4506 1799 4565">
    <p class='ocr_par' dir='ltr' id='par_1_76' title="bbox 218 4506 1799 4565">
     <span class='ocr_line' id='line_1_76' title="bbox 218 4506 1799 4565; baseline 0.001 -6"><span class='ocrx_word' id='word_1_565' title='bbox 218 4506 285 4565; x_wconf 85' lang='lat' dir='ltr'><strong>Ut</strong></span> <span class='ocrx_word' id='word_1_566' title='bbox 339 4506 696 4560; x_wconf 85' lang='lat' dir='ltr'><strong>determinatus</strong></span> <span class='ocrx_word' id='word_1_567' title='bbox 741 4506 804 4559; x_wconf 89' lang='lat' dir='ltr'><strong>sit</strong></span> <span class='ocrx_word' id='word_1_568' title='bbox 841 4523 1079 4560; x_wconf 81' lang='lat' dir='ltr'><strong>numerus</strong></span> <span class='ocrx_word' id='word_1_569' title='bbox 1119 4507 1425 4560; x_wconf 86' lang='lat' dir='ltr'><strong>clericorum</strong></span> <span class='ocrx_word' id='word_1_570' title='bbox 1464 4516 1799 4561; x_wconf 73' lang='lat' dir='ltr'><strong>sanctissima:</strong></span> 
     </span>
    </p>
   </div>
   <div class='ocr_carea' id='block_1_77' title="bbox 283 4577 1798 4649">
    <p class='ocr_par' dir='ltr' id='par_1_77' title="bbox 283 4577 1798 4649">
     <span class='ocr_line' id='line_1_77' title="bbox 283 4577 1798 4649; baseline 0.001 -18"><span class='ocrx_word' id='word_1_571' title='bbox 283 4577 492 4649; x_wconf 81' lang='lat' dir='ltr'><strong>majoris</strong></span> <span class='ocrx_word' id='word_1_572' title='bbox 518 4578 759 4649; x_wconf 65' lang='lat' dir='ltr'><strong>ecclesia,</strong></span> <span class='ocrx_word' id='word_1_573' title='bbox 791 4593 947 4642; x_wconf 85' lang='lat' dir='ltr'><strong>neque</strong></span> <span class='ocrx_word' id='word_1_574' title='bbox 988 4594 1089 4630; x_wconf 84' lang='lat' dir='ltr'><strong>non</strong></span> <span class='ocrx_word' id='word_1_575' title='bbox 1120 4580 1798 4649; x_wconf 65' lang='lat' dir='ltr'><strong>ceterarumsanctissima-</strong></span> 
     </span>
    </p>
   </div>
   <div class='ocr_carea' id='block_1_78' title="bbox 282 4648 1524 4718">
    <p class='ocr_par' dir='ltr' id='par_1_78' title="bbox 282 4648 1524 4718">
     <span class='ocr_line' id='line_1_78' title="bbox 282 4648 1524 4718; baseline -0.001 -16"><span class='ocrx_word' id='word_1_576' title='bbox 282 4664 397 4704; x_wconf 80' lang='lat' dir='ltr'><strong>rum</strong></span> <span class='ocrx_word' id='word_1_577' title='bbox 426 4648 752 4702; x_wconf 81' lang='lat' dir='ltr'><strong>ecclesiarum</strong></span> <span class='ocrx_word' id='word_1_578' title='bbox 782 4649 934 4718; x_wconf 84' lang='lat' dir='ltr'><strong>hujus</strong></span> <span class='ocrx_word' id='word_1_579' title='bbox 964 4649 1341 4717; x_wconf 62' lang='lat' dir='ltr'><strong>angustissimis</strong></span> <span class='ocrx_word' id='word_1_580' title='bbox 1365 4648 1524 4702; x_wconf 85' lang='lat' dir='ltr'><strong>urbis.</strong></span> 
     </span>
    </p>
   </div>
   <div class='ocr_carea' id='block_1_79' title="bbox 283 4757 1799 4831">
    <p class='ocr_par' dir='ltr' id='par_1_79' title="bbox 283 4757 1799 4831">
     <span class='ocr_line' id='line_1_79' title="bbox 283 4757 1799 4831; baseline -0.002 -15"><span class='ocrx_word' id='word_1_581' title='bbox 283 4762 578 4831; x_wconf 87' lang='lat' dir='ltr'><strong>Imperator</strong></span> <span class='ocrx_word' id='word_1_582' title='bbox 614 4760 944 4815; x_wconf 84' lang='lat' dir='ltr'><strong>Justinianus</strong></span> <span class='ocrx_word' id='word_1_583' title='bbox 974 4759 1241 4828; x_wconf 81' lang='lat' dir='ltr'><strong>Augustus</strong></span> <span class='ocrx_word' id='word_1_584' title='bbox 1290 4757 1589 4825; x_wconf 84' lang='lat' dir='ltr'><strong>Epiphanio</strong></span> <span class='ocrx_word' id='word_1_585' title='bbox 1636 4760 1799 4828; x_wconf 60' lang='lat' dir='ltr'><strong>regias</strong></span> 
     </span>
    </p>
   </div>
   <div class='ocr_carea' id='block_1_80' title="bbox 214 4848 1799 4923">
    <p class='ocr_par' dir='ltr' id='par_1_80' title="bbox 214 4848 1799 4923">
     <span class='ocr_line' id='line_1_80' title="bbox 214 4848 1799 4923; baseline -0.004 -14"><span class='ocrx_word' id='word_1_586' title='bbox 214 4852 371 4923; x_wconf 88' lang='lat' dir='ltr'><strong>hujus</strong></span> <span class='ocrx_word' id='word_1_587' title='bbox 418 4853 565 4908; x_wconf 88' lang='lat' dir='ltr'><strong>urbis</strong></span> <span class='ocrx_word' id='word_1_588' title='bbox 593 4851 1031 4920; x_wconf 90' lang='lat' dir='ltr'><strong>archiepiscopo,</strong></span> <span class='ocrx_word' id='word_1_589' title='bbox 1066 4858 1122 4904; x_wconf 90' lang='lat' dir='ltr'><strong>et</strong></span> <span class='ocrx_word' id='word_1_590' title='bbox 1162 4849 1401 4904; x_wconf 88' lang='lat' dir='ltr'><strong>universi</strong></span> <span class='ocrx_word' id='word_1_591' title='bbox 1433 4848 1551 4917; x_wconf 92' lang='lat' dir='ltr'><strong>ejus</strong></span> <span class='ocrx_word' id='word_1_592' title='bbox 1598 4856 1799 4903; x_wconf 89' lang='lat' dir='ltr'><strong>tractus</strong></span> 
     </span>
    </p>
   </div>
   <div class='ocr_carea' id='block_1_81' title="bbox 213 4946 549 5018">
    <p class='ocr_par' dir='ltr' id='par_1_81' title="bbox 213 4946 549 5018">
     <span class='ocr_line' id='line_1_81' title="bbox 213 4946 549 5018; baseline -0.006 -18"><span class='ocrx_word' id='word_1_593' title='bbox 213 4946 549 5018; x_wconf 74' lang='lat' dir='ltr'><strong>patriarchae.</strong></span> 
     </span>
    </p>
   </div>
   <div class='ocr_carea' id='block_1_82' title="bbox 280 5032 1797 5107">
    <p class='ocr_par' dir='ltr' id='par_1_82' title="bbox 280 5032 1797 5107">
     <span class='ocr_line' id='line_1_82' title="bbox 280 5032 1797 5107; baseline -0.005 -12"><span class='ocrx_word' id='word_1_594' title='bbox 280 5037 562 5095; x_wconf 86' lang='lat' dir='ltr'><strong>Communi</strong></span> <span class='ocrx_word' id='word_1_595' title='bbox 588 5037 803 5107; x_wconf 89' lang='lat' dir='ltr'><strong>quidem</strong></span> <span class='ocrx_word' id='word_1_596' title='bbox 832 5050 895 5091; x_wconf 89' lang='lat' dir='ltr'><strong>ac</strong></span> <span class='ocrx_word' id='word_1_597' title='bbox 920 5034 1156 5106; x_wconf 82' lang='lat' dir='ltr'><strong>generali</strong></span> <span class='ocrx_word' id='word_1_598' title='bbox 1187 5033 1301 5102; x_wconf 88' lang='lat' dir='ltr'><strong>lege</strong></span> <span class='ocrx_word' id='word_1_599' title='bbox 1325 5032 1434 5102; x_wconf 88' lang='lat' dir='ltr'><strong>jam</strong></span> <span class='ocrx_word' id='word_1_600' title='bbox 1460 5032 1665 5103; x_wconf 90' lang='lat' dir='ltr'><strong>pridem</strong></span> <span class='ocrx_word' id='word_1_601' title='bbox 1690 5040 1797 5087; x_wconf 89' lang='lat' dir='ltr'><strong>tam</strong></span> 
     </span>
    </p>
   </div>
   <div class='ocr_carea' id='block_1_83' title="bbox 214 5127 1798 5199">
    <p class='ocr_par' dir='ltr' id='par_1_83' title="bbox 214 5127 1798 5199">
     <span class='ocr_line' id='line_1_83' title="bbox 214 5127 1798 5199; baseline -0.007 -8"><span class='ocrx_word' id='word_1_602' title='bbox 214 5134 637 5199; x_wconf 87' lang='lat' dir='ltr'><strong>beatitudinem,</strong></span> <span class='ocrx_word' id='word_1_603' title='bbox 686 5147 720 5187; x_wconf 92' lang='lat' dir='ltr'><strong>o</strong></span> <span class='ocrx_word' id='word_1_604' title='bbox 766 5128 1095 5199; x_wconf 87' lang='lat' dir='ltr'><strong>patriarcha,</strong></span> <span class='ocrx_word' id='word_1_605' title='bbox 1140 5137 1317 5193; x_wconf 86' lang='lat' dir='ltr'><strong>tuam,</strong></span> <span class='ocrx_word' id='word_1_606' title='bbox 1368 5141 1527 5197; x_wconf 91' lang='lat' dir='ltr'><strong>quam</strong></span> <span class='ocrx_word' id='word_1_607' title='bbox 1561 5127 1798 5196; x_wconf 89' lang='lat' dir='ltr'><strong>reliquos</strong></span> 
     </span>
    </p>
   </div>
   <div class='ocr_carea' id='block_1_84' title="bbox 216 5221 1799 5294">
    <p class='ocr_par' dir='ltr' id='par_1_84' title="bbox 216 5221 1799 5294">
     <span class='ocr_line' id='line_1_84' title="bbox 216 5221 1799 5294; baseline -0.006 -12"><span class='ocrx_word' id='word_1_608' title='bbox 216 5227 583 5282; x_wconf 86' lang='lat' dir='ltr'><strong>sanctissimos</strong></span> <span class='ocrx_word' id='word_1_609' title='bbox 613 5226 943 5294; x_wconf 84' lang='lat' dir='ltr'><strong>patriarchas</strong></span> <span class='ocrx_word' id='word_1_610' title='bbox 973 5224 1040 5279; x_wconf 93' lang='lat' dir='ltr'><strong>de</strong></span> <span class='ocrx_word' id='word_1_611' title='bbox 1069 5221 1404 5277; x_wconf 88' lang='lat' dir='ltr'><strong>ordinatione</strong></span> <span class='ocrx_word' id='word_1_612' title='bbox 1433 5221 1799 5274; x_wconf 89' lang='lat' dir='ltr'><strong>sanctissimo-</strong></span> 
     </span>
    </p>
   </div>
   <div class='ocr_carea' id='block_1_85' title="bbox 214 5314 1796 5388">
    <p class='ocr_par' dir='ltr' id='par_1_85' title="bbox 214 5314 1796 5388">
     <span class='ocr_line' id='line_1_85' title="bbox 214 5314 1796 5388; baseline -0.003 -16"><span class='ocrx_word' id='word_1_613' title='bbox 214 5334 327 5372; x_wconf 88' lang='lat' dir='ltr'><strong>rum</strong></span> <span class='ocrx_word' id='word_1_614' title='bbox 354 5318 751 5388; x_wconf 84' lang='lat' dir='ltr'><strong>episcoporum,</strong></span> <span class='ocrx_word' id='word_1_615' title='bbox 776 5325 829 5371; x_wconf 91' lang='lat' dir='ltr'><strong>et</strong></span> <span class='ocrx_word' id='word_1_616' title='bbox 857 5314 1428 5372; x_wconf 87' lang='lat' dir='ltr'><strong>reverendissimorum</strong></span> <span class='ocrx_word' id='word_1_617' title='bbox 1454 5314 1796 5379; x_wconf 88' lang='lat' dir='ltr'><strong>clericorum,</strong></span> 
     </span>
    </p>
   </div>
   <div class='ocr_carea' id='block_1_86' title="bbox 217 5405 1797 5478">
    <p class='ocr_par' dir='ltr' id='par_1_86' title="bbox 217 5405 1797 5478">
     <span class='ocr_line' id='line_1_86' title="bbox 217 5405 1797 5478; baseline -0.003 -15"><span class='ocrx_word' id='word_1_618' title='bbox 217 5424 382 5478; x_wconf 88' lang='lat' dir='ltr'><strong>neque</strong></span> <span class='ocrx_word' id='word_1_619' title='bbox 413 5425 515 5463; x_wconf 93' lang='lat' dir='ltr'><strong>non</strong></span> <span class='ocrx_word' id='word_1_620' title='bbox 549 5408 861 5473; x_wconf 90' lang='lat' dir='ltr'><strong>mulierum,</strong></span> <span class='ocrx_word' id='word_1_621' title='bbox 894 5416 949 5462; x_wconf 89' lang='lat' dir='ltr'><strong>et</strong></span> <span class='ocrx_word' id='word_1_622' title='bbox 975 5407 1352 5471; x_wconf 89' lang='lat' dir='ltr'><strong>diaconorum,</strong></span> <span class='ocrx_word' id='word_1_623' title='bbox 1392 5416 1445 5459; x_wconf 90' lang='lat' dir='ltr'><strong>et</strong></span> <span class='ocrx_word' id='word_1_624' title='bbox 1477 5420 1543 5460; x_wconf 91' lang='lat' dir='ltr'><strong>ne</strong></span> <span class='ocrx_word' id='word_1_625' title='bbox 1574 5405 1797 5459; x_wconf 85' lang='lat' dir='ltr'><strong>ordina-</strong></span> 
     </span>
    </p>
   </div>
   <div class='ocr_carea' id='block_1_87' title="bbox 219 5497 1800 5566">
    <p class='ocr_par' dir='ltr' id='par_1_87' title="bbox 219 5497 1800 5566">
     <span class='ocr_line' id='line_1_87' title="bbox 219 5497 1800 5566; baseline -0.001 -13"><span class='ocrx_word' id='word_1_626' title='bbox 219 5508 388 5555; x_wconf 81' lang='lat' dir='ltr'><strong>torum</strong></span> <span class='ocrx_word' id='word_1_627' title='bbox 408 5515 661 5555; x_wconf 88' lang='lat' dir='ltr'><strong>numerus</strong></span> <span class='ocrx_word' id='word_1_628' title='bbox 681 5510 914 5553; x_wconf 86' lang='lat' dir='ltr'><strong>veterem</strong></span> <span class='ocrx_word' id='word_1_629' title='bbox 936 5499 1150 5552; x_wconf 89' lang='lat' dir='ltr'><strong>modum</strong></span> <span class='ocrx_word' id='word_1_630' title='bbox 1175 5497 1478 5563; x_wconf 82' lang='lat' dir='ltr'><strong>excederet,</strong></span> <span class='ocrx_word' id='word_1_631' title='bbox 1496 5497 1800 5566; x_wconf 88' lang='lat' dir='ltr'><strong>conscripta</strong></span> 
     </span>
    </p>
   </div>
   <div class='ocr_carea' id='block_1_88' title="bbox 217 5587 1796 5659">
    <p class='ocr_par' dir='ltr' id='par_1_88' title="bbox 217 5587 1796 5659">
     <span class='ocr_line' id='line_1_88' title="bbox 217 5587 1796 5659; baseline -0.004 -14"><span class='ocrx_word' id='word_1_632' title='bbox 217 5590 574 5659; x_wconf 87' lang='lat' dir='ltr'><strong>disposuimus</strong></span> <span class='ocrx_word' id='word_1_633' title='bbox 621 5604 954 5657; x_wconf 64' lang='lat' dir='ltr'><strong>quaecunque</strong></span> <span class='ocrx_word' id='word_1_634' title='bbox 1003 5589 1156 5643; x_wconf 90' lang='lat' dir='ltr'><strong>nobis</strong></span> <span class='ocrx_word' id='word_1_635' title='bbox 1188 5587 1410 5642; x_wconf 84' lang='lat' dir='ltr'><strong>honesta</strong></span> <span class='ocrx_word' id='word_1_636' title='bbox 1430 5627 1445 5651; x_wconf 91' lang='lat'><strong>,</strong></span> <span class='ocrx_word' id='word_1_637' title='bbox 1475 5597 1529 5641; x_wconf 91' lang='lat' dir='ltr'><strong>et</strong></span> <span class='ocrx_word' id='word_1_638' title='bbox 1560 5588 1753 5642; x_wconf 89' lang='lat' dir='ltr'><strong>decora</strong></span> <span class='ocrx_word' id='word_1_639' title='bbox 1781 5629 1796 5653; x_wconf 91' lang='lat'><strong>,</strong></span> 
     </span>
    </p>
   </div>
   <div class='ocr_carea' id='block_1_89' title="bbox 218 5677 1799 5750">
    <p class='ocr_par' dir='ltr' id='par_1_89' title="bbox 218 5677 1799 5750">
     <span class='ocr_line' id='line_1_89' title="bbox 218 5677 1799 5750; baseline -0.004 -14"><span class='ocrx_word' id='word_1_640' title='bbox 218 5683 489 5750; x_wconf 85' lang='lat' dir='ltr'><strong>sacrisque</strong></span> <span class='ocrx_word' id='word_1_641' title='bbox 536 5680 734 5749; x_wconf 89' lang='lat' dir='ltr'><strong>regulis</strong></span> <span class='ocrx_word' id='word_1_642' title='bbox 776 5678 1069 5734; x_wconf 88' lang='lat' dir='ltr'><strong>conlnrmia</strong></span> <span class='ocrx_word' id='word_1_643' title='bbox 1122 5692 1238 5732; x_wconf 88' lang='lat' dir='ltr'><strong>csse</strong></span> <span class='ocrx_word' id='word_1_644' title='bbox 1278 5677 1613 5733; x_wconf 90' lang='lat' dir='ltr'><strong>videbantur.</strong></span> <span class='ocrx_word' id='word_1_645' title='bbox 1657 5678 1799 5731; x_wconf 67' lang='lat' dir='ltr'><strong>Prae-</strong></span> 
     </span>
    </p>
   </div>
   <div class='ocr_carea' id='block_1_90' title="bbox 220 5767 1793 5843">
    <p class='ocr_par' dir='ltr' id='par_1_90' title="bbox 220 5767 1793 5843">
     <span class='ocr_line' id='line_1_90' title="bbox 220 5767 1793 5843; baseline -0.002 -16"><span class='ocrx_word' id='word_1_646' title='bbox 220 5780 323 5827; x_wconf 87' lang='lat' dir='ltr'><strong>tem</strong></span> <span class='ocrx_word' id='word_1_647' title='bbox 377 5785 503 5824; x_wconf 87' lang='lat' dir='ltr'><strong>vero</strong></span> <span class='ocrx_word' id='word_1_648' title='bbox 549 5770 717 5841; x_wconf 88' lang='lat' dir='ltr'><strong>legem</strong></span> <span class='ocrx_word' id='word_1_649' title='bbox 761 5771 1062 5843; x_wconf 88' lang='lat' dir='ltr'><strong>specialiter</strong></span> <span class='ocrx_word' id='word_1_650' title='bbox 1103 5768 1168 5825; x_wconf 92' lang='lat' dir='ltr'><strong>ad</strong></span> <span class='ocrx_word' id='word_1_651' title='bbox 1212 5767 1597 5825; x_wconf 83' lang='lat' dir='ltr'><strong>beatitudinem</strong></span> <span class='ocrx_word' id='word_1_652' title='bbox 1649 5778 1793 5824; x_wconf 86' lang='lat' dir='ltr'><strong>tuam</strong></span> 
     </span>
    </p>
   </div>
   <div class='ocr_carea' id='block_1_91' title="bbox 1823 4392 3492 4463">
    <p class='ocr_par' dir='ltr' id='par_1_91' title="bbox 1823 4392 3492 4463">
     <span class='ocr_line' id='line_1_91' title="bbox 1823 4392 3492 4463; baseline -0.003 -9"><span class='ocrx_word' id='word_1_653' title='bbox 1823 4396 1877 4455; x_wconf 82' lang='lat'><strong>1)</strong></span> <span class='ocrx_word' id='word_1_654' title='bbox 1903 4394 2224 4461; x_wconf 90' lang='lat' dir='ltr'><strong>scribimus,</strong></span> <span class='ocrx_word' id='word_1_655' title='bbox 2265 4392 2571 4463; x_wconf 87' lang='lat' dir='ltr'><strong>digerentes</strong></span> <span class='ocrx_word' id='word_1_656' title='bbox 2623 4393 2748 4450; x_wconf 90' lang='lat' dir='ltr'><strong>item</strong></span> <span class='ocrx_word' id='word_1_657' title='bbox 2779 4394 2830 4449; x_wconf 92' lang='lat' dir='ltr'><strong>in</strong></span> <span class='ocrx_word' id='word_1_658' title='bbox 2874 4394 3113 4449; x_wconf 87' lang='lat' dir='ltr'><strong>ordinem</strong></span> <span class='ocrx_word' id='word_1_659' title='bbox 3154 4408 3215 4448; x_wconf 89' lang='lat' dir='ltr'><strong>ea</strong></span> <span class='ocrx_word' id='word_1_660' title='bbox 3253 4410 3372 4463; x_wconf 84' lang='lat' dir='ltr'><strong>quae</strong></span> <span class='ocrx_word' id='word_1_661' title='bbox 3423 4394 3492 4450; x_wconf 90' lang='lat' dir='ltr'><strong>ad</strong></span> 
     </span>
    </p>
   </div>
   <div class='ocr_carea' id='block_1_92' title="bbox 1904 4487 3493 4545">
    <p class='ocr_par' dir='ltr' id='par_1_92' title="bbox 1904 4487 3493 4545">
     <span class='ocr_line' id='line_1_92' title="bbox 1904 4487 3493 4545; baseline 0 -2"><span class='ocrx_word' id='word_1_662' title='bbox 1904 4504 2186 4545; x_wconf 89' lang='lat' dir='ltr'><strong>numerum</strong></span> <span class='ocrx_word' id='word_1_663' title='bbox 2211 4488 2783 4544; x_wconf 90' lang='lat' dir='ltr'><strong>reverendissimorum</strong></span> <span class='ocrx_word' id='word_1_664' title='bbox 2805 4487 3123 4541; x_wconf 91' lang='lat' dir='ltr'><strong>clericorum</strong></span> <span class='ocrx_word' id='word_1_665' title='bbox 3156 4487 3207 4541; x_wconf 92' lang='lat' dir='ltr'><strong>in</strong></span> <span class='ocrx_word' id='word_1_666' title='bbox 3234 4487 3331 4542; x_wconf 91' lang='lat' dir='ltr'><strong>hac</strong></span> <span class='ocrx_word' id='word_1_667' title='bbox 3359 4487 3493 4543; x_wconf 87' lang='lat' dir='ltr'><strong>urbe</strong></span> 
     </span>
    </p>
   </div>
   <div class='ocr_carea' id='block_1_93' title="bbox 1903 4581 2191 4650">
    <p class='ocr_par' dir='ltr' id='par_1_93' title="bbox 1903 4581 2191 4650">
     <span class='ocr_line' id='line_1_93' title="bbox 1903 4581 2191 4650; baseline -0.007 -15"><span class='ocrx_word' id='word_1_668' title='bbox 1903 4581 2191 4650; x_wconf 88' lang='lat' dir='ltr'><strong>pertinent.</strong></span> 
     </span>
    </p>
   </div>
   <div class='ocr_carea' id='block_1_94' title="bbox 1972 4667 3490 4738">
    <p class='ocr_par' dir='ltr' id='par_1_94' title="bbox 1972 4667 3490 4738">
     <span class='ocr_line' id='line_1_94' title="bbox 1972 4667 3490 4738; baseline 0 -13"><span class='ocrx_word' id='word_1_669' title='bbox 1972 4673 2048 4725; x_wconf 85' lang='lat' dir='ltr'><strong>Ac</strong></span> <span class='ocrx_word' id='word_1_670' title='bbox 2069 4686 2189 4725; x_wconf 92' lang='lat' dir='ltr'><strong>cum</strong></span> <span class='ocrx_word' id='word_1_671' title='bbox 2222 4669 2351 4723; x_wconf 91' lang='lat' dir='ltr'><strong>nihil</strong></span> <span class='ocrx_word' id='word_1_672' title='bbox 2383 4684 2518 4738; x_wconf 87' lang='lat' dir='ltr'><strong>pene</strong></span> <span class='ocrx_word' id='word_1_673' title='bbox 2566 4683 2753 4723; x_wconf 91' lang='lat' dir='ltr'><strong>eorum</strong></span> <span class='ocrx_word' id='word_1_674' title='bbox 2784 4683 2909 4736; x_wconf 63' lang='lat' dir='ltr'><strong>quae</strong></span> <span class='ocrx_word' id='word_1_675' title='bbox 2932 4667 3158 4723; x_wconf 86' lang='lat' dir='ltr'><strong>honesta</strong></span> <span class='ocrx_word' id='word_1_676' title='bbox 3190 4678 3243 4723; x_wconf 89' lang='lat' dir='ltr'><strong>et</strong></span> <span class='ocrx_word' id='word_1_677' title='bbox 3266 4669 3490 4738; x_wconf 87' lang='lat' dir='ltr'><strong>pulchra</strong></span> 
     </span>
    </p>
   </div>
   <div class='ocr_carea' id='block_1_95' title="bbox 1902 4759 3492 4829">
    <p class='ocr_par' dir='ltr' id='par_1_95' title="bbox 1902 4759 3492 4829">
     <span class='ocr_line' id='line_1_95' title="bbox 1902 4759 3492 4829; baseline -0.003 -12"><span class='ocrx_word' id='word_1_678' title='bbox 1902 4771 2045 4826; x_wconf 86' lang='lat' dir='ltr'><strong>sunt,</strong></span> <span class='ocrx_word' id='word_1_679' title='bbox 2070 4763 2115 4816; x_wconf 90' lang='lat' dir='ltr'><strong>si</strong></span> <span class='ocrx_word' id='word_1_680' title='bbox 2145 4762 2359 4814; x_wconf 87' lang='lat' dir='ltr'><strong>modum</strong></span> <span class='ocrx_word' id='word_1_681' title='bbox 2389 4759 2751 4829; x_wconf 88' lang='lat' dir='ltr'><strong>egrediantur,</strong></span> <span class='ocrx_word' id='word_1_682' title='bbox 2775 4759 2981 4823; x_wconf 90' lang='lat' dir='ltr'><strong>deceat,</strong></span> <span class='ocrx_word' id='word_1_683' title='bbox 3006 4774 3074 4814; x_wconf 88' lang='lat' dir='ltr'><strong>ne</strong></span> <span class='ocrx_word' id='word_1_684' title='bbox 3103 4760 3492 4815; x_wconf 90' lang='lat' dir='ltr'><strong>reverendissi-</strong></span> 
     </span>
    </p>
   </div>
   <div class='ocr_carea' id='block_1_96' title="bbox 1902 4852 3488 4923">
    <p class='ocr_par' dir='ltr' id='par_1_96' title="bbox 1902 4852 3488 4923">
     <span class='ocr_line' id='line_1_96' title="bbox 1902 4852 3488 4923; baseline 0.002 -17"><span class='ocrx_word' id='word_1_685' title='bbox 1902 4870 2019 4907; x_wconf 91' lang='lat' dir='ltr'><strong>mos</strong></span> <span class='ocrx_word' id='word_1_686' title='bbox 2046 4852 2260 4923; x_wconf 91' lang='lat' dir='ltr'><strong>quidem</strong></span> <span class='ocrx_word' id='word_1_687' title='bbox 2287 4854 2511 4907; x_wconf 90' lang='lat' dir='ltr'><strong>clericos</strong></span> <span class='ocrx_word' id='word_1_688' title='bbox 2539 4860 2631 4905; x_wconf 90' lang='lat' dir='ltr'><strong>aut</strong></span> <span class='ocrx_word' id='word_1_689' title='bbox 2651 4852 3125 4908; x_wconf 87' lang='lat' dir='ltr'><strong>reverendissimas</strong></span> <span class='ocrx_word' id='word_1_690' title='bbox 3153 4853 3488 4909; x_wconf 87' lang='lat' dir='ltr'><strong>diaconissas</strong></span> 
     </span>
    </p>
   </div>
   <div class='ocr_carea' id='block_1_97' title="bbox 1902 4943 3491 5009">
    <p class='ocr_par' dir='ltr' id='par_1_97' title="bbox 1902 4943 3491 5009">
     <span class='ocr_line' id='line_1_97' title="bbox 1902 4943 3491 5009; baseline 0.002 -12"><span class='ocrx_word' id='word_1_691' title='bbox 1902 4951 1982 4998; x_wconf 92' lang='lat' dir='ltr'><strong>tot</strong></span> <span class='ocrx_word' id='word_1_692' title='bbox 2031 4943 2270 4998; x_wconf 87' lang='lat' dir='ltr'><strong>ordinari</strong></span> <span class='ocrx_word' id='word_1_693' title='bbox 2326 4944 2632 5009; x_wconf 90' lang='lat' dir='ltr'><strong>conveniat,</strong></span> <span class='ocrx_word' id='word_1_694' title='bbox 2655 4951 2714 4998; x_wconf 90' lang='lat' dir='ltr'><strong>ut</strong></span> <span class='ocrx_word' id='word_1_695' title='bbox 2767 4943 2871 4999; x_wconf 91' lang='lat' dir='ltr'><strong>illis</strong></span> <span class='ocrx_word' id='word_1_696' title='bbox 2916 4944 3124 5000; x_wconf 90' lang='lat' dir='ltr'><strong>alendis</strong></span> <span class='ocrx_word' id='word_1_697' title='bbox 3148 4958 3491 5001; x_wconf 86' lang='lat' dir='ltr'><strong>sacrosancta</strong></span> 
     </span>
    </p>
   </div>
   <div class='ocr_carea' id='block_1_98' title="bbox 1900 5036 3490 5107">
    <p class='ocr_par' dir='ltr' id='par_1_98' title="bbox 1900 5036 3490 5107">
     <span class='ocr_line' id='line_1_98' title="bbox 1900 5036 3490 5107; baseline 0.001 -17"><span class='ocrx_word' id='word_1_698' title='bbox 1900 5036 2074 5105; x_wconf 87' lang='lat' dir='ltr'><strong>major</strong></span> <span class='ocrx_word' id='word_1_699' title='bbox 2109 5037 2337 5092; x_wconf 89' lang='lat' dir='ltr'><strong>ecclesia</strong></span> <span class='ocrx_word' id='word_1_700' title='bbox 2391 5038 2445 5090; x_wconf 92' lang='lat' dir='ltr'><strong>in</strong></span> <span class='ocrx_word' id='word_1_701' title='bbox 2506 5037 2884 5093; x_wconf 89' lang='lat' dir='ltr'><strong>necessitatem</strong></span> <span class='ocrx_word' id='word_1_702' title='bbox 2928 5036 3104 5107; x_wconf 83' lang='lat' dir='ltr'><strong>magni</strong></span> <span class='ocrx_word' id='word_1_703' title='bbox 3154 5040 3276 5092; x_wconf 74' lang='lat' dir='ltr'><strong>aeris</strong></span> <span class='ocrx_word' id='word_1_704' title='bbox 3327 5036 3490 5093; x_wconf 86' lang='lat' dir='ltr'><strong>alieni</strong></span> 
     </span>
    </p>
   </div>
   <div class='ocr_carea' id='block_1_99' title="bbox 1900 5127 3486 5199">
    <p class='ocr_par' dir='ltr' id='par_1_99' title="bbox 1900 5127 3486 5199">
     <span class='ocr_line' id='line_1_99' title="bbox 1900 5127 3486 5199; baseline 0 -16"><span class='ocrx_word' id='word_1_705' title='bbox 1900 5127 2121 5194; x_wconf 89' lang='lat' dir='ltr'><strong>incidat,</strong></span> <span class='ocrx_word' id='word_1_706' title='bbox 2145 5137 2198 5183; x_wconf 92' lang='lat' dir='ltr'><strong>et</strong></span> <span class='ocrx_word' id='word_1_707' title='bbox 2223 5129 2291 5182; x_wconf 89' lang='lat' dir='ltr'><strong>ad</strong></span> <span class='ocrx_word' id='word_1_708' title='bbox 2315 5137 2616 5184; x_wconf 84' lang='lat' dir='ltr'><strong>extremam</strong></span> <span class='ocrx_word' id='word_1_709' title='bbox 2648 5130 2902 5198; x_wconf 86' lang='lat' dir='ltr'><strong>paulatim</strong></span> <span class='ocrx_word' id='word_1_710' title='bbox 2934 5130 3166 5199; x_wconf 89' lang='lat' dir='ltr'><strong>inopiam</strong></span> <span class='ocrx_word' id='word_1_711' title='bbox 3187 5128 3486 5184; x_wconf 79' lang='lat' dir='ltr'><strong>deferatur.</strong></span> 
     </span>
    </p>
   </div>
   <div class='ocr_carea' id='block_1_100' title="bbox 1899 5218 3485 5291">
    <p class='ocr_par' dir='ltr' id='par_1_100' title="bbox 1899 5218 3485 5291">
     <span class='ocr_line' id='line_1_100' title="bbox 1899 5218 3485 5291; baseline -0.001 -16"><span class='ocrx_word' id='word_1_712' title='bbox 1899 5218 2177 5290; x_wconf 91' lang='lat' dir='ltr'><strong>Siquidem</strong></span> <span class='ocrx_word' id='word_1_713' title='bbox 2227 5230 2560 5288; x_wconf 90' lang='lat' dir='ltr'><strong>compertum</strong></span> <span class='ocrx_word' id='word_1_714' title='bbox 2594 5220 2852 5275; x_wconf 87' lang='lat' dir='ltr'><strong>habemus</strong></span> <span class='ocrx_word' id='word_1_715' title='bbox 2877 5231 3275 5276; x_wconf 90' lang='lat' dir='ltr'><strong>sacrosanctam</strong></span> <span class='ocrx_word' id='word_1_716' title='bbox 3326 5220 3485 5291; x_wconf 90' lang='lat' dir='ltr'><strong>hujus</strong></span> 
     </span>
    </p>
   </div>
   <div class='ocr_carea' id='block_1_101' title="bbox 1900 5312 3485 5384">
    <p class='ocr_par' dir='ltr' id='par_1_101' title="bbox 1900 5312 3485 5384">
     <span class='ocr_line' id='line_1_101' title="bbox 1900 5312 3485 5384; baseline 0.001 -17"><span class='ocrx_word' id='word_1_717' title='bbox 1900 5313 2060 5382; x_wconf 70' lang='lat' dir='ltr'><strong>regia:</strong></span> <span class='ocrx_word' id='word_1_718' title='bbox 2110 5312 2255 5366; x_wconf 84' lang='lat' dir='ltr'><strong>urbis</strong></span> <span class='ocrx_word' id='word_1_719' title='bbox 2289 5312 2546 5381; x_wconf 89' lang='lat' dir='ltr'><strong>majorem</strong></span> <span class='ocrx_word' id='word_1_720' title='bbox 2585 5314 2868 5368; x_wconf 84' lang='lat' dir='ltr'><strong>ecclesiam</strong></span> <span class='ocrx_word' id='word_1_721' title='bbox 2920 5314 3089 5368; x_wconf 91' lang='lat' dir='ltr'><strong>nostri</strong></span> <span class='ocrx_word' id='word_1_722' title='bbox 3123 5315 3334 5384; x_wconf 91' lang='lat' dir='ltr'><strong>imperii</strong></span> <span class='ocrx_word' id='word_1_723' title='bbox 3366 5329 3485 5368; x_wconf 90' lang='lat' dir='ltr'><strong>ma-</strong></span> 
     </span>
    </p>
   </div>
   <div class='ocr_carea' id='block_1_102' title="bbox 1902 5404 3488 5475">
    <p class='ocr_par' dir='ltr' id='par_1_102' title="bbox 1902 5404 3488 5475">
     <span class='ocr_line' id='line_1_102' title="bbox 1902 5404 3488 5475; baseline 0.004 -18"><span class='ocrx_word' id='word_1_724' title='bbox 1902 5414 2058 5473; x_wconf 87' lang='lat' dir='ltr'><strong>trem,</strong></span> <span class='ocrx_word' id='word_1_725' title='bbox 2093 5419 2185 5473; x_wconf 92' lang='lat' dir='ltr'><strong>per</strong></span> <span class='ocrx_word' id='word_1_726' title='bbox 2215 5404 2351 5459; x_wconf 86' lang='lat' dir='ltr'><strong>hanc</strong></span> <span class='ocrx_word' id='word_1_727' title='bbox 2394 5405 2731 5461; x_wconf 88' lang='lat' dir='ltr'><strong>occasionem</strong></span> <span class='ocrx_word' id='word_1_728' title='bbox 2770 5416 2877 5460; x_wconf 90' lang='lat' dir='ltr'><strong>tam</strong></span> <span class='ocrx_word' id='word_1_729' title='bbox 2936 5421 3128 5475; x_wconf 90' lang='lat' dir='ltr'><strong>magno</strong></span> <span class='ocrx_word' id='word_1_730' title='bbox 3157 5406 3335 5461; x_wconf 87' lang='lat' dir='ltr'><strong>alieno</strong></span> <span class='ocrx_word' id='word_1_731' title='bbox 3378 5420 3488 5463; x_wconf 73' lang='lat' dir='ltr'><strong>tere</strong></span> 
     </span>
    </p>
   </div>
   <div class='ocr_carea' id='block_1_103' title="bbox 1900 5495 3488 5566">
    <p class='ocr_par' dir='ltr' id='par_1_103' title="bbox 1900 5495 3488 5566">
     <span class='ocr_line' id='line_1_103' title="bbox 1900 5495 3488 5566; baseline 0.003 -15"><span class='ocrx_word' id='word_1_732' title='bbox 1900 5495 2207 5566; x_wconf 88' lang='lat' dir='ltr'><strong>inquietari,</strong></span> <span class='ocrx_word' id='word_1_733' title='bbox 2239 5506 2298 5551; x_wconf 91' lang='lat' dir='ltr'><strong>ut</strong></span> <span class='ocrx_word' id='word_1_734' title='bbox 2324 5498 2631 5565; x_wconf 84' lang='lat' dir='ltr'><strong>singulatim</strong></span> <span class='ocrx_word' id='word_1_735' title='bbox 2656 5498 2991 5565; x_wconf 85' lang='lat' dir='ltr'><strong>erogationes</strong></span> <span class='ocrx_word' id='word_1_736' title='bbox 3019 5499 3072 5552; x_wconf 91' lang='lat' dir='ltr'><strong>in</strong></span> <span class='ocrx_word' id='word_1_737' title='bbox 3104 5498 3488 5555; x_wconf 79' lang='lat' dir='ltr'><strong>reverendissi-</strong></span> 
     </span>
    </p>
   </div>
   <div class='ocr_carea' id='block_1_104' title="bbox 1899 5586 3485 5658">
    <p class='ocr_par' dir='ltr' id='par_1_104' title="bbox 1899 5586 3485 5658">
     <span class='ocr_line' id='line_1_104' title="bbox 1899 5586 3485 5658; baseline 0.003 -18"><span class='ocrx_word' id='word_1_738' title='bbox 1899 5600 2016 5640; x_wconf 89' lang='lat' dir='ltr'><strong>mos</strong></span> <span class='ocrx_word' id='word_1_739' title='bbox 2045 5586 2271 5641; x_wconf 89' lang='lat' dir='ltr'><strong>clericos</strong></span> <span class='ocrx_word' id='word_1_740' title='bbox 2299 5587 2456 5641; x_wconf 76' lang='lat' dir='ltr'><strong>aliter</strong></span> <span class='ocrx_word' id='word_1_741' title='bbox 2477 5587 2653 5642; x_wconf 80' lang='lat' dir='ltr'><strong>facere</strong></span> <span class='ocrx_word' id='word_1_742' title='bbox 2673 5597 2921 5656; x_wconf 87' lang='lat' dir='ltr'><strong>nequeat,</strong></span> <span class='ocrx_word' id='word_1_743' title='bbox 2951 5589 3052 5643; x_wconf 87' lang='lat' dir='ltr'><strong>nisi</strong></span> <span class='ocrx_word' id='word_1_744' title='bbox 3085 5589 3228 5658; x_wconf 91' lang='lat' dir='ltr'><strong>prius</strong></span> <span class='ocrx_word' id='word_1_745' title='bbox 3256 5590 3485 5645; x_wconf 72' lang='lat' dir='ltr'><strong>immen~</strong></span> 
     </span>
    </p>
   </div>
   <div class='ocr_carea' id='block_1_105' title="bbox 1900 5678 3479 5750">
    <p class='ocr_par' dir='ltr' id='par_1_105' title="bbox 1900 5678 3479 5750">
     <span class='ocr_line' id='line_1_105' title="bbox 1900 5678 3479 5750; baseline 0.001 -18"><span class='ocrx_word' id='word_1_746' title='bbox 1900 5693 2015 5733; x_wconf 90' lang='lat' dir='ltr'><strong>sam</strong></span> <span class='ocrx_word' id='word_1_747' title='bbox 2047 5679 2158 5732; x_wconf 89' lang='lat' dir='ltr'><strong>auri</strong></span> <span class='ocrx_word' id='word_1_748' title='bbox 2190 5679 2294 5732; x_wconf 88' lang='lat' dir='ltr'><strong>vim</strong></span> <span class='ocrx_word' id='word_1_749' title='bbox 2321 5678 2509 5747; x_wconf 83' lang='lat' dir='ltr'><strong>partim</strong></span> <span class='ocrx_word' id='word_1_750' title='bbox 2553 5680 2653 5731; x_wconf 91' lang='lat' dir='ltr'><strong>sub</strong></span> <span class='ocrx_word' id='word_1_751' title='bbox 2680 5679 3002 5749; x_wconf 87' lang='lat' dir='ltr'><strong>obligatione</strong></span> <span class='ocrx_word' id='word_1_752' title='bbox 3033 5682 3479 5750; x_wconf 87' lang='lat' dir='ltr'><strong>hypotecharum,</strong></span> 
     </span>
    </p>
   </div>
   <div class='ocr_carea' id='block_1_106' title="bbox 1905 5769 3476 5841">
    <p class='ocr_par' dir='ltr' id='par_1_106' title="bbox 1905 5769 3476 5841">
     <span class='ocr_line' id='line_1_106' title="bbox 1905 5769 3476 5841; baseline 0.003 -19"><span class='ocrx_word' id='word_1_753' title='bbox 1905 5769 2095 5841; x_wconf 87' lang='lat' dir='ltr'><strong>partim</strong></span> <span class='ocrx_word' id='word_1_754' title='bbox 2139 5769 2356 5825; x_wconf 76' lang='lat' dir='ltr'><strong>datione</strong></span> <span class='ocrx_word' id='word_1_755' title='bbox 2412 5770 2688 5841; x_wconf 75' lang='lat' dir='ltr'><strong>pignorum</strong></span> <span class='ocrx_word' id='word_1_756' title='bbox 2741 5770 2794 5825; x_wconf 92' lang='lat' dir='ltr'><strong>in</strong></span> <span class='ocrx_word' id='word_1_757' title='bbox 2852 5770 3308 5841; x_wconf 66' lang='lat' dir='ltr'><strong>praestantissimis</strong></span> <span class='ocrx_word' id='word_1_758' title='bbox 3365 5771 3476 5841; x_wconf 84' lang='lat' dir='ltr'><strong>cjus</strong></span> 
     </span>
    </p>
   </div>
  </div>
