4042 6348
1687 384 1953 444 880111]
1988 383 2196 445 8ΕΧΤΙ
2227 378 2807 443 SUPPLEMENTUII.

3804 384 3905 443 ευ

608 498 825 573 pradiis
852 508 908 555 et
935 497 1206 556 suburbiis
1234 507 1419 556 mutuo
1458 499 1725 556 desumat.
1760 498 1834 554 Ea
1866 508 2084 570 propter
2111 499 2190 553 vi-
2215 510 2264 570 Α
2291 504 2345 551 et
2373 493 2621 566 gloriosas
2643 494 2865 565 virginis
2889 492 3093 563 Deique
3111 493 3384 563 genitricis
3404 493 3587 550 lat-ias
3612 497 3666 551 in
3696 500 3895 553 vicini;

608 609 731 650 sum
778 594 936 649 nobis
982 603 1084 659 est,
1118 595 1261 662 ipsos
1313 611 1410 649 nos
1440 594 1506 649 ad
1554 609 1731 650 causa:
1788 594 2189 663 inquisitionem

608 687 910 753 demittere,
929 702 989 741 ac
1008 687 1331 757 perdiscere,
1359 703 1464 759 quo
1485 704 1543 743 se
1566 688 1725 743 modo
1750 688 1902 742 initio
1923 686 2189 754 habuerit,

610 780 802 853 quidve
831 789 1012 850 postea
1038 790 1333 850 temporum
1362 782 1531 837 series
1562 781 1914 838 adinvenerit.
1943 782 2023 837 Ex
2044 782 2190 837 omni

610 874 770 945 igitur
814 884 967 949 parte
1024 890 1083 929 ea
1116 877 1572 947 pervestigantes,
1612 876 2067 951 deprehendimus
2097 890 2193 932 eos

606 969 696 1037 qui
743 974 1137 1022 sacrosanctam
1193 969 1422 1039 aliquam
1469 969 1750 1024 ecclesiam
1806 970 1859 1024 in
1904 969 2004 1023 hac
2051 968 2191 1022 alnia

614 1059 745 1115 urbe
773 1060 1195 1127 exaedificarunt,
1217 1075 1327 1116 non
1366 1062 1535 1117 solum
1560 1075 1742 1116 curam
1766 1061 1974 1116 aedificii
1993 1060 2188 1130 egisse.

614 1151 708 1208 sed
739 1154 897 1207 etiam
928 1159 984 1206 ut
1009 1153 1177 1208 sacris
1203 1153 1442 1219 aedibus,
1474 1168 1605 1224 quas
1651 1152 1754 1224 ipsi
1809 1152 2189 1219 instituissent,

610 1243 883 1317 sufficiens
902 1243 1139 1313 erogatio
1160 1252 1499 1314 suppeteret,
1533 1256 1695 1317 utque
1724 1244 2014 1302 deﬂnirent
2062 1254 2191 1314 quot

613 1346 708 1409 per
732 1335 967 1404 singulas
984 1337 1182 1391 versari
1207 1336 1463 1391 ecclesias
1490 1337 1833 1408 presbyteros
1854 1337 2189 1402 conveniret,

610 1434 738 1495 quot
763 1425 1018 1482 diaconos
1049 1424 1131 1483 vel
1162 1442 1337 1483 mares
1360 1428 1443 1483 vel
1473 1428 1718 1493 feminas,
1751 1437 1881 1498 quot
1902 1427 2191 1481 subdiaco-

609 1531 729 1583 nos,
761 1526 813 1573 et
840 1519 965 1573 item
1006 1527 1254 1574 cantores
1278 1520 1438 1575 simul
1466 1528 1521 1575 et
1548 1521 1794 1586 lectores,
1823 1530 1877 1575 et
1906 1521 2189 1586 ostiarius;

603 1608 670 1665 ad
704 1608 819 1664 haec
844 1610 972 1664 redis
1004 1618 1273 1681 sumptum
1301 1612 1711 1679 determinasse,
1744 1613 2007 1682 adjecisse
2056 1629 2193 1682 prai-

603 1708 752 1757 terea
782 1704 1079 1774 peculiares
1110 1705 1337 1771 reditus,
1371 1706 1461 1775 qui
1492 1706 1738 1761 instituto
1789 1706 1913 1761 huic
1938 1721 2039 1761 suo
2062 1708 2193 1762 satis

602 1803 817 1861 essent;
856 1810 1028 1866 neque
1077 1797 1468 1853 multitudinem
1518 1800 1751 1867 aliquam
1781 1798 2064 1868 adiectam,
2106 1798 2192 1854 cui

2293 594 2650 642 sacrosanctae
2704 585 2921 655 majoris
2971 585 3219 675 ecclesia:
3265 587 3455 655 posita,
3487 592 3558 642 ab
3615 590 3748 657 ipsa
3802 595 3897 658 piae

2293 679 2566 735 memoriae
2595 678 2787 733 Verina
2817 679 2981 747 cmpit
3009 679 3382 743 eastrui,item
3409 681 3661 749 religiosa
3696 684 3895 740 domus

2291 774 2464 830 sancti
2511 776 2761 845 martyris
2818 774 3087 829 Theodori
3119 790 3147 828 a
3199 775 3462 844 Sphracio
3487 778 3753 846 gloriosas
3785 793 3898 836 tlte-

2293 869 2478 925 moriaa
2506 877 2841 939 consecrata,
2865 880 2920 923 et
2946 870 3251 927 veneranda
3271 869 3462 923 domus
3477 879 3689 923 sanctas
3718 870 3897 928 Irenes

2292 969 2654 1017 sacrosanctae
2686 961 2875 1028 majori
2929 960 3174 1015 ecclesia
3218 962 3464 1031 copulata
3490 959 3616 1023 fuit,
3642 963 3897 1032 redigere

2296 1054 2451 1123 plane
2508 1066 2790 1107 numerum
2844 1052 2913 1107 ad
2976 1062 3213 1106 veterem
3262 1052 3492 1107 formam
3554 1052 3895 1120 impossibile

2291 1153 2396 1201 est.
2429 1144 2612 1212 Neque
2634 1144 2780 1199 enim
2812 1152 2891 1197 tot
2909 1142 3069 1197 simul
3095 1143 3338 1198 ecclesiis
3361 1143 3518 1212 pauci
3541 1143 3778 1212 quidem
3807 1147 3903 1196 sui;

2295 1238 2456 1294 ﬁcere
2500 1238 2750 1308 possint,
2786 1238 3219 1307 quandoquidem
3273 1238 3417 1292 nulla
3470 1238 3673 1292 harum
3742 1244 3899 1292 trium

2294 1330 2489 1384 mdium
2518 1331 2815 1399 peculiares
2843 1329 3071 1385 clericos
3094 1328 3304 1393 habeat,
3332 1329 3428 1384 sed
3459 1346 3557 1398 pro
3578 1334 3894 1384 tommaui-

2293 1426 2395 1481 bus
2424 1434 2604 1480 utatur
2647 1425 2712 1480 iis
2737 1426 2827 1495 qui
2860 1425 2928 1479 ad
2964 1433 3361 1480 sacrosanctam
3409 1425 3682 1495 majorem
3734 1428 3901 1481 etde-

2294 1519 2429 1573 siam
2455 1520 2747 1589 pertinent,
2774 1520 2864 1589 qui
2886 1533 3075 1574 omnes
3103 1535 3196 1574 eas
3222 1519 3413 1575 ordine
3437 1528 3494 1575 et
3521 1520 3703 1575 veluti
3742 1523 3795 1574 in
3822 1537 3903 1575 er-

2296 1610 2418 1665 bem
2449 1610 2729 1673 obeuntes,
2758 1626 2910 1666 sacra
2939 1610 2991 1664 in
3012 1611 3091 1666 eis
3120 1610 3296 1665 ofﬁcia
3326 1611 3753 1675 concelebrant,
3778 1628 3904 1681 pra-

2296 1705 2482 1759 sertim
2507 1719 2639 1759 vero
2666 1706 2869 1774 ingenti
2904 1704 3251 1760 multitudine
3268 1718 3334 1761 ea
3359 1706 3755 1761 hereticorum
3786 1723 3904 1761 ceu-

2297 1796 2562 1852 ciliabulis
2591 1797 2656 1851 ad
2705 1806 3101 1851 sacrosanctam
3132 1795 3389 1865 majorem
3422 1786 3749 1861 ecclesiam]
3776 1814 3890 1862 ρπ-

600 1884 796 1941 exitide
816 1897 1129 1957 competens
1158 1888 1352 1944 solutio
1382 1890 1495 1945 fieri
1520 1906 1625 1945 non
1658 1902 1861 1959 posset.
1886 1892 2061 1961 Atque
2078 1892 2193 1945 Inec
2226 1894 2274 1955 Β
2301 1890 2395 1944 tim
2446 1888 2615 1959 gratia
2669 1888 2959 1944 beatissimi
3009 1888 3101 1943 Dei
3152 1898 3207 1943 et
3234 1889 3531 1943 servatoris
3575 1890 3757 1942 nostri
3785 1888 3900 1943 λεια

604 1989 737 2031 sane
780 1978 831 2031 in
863 1992 923 2032 ea
954 1979 1332 2034 observatione
1362 1980 1520 2050 longo
1552 1983 1809 2049 temporis
1862 1986 2034 2051 epatio
2068 1998 2193 2052 per-

603 2068 903 2136 mansisse,
947 2080 1002 2125 et
1030 2073 1262 2142 quandiu
1306 2085 1639 2143 manserunt,
1676 2077 1856 2132 tandiu
1887 2087 1940 2132 et
1968 2078 2065 2133 sibi
2098 2079 2193 2134 de-

601 2165 801 2231 putatis
846 2177 1309 2224 sacrosanctarum
1371 2170 1723 2226 ecclesiarum
1777 2188 1863 2227 res
1891 2172 2188 2230 suffecisse.

599 2253 770 2311 Simul
801 2270 863 2312 ac
890 2272 1019 2315 vero
1048 2258 1138 2315 Dei
1161 2261 1517 2316 amantissimi
1540 2261 1775 2332 episcopi
1803 2264 2032 2319 assiduis
2058 2280 2193 2320 non-

599 2348 866 2405 nullorum
909 2352 1157 2421 precibus
1214 2354 1450 2424 intenti,
1502 2356 1568 2409 ad
1620 2356 1797 2425 plures
1853 2359 2186 2414 ordinando:

597 2442 755 2499 eﬂ‘usi
780 2455 923 2512 sunt,
956 2448 1262 2502 excrevisse
1291 2450 1506 2519 quidem
1539 2462 1786 2520 sumptus
1836 2453 2191 2523 quantitatem

599 2534 655 2592 in
680 2536 1023 2605 immensum,
1052 2542 1285 2610 undique
1316 2558 1443 2600 vero
1473 2545 1767 2602 creditores
1798 2557 1852 2601 et
1884 2565 2096 2613 usuras,
2130 2565 2195 2604 ac

602 2638 876 2699 postremo
896 2632 967 2687 ob
988 2633 1321 2689 vacillantem
1341 2636 1453 2705 jam
1482 2637 1639 2691 fidem
1668 2653 1736 2693 ne
1762 2640 2054 2695 creditores
2078 2642 2197 2710 qui-

602 2718 726 2776 dem
745 2723 810 2778 de
822 2734 1035 2788 cmtero,
1055 2726 1148 2780 sed
1173 2727 1471 2798 (indignum
1487 2729 1651 2794 factu,
1666 2739 1721 2784 et
1735 2735 1908 2799 neque
1927 2733 1976 2785 in
1993 2733 2194 2799 privata

602 2816 802 2872 familia
820 2830 1088 2889 utcunque
1115 2821 1353 2876 instituta
1377 2820 1680 2895 ferendum)
1696 2824 2017 2881 necessitate
2029 2836 2200 2882 extor-

612 2915 697 2966 taa
723 2918 777 2965 et
805 2910 1008 2981 legibus
1036 2912 1330 2981 proliibitas
1352 2914 1705 2971 alienationes
1743 2917 2006 2980 extitisse,
2038 2930 2095 2973 ut
2128 2932 2199 2973 ex

606 3001 914 3073 hujusmodi
960 3005 1289 3063 absurditate
1342 3023 1515 3079 neque
1546 3010 1743 3078 praedia
1795 3026 1966 3081 neque
2003 3012 2198 3068 subur-

598 3090 686 3150 bia
712 3094 780 3149 ad
819 3094 1145 3167 hypotliecas
1172 3108 1229 3155 et
1256 3101 1480 3171 pignora
1511 3102 1839 3171 sufficerent,
1867 3120 2097 3174 eamque
2126 3106 2197 3162 ob

600 3203 816 3244 causam
848 3205 1021 3262 neque
1046 3193 1371 3249 creditorum
1400 3196 1555 3265 c0pia
1572 3208 1738 3261 esset,
1763 3198 1899 3251 etad
1928 3212 2196 3253 summam

2297 1980 2516 2049 Christi,
2548 1980 2741 2050 partim
2800 1980 3075 2035 laboribus
3118 1980 3642 2049 depulsionibusque
3702 1986 3892 2034 nostris

2296 2074 2545 2137 adducta,
2572 2084 2625 2127 ut
2657 2074 2821 2143 duplo
2850 2075 3024 2143 plura,
3053 2088 3216 2143 quam
3256 2073 3324 2128 ab
3350 2074 3509 2127 initio
3532 2114 3549 2137 ,
3602 2076 3895 2128 ministeria

2301 2167 2367 2220 ad
2392 2167 2701 2222 christiana:
2737 2169 2953 2237 pietatis
2976 2168 3209 2221 officium
3256 2168 3626 2236 peragendum
3659 2168 3898 2235 deputari

2296 2268 2559 2328 oporteat.
2593 2260 2935 2328 Quapropter
2963 2258 3234 2314 sancimus
3261 2274 3328 2313 ne
3354 2260 3581 2328 quando
3618 2261 3673 2315 in
3731 2276 3897 2315 sacro-

2297 2362 2481 2406 sancta
2506 2353 2710 2420 majore
2741 2353 2969 2407 ecclesia
3017 2352 3155 2407 ultra
3215 2368 3281 2406 Lx
3322 2353 3702 2423 presbyteros,
3734 2354 3901 2407 diaco-

2298 2457 2398 2497 nos
2423 2458 2553 2499 vero
2584 2458 2759 2497 mares
2788 2452 3027 2511 centum,
3062 2442 3293 2499 fctiiinas
3323 2461 3412 2507 aL,
3447 2453 3502 2498 et
3540 2445 3901 2501 subdiaconus

2298 2552 2388 2602 xc,
2423 2538 2653 2592 lectores
2685 2545 2861 2592 autem
2896 2537 3034 2591 ultra
3072 2551 3159 2603 ca,
3187 2546 3436 2592 cantores
3468 2539 3612 2592 ultra
3642 2555 3772 2602 nr,
3796 2542 3898 2592 exi-

2299 2638 2462 2694 stant,
2479 2632 2825 2685 utuniversus
2850 2630 3425 2685 reverendissimurum
3445 2632 3778 2685 clericorum
3803 2650 3902 2686 ma-

2296 2724 2429 2793 joris
2459 2740 2712 2779 numerus
2744 2725 2794 2779 in
2817 2740 3061 2781 ccccxxv
3092 2726 3357 2795 personis,
3380 2735 3436 2780 et
3458 2735 3689 2780 centum
3725 2738 3899 2794 prata.

2300 2832 2390 2872 rea
2439 2818 2671 2872 ostiariis
2714 2815 2796 2888 (ut
2840 2818 3059 2888 vocant)
3106 2819 3384 2873 consistat.
3438 2818 3495 2871 In
3553 2820 3884 2871 sanctissima

2302 2910 2462 2979 igitur
2507 2910 2712 2979 majore
2763 2909 2919 2965 almae
2968 2910 3126 2979 hujus
3158 2911 3305 2965 urbis
3329 2920 3536 2966 nostrae
3565 2914 3825 2967 ecclesia.
3851 2920 3898 2963 et

2303 3006 2477 3059 tribus
2504 3004 2608 3059 illis
2624 3005 2790 3059 sacris
2822 3005 3026 3059 aedibus
3051 3005 3101 3060 ei
3132 3005 3471 3068 coadunatis,
3499 3016 3649 3059 tanta
3682 3006 3897 3060 clerico-

2300 3113 2420 3152 rum
2451 3097 2734 3151 multitudo
2758 3108 2897 3162 esto,
2925 3100 3155 3154 nemine
3178 3113 3388 3161 eorum,
3417 3098 3511 3168 qui
3560 3114 3709 3153 nunc
3761 3112 3890 3161 sunt,

2303 3191 2588 3260 ejiciendo,
2607 3191 2813 3245 tametsi
2845 3192 3015 3247 multo
3038 3192 3207 3261 major
3236 3208 3490 3247 numerus
3513 3192 3898 3261 existat,qu

596 3280 714 3349 ipsa
732 3258 966 3351 inopiam
998 3285 1296 3354 deveniret,
1317 3258 1492 3357 neque
1521 3288 1654 3358 ipsis
1680 3258 1911 3357 amplius
1928 3289 2193 3346 ministris
2221 3258 2268 3321 Ο
2300 3258 2507 3339 anubis
2536 3285 2785 3339 άοηηῖιιιε
2816 3297 2931 3352 88ιὶ
2959 3258 3175 3342 ιιθωὶἧο
3198 3289 3321 3342 item
3351 3287 3419 3341 de
3447 3297 3654 3341 είιξιετο
3817 3292 3893 3339 υί-

598 3374 848 3430 alimenta
880 3376 1121 3444 praebere
1151 3389 1352 3447 posset,
1382 3379 1491 3435 imo
1531 3381 1697 3434 etiam
1728 3382 1793 3434 ad
1825 3381 2190 3437 conditionem

598 3467 835 3522 omnium
861 3470 1379 3525 calamitosissimani
1410 3472 1770 3539 delaberetur,
1800 3482 1861 3528 ut
1912 3475 2192 3530 creditori-

602 3559 702 3615 bus
728 3560 882 3615 bonis
913 3562 1176 3617 universis
1226 3564 1463 3628 cederet,
1495 3564 1545 3619 id
1576 3566 1715 3634 quod
1747 3566 1908 3619 etiam
1942 3582 2193 3621 veremur

600 3651 804 3718 dicere,
828 3665 884 3709 et
912 3671 979 3708 ne
1016 3655 1067 3709 in
1112 3665 1388 3724 posterum
1443 3658 1551 3722 fiat,
1584 3658 1942 3725 providemus.
1975 3660 2105 3712 Nam
2144 3659 2192 3715 si

608 3744 940 3802 nemofacile
957 3762 1100 3814 eum,
1117 3750 1204 3818 qui
1230 3752 1321 3803 ulti
1335 3765 1362 3801 a
1376 3750 1687 3803 substantia:
1700 3765 1811 3805 suae
1828 3751 2042 3805 modum
2055 3766 2193 3806 sum-

602 3848 725 3907 plus
756 3839 938 3901 faciat,
968 3858 1122 3911 aequo
1151 3845 1332 3897 animo
1362 3840 1518 3910 ferat,
1548 3857 1713 3911 quare
1761 3858 1867 3897 non
1896 3853 1950 3897 et
1979 3858 2078 3897 nos
2126 3857 2191 3899 ea

595 3932 664 3985 ad
693 3932 1107 3997 sollicitudinem
1132 3945 1369 3995 nostram
1401 3934 1812 3991 revocabimus?
1836 3935 2098 3991 Prreterea
2141 3935 2190 3991 si

600 4037 706 4077 non
725 4034 939 4093 oportet
955 4026 1187 4094 undique
1206 4027 1271 4079 ad
1295 4037 1541 4096 sumptus
1570 4027 1939 4094 possessiones
1961 4028 2188 4095 conqui-

601 4128 725 4167 rere
751 4115 897 4183 (nam
922 4115 976 4170 id
1008 4117 1294 4173 insatiabili
1319 4119 1529 4175 cuidam
1561 4118 1799 4173 avaritim
1827 4120 1987 4174 simul
2018 4129 2070 4174 et
2091 4120 2193 4181 iiIi-3

600 4206 846 4275 pietatati
896 4209 1196 4277 proximum
1227 4212 1356 4279 est),
1389 4211 1483 4265 sed
1513 4227 1578 4266 ex
1620 4211 1911 4267 moderatis
1963 4211 2191 4267 faculta-

602 4299 745 4355 tibus
773 4310 1044 4369 sumptum
1070 4310 1391 4371 temperare,
1411 4317 1471 4355 ea
1504 4314 1720 4373 prepter
1737 4305 2118 4360 convenienter
2138 4312 2194 4361 et

600 4408 722 4464 quas
766 4394 868 4450 ista
899 4404 1251 4461 concernunt,
1284 4393 1401 4463 lege
1454 4394 1786 4451 includemus
1808 4435 1821 4459 ,
1852 4405 1907 4450 et
1960 4395 2195 4453 inﬁnita-

597 4494 710 4542 tem
764 4485 1048 4543 manifeste
1091 4487 1142 4543 ei
1198 4487 1275 4541 rei
1306 4487 1570 4545 medicina
1615 4486 1851 4540 adhibita
1892 4486 2189 4556 ejiciemus.

595 4578 881 4634 Sancimus
934 4580 1112 4650 igitur,
1142 4588 1203 4634 ut
1238 4578 1678 4635 reverendissimi
1708 4579 1913 4644 clerici,
1943 4589 1997 4634 et
2028 4579 2192 4634 mini-

2301 3377 2411 3431 lum
2436 3377 2698 3443 ordinem,
2721 3377 2810 3445 qui
2841 3377 2939 3431 hoc
2971 3386 3211 3447 tempore
3232 3387 3334 3442 est,
3360 3379 3697 3445 adiiciendo,
3733 3380 3889 3433 donec

2299 3471 2437 3526 intra
2470 3473 2613 3526 liunc
2638 3487 2921 3526 numerum
2948 3487 3196 3527 mensura
3224 3474 3504 3528 consistat.
3528 3472 3808 3527 llleetiam
3826 3473 3903 3526 ad.

2296 3565 2555 3634 jiciendo,
2579 3580 2648 3621 ne
2684 3566 2825 3635 quod
2858 3566 3112 3621 hactenus
3164 3566 3414 3620 indecore
3445 3567 3562 3620 fieri
3594 3570 3896 3631 CORSttcrit,

2298 3660 2555 3729 deinceps
2585 3661 2636 3716 in
2659 3676 2756 3715 usu
2780 3662 3038 3715 habeatur
3061 3671 3119 3715 ut
3138 3662 3725 3717 reverendissimorum
3750 3664 3898 3717 cleri-

2298 3764 2483 3805 corum
2516 3752 2755 3805 nonnulli
2786 3753 2836 3804 in
2884 3752 3237 3807 sanctissimis
3264 3753 3533 3814 ecclesiis,
3571 3753 3627 3806 in
3660 3770 3799 3823 quas
3826 3752 3898 3806 rel

2300 3842 2408 3907 hic,
2438 3843 2523 3897 vel
2554 3858 2649 3913 per
2680 3843 2983 3912 provincias
3027 3844 3253 3898 ordinati
3285 3854 3411 3898 sunt
3436 3886 3450 3909 ,
3479 3860 3711 3899 manere
3758 3845 3896 3898 dedi-

2298 3944 2552 4005 gnentur,
2580 3950 2643 3989 ac
2671 3951 2765 4005 per
2786 3936 3079 4009 patrocinia
3111 3937 3161 3990 in
3201 3945 3605 3993 sacrosanctam
3639 3935 3898 4006 majorem

2298 4028 2581 4083 ecclesiam
2625 4027 2853 4097 ejusque
2904 4027 3107 4082 elerum
3155 4028 3403 4091 subeant,
3445 4027 3591 4095 quod
3648 4031 3897 4081 omnibus

2298 4122 2474 4178 modis
2505 4121 2558 4177 in
2591 4130 2865 4192 posterum
2890 4120 3005 4177 fieri
3032 4119 3401 4189 prohibemus.
3425 4118 3560 4174 Nam
3578 4119 3623 4173 si
3656 4120 3713 4171 in
3744 4122 3899 4173 sacris

2299 4212 2622 4269 monasteria
2648 4211 3015 4283 prohibemus,
3036 4226 3105 4271 ne
3122 4210 3240 4279 Quis
3252 4211 3321 4273 dt:
3338 4225 3445 4264 ιιηο
3462 4209 3526 4275 ιι
3550 4210 3703 4264 aliud
3733 4220 3895 4263 trans-

2298 4313 2406 4371 eat,
2438 4306 2604 4359 multo
2635 4304 2809 4357 minus
2861 4302 2912 4355 id
2951 4300 3414 4357 reverendissimis
3443 4299 3661 4354 clericis
3689 4302 3895 4370 permit-

2302 4408 2495 4463 temus,
2528 4397 2627 4450 rati
2675 4395 2979 4465 hujusmodi
3029 4395 3375 4462 cupiditatem
3406 4394 3651 4463 speciem
3690 4410 3803 4461 prae
3844 4408 3890 4445 se

2299 4486 2439 4542 ferre
2480 4497 2718 4558 qurestus
2747 4496 2799 4540 et
2826 4486 3246 4540 nundinationis.
3276 4483 3547 4537 Cmterum
3600 4482 3645 4535 si
3682 4483 3887 4553 quando

2300 4589 2354 4634 et
2385 4579 2485 4633 hoc
2509 4577 2845 4634 transitionis
2864 4592 3032 4649 genus
3064 4578 3147 4635 vel
3190 4576 3505 4635 beatitudini
3535 4584 3666 4641 tuze,
3696 4577 3783 4632 vel
3812 4591 3889 4644 pra

598 4682 835 4729 strantes
884 4676 1159 4739 mulieres,
1184 4684 1238 4730 et
1277 4674 1525 4740 ostiarii,
1571 4674 1660 4743 qui
1712 4673 1778 4728 ad
1828 4673 1967 4727 hunc
2022 4689 2192 4743 usque
2218 4655 2272 4717 Ῑ)
2299 4678 2537 4740 tempore
2578 4671 2843 4739 majestati
2875 4669 3237 4741 imperatoris:
3268 4670 3628 4738 probabitur:
3656 4671 3889 4727 uealiter

598 4763 743 4821 diem
788 4764 842 4821 in
886 4766 1076 4821 eadem
1128 4777 1469 4823 sacrosancta
1526 4765 1731 4834 majore
1769 4767 1995 4823 ecclesia
2022 4775 2183 4822 caete-

596 4858 781 4927 risque
808 4859 977 4914 sacris
1008 4858 1215 4915 aedibus
1240 4860 1563 4925 consistunt,
1589 4858 1641 4915 in
1683 4874 1745 4913 ea
1770 4856 1966 4926 forma,
2002 4861 2052 4913 in
2085 4875 2193 4928 qua

592 4945 707 5019 jam
739 4956 868 5004 sunt
913 4960 1283 5016 permaneant.
1319 4948 1502 5020 Neque
1529 4950 1674 5004 enim
1725 4951 1865 5018 quod
1898 4950 2058 5005 modo
2089 4960 2193 5017 est,

598 5040 916 5105 minuimus,
939 5042 1034 5095 sed
1064 5041 1242 5109 potius
1268 5042 1368 5096 ista
1399 5042 1519 5111 lege
1566 5042 1996 5110 complectimur,
2025 5053 2084 5095 ut
2113 5041 2198 5096 fu-

598 5146 723 5191 turo
754 5135 1166 5205 prospiciamus.
1194 5132 1419 5204 Reliqua
1450 5148 1581 5195 vero
1612 5143 1855 5203 tempore
1900 5135 2045 5189 nulla
2073 5149 2192 5195 om-

600 5235 730 5291 nino
760 5230 1027 5288 ordinatio
1056 5229 1171 5294 tiet.
1204 5230 1376 5285 donec
1414 5229 1483 5284 ad
1511 5239 1749 5287 veterem
1798 5244 2081 5285 numerum
2120 5228 2191 5284 ab

601 5324 734 5395 ipsis
757 5332 960 5380 sancta
987 5322 1233 5379 ecclesia:
1261 5321 1676 5380 ardificawribus
1702 5322 2002 5377 institutum
2034 5336 2189 5379 reve-

603 5416 1048 5473 rendissimorutu
1077 5415 1396 5472 clericorum
1426 5414 1698 5485 quantitas
1726 5424 2047 5470 revertatur.

674 5507 894 5564 Etsane
921 5508 1492 5565 reverendissimorum
1532 5507 1854 5564 clericorum
1905 5520 2193 5563 sacrosan-

609 5613 657 5657 ct
667 5619 713 5658 te
727 5602 944 5670 majoris
954 5602 1371 5673 ecclesiaregia:
1384 5604 1532 5659 urbis
1556 5609 1751 5656 nostrae
1770 5615 2019 5656 mensura
2032 5600 2193 5656 certis

606 5695 802 5750 ﬁnibus
843 5695 1223 5764 descripta,et
1250 5694 1305 5750 in
1330 5706 1536 5751 arcium
1586 5692 1873 5749 admodum
1920 5700 2194 5747 contracta

607 5786 877 5854 erat,'quo
910 5792 1152 5852 tempore
1181 5786 1292 5839 sola
1320 5784 1494 5840 adhuc
1515 5794 1632 5841 erat
1656 5790 1996 5840 sacrosancta
2022 5782 2197 5850 major

612 5875 865 5929 ecclesia.
888 5874 1176 5943 Postquam
1204 5891 1331 5931 vero
1356 5886 1413 5933 et
1437 5877 1743 5934 veneranda
1773 5876 1966 5933 domus
1990 5884 2197 5936 Sancta

2300 4763 2354 4818 id
2385 4764 2496 4830 fiat,
2531 4764 2634 4819 nisi
2668 4765 2814 4834 prius
2866 4780 2952 4820 res
2984 4766 3097 4835 ipsa
3122 4764 3185 4819 ad
3211 4778 3491 4823 numerum
3518 4804 3533 4827 ,
3560 4778 3730 4837 quem
3765 4778 3885 4833 pre-

2298 4857 2554 4923 diximus,
2585 4857 2884 4928 redigatur,
2919 4868 2976 4913 ut
3009 4872 3071 4913 ea
3124 4856 3366 4919 transitio
3392 4856 3446 4912 in
3476 4854 3787 4919 deficientis
3817 4857 3883 4909 lo-

2299 4962 2421 5003 cum
2454 4949 2565 5014 fiat,
2591 4964 2762 5018 neque
2791 4949 3306 5017 supernumerarius
3335 4947 3556 5005 omnino
3583 4946 3783 5018 aliquis
3824 4949 3882 5001 ir-

2300 5051 2483 5109 repat;
2517 5042 2657 5097 nulla
2690 5043 2831 5098 enim
2858 5041 2912 5096 id
2944 5040 3342 5101 machinatione
3371 5054 3547 5111 neque
3593 5040 3705 5095 ullo
3740 5040 3884 5101 modo

2301 5135 2415 5191 fieri
2463 5135 2838 5204 permittimus.
2870 5137 3045 5204 Atque
3076 5136 3190 5189 haec
3242 5134 3460 5205 quidem
3493 5133 3562 5189 de
3612 5149 3883 5191 sacrosan-

2300 5237 2383 5283 cta
2408 5227 2613 5298 majore
2638 5229 2891 5284 Ecclesia.
2911 5228 2967 5283 in
2997 5226 3244 5285 omnibus
3265 5236 3445 5283 autem
3477 5226 3597 5282 aliis
3625 5229 3880 5300 ecclesiis,

2300 5321 2491 5391 quibus
2517 5334 2779 5389 expensas
2804 5331 3145 5376 sacrosancta
3175 5317 3346 5388 major
3374 5317 3601 5373 ecclesia
3635 5320 3881 5388 suppedi-

2302 5420 2401 5478 tat,
2434 5412 2728 5477 sancimus,
2758 5419 2817 5465 ut
2844 5410 2933 5480 qui
2963 5410 3065 5465 hoc
3088 5419 3328 5479 tempore
3358 5418 3506 5473 sunt,
3534 5408 3882 5463 consimiliter

2298 5512 2353 5561 et
2380 5504 2480 5573 ipsi
2510 5502 2613 5559 sub
2633 5502 2821 5559 eadem
2851 5503 3023 5559 forma
3053 5511 3342 5567 maneant;
3368 5502 3420 5555 in
3452 5510 3731 5571 posterum
3769 5516 3881 5553 vero

2298 5613 2457 5653 nemo
2478 5596 2777 5665 ordinetur,
2802 5597 3116 5667 priusquam
3143 5596 3209 5651 ad
3232 5603 3488 5650 statutum
3516 5594 3778 5663 cujusque
3804 5609 3884 5646 ec-

2297 5689 2479 5744 clesiae
2527 5690 2609 5752 (ut
2632 5687 2848 5759 vocant)
2879 5688 3021 5759 quod
3061 5701 3157 5759 per
3205 5686 3562 5743 aedificatores
3606 5685 3794 5738 harum
3820 5682 3877 5734 ab

2298 5783 2448 5841 initio
2474 5783 2884 5840 determinatum
2912 5792 3019 5851 est,
3044 5781 3484 5853 presbyterorum
3509 5776 3673 5832 simul
3700 5788 3758 5831 et
3783 5777 3878 5829 dia.

2300 5894 2578 5943 conorum,
2612 5888 2720 5933 tam
2750 5880 2999 5945 marium,
3028 5891 3187 5948 quam
3215 5875 3555 5939 feminarum,
3584 5880 3643 5927 et
3668 5871 3879 5927 subdiav
