4042 6348
190 416 311 477 925

1077 391 1451 459 JUSTINIANI
1489 382 1839 450 NOVELLE
1878 380 2240 443 SELECTzE.
2281 374 2599 435 NOVELLA
2638 373 2701 429 V.

3381 366 3485 421 926
3544 440 3549 445 ,

194 536 487 613 tonorum,
512 541 688 598 neque
730 539 837 582 non
884 522 1166 585 lectorum,
1200 521 1502 579 cantorum,
1532 516 1588 564 et
1626 504 1792 562 ostia-
1815 500 1987 567 Arici
2017 488 2475 566 circumspiciant,
2527 503 2594 542 ne
2649 483 2839 556 reliqui
2882 486 3129 553 sumptus
3174 478 3264 551 qui
3287 493 3355 534 ex
3396 494 3489 533 ec-

1320 605 1334 613 .
1582 600 1594 612 .
1643 608 1654 613 -
1764 612 1773 613 ,
1898 589 2203 613 -.μεηηδη
2234 583 2489 613 Mannum
2522 579 2650 613 “nan!
2709 576 2865 613 nlilor
2895 588 3052 613 ηιιςιηι
3083 573 3133 613 in
3164 571 3279 613 nine
3301 577 3354 613 et
3375 568 3486 613 Dan

211 612 411 683 riorum
451 633 707 678 numerus
732 615 1204 687 redigatur.neque
1247 605 1527 678 quisquam
1582 600 1787 654 interea

209 715 469 785 temporis
494 710 793 781 adjiciatur.
826 706 955 760 Nam
985 712 1039 758 et
1067 700 1169 783 ipsi
1202 713 1299 754 nos
1341 692 1789 777 przecavebimus,

210 826 281 866 ne
304 776 427 879 quid
453 776 717 877 ejusmodi
744 801 1025 857 faciamus.
1048 776 1421 853 ordinatumve
1439 788 1647 859 aliquos
1673 784 1794 839 mit-

213 914 414 967 tamus,
448 913 622 971 neque
656 896 1079 967 magistratuum
1110 898 1419 945 nostrorum
1471 880 1664 954 aliquis
1694 879 1800 934 tale

210 997 341 1067 quid
372 992 547 1057 faciet,
571 988 834 1045 reveritus
863 986 1036 1057 legem
1069 990 1327 1043 nostram,
1360 985 1413 1033 et
1462 974 1803 1031 beatissimus

214 1089 647 1159 archiepiscopus
673 1091 729 1140 et
749 1076 1050 1153 patriarcha
1079 1073 1239 1146 hujus
1264 1072 1427 1142 regiae
1456 1066 1605 1123 urbis
1648 1076 1804 1135 pete-

214 1158 411 1241 statem
435 1177 652 1234 habebit
673 1170 995 1231 ordinationi
1020 1164 1411 1229 contradicere,
1438 1161 1566 1216 licet
1594 1158 1661 1211 de
1712 1171 1808 1227 pa-

216 1275 353 1332 latio
386 1271 557 1342 jussio
617 1265 899 1338 procedat.
930 1261 1063 1318 Nam
1111 1268 1167 1314 et
1219 1257 1310 1328 qui
1342 1252 1613 1326 praecipit,
1640 1256 1696 1306 et
1721 1248 1810 1304 cui

217 1364 551 1440 praecipitur,
574 1370 797 1429 uterque
823 1357 921 1411 sub
942 1365 1169 1409 censura
1197 1348 1300 1405 erit
1348 1340 1741 1404 ecclesiastica,
1764 1336 1815 1394 si

218 1433 350 1532 quid
372 1433 482 1511 tale
511 1451 800 1524 peregerit.
824 1445 930 1503 Sed
974 1457 1146 1514 neque
1175 1440 1229 1496 in
1260 1437 1379 1493 aliis
1406 1433 1670 1498 ecclesiis,
1692 1445 1815 1501 qua:

219 1544 483 1609 alimenta
509 1521 565 1602 et
590 1550 835 1613 sumptus
870 1555 936 1594 ex
967 1541 1310 1592 sacrosancta
1363 1528 1567 1597 majore
1590 1521 1817 1580 ecclesia

218 1662 332 1703 non
361 1635 938 1704 habent,eonveniens
964 1637 1049 1686 est
1075 1635 1134 1682 ut
1151 1622 1575 1682 ordinandorum
1600 1620 1653 1672 in
1687 1613 1819 1687 ipsis

220 1737 513 1798 multitudo
540 1730 949 1795 intromittatnr,
983 1732 1076 1779 aut
1106 1732 1361 1777 mensura
1413 1715 1569 1771 initio
1616 1712 1671 1767 in
1712 1708 1821 1765 illis

222 1842 425 1892 statuta
448 1830 516 1885 de
535 1836 731 1882 caetero
753 1817 1181 1881 transcendatur,
1209 1828 1276 1866 ne
1306 1806 1520 1880 quando
1548 1804 1638 1876 qui
1668 1815 1820 1859 sacra

223 1927 287 1985 in
317 1925 421 1980 illis
450 1922 669 1985 obeunt,
700 1915 768 1971 ad
820 1914 1137 1968 immensam
1169 1901 1561 1959 multitudinem
1590 1894 1815 1965 delapsi,
1850 1883 1898 1945 Β
1925 1890 2158 1963 gnitates
2193 1889 2593 1940 sacrosanctam

227 2018 485 2084 interque
526 2026 586 2067 se
626 2008 832 2065 reditus
859 2018 923 2059 ex
953 2002 1159 2072 piorum
1208 1994 1484 2051 hominum
1538 1988 1829 2045 collatione

226 2107 491 2181 quzesitos
521 2105 805 2174 patientes,
820 2111 920 2151 nec
937 2095 1057 2150 illos
1081 2088 1276 2146 exinde
1298 2102 1411 2143 suae
1435 2095 1700 2139 mensurae
1721 2076 1826 2133 sui.

233 2200 677 2261 licerevideutes,
694 2194 747 2248 in
772 2203 1015 2260 magnam
1042 2182 1204 2239 animi
1240 2176 1537 2248 angustiam
1576 2171 1830 2227 incidant.

231 2298 297 2356 Si
315 2308 441 2351 vero
464 2292 600 2346 ultra
618 2298 923 2342 mensuram
942 2283 997 2335 in
1019 2283 1357 2333 sacrosancta
1380 2270 1581 2339 majore
1604 2262 1834 2321 ecclesia

232 2401 334 2450 aut
349 2388 465 2444 aliis
479 2382 720 2450 ecclesiis
731 2384 983 2433 statutam
998 2370 1364 2428 sanctissimus
1380 2361 1836 2429 archiepiscopus,

234 2448 719 2555 quiisacroshctae
750 2468 940 2539 majori
962 2461 1204 2522 ecclesire
1238 2465 1451 2529 prmest,
1481 2449 1835 2513 ordinaverit,

240 2578 453 2647 Deique
496 2566 849 2628 amantissimi
890 2560 1130 2632 ejusdem
1184 2557 1541 2607 sacrosanctae
1593 2540 1839 2599 ccclesim

236 2668 514 2730 trconomi
545 2672 815 2731 sumptum
848 2657 912 2711 ad
942 2658 1057 2709 lizec
1084 2650 1151 2705 de
1178 2645 1440 2703 reditibus
1462 2632 1841 2698 ecclesiasticis

237 2757 763 2832 expenderint,tam
816 2749 917 2820 ipsi
969 2759 1130 2817 quam
1186 2740 1346 2794 etiam
1382 2731 1727 2788 beatissimus
1749 2739 1844 2796 pa-

240 2820 507 2917 triarcha,
539 2846 630 2917 qui
671 2847 783 2898 lucc
808 2840 940 2910 ipsis
974 2833 1323 2905 suppeditare
1348 2822 1611 2897 permisit,
1632 2820 1698 2873 de
1720 2831 1840 2885 suo,

241 2945 427 3015 deque
457 2908 686 3011 propriis
710 2908 1051 2989 facultatibus
1077 2934 1311 2992 expensa
1336 2918 1641 2973 restituent.
1669 2908 1844 2963 Nove-

250 3004 373 3098 riu-t
394 3004 571 3097 enim,
591 3031 637 3085 si
668 3026 797 3098 quid
827 3022 931 3079 tale
960 3011 1406 3091 perpetraverint,
1442 3004 1584 3077 quod
1616 3017 1723 3057 non
1754 3014 1845 3054 so-

246 3132 369 3188 lum
397 3094 754 3182 sanctissimis
795 3108 1132 3188 patriarchis,
1156 3105 1245 3177 qui
1270 3102 1396 3157 talia
1439 3094 1673 3168 patranti
1728 3105 1850 3144 suc-

250 3222 475 3289 cedent,
498 3226 555 3273 et
584 3209 850 3270 secuturis
903 3202 1223 3264 meonomis,
1260 3194 1353 3250 sed
1393 3191 1557 3247 etiam
1600 3183 1850 3240 omnibus

258 3261 475 3289 ,ηιμ-ηπ,
500 3261 555 3273 υ.
584 3261 843 3270 -ν--,--,νκ
916 3261 919 3262 ,
1211 3261 1219 3264 ν

258 3313 478 3374 caeteris
504 3300 975 3369 reverendissimis
1001 3294 1209 3351 clericis
1269 3288 1455 3342 talium
1484 3282 1695 3338 curiose
1725 3291 1853 3347 per-
1885 3261 1933 3327 C

263 3364 647 3482 quiret—idhet
670 3412 790 3453 cum
825 3396 974 3455 liunt,
1000 3381 1341 3457 prohibendi,
1372 3373 1759 3441 deferendiqne
1789 3364 1856 3420 ad

270 3500 676 3571 imperatoriam
732 3488 1062 3558 maiestatem
1122 3483 1440 3549 potestatem
1484 3468 1706 3528 damus,
1752 3477 1859 3531 quo

268 3597 439 3667 magis
475 3594 576 3646 hoc
602 3597 929 3655 cognoscens
958 3580 1093 3646 ipsa,
1126 3589 1189 3628 ex
1215 3565 1511 3625 substantia
1545 3572 1860 3616 meonomo-

268 3647 411 3756 tum),
443 3685 528 3756 qui
562 3681 662 3735 hoc
693 3674 938 3735 fecerint,
976 3665 1245 3721 autetiam
1275 3653 1633 3728 permittentis
1656 3647 1865 3702 archie-

270 3737 411 3756 ’“’””“7
452 3737 474 3756 Ἰ

270 3777 499 3855 piscopi,
525 3774 883 3827 sacrosanctae
907 3759 1095 3828 majori
1124 3753 1368 3809 ecclesiae
1399 3748 1498 3801 ista
1530 3740 1737 3796 servari
1771 3737 1868 3790 de-

1088 3852 1120 3855 ”
1260 3848 1279 3855 ’³
1345 3848 1353 3855 ⁸
1465 3851 1473 3855 -
1582 3854 1589 3855 κ
1620 3832 1863 3855 γ-κᾼΑΑιιΑΙΞΑ

274 3832 381 3855 rm
429 3832 440 3845 .
489 3832 499 3842 .

274 3874 516 3938 mandet,
550 3884 615 3923 ne
644 3877 833 3920 rursus
858 3852 1123 3928 ejusmodi
1151 3848 1395 3905 conlusio
1428 3851 1480 3897 ct
1534 3832 1868 3910 perturbatio

273 3968 328 4024 in
358 3981 421 4021 ea
442 3979 500 4019 re
528 3958 747 4014 incidat.
774 3952 1064 4007 Enimvero
1090 3939 1303 4011 negotio
1325 3935 1387 3989 ad
1414 3932 1692 4003 pristinam
1718 3940 1871 3979 men-

274 4073 457 4119 suram
484 4052 723 4113 redacto,
759 4056 883 4101 tunc
912 4042 1135 4095 liberum
1164 4032 1267 4089 erit
1293 4028 1567 4089 ordinare,
1604 4032 1774 4090 usque
1804 4030 1871 4071 eo

294 4804 520 4876 collegia
566 4794 920 4855 constituunt,
952 4782 1250 4857 praesertim
1304 4791 1425 4832 cum
1469 4772 1664 4827 multas
1695 4781 1757 4821 ea
1785 4779 1876 4818 res

297 4858 819 4961 circumscriptiones
848 4879 1139 4954 producat,
1162 4882 1222 4926 ut
1247 4870 1347 4926 sub
1368 4873 1625 4937 praetextu
1657 4858 1882 4913 alimen-

298 4992 455 5047 tariae.
504 4977 862 5056 prmstationis
890 4972 1023 5027 alias
1053 4967 1150 5021 sibi
1178 4963 1293 5017 vias
1341 4951 1655 5013 insatiabilis
1698 4947 1881 5021 cujus-

300 5085 423 5141 dam
451 5077 689 5135 avaritia:
728 5068 1018 5127 inveniant.
1056 5060 1165 5118 l'loc
1195 5051 1529 5126 igituretiam
1553 5048 1725 5116 ipsum
1769 5038 1885 5096 ﬁeri

303 5134 652 5249 pro—bibemus
694 5173 748 5221 et
785 5160 885 5216 sub
938 5164 1218 5212 censuram
1260 5146 1341 5221 (ut
1380 5138 1675 5213 appellant)
1712 5134 1888 5191 eccle«

306 5228 578 5326 siasticam
605 5255 1153 5317 deducimus,magno
1201 5241 1321 5296 usui
1344 5239 1579 5291 futurum
1618 5228 1888 5285 arbitran-

310 5370 414 5426 tes,
445 5356 492 5413 si
520 5355 920 5409 sacrosanctam
974 5336 1235 5406 majorem
1264 5327 1546 5393 ecclesiam
1574 5335 1748 5392 neque
1776 5332 1893 5372 cre-

310 5410 576 5507 ditoribus
625 5434 934 5497 obnoxiam,
966 5441 1138 5498 neque
1164 5423 1324 5479 rebus
1349 5415 1589 5487 angustis
1619 5410 1890 5479 afﬂictam,

312 5557 490 5615 neque
528 5541 785 5610 perpetuo
813 5532 1080 5598 egentem,
1111 5516 1206 5575 sed
1236 5514 1477 5571 omnium
1515 5522 1694 5564 rerum
1742 5502 1895 5573 copia

316 5633 676 5692 abundantem
706 5629 1011 5678 cernamus.

390 5713 851 5794 Quemadmodum
898 5715 1075 5763 autem
1109 5701 1173 5757 ad
1211 5713 1331 5755 eam
1362 5693 1692 5767 pertinentes
1718 5702 1901 5757 sump-

322 5780 571 5876 tus~certa
594 5812 698 5866 line
730 5799 1134 5871 descripsimus,
1168 5795 1238 5847 ita
1263 5786 1535 5851 convenit,
1564 5791 1624 5839 ut
1667 5780 1904 5836 sanctis-

326 5914 495 5971 simus
525 5920 620 5977 pro
643 5910 881 5969 tempore
912 5889 1215 5965 patriarcha
1236 5893 1292 5941 et
1322 5875 1755 5938 reverendissimi
1790 5872 1901 5927 cle-

1892 589 2205 649 clesiasticis
2234 583 2493 640 reditibus
2522 579 2677 641 (lunt,
2708 576 2865 631 aliter
2895 588 3054 645 quam
3083 573 3133 625 in
3164 571 3279 642 pias
3301 577 3354 624 et
3375 568 3486 623 Deo

1894 686 2117 761 placitas
2136 694 2326 736 causas
2355 677 2717 737 insnmantnr,
2740 680 2792 725 et
2815 680 2869 722 ut
2890 668 2941 721 in
2968 666 3090 720 illos
3111 662 3484 730 conferantur,

1896 755 1988 851 qui
2018 787 2071 833 et
2100 789 2286 832 revera
2313 777 2492 841 egent,
2524 780 2626 822 nec
2646 762 2860 821 aliunde
2894 759 3090 815 habent
3126 755 3269 819 unde
3307 755 3494 810 vivant

1904 869 2046 946 (haec
2094 866 2239 924 enim
2270 862 2555 918 Dominum
2585 857 2753 911 Deum
2786 852 3072 908 conciliare
3115 845 3337 918 solent),
3378 859 3486 901 non

1899 935 2031 1017 vero
2052 974 2151 1035 per
2182 952 2474 1026 patrocinia
2505 960 2560 1005 et
2588 946 2865 1003 hominum
2912 942 3084 997 studia
3113 940 3167 995 in
3196 935 3495 1008 locupletes

1904 1053 2230 1111 distribuant
2268 1060 2331 1102 ea
2368 1058 2488 1115 quae
2509 1040 2575 1097 ad
2604 1036 2997 1094 ecclesiasticos
3024 1037 3269 1103 sumptus
3299 1042 3497 1097 suppe-

1906 1156 2047 1213 tunt,
2072 1154 2131 1201 ut
2150 1141 2347 1198 exinde
2366 1144 2584 1209 egentes
2599 1135 2723 1187 vine
2754 1126 3073 1185 necessariis
3091 1120 3497 1179 defraudeutur.

1907 1236 2170 1296 Noverint
2223 1233 2369 1289 enim
2419 1229 2514 1285 Dei
2546 1221 2899 1283 amantissimi
2948 1214 3239 1279 meonomi,
3274 1223 3380 1268 tam
3404 1209 3498 1280 qui

1912 1345 2077 1395 nunc,
2105 1342 2264 1401 quam
2285 1323 2376 1395 qui
2397 1324 2523 1378 olim
2554 1334 2652 1391 pro
2683 1326 2922 1385 tempore
2942 1308 3102 1365 futuri
3124 1314 3268 1370 sunt,
3291 1304 3432 1373 quod
3461 1299 3510 1356 si

1913 1427 2044 1502 quid
2074 1396 2231 1482 in'his
2252 1418 2596 1490 deliquerint,
2630 1428 2733 1469 non
2765 1418 2969 1464 tantum
3001 1405 3175 1476 poenis
3198 1396 3511 1456 caelestibus

1918 1501 2077 1578 erunt
2101 1511 2455 1581 obnoxii,sed
2485 1510 2644 1564 etiam
2673 1504 2739 1559 de
2770 1501 3072 1558 substantia
3098 1511 3191 1551 sua
3223 1504 3504 1549 sacrosnn—

1919 1624 2023 1672 cla:
2069 1609 2312 1667 ecclesiae
2377 1602 2783 1659 indemnitatem
2841 1593 3190 1666 praestabunt.
3232 1586 3514 1643 Sancimus

1922 1707 2103 1777 igitur,
2135 1712 2192 1756 ut
2224 1696 2498 1754 beatitudo
2528 1705 2639 1758 tua,
2664 1706 2783 1763 quae
2809 1688 2958 1743 initio
3004 1694 3060 1740 et
3103 1699 3131 1737 a
3163 1693 3342 1738 tenera
3393 1691 3516 1747 pro-

1925 1767 2217 1871 pemodum
2246 1798 2403 1846 aetate
2435 1804 2529 1860 per
2550 1799 2739 1840 omnes
2762 1778 3124 1836 sacerdotales
3143 1772 3337 1843 gradus
3362 1779 3417 1824 et
3436 1767 3517 1822 di-

2633 1876 2916 1934 exornavit
2960 1868 3285 1930 Ecclesium,
3335 1871 3518 1933 utpote

1931 2000 2050 2059 qua:
2079 1999 2147 2039 ex
2182 1976 2551 2036 sacerdotibus
2573 1972 2739 2028 etiam
2762 1984 2932 2041 genus
2954 1974 3008 2023 et
3036 1965 3299 2033 originem
3328 1958 3487 2013 ducat
3506 1995 3522 2020 ,

1931 2078 1984 2133 in
2018 2080 2334 2146 perpetuum
2382 2065 2669 2127 Custodiat,
2694 2071 2844 2119 certo
2900 2061 3156 2124 scientes,
3188 2069 3292 2108 non
3338 2050 3519 2106 minus

1932 2168 2088 2225 nobis
2139 2170 2601 2219 sacrosanctarnm
2658 2151 3014 2210 ecclesiarum
3066 2144 3348 2204 commoda
3372 2154 3516 2196 curae

1934 2277 2077 2330 esse,
2099 2273 2257 2331 quam
2279 2257 2449 2325 ipsam
2471 2249 2914 2308 vitam.Dat.xvn
2943 2240 3168 2299 Kalend.
3195 2234 3362 2308 April.
3388 2236 3441 2288 d.
3466 2248 3522 2288 n.

1937 2354 2088 2411 Bilis.
2105 2368 2157 2407 v.
2174 2366 2222 2405 c.
2246 2363 2395 2404 cons.

2532 2408 2852 2469 NOVELLA
2880 2404 2947 2461 ν.

2014 2510 2091 2565 De
2114 2507 2433 2563 ntunasteriis
2462 2514 2509 2559 et
2539 2500 2822 2564 monachis,
2856 2508 2906 2552 et
2934 2509 3109 2549 eorum
3130 2487 3460 2545 antistitibus.

2014 2624 2309 2693 Imperator
2338 2618 2671 2674 .lnstinianus
2720 2618 2990 2682 Augustus
3040 2604 3368 2678 Epiphanio,
3414 2615 3540 2656 san-

1944 2715 2185 2773 etissiino
2210 2725 2261 2765 et
2291 2707 2604 2765 beatissimo
2632 2703 2790 2773 hujus
2822 2702 2979 2771 regia:
3009 2698 3160 2752 urbis
3184 2690 3545 2762 archiepisco-

1944 2825 2039 2882 po,
2067 2808 2291 2877 ejusqne
2320 2801 2554 2857 universi
2583 2806 2784 2853 tractus
2813 2792 3149 2866 patriarchae.

2019 2896 2454 2955 Conversationis
2490 2890 2824 2947 monachalis
2857 2887 2961 2941 vita
2990 2884 3066 2939 sic
3094 2885 3319 2937 honesta
3345 2887 3449 2944 est,
3469 2873 3548 2931 sic

1951 2990 2335 3050 commendare
2370 2986 2521 3041 novit
2555 2984 2662 3037 Deo
2690 2980 2756 3035 ad
2789 2983 2890 3032 hoc
2918 2976 3221 3031 venientem
3254 2970 3548 3035 hominem,

1952 3095 2011 3141 ut
2034 3098 2249 3141 omnem
2280 3082 2569 3135 humanam
2600 3075 2716 3147 ejus
2749 3071 3014 3128 maculam
3047 3068 3290 3134 detergat
3310 3105 3325 3129 ,
3353 3073 3406 3118 et
3452 3076 3554 3131 pu-

1953 3195 2075 3236 rum
2103 3192 2167 3231 ac
2210 3171 2512 3230 rationabili
2546 3178 2731 3223 natura
2779 3166 3079 3227 decentem,
3110 3170 3165 3214 et
3198 3156 3421 3228 plurima
3468 3168 3554 3207 se-

1963 3267 2196 3325 cundum
2223 3272 2457 3319 mentem
2486 3264 2820 3328 operantem,
2848 3262 2903 3306 et
2926 3247 3173 3304 humanis
3219 3241 3557 3316 cogitationi-

1964 3361 2062 3416 bus
2084 3358 2367 3413 celsiorem
2399 3350 2605 3406 reddat.
2638 3347 2695 3403 Si
2721 3345 2840 3416 quis
2869 3344 3027 3412 igitur
3056 3338 3265 3393 futurus
3310 3345 3391 3389 est
3443 3348 3560 3385 mo-

1966 3451 2171 3505 nachus
2219 3446 2519 3516 perfectus,
2545 3440 2745 3510 indiget
2787 3444 2843 3490 et
2888 3433 3186 3487 divinorum
3229 3425 3561 3494 eloquiornm

1968 3543 2391 3605 eruditione,et
2446 3529 2876 3589 conversationis
2928 3523 3261 3593 integritate,
3311 3528 3366 3572 ut
3420 3524 3564 3568 tanta

1969 3640 2160 3706 dignus
2212 3634 2383 3687 factus
2424 3630 2494 3684 sit
2526 3626 2840 3681 mutatione.

2042 3726 2319 3783 Credimus
2346 3724 2502 3791 igitur
2530 3728 2584 3774 et
2612 3734 2710 3770 nos
2756 3713 3041 3782 explanare
3064 3705 3187 3777 quid
3212 3700 3472 3772 agendum
3498 3696 3565 3752 ab

1974 3824 2053 3878 eis
2084 3825 2173 3885 sit,
2208 3828 2263 3873 et
2292 3817 2658 3871 decertatores
2705 3823 2799 3864 eos
2850 3817 3009 3857 veros
3056 3800 3124 3853 ad
3169 3810 3374 3851 sacram
3424 3792 3564 3844 viam

1976 3914 2325 3970 Constituere.
2363 3908 2427 3962 Et
2456 3909 2526 3960 ita
2560 3903 2715 3958 nobis
2742 3897 2968 3954 intentio
2997 3890 3275 3963 praesentis
3303 3892 3386 3940 est
3411 3883 3566 3952 legis,

1977 4023 2038 4069 ut
2060 4019 2179 4081 post
2200 4009 2309 4073 illa,
2329 4020 2449 4077 qua:
2470 4004 2537 4057 de
2558 3994 2912 4055 sanctissimis
2930 3989 3196 4063 episcopis
3218 3979 3568 4040 sancivimus,

1978 4116 2034 4160 et
2055 4118 2173 4173 qua:
2190 4100 2255 4155 de
2280 4089 2739 4165 revereudissimis
2763 4084 2974 4142 clericis
2999 4077 3379 4149 disposuimus,
3398 4083 3573 4139 neque

1980 4194 2124 4267 quod
2154 4189 2508 4248 monasticam
2558 4192 2673 4249 est,
2704 4192 2854 4237 extra
2910 4179 3303 4245 competentem
3351 4166 3576 4220 formam

1984 4261 2373 4359 relinquamus.
2408 4279 2541 4336 Illud
2568 4277 2725 4347 igitur
2753 4282 2877 4328 ante
2903 4271 3006 4325 alia
3050 4263 3334 4322 dicendum
3387 4264 3487 4319 est,
3521 4261 3581 4309 ut

1985 4392 2307 4455 quocunque
2338 4385 2579 4445 tempore
2607 4378 2661 4425 et
2689 4376 3007 4437 quocunque
3038 4360 3154 4414 loco
3176 4355 3293 4425 quis
3316 4349 3581 4405 aediﬁcare

1989 4472 2297 4532 venerabile
2329 4467 2713 4524 monasterium
2745 4455 2998 4517 voluerit,
3033 4464 3139 4504 non
3169 4444 3316 4513 prius
3364 4437 3578 4499 licentia

1911 4641 1967 4702 D
1993 4676 2116 4733 pum
2144 4622 2392 4712 advocet.
2432 4622 2620 4705 At—ille
2648 4637 2900 4696 extendat
2928 4644 3116 4687 manus
3170 4627 3234 4680 ad
3279 4622 3495 4685 cmlum,
3527 4625 3584 4673 et

1991 4715 2086 4823 per
2114 4747 2412 4803 orationem
2444 4740 2617 4792 locum
2649 4734 2930 4785 consecret
2955 4723 3085 4785 Deo,
3114 4719 3282 4787 ﬁgens
3309 4715 3362 4768 in
3393 4726 3459 4767 eo
3495 4723 3585 4764 sa-

1986 4806 2118 4898 lutis
2149 4849 2348 4894 nostrae
2390 4834 2597 4901 signum
2642 4823 2891 4894 (dicimus
2927 4824 3104 4873 autem
3153 4806 3479 4866 adorandam
3528 4808 3585 4859 et

1994 4951 2122 4991 vere
2150 4928 2514 4988 honorandam
2541 4917 2798 4988 crucem).
2824 4915 3004 4983 sicque
3026 4908 3242 4964 inchoet
3268 4899 3578 4973 aedilicium,

1995 5029 2194 5085 bonum
2228 5023 2410 5092 utique
2435 5013 2699 5086 quoddam
2733 5009 2783 5063 in
2813 5005 2913 5062 hoc
2940 5014 2994 5059 et
3021 5000 3216 5057 decens
3264 4993 3585 5050 fundamen-

1996 5135 2107 5178 tum
2137 5080 2342 5189 ponens
2374 5115 2516 5173 hoc;
2566 5111 2745 5173 itaque
2795 5096 3114 5170 principium
3160 5089 3261 5161 piae
3305 5080 3589 5141 venerabi-

1999 5219 2127 5274 lium
2159 5205 2604 5267 monasteriorum
2637 5195 2851 5252 fabricae
2878 5189 2989 5245 ﬁat.

2071 5306 2208 5363 Hinc
2235 5310 2410 5355 autem
2438 5292 2592 5349 nobis
2616 5290 2775 5345 etiam
2804 5284 2873 5339 de
2901 5276 3125 5349 singulis
3175 5266 3449 5328 monachis
3495 5278 3587 5320 co-

2004 5396 2277 5473 gitandum
2308 5399 2411 5453 est,
2440 5401 2548 5458 quo
2574 5377 2861 5437 conveniat
2883 5372 2997 5429 ﬁeri
3026 5367 3207 5429 modo,
3236 5373 3292 5418 et
3319 5370 3496 5416 utrum
3524 5356 3594 5413 li-

2005 5496 2164 5551 beros
2187 5488 2383 5550 solum,
2417 5478 2690 5537 autetiam
2721 5473 2857 5527 forte
2884 5479 3087 5530 servos,
3121 5477 3186 5516 eo
3230 5456 3372 5528 quod
3402 5462 3594 5509 omnes

2002 5583 2253 5645 similiter
2278 5576 2455 5632 divina
2481 5566 2715 5635 suscepit
2732 5560 2899 5633 gratia
2924 5554 3220 5627 praedicans
3244 5548 3438 5617 palam,
3467 5539 3593 5614 quia

2004 5642 2258 5751 quantum
2299 5670 2366 5725 ad
2417 5666 2510 5721 Dei
2559 5660 2761 5715 cultum
2803 5668 2908 5707 non
2951 5655 3036 5703 est
3080 5642 3369 5705 masculus,
3419 5649 3595 5706 neque

2007 5728 2225 5836 Femina,
2257 5776 2428 5833 neque
2458 5756 2613 5820 liber,
2648 5762 2822 5820 neque
2850 5744 3064 5807 servus‘,
3114 5749 3301 5793 omnes
3351 5730 3497 5788 enim
3539 5728 3596 5781 in

2007 5827 2222 5922 Christo
2249 5827 2411 5914 unam
2450 5844 2753 5905 mercedem
2800 5836 3099 5911 percipere.
3146 5827 3428 5887 Sancimus
3467 5832 3599 5890 ergo
