4042 6348
582 302 685 362 927

1654 284 1925 345 SECULI
1965 280 2169 341 SEXTI
2209 279 2800 338 SUPPLEMENTUM.
2852 330 2855 331 ν

3736 288 3812 344 εὶὶὸ

583 434 767 477 sacras
790 425 1077 491 sequentes
1113 412 1324 484 regulas
1344 452 1359 478 ,
1393 424 1487 466 eos
1531 408 1620 479 qui
1670 405 1989 475 singularem
2039 416 2171 456 con-
2200 400 2254 459 Α
2279 398 2400 466 quia
2430 399 2723 452 monastica
2753 397 2944 467 dignus
2973 406 3059 453 est
3086 398 3397 463 honestate,
3426 409 3627 454 maneat
3662 402 3704 455 in
3728 421 3813 461 mo-

584 504 941 568 versationem
976 508 1310 577 profitentur,
1343 517 1448 558 non
1481 509 1725 571 prompte
1775 513 1899 551 mox
1944 511 1973 549 a
2024 496 2209 548 reve-'

585 602 924 660 rendissimis
952 598 1269 670 praesulibus
1291 593 1676 651 venerabilium
1726 587 2173 645 monasteriorum

589 694 829 753 habitum
860 694 1138 763 percipere
1165 688 1564 751 monachalem,
1611 684 1703 739 sed
1748 698 1845 753 per
1888 681 2176 737 triennium

592 796 761 843 totum
793 785 928 858 (sive
963 783 1115 838 liberi
1162 783 1293 836 forte
1341 780 1469 844 sint,
1519 778 1634 832 sive
1684 774 1852 843 servi)
1911 772 2167 835 tolerare,

594 880 829 937 nondum
864 875 1215 931 monastieum
1241 872 1897 939 habitum-promerentes,
1929 863 2025 919 sed
2058 872 2179 939 ton-7

598 987 721 1030 sura
749 980 801 1026 et
829 977 976 1025 veste
1006 981 1191 1023 eorum
1219 966 1304 1035 qui
1337 962 1455 1017 laici
1486 968 1767 1023 vocantur,
1797 958 1871 1011 uti
1902 965 1957 1011 et
2000 970 2183 1009 mane-

595 1078 679 1130 re,
714 1064 789 1117 sic
835 1062 1011 1115 divina
1056 1059 1399 1113 addiscentes
1430 1054 1660 1124 eloquia.
1695 1053 1762 1106 Et
1800 1048 2181 1107 reverendissi-

598 1169 714 1211 mos
738 1170 922 1209 eorum
966 1153 1185 1207 abbates
1216 1150 1489 1219 requirere
1533 1162 1647 1211 eos,
1698 1146 1810 1201 sive
1850 1143 2001 1199 liberi
2052 1142 2181 1206 sint,

597 1248 708 1302 sive
736 1248 899 1311 servi,
930 1254 983 1299 et
1014 1244 1151 1298 unde
1180 1242 1259 1297 eis
1285 1240 1609 1297 desiderium
1637 1238 1761 1291 vita:
1788 1233 2073 1306 singularis
2094 1246 2184 1286 ac-

596 1337 837 1402 cesserit,
871 1346 922 1390 et
952 1336 1218 1391 discentes
1247 1332 1313 1385 ab
1340 1332 1419 1385 eis
1447 1331 1570 1400 quia
1601 1330 1743 1384 nulla
1775 1329 2005 1395 maligna
2028 1340 2184 1380 occa-

594 1428 678 1483 sio
704 1428 768 1480 ad
800 1430 901 1481 hoc
927 1442 1017 1480 eos
1050 1425 1281 1488 induxit,
1310 1432 1363 1478 et
1394 1423 1592 1476 habere
1632 1435 1724 1475 eos
1755 1420 1893 1473 inter
1920 1417 2059 1483 illos,
2092 1414 2184 1486 qui

594 1518 767 1572 adhuc
821 1517 1103 1583 docentur,
1153 1526 1314 1585 atque
1359 1523 1675 1575 monentur,
1721 1522 1775 1565 et
1819 1512 2185 1578 experimento

592 1608 871 1678 percipere
918 1624 1099 1663 eorum
1152 1607 1489 1662 tolerantiam
1518 1646 1532 1667 .
1566 1615 1621 1659 et
1666 1604 2031 1667 honestatem;
2078 1616 2182 1655 non

593 1701 735 1754 enim
766 1701 935 1756 facilis
961 1711 1043 1756 est
1072 1700 1195 1755 vita:
1227 1700 1502 1754 hominum
1528 1698 1769 1758 mutatio,
1796 1696 1889 1750 sed
1918 1710 2037 1749 cum
2067 1696 2184 1747 ani-

2280 493 2533 547 nasterio.
2562 492 2908 562 Nequaquam
2934 492 3079 547 enim
3109 493 3298 546 damus
3333 492 3600 547 licentiam
3642 497 3716 550 ulli
3749 515 3814 568 pe-

2279 585 2421 639 nitus
2451 585 2792 653 perscrutari,
2823 600 2939 655 qua:
2966 585 3084 653 ejus
3111 596 3251 649 sunt,
3290 585 3392 639 sed
3422 586 3538 640 sive
3574 587 3707 651 liber,
3731 594 3809 650 sive

2280 692 2465 731 servus
2498 677 2590 742 sit,
2621 691 2841 731 manere
2880 692 3002 731 eum
3050 679 3103 729 in
3152 676 3577 733 conversatione
3617 682 3812 739 volumus.

2282 771 2411 826 Nam
2442 781 2497 826 et
2520 773 2563 825 si
2596 772 2781 825 vitium
2815 771 2867 825 in
2902 770 3067 839 priori
3091 771 3159 824 ab
3185 786 3248 824 eo
3284 773 3434 824 forte
3460 779 3654 840 gestum
3678 787 3741 827 est
3764 778 3815 830 vi-

2282 872 2335 919 ta
2367 863 2620 934 (humana
2653 862 2797 917 enim
2832 871 3017 915 natura
3045 864 3457 931 quodammodo
3484 864 3669 921 labitur
3690 870 3739 921 ad
3755 872 3817 928 de-

2282 953 2454 1022 licta),
2502 962 2735 1007 attamen
2787 952 2985 1007 sufficit
3024 952 3089 1007 ad
3141 954 3481 1010 mediocrem
3524 960 3818 1029 purgationem

2285 1058 2624 1117 peccatorum
2654 1089 2668 1111 ,
2719 1054 2774 1101 et
2829 1046 2895 1100 ad
2947 1044 3162 1101 virtutis
3207 1058 3565 1118 augmentum
3613 1053 3817 1110 triennalis

2285 1142 2541 1208 temporis
2572 1140 2959 1195 testimonium.
2997 1141 3069 1194 Ea
3100 1155 3227 1195 vero
3254 1157 3383 1211 qua:
3406 1152 3557 1212 rapta
3584 1151 3817 1214 sunt,:ipatl

2286 1248 2631 1304 quoscunque
2655 1232 2868 1286 tandem
2898 1230 3261 1297 inveniantur,
3290 1233 3478 1287 modis
3501 1235 3721 1291 omnibus
3738 1242 3819 1294 red-

2287 1328 2480 1381 dantur
2510 1326 2687 1395 prisco
2716 1326 2958 1380 domino.
2990 1326 3048 1380 Si
3082 1340 3211 1380 vero
3259 1328 3479 1381 servitii
3523 1334 3819 1387 neceSsiiaien

2287 1418 2566 1483 effugiens,
2604 1418 2891 1473 tentaverit
2950 1419 3343 1473 monasterium
3396 1420 3608 1489 quidem
3652 1424 3817 1481 derelia.

2286 1526 2472 1579 quere,
2501 1512 2657 1565 aliam
2687 1520 2867 1566 autem
2897 1512 3019 1565 vita:
3049 1513 3244 1566 sectari
3290 1514 3527 1581 figuram
3556 1558 3569 1582 ,
3618 1514 3818 1573 licentiam

2286 1600 2475 1656 damus
2501 1601 2721 1656 domino
2749 1602 3027 1658 retrahere
3054 1619 3177 1658 eum
3197 1642 3212 1668 ,
3240 1616 3294 1659 et
3331 1606 3582 1675 probanti
3619 1604 3816 1665 fortunata

2289 1693 2427 1747 inter
2472 1708 2659 1749 servos
2706 1695 2945 1760 habere;
2998 1711 3104 1751 non
3153 1696 3293 1752 enim
3347 1697 3601 1768 injuriam
3658 1703 3819 1768 patietur

597 1811 697 1849 mre
731 1810 922 1866 magno
954 1796 1014 1849 fit
1044 1795 1245 1850 labore.
1302 1793 1368 1847 Et
1417 1808 1536 1846 eum
1584 1791 1810 1845 triennio
1863 1798 1972 1843 toto
2017 1789 2069 1841 in
2114 1801 2177 1842 ea
2210 1775 2258 1835 Β
2284 1796 2483 1842 tantam
2514 1790 2579 1843 ad
2610 1805 2794 1845 verum
2820 1791 3099 1846 servitium
3131 1802 3441 1859 retractus,
3478 1805 3711 1863 quantum
3744 1800 3816 1865 ipse

594 1888 701 1941 vita
735 1889 1145 1957 permanserint,
1174 1886 1403 1955 optimos
1433 1886 1747 1954 semetipsos
1784 1892 1839 1938 et
1882 1882 2181 1937 tolerabiles

596 1980 717 2034 aliis
751 1980 1025 2034 menachis
1056 1987 1110 2034 et
1159 1979 1371 2048 praesuli
1406 1978 1855 2043 demonstrantes,
1912 1976 2008 2028 hos
2064 1988 2179 2028 mo-

594 2072 853 2125 nasticam
885 2072 1177 2141 promereri
1206 2078 1433 2135 vestem,
1465 2078 1624 2139 atque
1654 2079 1924 2122 tonsuram
1953 2107 1967 2129 ,
1993 2074 2047 2120 et
2070 2064 2182 2119 sive

598 2165 749 2220 liberi
776 2166 903 2231 sint,
938 2167 1055 2220 sine
1083 2164 1345 2219 calumnia
1378 2178 1713 2234 permanere,
1744 2161 1857 2215 sive
1888 2159 2047 2223 servi,
2083 2173 2180 2227 pe-

598 2256 742 2311 nitus
772 2271 876 2312 non
908 2258 1188 2327 inquietari
1230 2258 1519 2326 migrantes
1565 2254 1631 2308 ad
1680 2268 2015 2307 communem
2068 2267 2183 2307 om-

594 2348 764 2402 nium.
796 2348 1028 2405 Dicimus
1068 2359 1244 2405 autem
1293 2348 1566 2404 etelestem
1624 2346 1926 2407 Dominam,
1982 2342 2075 2397 sed
2129 2344 2183 2398 in

591 2437 892 2495 libertatem
920 2440 1074 2511 eripi.
1106 2441 1236 2495 Nam
1268 2441 1313 2494 si
1342 2442 1391 2494 in
1422 2440 1601 2494 multis
1656 2438 1868 2492 casibus
1913 2436 2072 2490 etiam
2115 2450 2181 2487 ex

593 2530 708 2599 lege
740 2531 840 2585 hoc
866 2532 945 2598 fit,
979 2543 1031 2587 et
1058 2533 1177 2586 talis
1199 2532 1441 2600 qtitedam
1467 2532 1683 2584 libertas
1707 2529 1883 2594 datur,
1913 2526 2183 2597 quomodo

594 2637 701 2674 non
734 2623 1047 2691 prtevalebit
1077 2624 1252 2677 divina
1300 2623 1467 2692 gratia
1518 2621 1709 2673 talibus
1757 2633 1848 2672 eos
1907 2618 2183 2671 absolvere

592 2716 855 2771 vinculis?
882 2717 939 2773 Si
972 2733 1097 2771 vero
1130 2718 1265 2771 intra
1318 2716 1608 2769 triennium
1643 2712 1848 2768 venerit
1895 2710 2177 2781 quispiam,

590 2818 645 2864 et
675 2810 905 2879 aliquem
937 2810 1258 2880 horum,qni
1279 2807 1742 2864 conversationem
1773 2805 1997 2877 professi
2020 2813 2173 2875 sunt,

592 2903 904 2960 abstrahere
933 2914 1176 2975 tanquam
1209 2920 1419 2959 servum
1449 2902 1824 2969 voluerit,hoc
1863 2901 2004 2969 quod
2024 2900 2177 2954 nobis

593 3009 768 3065 nuper
795 3011 857 3050 ex
891 2996 1049 3067 Lycia
1079 2997 1339 3051 nuntiavit
1372 2996 1615 3050 Zosimus
1646 2996 1754 3049 Deo
1802 2994 2065 3059 amabilis,
2094 2994 2181 3048 vir

592 3084 980 3143 famosissimus
1010 3089 1060 3142 in
1092 3089 1527 3152 conversatione,
1560 3095 1615 3141 et
1660 3101 1825 3155 prope
1868 3086 2175 3140 vicesimum

2284 1878 2568 1947 injuriatus
2594 1891 2677 1937 est
2708 1882 2802 1937 Dei
2836 1884 3099 1940 culturam
3131 1886 3435 1956 refugiens.
3465 1886 3530 1941 Et
3558 1888 3648 1942 hoc
3667 1890 3817 1957 quidem
3846 1886 3851 1893 λ

2285 1971 2353 2027 de
2381 1973 2595 2029 fortuna
2629 1976 2821 2032 horum
2853 1978 2945 2046 qui
2980 1979 3123 2033 inter
3167 1980 3475 2035 monachos
3519 1981 3725 2049 profiteri
3759 2000 3816 2037 vo-

2284 2061 2400 2117 lunt
2430 2066 2722 2121 sancimus.
2753 2066 3108 2137 Cogitandum
3139 2084 3267 2125 vero
3296 2081 3417 2135 est,
3449 2073 3697 2141 quomodo
3720 2074 3814 2143 ipsos

2284 2156 2587 2213 habitantes
2639 2169 2694 2215 et
2744 2160 2815 2215 ibi
2865 2160 3121 2231 degentes
3169 2165 3491 2219 monastica:
3541 2166 3813 2236 philosonliie

2285 2259 2580 2305 certatores
2608 2252 2796 2321 dignos
2826 2268 2947 2308 esse
2974 2254 3349 2311 ostendamus.
3386 2257 3572 2327 Neque
3610 2262 3727 2313 enim
3754 2275 3812 2311 τοι

2284 2340 2462 2397 lumus
2490 2345 2542 2397 in
2575 2344 2680 2398 ullo
2711 2349 3036 2403 monasterio
3062 2352 3162 2405 sub
3190 2352 3408 2408 ditione
3465 2362 3640 2407 nostra
3677 2356 3810 2408 consti-

2286 2442 2421 2501 tuto,
2453 2437 2567 2493 sive
2598 2439 2947 2508 plurimorum
2980 2443 3255 2499 hominum
3285 2456 3397 2511 est,
3431 2447 3545 2501 sive
3574 2463 3807 2516 paucorum,

2285 2530 2581 2583 monachos
2632 2533 2721 2601 qui
2780 2532 2851 2588 ibi
2903 2545 3047 2601 sunt,
3091 2537 3291 2592 divisos
3320 2539 3390 2593 ab
3422 2541 3679 2595 alterutris
3718 2556 3806 2607 esse,

2285 2628 2339 2672 et
2365 2620 2598 2688 propriis
2633 2620 3047 2680 habitationibus
3079 2627 3179 2691 uti,
3228 2626 3325 2682 sed
3368 2630 3702 2685 communiter
3736 2630 3809 2698 qui-

2285 2708 2407 2764 dem
2436 2726 2529 2766 eos
2559 2714 2845 2770 comedere
2873 2717 3171 2783 sancimus,
3205 2718 3453 2775 dormire
3494 2722 3645 2777 etiam
3684 2734 3809 2776 omnes

2286 2801 2339 2855 in
2368 2805 2667 2871 communi,
2700 2822 3022 2877 unoquoque
3056 2810 3270 2879 quidem
3308 2812 3362 2865 in
3394 2814 3615 2881 quadam
3659 2815 3809 2881 propria

2283 2898 2487 2946 statura
2516 2894 2752 2963 jacente,
2786 2898 2838 2950 in
2865 2898 3024 2952 domo
3055 2915 3183 2954 vero
3218 2916 3323 2955 una
3377 2903 3675 2969 collocatos,
3701 2912 3765 2956 aut
3780 2905 3809 2956 si

2283 2984 2422 3071 forte
2454 3005 2558 3043 non
2590 2990 2793 3045 sufficit
2822 2993 2886 3047 ad
2919 2994 3311 3051 multitudinem
3367 2999 3718 3054 monachorum
3741 2999 3802 3051 do-

2283 3096 2403 3135 mus
2433 3099 2566 3149 una,
2599 3087 2651 3139 in
2701 3086 2834 3141 duas
2884 3088 3085 3155 forsan,
3137 3100 3229 3144 aut
3287 3093 3495 3161 plures,
3550 3110 3644 3148 non
3687 3103 3807 3147 tamen

597 3189 653 3237 et
680 3183 1029 3237 centesimum
1057 3182 1229 3236 (etatis
1279 3194 1442 3250 agens
1484 3196 1705 3246 annum,
1753 3179 1956 3247 pollens
2005 3186 2183 3232 autem
2212 3160 2259 3225 (ἶ
2289 3175 2539 3241 seorsim,
2563 3185 2620 3231 et
2649 3179 2787 3248 apud
2815 3182 3152 3249 semetipsos,
3187 3184 3278 3237 sed
3313 3184 3369 3240 in
3401 3186 3670 3248 communi,
3695 3194 3805 3239 testes

593 3282 651 3330 et
678 3276 838 3329 animi
870 3274 1150 3329 virtutibus
1190 3284 1245 3329 et
1290 3273 1535 3343 corporis
1584 3271 2005 3341 operationibus,
2053 3270 2179 3339 quia

595 3375 739 3421 tanta
768 3368 1006 3436 qumdam
1035 3368 1087 3422 in
1114 3382 1177 3421 eo
1202 3367 1369 3436 gratia
1400 3366 1497 3419 Dei
1524 3365 1698 3418 floret.
1750 3362 1806 3417 Si
1852 3363 1971 3433 quis
2026 3363 2182 3431 igitur

596 3461 774 3531 (sicut
805 3461 1148 3531 praediximus
1174 3462 1190 3529 )
1219 3460 1357 3515 intra
1401 3458 1694 3513 triennium
1720 3458 1899 3510 veniat
1951 3456 2183 3524 aliquem

595 3567 781 3607 eorum
812 3554 901 3622 qni
932 3554 1112 3608 volunt
1143 3567 1262 3607 esse
1310 3563 1364 3607 et
1414 3564 1755 3621 perseverare
1792 3548 2077 3615 monachi,
2129 3548 2182 3603 in

594 3647 903 3702 servitutem
935 3656 1231 3712 tracturus,
1261 3656 1314 3702 et
1343 3648 1483 3701 dicat
1513 3645 1653 3716 quod
1684 3644 1983 3712 abripuerit
2028 3658 2184 3712 quas-

592 3739 717 3793 dam
744 3755 851 3805 res,
901 3750 955 3795 et
1005 3749 1284 3810 prepterea
1335 3740 1622 3796 recurrerit
1667 3738 1733 3793 ad
1775 3737 2179 3803 monasterium,

596 3834 863 3889 sancimus
890 3850 1008 3889 eum
1036 3850 1139 3890 non
1166 3844 1412 3905 prompte
1434 3849 1613 3903 agere,
1640 3834 1736 3889 sed
1758 3834 1931 3902 primo
1958 3832 2183 3901 probare

599 3936 697 3989 pro
724 3925 965 3988 veritate,
999 3925 1122 3993 quia
1151 3935 1205 3979 et
1234 3940 1423 3980 servus
1453 3934 1557 3990 est,
1588 3937 1640 3979 et
1669 3939 1765 3995 pro
1794 3924 1933 3978 furto
1979 3923 2181 3993 forsan,

598 4022 690 4067 aut
711 4030 808 4083 pro
829 4017 935 4067 vita
966 4016 1216 4085 maligna,
1249 4027 1338 4071 aut
1368 4032 1463 4086 pro
1508 4017 1650 4072 vitiis
1698 4016 1945 4086 pessimis
1990 4014 2186 4085 fugerit

598 4106 834 4176 quidem,
863 4117 1082 4177 propter
1109 4122 1261 4163 suum
1293 4119 1471 4165 autem
1494 4111 1680 4165 vitium
1708 4112 1772 4165 ad
1800 4112 2182 4166 monasterium

598 4202 825 4255 venerit.
858 4201 924 4255 Et
950 4203 994 4255 si
1024 4204 1237 4270 quidem
1264 4220 1426 4259 verax
1457 4204 1779 4273 ostenditur,
1804 4214 1858 4259 et
1881 4203 2185 4273 apparuerit

596 4303 812 4363 propter
840 4294 1143 4364 hujusmodi
1192 4311 1407 4352 causam
1456 4297 1802 4352 monasticam
1849 4311 1968 4349 eum
2020 4296 2186 4349 simu-

597 4384 736 4439 lasse
762 4387 1243 4451 conversationem,
1275 4398 1366 4442 aut
1390 4397 1609 4458 propter
1654 4387 2034 4455 turpitudinem
2065 4388 2184 4442 vitae

597 4475 732 4530 forte
760 4477 1064 4548 dilfugisse,
1096 4486 1150 4532 et
1179 4495 1284 4533 non
1318 4494 1413 4549 pro
1441 4479 1664 4535 veritate
1692 4478 2059 4533 sanctimonia:
2091 4477 2184 4531 ha-

2288 3265 2526 3321 alterutri
2559 3269 2669 3323 sint
2700 3270 2998 3325 honestatis
3026 3282 3078 3326 et
3123 3274 3409 3330 castitatis.
3465 3276 3531 3332 Et
3574 3292 3716 3346 neque
3748 3290 3805 3328 so-

2289 3371 2470 3412 mnum
2502 3360 2827 3416 desidiosum
2860 3364 3110 3431 habeant,
3140 3368 3237 3422 sed
3283 3379 3339 3424 et
3371 3372 3426 3425 in
3472 3386 3646 3426 somno
3686 3370 3801 3425 medi-

2288 3453 2461 3501 tantes
2492 3448 2626 3505 bene
2654 3456 2950 3522 composito
2996 3471 3115 3512 esse
3160 3473 3392 3527 corpore
3436 3473 3637 3532 prepter
3680 3461 3803 3514 incre-

2288 3543 2557 3611 pationem
2626 3547 3041 3614 respicientium.
3099 3550 3208 3606 Nisi
3273 3563 3456 3610 tamen
3521 3555 3701 3625 quidam
3742 3568 3801 3607 eo-

2289 3654 2405 3693 rum
2437 3640 2487 3694 in
2528 3642 2977 3712 contemplatione
3026 3655 3080 3701 et
3126 3648 3457 3714 perfectione
3496 3652 3715 3720 degentes
3751 3648 3803 3701 ti-

2291 3738 2395 3787 tam
2428 3743 2688 3788 remotam
2724 3734 2953 3791 habeant
2985 3738 3036 3791 in
3061 3752 3301 3809 secessu,
3335 3759 3472 3813 quos
3522 3758 3683 3798 vocare
3716 3754 3799 3792 ana-

2288 3823 2555 3890 choretas,
2606 3836 2661 3880 et
2709 3826 3056 3899 hesychastas
3111 3846 3511 3891 consueverunt
3554 3844 3750 3903 tanquam
3781 3843 3800 3881 ι

2288 3918 2664 3999 communione
2691 3921 2755 3973 ad
2808 3922 3035 3977 meliora
3085 3938 3363 3993 exceptos.
3411 3928 3638 3996 Alioquin
3678 3923 3795 3983 alios.

2289 4007 2693 4078 quibuscnnque
2725 4012 2861 4065 inter
2889 4013 3278 4071 multitudinem
3309 4018 3641 4076 conversatio
3664 4024 3745 4077 est,
3766 4011 3799 4064 in

2289 4100 2373 4154 his
2405 4116 2523 4170 qua:
2551 4113 2807 4157 vocantur
2831 4106 3071 4160 etenobia
3091 4146 3105 4169 ,
3131 4122 3251 4161 esse
3281 4110 3545 4165 volumus.
3594 4109 3666 4163 Sic
3700 4102 3795 4159 enim

2291 4195 2438 4249 zelus
2467 4195 2543 4248 eis
2572 4194 2637 4248 ad
2666 4196 2914 4249 virtutem
2945 4198 3158 4263 crescit,
3190 4207 3244 4252 et
3293 4203 3525 4257 maxime
3561 4196 3793 4269 juvenibus.

2289 4288 2334 4343 si
2365 4303 2487 4342 enm
2512 4289 2815 4345 senioribus
2843 4291 3259 4347 constituantur.
3293 4292 3417 4348 Fiet
3442 4294 3573 4349 enim
3594 4290 3792 4345 seniorum

2288 4379 2624 4435 conversatio
2652 4381 2945 4449 iuventutis
2974 4382 3219 4437 educatio
3248 4383 3507 4453 perfecta.
3540 4384 3594 4437 Et
3634 4381 3694 4435 sic
3729 4378 3798 4429 sint

2289 4474 2343 4529 in
2374 4475 2638 4531 ctenobiis
2664 4491 2761 4529 suo
2791 4476 3008 4544 proprio
3037 4477 3216 4531 abbati
3242 4477 3581 4541 obedientes,
3622 4484 3664 4529 et
3690 4470 3796 4524 tradi-

595 4569 766 4623 bitum
796 4571 1148 4641 concupiisse,
1183 4573 1324 4628 hunc
1352 4573 1499 4629 reddi
1530 4573 1771 4638 domino,
1804 4588 1923 4627 cum
1970 4570 2035 4626 iis
2062 4587 2180 4642 qure
2209 4548 2265 4611 Ῑ)
2291 4579 2396 4624 tam
2426 4570 2527 4624 sibi
2560 4570 3021 4625 conversationem
3072 4570 3471 4640 inculpabiliter
3510 4571 3794 4626 observantes.

597 4662 776 4718 forsan
806 4665 1057 4735 abripuit,
1088 4668 1133 4721 si
1165 4676 1343 4722 tamen
1378 4668 1493 4722 haec
1542 4669 1703 4722 etiam
1754 4670 1803 4720 in
1858 4667 2185 4720 monasterio

599 4755 813 4811 fuerint.
847 4758 978 4812 Eum
1009 4776 1159 4824 vero,
1189 4760 1279 4830 qui
1310 4760 1556 4814 dominus
1586 4759 1933 4828 approbatur,
1958 4759 2090 4813 dare
2135 4758 2197 4813 ei

590 4849 988 4918 jusjurandum,
1016 4855 1138 4921 quia
1170 4854 1299 4908 nihil
1329 4854 1453 4907 mali
1485 4854 1532 4907 ei
1563 4850 1741 4915 faciet,
1775 4860 1827 4906 et
1873 4861 2183 4919 susceptum

593 4955 716 4996 eum
748 4940 965 4996 reducet
993 4943 1229 4999 domum.
1260 4945 1317 5000 Si
1347 4959 1475 4999 vero
1506 4944 1551 4997 is
1576 4944 1787 5012 quidem
1819 4943 1908 5012 qui
1950 4943 2078 4997 dicit
2121 4957 2181 4997 se

594 5047 715 5088 esse
741 5031 1039 5101 dominum,
1072 5035 1199 5089 nihil
1231 5036 1333 5090 tale
1366 5036 1701 5105 probaverit,
1733 5044 1788 5091 et
1836 5044 2092 5105 appareat
2137 5035 2182 5090 is

594 5126 683 5193 qui
714 5125 766 5179 in
799 5126 989 5181 talibus
1012 5136 1322 5193 accusatur,
1348 5143 1415 5182 ex
1441 5129 1551 5196 ipsa
1574 5129 1986 5183 conversatione
2019 5129 2184 5182 hone-

596 5225 712 5272 stus
738 5233 801 5274 ac
830 5220 995 5287 mitis,
1027 5229 1081 5275 et
1107 5220 1243 5275 forte
1288 5220 1655 5275 testimonium
1701 5220 1894 5275 habeat
1934 5221 2181 5284 aliorum,

595 5309 716 5377 quia
750 5310 911 5366 etiam
938 5313 1074 5380 apud
1102 5312 1375 5367 dominum
1404 5312 1707 5367 consistens
1752 5311 1989 5366 discendi
2038 5314 2185 5380 cupi-

597 5397 694 5453 dus
721 5401 896 5467 fuerit,
928 5412 983 5457 et
1011 5403 1305 5460 honestatis
1335 5414 1565 5468 amator,
1594 5414 1647 5459 et
1669 5405 1714 5459 si
1762 5404 1995 5459 nondum
2051 5404 2185 5459 forte

597 5493 923 5561 completum
952 5504 1036 5551 est
1066 5497 1275 5552 triennii
1330 5508 1561 5567 tempus,
1612 5506 1844 5551 attamen
1894 5498 2054 5550 etiam
2109 5497 2185 5551 sic

598 5596 807 5640 maneat
834 5586 888 5641 in
918 5590 1208 5651 venerabili
1236 5593 1586 5657 monasterio,
1620 5590 1933 5646 abstrahere
1964 5590 2184 5660 cupien-

601 5674 728 5729 tium
758 5681 1045 5747 asperitate
1067 5682 1341 5739 liberatus.

670 5764 907 5821 Triennii
954 5786 1077 5825 vero
1130 5777 1297 5830 semel
1345 5777 1556 5845 expleto
1613 5783 1873 5848 tempore,
1896 5773 2182 5849 judicatus,

2363 4664 2419 4717 Si
2451 4664 2571 4733 quis
2621 4673 2803 4718 autem
2853 4663 2989 4717 forte
3036 4665 3204 4720 semel
3250 4666 3540 4731 dedicatus,
3585 4662 3795 4722 habituque

2292 4756 2511 4826 potitus,
2543 4757 2737 4811 deinde
2760 4772 2788 4810 a
2823 4758 3152 4813 monasterio
3199 4758 3480 4815 discedere
3528 4753 3724 4815 voluerih
3760 4752 3795 4799 εί

2289 4851 2549 4919 privatam
2584 4851 2825 4907 fortassis
2854 4852 3049 4919 eligere
3079 4853 3274 4916 vitam,
3323 4852 3439 4922 ipse
3486 4848 3668 4922 quidem
3702 4839 3792 4895 sciet

2287 4959 2444 5014 quam
2475 4959 2571 5013 pro
2602 4944 2702 4998 hoc
2730 4945 2877 4998 dabit
2916 4944 3025 5000 Deo
3055 4946 3478 5001 satisfactionem
3505 4962 3516 5010 ;
3562 4955 3633 4996 res
3670 4944 3790 4989 attici“

2286 5053 2627 5108 quascunque
2659 5038 2926 5105 habuerit,
2955 5038 3081 5092 dum
3115 5041 3168 5092 in
3203 5039 3575 5096 monasterium
3604 5026 3780 5088 intrabat.

2285 5145 2365 5185 em
2395 5131 2613 5184 dominii
2645 5130 2754 5185 sint
2782 5131 3125 5198 monasterii,
3160 5142 3213 5188 et
3243 5134 3370 5188 nihil
3397 5133 3513 5188 inde
3535 5126 3706 5200 penitus
3726 5116 3788 5170 e'iv

2286 5222 2411 5275 eiat.
2441 5220 2573 5275 Illud
2598 5238 2812 5291 quoque
2838 5222 3179 5280 decernimus
3206 5241 3326 5279 eum
3374 5227 3464 5296 qui
3508 5222 3557 5277 in
3597 5220 3787 5275 mon-'15“?

2286 5316 2422 5369 rium
2456 5315 2677 5371 introire
2708 5316 2958 5380 voluerit,
2988 5327 3275 5387 antequam
3298 5316 3649 5374 monasterium
3668 5310 3784 5371 ξηετε·

2291 5409 2488 5474 diatur,
2521 5408 2786 5463 licentiam
2816 5407 3015 5465 habere
3046 5410 3158 5464 suis
3189 5412 3263 5464 uti
3294 5426 3402 5478 quo
3431 5403 3627 5462 voluerit
3648 5393 3782 5453 mndﬂz

2294 5500 2679 5571 ingredientem
2712 5515 2942 5572 namque
2972 5502 3128 5557 simul
3167 5514 3460 5573 sequuntur
3498 5497 3677 5555 omnino
3708 5499 3778 5541 res,

2295 5591 2415 5646 licet
2442 5608 2545 5646 non
2576 5594 2893 5663 expressim,
2923 5608 3042 5671 cum
3075 5594 3438 5650 introduceret
3479 5606 3576 5659 eas,
3615 5578 3777 5671 discuti

2293 5692 2345 5737 et
2376 5697 2479 5735 non
2511 5682 2613 5738 erit
2642 5682 2891 5738 dominus
2924 5668 3115 5739 earum
3162 5684 3388 5740 ulterius
3435 5684 3533 5740 ullo
3570 5675 3706 5734 modo.
3740 5664 3777 5717 Si

2295 5790 2422 5834 vero
2456 5775 2591 5832 filios
2622 5775 2888 5850 habuerit,
2922 5778 2966 5833 si
3016 5776 3233 5850 quidem
3280 5769 3667 5853 contigeritjam
3697 5768 3778 5815 eum
