  <div class='ocr_page' id='page_1' title='image "/cluster/home/n/w/nwhite01/storage/ocr_20150623/72/hvd.32044015469364/472.png"; bbox 0 0 4042 6348; ppageno 0'>
   <div class='ocr_carea' id='block_1_1' title="bbox 190 354 285 416">
    <p class='ocr_par' dir='ltr' id='par_1_1' title="bbox 190 354 285 416">
     <span class='ocr_line' id='line_1_1' title="bbox 190 354 285 416; baseline 0 0"><span class='ocrx_word' id='word_1_1' title='bbox 190 354 285 416; x_wconf 69' lang='lat'><strong>929</strong></span> 
     </span>
    </p>
   </div>
   <div class='ocr_carea' id='block_1_2' title="bbox 1034 360 2701 433">
    <p class='ocr_par' dir='ltr' id='par_1_2' title="bbox 1034 360 2701 433">
     <span class='ocr_line' id='line_1_2' title="bbox 1034 360 2701 433; baseline 0.007 -12"><span class='ocrx_word' id='word_1_2' title='bbox 1034 361 1415 423; x_wconf 77' lang='lat' dir='ltr'><strong>JUSTINIANI</strong></span> <span class='ocrx_word' id='word_1_3' title='bbox 1454 360 1801 424; x_wconf 63' lang='lat' dir='ltr'><strong>NOVELLIE</strong></span> <span class='ocrx_word' id='word_1_4' title='bbox 1843 364 2204 427; x_wconf 65' lang='lat' dir='ltr'><strong>SELECTE.</strong></span> <span class='ocrx_word' id='word_1_5' title='bbox 2245 370 2570 430; x_wconf 68' lang='lat' dir='ltr'><strong>NOVELLA</strong></span> <span class='ocrx_word' id='word_1_6' title='bbox 2614 376 2701 433; x_wconf 85' lang='lat' dir='ltr'><strong>Vl.</strong></span> 
     </span>
    </p>
   </div>
   <div class='ocr_carea' id='block_1_3' title="bbox 3351 372 3461 435">
    <p class='ocr_par' dir='ltr' id='par_1_3' title="bbox 3351 372 3461 435">
     <span class='ocr_line' id='line_1_3' title="bbox 3351 372 3461 435; baseline 0.018 -2"><span class='ocrx_word' id='word_1_7' title='bbox 3351 372 3461 435; x_wconf 78' lang='lat'><strong>9&#39;50</strong></span> 
     </span>
    </p>
   </div>
   <div class='ocr_carea' id='block_1_4' title="bbox 188 472 3457 568">
    <p class='ocr_par' dir='ltr' id='par_1_4' title="bbox 188 472 3457 568">
     <span class='ocr_line' id='line_1_4' title="bbox 188 472 3457 568; baseline 0.006 -31"><span class='ocrx_word' id='word_1_8' title='bbox 188 494 272 537; x_wconf 86' lang='lat' dir='ltr'><strong>res</strong></span> <span class='ocrx_word' id='word_1_9' title='bbox 294 479 498 552; x_wconf 73' lang='lat' dir='ltr'><strong>aliquas</strong></span> <span class='ocrx_word' id='word_1_10' title='bbox 524 480 755 540; x_wconf 87' lang='lat' dir='ltr'><strong>donasse</strong></span> <span class='ocrx_word' id='word_1_11' title='bbox 783 480 885 550; x_wconf 82' lang='lat' dir='ltr'><strong>eis,</strong></span> <span class='ocrx_word' id='word_1_12' title='bbox 917 494 1009 539; x_wconf 92' lang='lat' dir='ltr'><strong>aut</strong></span> <span class='ocrx_word' id='word_1_13' title='bbox 1033 501 1123 555; x_wconf 89' lang='lat' dir='ltr'><strong>per</strong></span> <span class='ocrx_word' id='word_1_14' title='bbox 1149 487 1571 557; x_wconf 87' lang='lat' dir='ltr'><strong>antenuptialem</strong></span> <span class='ocrx_word' id='word_1_15' title='bbox 1600 472 1846 547; x_wconf 61' lang='lat' dir='ltr'><strong>dona-A</strong></span> <span class='ocrx_word' id='word_1_16' title='bbox 1871 491 2045 546; x_wconf 87' lang='lat' dir='ltr'><strong>sulatu</strong></span> <span class='ocrx_word' id='word_1_17' title='bbox 2076 509 2286 560; x_wconf 87' lang='lat' dir='ltr'><strong>eorum,</strong></span> <span class='ocrx_word' id='word_1_18' title='bbox 2318 496 2457 552; x_wconf 91' lang='lat' dir='ltr'><strong>hunc</strong></span> <span class='ocrx_word' id='word_1_19' title='bbox 2479 498 2696 568; x_wconf 80' lang='lat' dir='ltr'><strong>eligere,</strong></span> <span class='ocrx_word' id='word_1_20' title='bbox 2726 512 2791 553; x_wconf 91' lang='lat' dir='ltr'><strong>eo</strong></span> <span class='ocrx_word' id='word_1_21' title='bbox 2819 499 2960 568; x_wconf 91' lang='lat' dir='ltr'><strong>quod</strong></span> <span class='ocrx_word' id='word_1_22' title='bbox 2993 498 3221 555; x_wconf 89' lang='lat' dir='ltr'><strong>humana</strong></span> <span class='ocrx_word' id='word_1_23' title='bbox 3264 510 3457 558; x_wconf 82' lang='lat' dir='ltr'><strong>natura</strong></span> 
     </span>
    </p>
   </div>
   <div class='ocr_carea' id='block_1_5' title="bbox 191 575 1764 647">
    <p class='ocr_par' dir='ltr' id='par_1_5' title="bbox 191 575 1764 647">
     <span class='ocr_line' id='line_1_5' title="bbox 191 575 1764 647; baseline 0.002 -18"><span class='ocrx_word' id='word_1_24' title='bbox 191 575 404 641; x_wconf 92' lang='lat' dir='ltr'><strong>tionem,</strong></span> <span class='ocrx_word' id='word_1_25' title='bbox 436 585 530 631; x_wconf 91' lang='lat' dir='ltr'><strong>aut</strong></span> <span class='ocrx_word' id='word_1_26' title='bbox 553 592 652 647; x_wconf 87' lang='lat' dir='ltr'><strong>per</strong></span> <span class='ocrx_word' id='word_1_27' title='bbox 680 578 815 634; x_wconf 78' lang='lat' dir='ltr'><strong>dotis</strong></span> <span class='ocrx_word' id='word_1_28' title='bbox 847 581 1182 635; x_wconf 81' lang='lat' dir='ltr'><strong>occasionem</strong></span> <span class='ocrx_word' id='word_1_29' title='bbox 1210 581 1532 647; x_wconf 75' lang='lat' dir='ltr'><strong>contulisse,</strong></span> <span class='ocrx_word' id='word_1_30' title='bbox 1582 589 1638 635; x_wconf 93' lang='lat' dir='ltr'><strong>et</strong></span> <span class='ocrx_word' id='word_1_31' title='bbox 1686 579 1764 633; x_wconf 86' lang='lat' dir='ltr'><strong>fa-</strong></span> 
     </span>
    </p>
   </div>
   <div class='ocr_carea' id='block_1_6' title="bbox 189 669 1767 745">
    <p class='ocr_par' dir='ltr' id='par_1_6' title="bbox 189 669 1767 745">
     <span class='ocr_line' id='line_1_6' title="bbox 189 669 1767 745; baseline 0.004 -23"><span class='ocrx_word' id='word_1_32' title='bbox 189 669 322 722; x_wconf 87' lang='lat' dir='ltr'><strong>ciant</strong></span> <span class='ocrx_word' id='word_1_33' title='bbox 345 669 459 723; x_wconf 67' lang='lat' dir='ltr'><strong>haec</strong></span> <span class='ocrx_word' id='word_1_34' title='bbox 487 681 728 738; x_wconf 81' lang='lat' dir='ltr'><strong>quartam</strong></span> <span class='ocrx_word' id='word_1_35' title='bbox 755 674 822 728; x_wconf 92' lang='lat' dir='ltr'><strong>ab</strong></span> <span class='ocrx_word' id='word_1_36' title='bbox 849 675 1099 730; x_wconf 89' lang='lat' dir='ltr'><strong>intestato</strong></span> <span class='ocrx_word' id='word_1_37' title='bbox 1128 675 1243 745; x_wconf 84' lang='lat' dir='ltr'><strong>ejus</strong></span> <span class='ocrx_word' id='word_1_38' title='bbox 1288 675 1600 731; x_wconf 67' lang='lat' dir='ltr'><strong>substantiae</strong></span> <span class='ocrx_word' id='word_1_39' title='bbox 1646 690 1767 744; x_wconf 89' lang='lat' dir='ltr'><strong>par-</strong></span> 
     </span>
    </p>
   </div>
   <div class='ocr_carea' id='block_1_7' title="bbox 187 764 1765 838">
    <p class='ocr_par' dir='ltr' id='par_1_7' title="bbox 187 764 1765 838">
     <span class='ocr_line' id='line_1_7' title="bbox 187 764 1765 838; baseline 0.003 -22"><span class='ocrx_word' id='word_1_40' title='bbox 187 772 309 830; x_wconf 90' lang='lat' dir='ltr'><strong>tem,</strong></span> <span class='ocrx_word' id='word_1_41' title='bbox 341 764 544 819; x_wconf 89' lang='lat' dir='ltr'><strong>nullum</strong></span> <span class='ocrx_word' id='word_1_42' title='bbox 576 766 628 820; x_wconf 92' lang='lat' dir='ltr'><strong>in</strong></span> <span class='ocrx_word' id='word_1_43' title='bbox 679 768 900 837; x_wconf 84' lang='lat' dir='ltr'><strong>reliquis</strong></span> <span class='ocrx_word' id='word_1_44' title='bbox 946 769 1108 823; x_wconf 85' lang='lat' dir='ltr'><strong>rebus</strong></span> <span class='ocrx_word' id='word_1_45' title='bbox 1160 769 1388 824; x_wconf 76' lang='lat' dir='ltr'><strong>habeant</strong></span> <span class='ocrx_word' id='word_1_46' title='bbox 1432 767 1765 838; x_wconf 81' lang='lat' dir='ltr'><strong>participium</strong></span> 
     </span>
    </p>
   </div>
   <div class='ocr_carea' id='block_1_8' title="bbox 187 855 1764 931">
    <p class='ocr_par' dir='ltr' id='par_1_8' title="bbox 187 855 1764 931">
     <span class='ocr_line' id='line_1_8' title="bbox 187 855 1764 931; baseline 0.004 -22"><span class='ocrx_word' id='word_1_47' title='bbox 187 855 299 913; x_wconf 83' lang='lat' dir='ltr'><strong>filii.</strong></span> <span class='ocrx_word' id='word_1_48' title='bbox 328 856 419 911; x_wconf 88' lang='lat' dir='ltr'><strong>Sin</strong></span> <span class='ocrx_word' id='word_1_49' title='bbox 447 866 624 913; x_wconf 92' lang='lat' dir='ltr'><strong>autem</strong></span> <span class='ocrx_word' id='word_1_50' title='bbox 656 860 786 914; x_wconf 85' lang='lat' dir='ltr'><strong>nihil</strong></span> <span class='ocrx_word' id='word_1_51' title='bbox 815 862 892 917; x_wconf 82' lang='lat' dir='ltr'><strong>cis</strong></span> <span class='ocrx_word' id='word_1_52' title='bbox 922 862 1216 927; x_wconf 81' lang='lat' dir='ltr'><strong>donaverit,</strong></span> <span class='ocrx_word' id='word_1_53' title='bbox 1243 870 1334 916; x_wconf 88' lang='lat' dir='ltr'><strong>aut</strong></span> <span class='ocrx_word' id='word_1_54' title='bbox 1362 863 1535 917; x_wconf 88' lang='lat' dir='ltr'><strong>minus</strong></span> <span class='ocrx_word' id='word_1_55' title='bbox 1557 869 1764 931; x_wconf 83' lang='lat' dir='ltr'><strong>quarta,</strong></span> 
     </span>
    </p>
   </div>
   <div class='ocr_carea' id='block_1_9' title="bbox 185 955 1769 1021">
    <p class='ocr_par' dir='ltr' id='par_1_9' title="bbox 185 955 1769 1021">
     <span class='ocr_line' id='line_1_9' title="bbox 185 955 1769 1021; baseline 0.001 -15"><span class='ocrx_word' id='word_1_56' title='bbox 185 962 239 1006; x_wconf 92' lang='lat' dir='ltr'><strong>et</strong></span> <span class='ocrx_word' id='word_1_57' title='bbox 283 961 558 1021; x_wconf 81' lang='lat' dir='ltr'><strong>postquam</strong></span> <span class='ocrx_word' id='word_1_58' title='bbox 603 955 985 1010; x_wconf 89' lang='lat' dir='ltr'><strong>abrenuntians</strong></span> <span class='ocrx_word' id='word_1_59' title='bbox 1037 966 1382 1011; x_wconf 74' lang='lat' dir='ltr'><strong>conversatus</strong></span> <span class='ocrx_word' id='word_1_60' title='bbox 1427 955 1588 1010; x_wconf 84' lang='lat' dir='ltr'><strong>fuerit</strong></span> <span class='ocrx_word' id='word_1_61' title='bbox 1629 955 1769 1009; x_wconf 90' lang='lat' dir='ltr'><strong>inter</strong></span> 
     </span>
    </p>
   </div>
   <div class='ocr_carea' id='block_1_10' title="bbox 186 1047 1770 1121">
    <p class='ocr_par' dir='ltr' id='par_1_10' title="bbox 186 1047 1770 1121">
     <span class='ocr_line' id='line_1_10' title="bbox 186 1047 1770 1121; baseline 0.001 -22"><span class='ocrx_word' id='word_1_62' title='bbox 186 1047 488 1113; x_wconf 78' lang='lat' dir='ltr'><strong>monachos,</strong></span> <span class='ocrx_word' id='word_1_63' title='bbox 522 1049 868 1105; x_wconf 84' lang='lat' dir='ltr'><strong>nihilominus</strong></span> <span class='ocrx_word' id='word_1_64' title='bbox 896 1059 1085 1121; x_wconf 89' lang='lat' dir='ltr'><strong>quarta</strong></span> <span class='ocrx_word' id='word_1_65' title='bbox 1114 1050 1339 1106; x_wconf 87' lang='lat' dir='ltr'><strong>debetur</strong></span> <span class='ocrx_word' id='word_1_66' title='bbox 1370 1050 1522 1112; x_wconf 85' lang='lat' dir='ltr'><strong>filiis,</strong></span> <span class='ocrx_word' id='word_1_67' title='bbox 1576 1058 1631 1102; x_wconf 91' lang='lat' dir='ltr'><strong>ut</strong></span> <span class='ocrx_word' id='word_1_68' title='bbox 1677 1055 1770 1101; x_wconf 88' lang='lat' dir='ltr'><strong>aut</strong></span> 
     </span>
    </p>
   </div>
   <div class='ocr_carea' id='block_1_11' title="bbox 184 1136 1767 1211">
    <p class='ocr_par' dir='ltr' id='par_1_11' title="bbox 184 1136 1767 1211">
     <span class='ocr_line' id='line_1_11' title="bbox 184 1136 1767 1211; baseline 0.002 -20"><span class='ocrx_word' id='word_1_69' title='bbox 184 1136 237 1191; x_wconf 88' lang='lat' dir='ltr'><strong>in</strong></span> <span class='ocrx_word' id='word_1_70' title='bbox 260 1147 419 1192; x_wconf 88' lang='lat' dir='ltr'><strong>totum</strong></span> <span class='ocrx_word' id='word_1_71' title='bbox 452 1139 530 1195; x_wconf 90' lang='lat' dir='ltr'><strong>eis</strong></span> <span class='ocrx_word' id='word_1_72' title='bbox 556 1140 711 1196; x_wconf 89' lang='lat' dir='ltr'><strong>detur</strong></span> <span class='ocrx_word' id='word_1_73' title='bbox 737 1152 853 1207; x_wconf 89' lang='lat' dir='ltr'><strong>aut,</strong></span> <span class='ocrx_word' id='word_1_74' title='bbox 886 1144 930 1196; x_wconf 81' lang='lat' dir='ltr'><strong>si</strong></span> <span class='ocrx_word' id='word_1_75' title='bbox 962 1144 1232 1211; x_wconf 81' lang='lat' dir='ltr'><strong>contingat</strong></span> <span class='ocrx_word' id='word_1_76' title='bbox 1271 1157 1366 1197; x_wconf 88' lang='lat' dir='ltr'><strong>eos</strong></span> <span class='ocrx_word' id='word_1_77' title='bbox 1407 1141 1517 1211; x_wconf 92' lang='lat' dir='ltr'><strong>jam</strong></span> <span class='ocrx_word' id='word_1_78' title='bbox 1567 1139 1767 1209; x_wconf 89' lang='lat' dir='ltr'><strong>aliquid</strong></span> 
     </span>
    </p>
   </div>
   <div class='ocr_carea' id='block_1_12' title="bbox 182 1231 1762 1303">
    <p class='ocr_par' dir='ltr' id='par_1_12' title="bbox 182 1231 1762 1303">
     <span class='ocr_line' id='line_1_12' title="bbox 182 1231 1762 1303; baseline 0.002 -20"><span class='ocrx_word' id='word_1_79' title='bbox 182 1231 488 1299; x_wconf 81' lang='lat' dir='ltr'><strong>accepisse,</strong></span> <span class='ocrx_word' id='word_1_80' title='bbox 550 1234 884 1303; x_wconf 89' lang='lat' dir='ltr'><strong>suppleatur.</strong></span> <span class='ocrx_word' id='word_1_81' title='bbox 935 1234 991 1291; x_wconf 90' lang='lat' dir='ltr'><strong>Si</strong></span> <span class='ocrx_word' id='word_1_82' title='bbox 1040 1244 1217 1290; x_wconf 86' lang='lat' dir='ltr'><strong>autem</strong></span> <span class='ocrx_word' id='word_1_83' title='bbox 1269 1249 1488 1289; x_wconf 81' lang='lat' dir='ltr'><strong>uxorem</strong></span> <span class='ocrx_word' id='word_1_84' title='bbox 1541 1233 1762 1300; x_wconf 83' lang='lat' dir='ltr'><strong>habens,</strong></span> 
     </span>
    </p>
   </div>
   <div class='ocr_carea' id='block_1_13' title="bbox 182 1323 1761 1396">
    <p class='ocr_par' dir='ltr' id='par_1_13' title="bbox 182 1323 1761 1396">
     <span class='ocr_line' id='line_1_13' title="bbox 182 1323 1761 1396; baseline 0.001 -20"><span class='ocrx_word' id='word_1_85' title='bbox 182 1323 370 1379; x_wconf 92' lang='lat' dir='ltr'><strong>deinde</strong></span> <span class='ocrx_word' id='word_1_86' title='bbox 397 1338 514 1379; x_wconf 89' lang='lat' dir='ltr'><strong>eam</strong></span> <span class='ocrx_word' id='word_1_87' title='bbox 544 1326 883 1394; x_wconf 89' lang='lat' dir='ltr'><strong>relinquens,</strong></span> <span class='ocrx_word' id='word_1_88' title='bbox 916 1327 968 1380; x_wconf 92' lang='lat' dir='ltr'><strong>in</strong></span> <span class='ocrx_word' id='word_1_89' title='bbox 1001 1327 1384 1382; x_wconf 90' lang='lat' dir='ltr'><strong>monasterium</strong></span> <span class='ocrx_word' id='word_1_90' title='bbox 1414 1326 1761 1396; x_wconf 81' lang='lat' dir='ltr'><strong>ingrediatur,</strong></span> 
     </span>
    </p>
   </div>
   <div class='ocr_carea' id='block_1_14' title="bbox 177 1414 1767 1490">
    <p class='ocr_par' dir='ltr' id='par_1_14' title="bbox 177 1414 1767 1490">
     <span class='ocr_line' id='line_1_14' title="bbox 177 1414 1767 1490; baseline 0.003 -20"><span class='ocrx_word' id='word_1_91' title='bbox 177 1414 347 1470; x_wconf 84' lang='lat' dir='ltr'><strong>etdos</strong></span> <span class='ocrx_word' id='word_1_92' title='bbox 376 1416 587 1471; x_wconf 91' lang='lat' dir='ltr'><strong>mulieri</strong></span> <span class='ocrx_word' id='word_1_93' title='bbox 613 1428 879 1485; x_wconf 87' lang='lat' dir='ltr'><strong>servetur,</strong></span> <span class='ocrx_word' id='word_1_94' title='bbox 915 1430 966 1475; x_wconf 89' lang='lat' dir='ltr'><strong>et</strong></span> <span class='ocrx_word' id='word_1_95' title='bbox 1010 1435 1079 1475; x_wconf 90' lang='lat' dir='ltr'><strong>ex</strong></span> <span class='ocrx_word' id='word_1_96' title='bbox 1126 1430 1297 1475; x_wconf 89' lang='lat' dir='ltr'><strong>morte</strong></span> <span class='ocrx_word' id='word_1_97' title='bbox 1340 1430 1575 1490; x_wconf 89' lang='lat' dir='ltr'><strong>pactum,</strong></span> <span class='ocrx_word' id='word_1_98' title='bbox 1622 1418 1767 1489; x_wconf 93' lang='lat' dir='ltr'><strong>quod</strong></span> 
     </span>
    </p>
   </div>
   <div class='ocr_carea' id='block_1_15' title="bbox 178 1507 1764 1577">
    <p class='ocr_par' dir='ltr' id='par_1_15' title="bbox 178 1507 1764 1577">
     <span class='ocr_line' id='line_1_15' title="bbox 178 1507 1764 1577; baseline 0.002 -16"><span class='ocrx_word' id='word_1_99' title='bbox 178 1507 232 1562; x_wconf 89' lang='lat' dir='ltr'><strong>in</strong></span> <span class='ocrx_word' id='word_1_100' title='bbox 275 1508 373 1563; x_wconf 89' lang='lat' dir='ltr'><strong>alia</strong></span> <span class='ocrx_word' id='word_1_101' title='bbox 422 1518 608 1565; x_wconf 89' lang='lat' dir='ltr'><strong>nostra</strong></span> <span class='ocrx_word' id='word_1_102' title='bbox 652 1513 980 1567; x_wconf 88' lang='lat' dir='ltr'><strong>sancivimus</strong></span> <span class='ocrx_word' id='word_1_103' title='bbox 1026 1514 1426 1568; x_wconf 87' lang='lat' dir='ltr'><strong>constitutione.</strong></span> <span class='ocrx_word' id='word_1_104' title='bbox 1477 1511 1764 1577; x_wconf 87' lang='lat' dir='ltr'><strong>Omnibus,</strong></span> 
     </span>
    </p>
   </div>
   <div class='ocr_carea' id='block_1_16' title="bbox 176 1606 1767 1677">
    <p class='ocr_par' dir='ltr' id='par_1_16' title="bbox 176 1606 1767 1677">
     <span class='ocr_line' id='line_1_16' title="bbox 176 1606 1767 1677; baseline 0.004 -23"><span class='ocrx_word' id='word_1_105' title='bbox 176 1616 291 1671; x_wconf 86' lang='lat' dir='ltr'><strong>quae</strong></span> <span class='ocrx_word' id='word_1_106' title='bbox 315 1616 475 1671; x_wconf 88' lang='lat' dir='ltr'><strong>super</strong></span> <span class='ocrx_word' id='word_1_107' title='bbox 503 1606 779 1661; x_wconf 88' lang='lat' dir='ltr'><strong>monachis</strong></span> <span class='ocrx_word' id='word_1_108' title='bbox 808 1606 949 1661; x_wconf 85' lang='lat' dir='ltr'><strong>dicta</strong></span> <span class='ocrx_word' id='word_1_109' title='bbox 977 1615 1121 1677; x_wconf 88' lang='lat' dir='ltr'><strong>sunt,</strong></span> <span class='ocrx_word' id='word_1_110' title='bbox 1156 1616 1210 1662; x_wconf 92' lang='lat' dir='ltr'><strong>et</strong></span> <span class='ocrx_word' id='word_1_111' title='bbox 1232 1607 1285 1661; x_wconf 93' lang='lat' dir='ltr'><strong>in</strong></span> <span class='ocrx_word' id='word_1_112' title='bbox 1314 1607 1629 1661; x_wconf 87' lang='lat' dir='ltr'><strong>mulieribus</strong></span> <span class='ocrx_word' id='word_1_113' title='bbox 1653 1620 1767 1660; x_wconf 89' lang='lat' dir='ltr'><strong>mo-</strong></span> 
     </span>
    </p>
   </div>
   <div class='ocr_carea' id='block_1_17' title="bbox 176 1686 1767 1767">
    <p class='ocr_par' dir='ltr' id='par_1_17' title="bbox 176 1686 1767 1767">
     <span class='ocr_line' id='line_1_17' title="bbox 176 1686 1767 1767; baseline 0.003 -20"><span class='ocrx_word' id='word_1_114' title='bbox 176 1694 463 1749; x_wconf 83' lang='lat' dir='ltr'><strong>nasterium</strong></span> <span class='ocrx_word' id='word_1_115' title='bbox 517 1694 959 1767; x_wconf 79' lang='lat' dir='ltr'><strong>ingredientibus,</strong></span> <span class='ocrx_word' id='word_1_116' title='bbox 1005 1698 1270 1753; x_wconf 90' lang='lat' dir='ltr'><strong>valituris.</strong></span> <span class='ocrx_word' id='word_1_117' title='bbox 1322 1699 1377 1753; x_wconf 89' lang='lat' dir='ltr'><strong>Si</strong></span> <span class='ocrx_word' id='word_1_118' title='bbox 1427 1713 1557 1753; x_wconf 88' lang='lat' dir='ltr'><strong>vero</strong></span> <span class='ocrx_word' id='word_1_119' title='bbox 1602 1686 1767 1752; x_wconf 88' lang='lat' dir='ltr'><strong>relin-</strong></span> 
     </span>
    </p>
   </div>
   <div class='ocr_carea' id='block_1_18' title="bbox 176 1787 1762 1858">
    <p class='ocr_par' dir='ltr' id='par_1_18' title="bbox 176 1787 1762 1858">
     <span class='ocr_line' id='line_1_18' title="bbox 176 1787 1762 1858; baseline 0.002 -20"><span class='ocrx_word' id='word_1_120' title='bbox 176 1798 342 1855; x_wconf 87' lang='lat' dir='ltr'><strong>quens</strong></span> <span class='ocrx_word' id='word_1_121' title='bbox 393 1787 777 1844; x_wconf 83' lang='lat' dir='ltr'><strong>monasterium</strong></span> <span class='ocrx_word' id='word_1_122' title='bbox 822 1789 889 1843; x_wconf 88' lang='lat' dir='ltr'><strong>ad</strong></span> <span class='ocrx_word' id='word_1_123' title='bbox 938 1789 1223 1858; x_wconf 87' lang='lat' dir='ltr'><strong>quamdam</strong></span> <span class='ocrx_word' id='word_1_124' title='bbox 1272 1792 1450 1844; x_wconf 80' lang='lat' dir='ltr'><strong>veniat</strong></span> <span class='ocrx_word' id='word_1_125' title='bbox 1498 1789 1762 1854; x_wconf 86' lang='lat' dir='ltr'><strong>militiam,</strong></span> 
     </span>
    </p>
   </div>
   <div class='ocr_carea' id='block_1_19' title="bbox 1862 585 3460 660">
    <p class='ocr_par' dir='ltr' id='par_1_19' title="bbox 1862 585 3460 660">
     <span class='ocr_line' id='line_1_19' title="bbox 1862 585 3460 660; baseline 0.008 -24"><span class='ocrx_word' id='word_1_126' title='bbox 1862 585 1993 651; x_wconf 84' lang='lat' dir='ltr'><strong>talis</strong></span> <span class='ocrx_word' id='word_1_127' title='bbox 2022 595 2124 651; x_wconf 83' lang='lat' dir='ltr'><strong>est.</strong></span> <span class='ocrx_word' id='word_1_128' title='bbox 2155 598 2212 642; x_wconf 91' lang='lat' dir='ltr'><strong>ut</strong></span> <span class='ocrx_word' id='word_1_129' title='bbox 2241 604 2412 658; x_wconf 90' lang='lat' dir='ltr'><strong>neque</strong></span> <span class='ocrx_word' id='word_1_130' title='bbox 2438 605 2625 645; x_wconf 89' lang='lat' dir='ltr'><strong>omnes</strong></span> <span class='ocrx_word' id='word_1_131' title='bbox 2653 606 2749 660; x_wconf 88' lang='lat' dir='ltr'><strong>per</strong></span> <span class='ocrx_word' id='word_1_132' title='bbox 2777 591 3019 647; x_wconf 86' lang='lat' dir='ltr'><strong>ordinem</strong></span> <span class='ocrx_word' id='word_1_133' title='bbox 3049 590 3188 647; x_wconf 89' lang='lat' dir='ltr'><strong>inter</strong></span> <span class='ocrx_word' id='word_1_134' title='bbox 3215 605 3460 648; x_wconf 90' lang='lat' dir='ltr'><strong>summos</strong></span> 
     </span>
    </p>
   </div>
   <div class='ocr_carea' id='block_1_20' title="bbox 1869 673 3465 749">
    <p class='ocr_par' dir='ltr' id='par_1_20' title="bbox 1869 673 3465 749">
     <span class='ocr_line' id='line_1_20' title="bbox 1869 673 3465 749; baseline 0.008 -21"><span class='ocrx_word' id='word_1_135' title='bbox 1869 673 2019 743; x_wconf 91' lang='lat' dir='ltr'><strong>boni,</strong></span> <span class='ocrx_word' id='word_1_136' title='bbox 2049 693 2221 749; x_wconf 88' lang='lat' dir='ltr'><strong>neque</strong></span> <span class='ocrx_word' id='word_1_137' title='bbox 2248 694 2433 735; x_wconf 90' lang='lat' dir='ltr'><strong>rursus</strong></span> <span class='ocrx_word' id='word_1_138' title='bbox 2460 695 2646 736; x_wconf 78' lang='lat' dir='ltr'><strong>omnes</strong></span> <span class='ocrx_word' id='word_1_139' title='bbox 2675 682 2813 736; x_wconf 90' lang='lat' dir='ltr'><strong>inter</strong></span> <span class='ocrx_word' id='word_1_140' title='bbox 2842 682 3157 737; x_wconf 83' lang='lat' dir='ltr'><strong>novissimos</strong></span> <span class='ocrx_word' id='word_1_141' title='bbox 3179 683 3304 737; x_wconf 87' lang='lat' dir='ltr'><strong>mali</strong></span> <span class='ocrx_word' id='word_1_142' title='bbox 3334 697 3465 740; x_wconf 88' lang='lat' dir='ltr'><strong>con-</strong></span> 
     </span>
    </p>
   </div>
   <div class='ocr_carea' id='block_1_21' title="bbox 1870 768 3457 843">
    <p class='ocr_par' dir='ltr' id='par_1_21' title="bbox 1870 768 3457 843">
     <span class='ocr_line' id='line_1_21' title="bbox 1870 768 3457 843; baseline 0.003 -18"><span class='ocrx_word' id='word_1_143' title='bbox 1870 768 2042 825; x_wconf 90' lang='lat' dir='ltr'><strong>stituti</strong></span> <span class='ocrx_word' id='word_1_144' title='bbox 2073 772 2211 837; x_wconf 90' lang='lat' dir='ltr'><strong>sint,</strong></span> <span class='ocrx_word' id='word_1_145' title='bbox 2246 772 2341 827; x_wconf 91' lang='lat' dir='ltr'><strong>sed</strong></span> <span class='ocrx_word' id='word_1_146' title='bbox 2372 774 2625 842; x_wconf 89' lang='lat' dir='ltr'><strong>procedat</strong></span> <span class='ocrx_word' id='word_1_147' title='bbox 2653 774 2870 843; x_wconf 85' lang='lat' dir='ltr'><strong>quidem</strong></span> <span class='ocrx_word' id='word_1_148' title='bbox 2898 775 3188 829; x_wconf 89' lang='lat' dir='ltr'><strong>secundum</strong></span> <span class='ocrx_word' id='word_1_149' title='bbox 3236 775 3457 843; x_wconf 89' lang='lat' dir='ltr'><strong>gradum</strong></span> 
     </span>
    </p>
   </div>
   <div class='ocr_carea' id='block_1_22' title="bbox 1868 864 3461 938">
    <p class='ocr_par' dir='ltr' id='par_1_22' title="bbox 1868 864 3461 938">
     <span class='ocr_line' id='line_1_22' title="bbox 1868 864 3461 938; baseline 0.004 -21"><span class='ocrx_word' id='word_1_150' title='bbox 1868 864 2122 919; x_wconf 90' lang='lat' dir='ltr'><strong>antistitis</strong></span> <span class='ocrx_word' id='word_1_151' title='bbox 2154 867 2435 937; x_wconf 88' lang='lat' dir='ltr'><strong>inspectio.</strong></span> <span class='ocrx_word' id='word_1_152' title='bbox 2466 867 2567 933; x_wconf 86' lang='lat' dir='ltr'><strong>Qui</strong></span> <span class='ocrx_word' id='word_1_153' title='bbox 2595 883 2723 923; x_wconf 90' lang='lat' dir='ltr'><strong>vero</strong></span> <span class='ocrx_word' id='word_1_154' title='bbox 2753 869 2921 938; x_wconf 89' lang='lat' dir='ltr'><strong>prior,</strong></span> <span class='ocrx_word' id='word_1_155' title='bbox 2953 883 3075 924; x_wconf 83' lang='lat' dir='ltr'><strong>mox</strong></span> <span class='ocrx_word' id='word_1_156' title='bbox 3106 869 3241 923; x_wconf 91' lang='lat' dir='ltr'><strong>inter</strong></span> <span class='ocrx_word' id='word_1_157' title='bbox 3274 884 3461 923; x_wconf 85' lang='lat' dir='ltr'><strong>nume-</strong></span> 
     </span>
    </p>
   </div>
   <div class='ocr_carea' id='block_1_23' title="bbox 1868 961 3454 1031">
    <p class='ocr_par' dir='ltr' id='par_1_23' title="bbox 1868 961 3454 1031">
     <span class='ocr_line' id='line_1_23' title="bbox 1868 961 3454 1031; baseline 0.003 -19"><span class='ocrx_word' id='word_1_158' title='bbox 1868 969 2013 1013; x_wconf 88' lang='lat' dir='ltr'><strong>ratos</strong></span> <span class='ocrx_word' id='word_1_159' title='bbox 2040 961 2274 1029; x_wconf 88' lang='lat' dir='ltr'><strong>optimus</strong></span> <span class='ocrx_word' id='word_1_160' title='bbox 2300 962 2625 1030; x_wconf 89' lang='lat' dir='ltr'><strong>apparuerit,</strong></span> <span class='ocrx_word' id='word_1_161' title='bbox 2671 962 2715 1016; x_wconf 92' lang='lat' dir='ltr'><strong>is</strong></span> <span class='ocrx_word' id='word_1_162' title='bbox 2767 962 2929 1017; x_wconf 89' lang='lat' dir='ltr'><strong>abbas</strong></span> <span class='ocrx_word' id='word_1_163' title='bbox 2974 964 3062 1031; x_wconf 89' lang='lat' dir='ltr'><strong>sit,</strong></span> <span class='ocrx_word' id='word_1_164' title='bbox 3110 971 3165 1017; x_wconf 92' lang='lat' dir='ltr'><strong>et</strong></span> <span class='ocrx_word' id='word_1_165' title='bbox 3211 963 3454 1016; x_wconf 89' lang='lat' dir='ltr'><strong>ordinem</strong></span> 
     </span>
    </p>
   </div>
   <div class='ocr_carea' id='block_1_24' title="bbox 1868 1051 3459 1124">
    <p class='ocr_par' dir='ltr' id='par_1_24' title="bbox 1868 1051 3459 1124">
     <span class='ocr_line' id='line_1_24' title="bbox 1868 1051 3459 1124; baseline 0.002 -19"><span class='ocrx_word' id='word_1_166' title='bbox 1868 1051 2026 1107; x_wconf 85' lang='lat' dir='ltr'><strong>simul</strong></span> <span class='ocrx_word' id='word_1_167' title='bbox 2057 1065 2108 1107; x_wconf 92' lang='lat' dir='ltr'><strong>ct</strong></span> <span class='ocrx_word' id='word_1_168' title='bbox 2136 1056 2385 1109; x_wconf 86' lang='lat' dir='ltr'><strong>virtutem</strong></span> <span class='ocrx_word' id='word_1_169' title='bbox 2414 1054 2792 1124; x_wconf 81' lang='lat' dir='ltr'><strong>suﬂ&#39;ragantem</strong></span> <span class='ocrx_word' id='word_1_170' title='bbox 2823 1056 3043 1110; x_wconf 87' lang='lat' dir='ltr'><strong>habens.</strong></span> <span class='ocrx_word' id='word_1_171' title='bbox 3068 1054 3288 1122; x_wconf 89' lang='lat' dir='ltr'><strong>Oportet</strong></span> <span class='ocrx_word' id='word_1_172' title='bbox 3314 1055 3459 1109; x_wconf 89' lang='lat' dir='ltr'><strong>enim</strong></span> 
     </span>
    </p>
   </div>
   <div class='ocr_carea' id='block_1_25' title="bbox 1869 1143 3452 1215">
    <p class='ocr_par' dir='ltr' id='par_1_25' title="bbox 1869 1143 3452 1215">
     <span class='ocr_line' id='line_1_25' title="bbox 1869 1143 3452 1215; baseline 0.002 -18"><span class='ocrx_word' id='word_1_173' title='bbox 1869 1157 1961 1197; x_wconf 90' lang='lat' dir='ltr'><strong>eos</strong></span> <span class='ocrx_word' id='word_1_174' title='bbox 1987 1143 2075 1213; x_wconf 91' lang='lat' dir='ltr'><strong>qui</strong></span> <span class='ocrx_word' id='word_1_175' title='bbox 2104 1144 2412 1200; x_wconf 87' lang='lat' dir='ltr'><strong>discernunt</strong></span> <span class='ocrx_word' id='word_1_176' title='bbox 2440 1146 2581 1214; x_wconf 91' lang='lat' dir='ltr'><strong>quod</strong></span> <span class='ocrx_word' id='word_1_177' title='bbox 2632 1146 2818 1201; x_wconf 88' lang='lat' dir='ltr'><strong>melius</strong></span> <span class='ocrx_word' id='word_1_178' title='bbox 2861 1155 2943 1202; x_wconf 90' lang='lat' dir='ltr'><strong>est</strong></span> <span class='ocrx_word' id='word_1_179' title='bbox 2985 1161 3014 1199; x_wconf 89' lang='lat' dir='ltr'><strong>a</strong></span> <span class='ocrx_word' id='word_1_180' title='bbox 3064 1147 3265 1215; x_wconf 89' lang='lat' dir='ltr'><strong>pejore,</strong></span> <span class='ocrx_word' id='word_1_181' title='bbox 3308 1146 3452 1200; x_wconf 86' lang='lat' dir='ltr'><strong>aliud</strong></span> 
     </span>
    </p>
   </div>
   <div class='ocr_carea' id='block_1_26' title="bbox 1869 1236 3454 1306">
    <p class='ocr_par' dir='ltr' id='par_1_26' title="bbox 1869 1236 3454 1306">
     <span class='ocr_line' id='line_1_26' title="bbox 1869 1236 3454 1306; baseline 0.002 -18"><span class='ocrx_word' id='word_1_182' title='bbox 1869 1236 2079 1305; x_wconf 90' lang='lat' dir='ltr'><strong>quidem</strong></span> <span class='ocrx_word' id='word_1_183' title='bbox 2111 1237 2174 1291; x_wconf 90' lang='lat' dir='ltr'><strong>ad</strong></span> <span class='ocrx_word' id='word_1_184' title='bbox 2201 1237 2493 1306; x_wconf 86' lang='lat' dir='ltr'><strong>regendum</strong></span> <span class='ocrx_word' id='word_1_185' title='bbox 2517 1238 2811 1303; x_wconf 89' lang='lat' dir='ltr'><strong>dimittere,</strong></span> <span class='ocrx_word' id='word_1_186' title='bbox 2837 1237 2977 1291; x_wconf 86' lang='lat' dir='ltr'><strong>aliud</strong></span> <span class='ocrx_word' id='word_1_187' title='bbox 3031 1251 3158 1291; x_wconf 88' lang='lat' dir='ltr'><strong>vero</strong></span> <span class='ocrx_word' id='word_1_188' title='bbox 3209 1236 3454 1291; x_wconf 86' lang='lat' dir='ltr'><strong>inclinari</strong></span> 
     </span>
    </p>
   </div>
   <div class='ocr_carea' id='block_1_27' title="bbox 1865 1327 3462 1399">
    <p class='ocr_par' dir='ltr' id='par_1_27' title="bbox 1865 1327 3462 1399">
     <span class='ocr_line' id='line_1_27' title="bbox 1865 1327 3462 1399; baseline 0.001 -18"><span class='ocrx_word' id='word_1_189' title='bbox 1865 1327 2077 1397; x_wconf 84' lang='lat' dir='ltr'><strong>jubere,</strong></span> <span class='ocrx_word' id='word_1_190' title='bbox 2103 1338 2156 1383; x_wconf 92' lang='lat' dir='ltr'><strong>et</strong></span> <span class='ocrx_word' id='word_1_191' title='bbox 2182 1330 2433 1398; x_wconf 86' lang='lat' dir='ltr'><strong>paulatim</strong></span> <span class='ocrx_word' id='word_1_192' title='bbox 2459 1343 2553 1399; x_wconf 80' lang='lat' dir='ltr'><strong>per</strong></span> <span class='ocrx_word' id='word_1_193' title='bbox 2569 1330 2921 1385; x_wconf 87' lang='lat' dir='ltr'><strong>eruditionem</strong></span> <span class='ocrx_word' id='word_1_194' title='bbox 2948 1330 3049 1384; x_wconf 93' lang='lat' dir='ltr'><strong>hoc</strong></span> <span class='ocrx_word' id='word_1_195' title='bbox 3074 1328 3233 1383; x_wconf 90' lang='lat' dir='ltr'><strong>etiam</strong></span> <span class='ocrx_word' id='word_1_196' title='bbox 3257 1327 3322 1381; x_wconf 88' lang='lat' dir='ltr'><strong>ad</strong></span> <span class='ocrx_word' id='word_1_197' title='bbox 3350 1337 3462 1383; x_wconf 78' lang='lat' dir='ltr'><strong>mo-</strong></span> 
     </span>
    </p>
   </div>
   <div class='ocr_carea' id='block_1_28' title="bbox 1869 1418 3458 1489">
    <p class='ocr_par' dir='ltr' id='par_1_28' title="bbox 1869 1418 3458 1489">
     <span class='ocr_line' id='line_1_28' title="bbox 1869 1418 3458 1489; baseline 0.003 -18"><span class='ocrx_word' id='word_1_198' title='bbox 1869 1418 1972 1472; x_wconf 90' lang='lat' dir='ltr'><strong>lius</strong></span> <span class='ocrx_word' id='word_1_199' title='bbox 1999 1419 2285 1476; x_wconf 82' lang='lat' dir='ltr'><strong>adducere.</strong></span> <span class='ocrx_word' id='word_1_200' title='bbox 2317 1422 2661 1489; x_wconf 72' lang='lat' dir='ltr'><strong>Quaecunque</strong></span> <span class='ocrx_word' id='word_1_201' title='bbox 2683 1430 2859 1477; x_wconf 90' lang='lat' dir='ltr'><strong>tamen</strong></span> <span class='ocrx_word' id='word_1_202' title='bbox 2882 1436 2910 1474; x_wconf 91' lang='lat' dir='ltr'><strong>a</strong></span> <span class='ocrx_word' id='word_1_203' title='bbox 2935 1421 3089 1476; x_wconf 90' lang='lat' dir='ltr'><strong>nobis</strong></span> <span class='ocrx_word' id='word_1_204' title='bbox 3112 1421 3163 1474; x_wconf 89' lang='lat' dir='ltr'><strong>in</strong></span> <span class='ocrx_word' id='word_1_205' title='bbox 3186 1419 3458 1489; x_wconf 83' lang='lat' dir='ltr'><strong>omnibus,</strong></span> 
     </span>
    </p>
   </div>
   <div class='ocr_carea' id='block_1_29' title="bbox 1870 1512 3461 1583">
    <p class='ocr_par' dir='ltr' id='par_1_29' title="bbox 1870 1512 3461 1583">
     <span class='ocr_line' id='line_1_29' title="bbox 1870 1512 3461 1583; baseline 0.003 -19"><span class='ocrx_word' id='word_1_206' title='bbox 1870 1525 1989 1579; x_wconf 71' lang='lat' dir='ltr'><strong>qua:</strong></span> <span class='ocrx_word' id='word_1_207' title='bbox 2024 1514 2169 1578; x_wconf 90' lang='lat' dir='ltr'><strong>prius</strong></span> <span class='ocrx_word' id='word_1_208' title='bbox 2196 1554 2210 1577; x_wconf 93' lang='lat'><strong>,</strong></span> <span class='ocrx_word' id='word_1_209' title='bbox 2244 1521 2297 1567; x_wconf 94' lang='lat' dir='ltr'><strong>et</strong></span> <span class='ocrx_word' id='word_1_210' title='bbox 2325 1528 2443 1582; x_wconf 65' lang='lat' dir='ltr'><strong>quae</strong></span> <span class='ocrx_word' id='word_1_211' title='bbox 2469 1528 2610 1567; x_wconf 92' lang='lat' dir='ltr'><strong>nunc</strong></span> <span class='ocrx_word' id='word_1_212' title='bbox 2640 1513 2860 1583; x_wconf 62' lang='lat' dir='ltr'><strong>prolatae</strong></span> <span class='ocrx_word' id='word_1_213' title='bbox 2887 1521 3010 1567; x_wconf 91' lang='lat' dir='ltr'><strong>sunt</strong></span> <span class='ocrx_word' id='word_1_214' title='bbox 3028 1554 3041 1575; x_wconf 91' lang='lat'><strong>,</strong></span> <span class='ocrx_word' id='word_1_215' title='bbox 3068 1512 3235 1567; x_wconf 90' lang='lat' dir='ltr'><strong>sacris</strong></span> <span class='ocrx_word' id='word_1_216' title='bbox 3265 1512 3461 1568; x_wconf 84' lang='lat' dir='ltr'><strong>nostris</strong></span> 
     </span>
    </p>
   </div>
   <div class='ocr_carea' id='block_1_30' title="bbox 1868 1604 3459 1672">
    <p class='ocr_par' dir='ltr' id='par_1_30' title="bbox 1868 1604 3459 1672">
     <span class='ocr_line' id='line_1_30' title="bbox 1868 1604 3459 1672; baseline 0.002 -17"><span class='ocrx_word' id='word_1_217' title='bbox 1868 1604 2339 1660; x_wconf 87' lang='lat' dir='ltr'><strong>constitutionibus</strong></span> <span class='ocrx_word' id='word_1_218' title='bbox 2366 1616 2491 1660; x_wconf 88' lang='lat' dir='ltr'><strong>sunt</strong></span> <span class='ocrx_word' id='word_1_219' title='bbox 2517 1607 2719 1662; x_wconf 88' lang='lat' dir='ltr'><strong>sancita</strong></span> <span class='ocrx_word' id='word_1_220' title='bbox 2750 1605 2820 1661; x_wconf 92' lang='lat' dir='ltr'><strong>de</strong></span> <span class='ocrx_word' id='word_1_221' title='bbox 2848 1606 3093 1672; x_wconf 90' lang='lat' dir='ltr'><strong>clericis,</strong></span> <span class='ocrx_word' id='word_1_222' title='bbox 3135 1613 3227 1659; x_wconf 91' lang='lat' dir='ltr'><strong>aut</strong></span> <span class='ocrx_word' id='word_1_223' title='bbox 3272 1619 3459 1660; x_wconf 87' lang='lat' dir='ltr'><strong>mona-</strong></span> 
     </span>
    </p>
   </div>
   <div class='ocr_carea' id='block_1_31' title="bbox 1870 1693 3461 1775">
    <p class='ocr_par' dir='ltr' id='par_1_31' title="bbox 1870 1693 3461 1775">
     <span class='ocr_line' id='line_1_31' title="bbox 1870 1693 3461 1775; baseline 0.001 -27"><span class='ocrx_word' id='word_1_224' title='bbox 1870 1695 2007 1760; x_wconf 92' lang='lat' dir='ltr'><strong>chis,</strong></span> <span class='ocrx_word' id='word_1_225' title='bbox 2040 1704 2132 1751; x_wconf 81' lang='lat' dir='ltr'><strong>ant</strong></span> <span class='ocrx_word' id='word_1_226' title='bbox 2157 1697 2498 1775; x_wconf 86' lang='lat' dir='ltr'><strong>monasteriis</strong></span> <span class='ocrx_word' id='word_1_227' title='bbox 2519 1740 2534 1766; x_wconf 97' lang='lat'><strong>,</strong></span> <span class='ocrx_word' id='word_1_228' title='bbox 2570 1697 2686 1751; x_wconf 71' lang='lat' dir='ltr'><strong>haec</strong></span> <span class='ocrx_word' id='word_1_229' title='bbox 2715 1697 3016 1751; x_wconf 91' lang='lat' dir='ltr'><strong>communia</strong></span> <span class='ocrx_word' id='word_1_230' title='bbox 3048 1695 3296 1765; x_wconf 90' lang='lat' dir='ltr'><strong>ponimus</strong></span> <span class='ocrx_word' id='word_1_231' title='bbox 3325 1704 3379 1749; x_wconf 91' lang='lat' dir='ltr'><strong>et</strong></span> <span class='ocrx_word' id='word_1_232' title='bbox 3407 1693 3461 1749; x_wconf 87' lang='lat' dir='ltr'><strong>in</strong></span> 
     </span>
    </p>
   </div>
   <div class='ocr_carea' id='block_1_32' title="bbox 1870 1786 3461 1854">
    <p class='ocr_par' dir='ltr' id='par_1_32' title="bbox 1870 1786 3461 1854">
     <span class='ocr_line' id='line_1_32' title="bbox 1870 1786 3461 1854; baseline -0.001 -11"><span class='ocrx_word' id='word_1_233' title='bbox 1870 1790 2126 1845; x_wconf 91' lang='lat' dir='ltr'><strong>masculis</strong></span> <span class='ocrx_word' id='word_1_234' title='bbox 2164 1799 2218 1844; x_wconf 89' lang='lat' dir='ltr'><strong>et</strong></span> <span class='ocrx_word' id='word_1_235' title='bbox 2267 1790 2499 1854; x_wconf 88' lang='lat' dir='ltr'><strong>feminis,</strong></span> <span class='ocrx_word' id='word_1_236' title='bbox 2550 1798 2605 1845; x_wconf 90' lang='lat' dir='ltr'><strong>et</strong></span> <span class='ocrx_word' id='word_1_237' title='bbox 2649 1790 3021 1853; x_wconf 89' lang='lat' dir='ltr'><strong>monasteriis,</strong></span> <span class='ocrx_word' id='word_1_238' title='bbox 3069 1797 3123 1843; x_wconf 92' lang='lat' dir='ltr'><strong>et</strong></span> <span class='ocrx_word' id='word_1_239' title='bbox 3165 1786 3461 1853; x_wconf 90' lang='lat' dir='ltr'><strong>ascetcriis,</strong></span> 
     </span>
    </p>
   </div>
   <div class='ocr_carea' id='block_1_33' title="bbox 175 1872 3465 1952">
    <p class='ocr_par' dir='ltr' id='par_1_33' title="bbox 175 1872 3465 1952">
     <span class='ocr_line' id='line_1_33' title="bbox 175 1872 3465 1952; baseline 0.001 -22"><span class='ocrx_word' id='word_1_240' title='bbox 175 1886 267 1931; x_wconf 85' lang='lat' dir='ltr'><strong>aut</strong></span> <span class='ocrx_word' id='word_1_241' title='bbox 291 1877 354 1931; x_wconf 90' lang='lat' dir='ltr'><strong>ad</strong></span> <span class='ocrx_word' id='word_1_242' title='bbox 389 1878 544 1933; x_wconf 89' lang='lat' dir='ltr'><strong>aliam</strong></span> <span class='ocrx_word' id='word_1_243' title='bbox 573 1881 695 1933; x_wconf 62' lang='lat' dir='ltr'><strong>vitae</strong></span> <span class='ocrx_word' id='word_1_244' title='bbox 723 1882 968 1951; x_wconf 80' lang='lat' dir='ltr'><strong>ﬁguram,</strong></span> <span class='ocrx_word' id='word_1_245' title='bbox 999 1883 1294 1938; x_wconf 88' lang='lat' dir='ltr'><strong>substantia</strong></span> <span class='ocrx_word' id='word_1_246' title='bbox 1324 1882 1441 1951; x_wconf 87' lang='lat' dir='ltr'><strong>ejus</strong></span> <span class='ocrx_word' id='word_1_247' title='bbox 1487 1882 1648 1935; x_wconf 91' lang='lat' dir='ltr'><strong>etiam</strong></span> <span class='ocrx_word' id='word_1_248' title='bbox 1693 1882 1771 1934; x_wconf 92' lang='lat' dir='ltr'><strong>sic</strong></span> <span class='ocrx_word' id='word_1_249' title='bbox 1799 1872 1848 1932; x_wconf 86' lang='grc' dir='ltr'><strong>Β</strong></span> <span class='ocrx_word' id='word_1_250' title='bbox 1875 1897 1980 1935; x_wconf 90' lang='lat' dir='ltr'><strong>non</strong></span> <span class='ocrx_word' id='word_1_251' title='bbox 2009 1882 2379 1936; x_wconf 87' lang='lat' dir='ltr'><strong>discernentes</strong></span> <span class='ocrx_word' id='word_1_252' title='bbox 2408 1882 2705 1952; x_wconf 90' lang='lat' dir='ltr'><strong>(quantum</strong></span> <span class='ocrx_word' id='word_1_253' title='bbox 2732 1880 2800 1935; x_wconf 91' lang='lat' dir='ltr'><strong>ad</strong></span> <span class='ocrx_word' id='word_1_254' title='bbox 2848 1879 3016 1950; x_wconf 82' lang='lat' dir='ltr'><strong>istos)</strong></span> <span class='ocrx_word' id='word_1_255' title='bbox 3048 1879 3337 1934; x_wconf 86' lang='lat' dir='ltr'><strong>masculum</strong></span> <span class='ocrx_word' id='word_1_256' title='bbox 3373 1885 3465 1932; x_wconf 86' lang='lat' dir='ltr'><strong>aut</strong></span> 
     </span>
    </p>
   </div>
   <div class='ocr_carea' id='block_1_34' title="bbox 173 1968 1762 2045">
    <p class='ocr_par' dir='ltr' id='par_1_34' title="bbox 173 1968 1762 2045">
     <span class='ocr_line' id='line_1_34' title="bbox 173 1968 1762 2045; baseline 0.002 -21"><span class='ocrx_word' id='word_1_257' title='bbox 173 1968 231 2024; x_wconf 79' lang='lat' dir='ltr'><strong>in</strong></span> <span class='ocrx_word' id='word_1_258' title='bbox 263 1974 605 2041; x_wconf 86' lang='lat' dir='ltr'><strong>monasterio,</strong></span> <span class='ocrx_word' id='word_1_259' title='bbox 640 1975 933 2029; x_wconf 87' lang='lat' dir='ltr'><strong>secundum</strong></span> <span class='ocrx_word' id='word_1_260' title='bbox 965 1976 1105 2045; x_wconf 90' lang='lat' dir='ltr'><strong>quod</strong></span> <span class='ocrx_word' id='word_1_261' title='bbox 1134 1990 1165 2028; x_wconf 87' lang='lat' dir='ltr'><strong>a</strong></span> <span class='ocrx_word' id='word_1_262' title='bbox 1186 1974 1338 2030; x_wconf 88' lang='lat' dir='ltr'><strong>nobis</strong></span> <span class='ocrx_word' id='word_1_263' title='bbox 1371 1977 1515 2043; x_wconf 76' lang='lat' dir='ltr'><strong>prius</strong></span> <span class='ocrx_word' id='word_1_264' title='bbox 1561 1973 1762 2027; x_wconf 90' lang='lat' dir='ltr'><strong>dictum</strong></span> 
     </span>
    </p>
   </div>
   <div class='ocr_carea' id='block_1_35' title="bbox 173 2064 1762 2134">
    <p class='ocr_par' dir='ltr' id='par_1_35' title="bbox 173 2064 1762 2134">
     <span class='ocr_line' id='line_1_35' title="bbox 173 2064 1762 2134; baseline 0.001 -19"><span class='ocrx_word' id='word_1_265' title='bbox 173 2072 274 2125; x_wconf 90' lang='lat' dir='ltr'><strong>est,</strong></span> <span class='ocrx_word' id='word_1_266' title='bbox 309 2074 641 2130; x_wconf 90' lang='lat' dir='ltr'><strong>remanente,</strong></span> <span class='ocrx_word' id='word_1_267' title='bbox 673 2064 789 2134; x_wconf 91' lang='lat' dir='ltr'><strong>ipse</strong></span> <span class='ocrx_word' id='word_1_268' title='bbox 820 2065 960 2120; x_wconf 90' lang='lat' dir='ltr'><strong>inter</strong></span> <span class='ocrx_word' id='word_1_269' title='bbox 1007 2066 1262 2121; x_wconf 79' lang='lat' dir='ltr'><strong>ofﬁciales</strong></span> <span class='ocrx_word' id='word_1_270' title='bbox 1308 2065 1589 2120; x_wconf 87' lang='lat' dir='ltr'><strong>clarissimi</strong></span> <span class='ocrx_word' id='word_1_271' title='bbox 1636 2080 1762 2134; x_wconf 88' lang='lat' dir='ltr'><strong>pro-</strong></span> 
     </span>
    </p>
   </div>
   <div class='ocr_carea' id='block_1_36' title="bbox 172 2154 1764 2225">
    <p class='ocr_par' dir='ltr' id='par_1_36' title="bbox 172 2154 1764 2225">
     <span class='ocr_line' id='line_1_36' title="bbox 172 2154 1764 2225; baseline 0.003 -18"><span class='ocrx_word' id='word_1_272' title='bbox 172 2154 358 2208; x_wconf 74' lang='lat' dir='ltr'><strong>vincizc</strong></span> <span class='ocrx_word' id='word_1_273' title='bbox 379 2154 575 2225; x_wconf 89' lang='lat' dir='ltr'><strong>judicis</strong></span> <span class='ocrx_word' id='word_1_274' title='bbox 602 2165 887 2223; x_wconf 89' lang='lat' dir='ltr'><strong>statuetur,</strong></span> <span class='ocrx_word' id='word_1_275' title='bbox 918 2168 974 2214; x_wconf 91' lang='lat' dir='ltr'><strong>et</strong></span> <span class='ocrx_word' id='word_1_276' title='bbox 1003 2158 1143 2214; x_wconf 89' lang='lat' dir='ltr'><strong>hunc</strong></span> <span class='ocrx_word' id='word_1_277' title='bbox 1192 2159 1406 2214; x_wconf 89' lang='lat' dir='ltr'><strong>habebit</strong></span> <span class='ocrx_word' id='word_1_278' title='bbox 1455 2158 1764 2212; x_wconf 90' lang='lat' dir='ltr'><strong>mutationis</strong></span> 
     </span>
    </p>
   </div>
   <div class='ocr_carea' id='block_1_37' title="bbox 174 2244 1765 2319">
    <p class='ocr_par' dir='ltr' id='par_1_37' title="bbox 174 2244 1765 2319">
     <span class='ocr_line' id='line_1_37' title="bbox 174 2244 1765 2319; baseline 0.001 -19"><span class='ocrx_word' id='word_1_279' title='bbox 174 2244 425 2311; x_wconf 69' lang='lat' dir='ltr'><strong>fructum,</strong></span> <span class='ocrx_word' id='word_1_280' title='bbox 459 2250 600 2319; x_wconf 90' lang='lat' dir='ltr'><strong>quod</strong></span> <span class='ocrx_word' id='word_1_281' title='bbox 630 2265 728 2319; x_wconf 91' lang='lat' dir='ltr'><strong>pro</strong></span> <span class='ocrx_word' id='word_1_282' title='bbox 756 2265 911 2305; x_wconf 92' lang='lat' dir='ltr'><strong>sacro</strong></span> <span class='ocrx_word' id='word_1_283' title='bbox 945 2251 1244 2305; x_wconf 91' lang='lat' dir='ltr'><strong>ministerio</strong></span> <span class='ocrx_word' id='word_1_284' title='bbox 1272 2251 1546 2319; x_wconf 87' lang='lat' dir='ltr'><strong>despecto,</strong></span> <span class='ocrx_word' id='word_1_285' title='bbox 1601 2249 1765 2302; x_wconf 90' lang='lat' dir='ltr'><strong>tribu-</strong></span> 
     </span>
    </p>
   </div>
   <div class='ocr_carea' id='block_1_38' title="bbox 173 2341 1767 2406">
    <p class='ocr_par' dir='ltr' id='par_1_38' title="bbox 173 2341 1767 2406">
     <span class='ocr_line' id='line_1_38' title="bbox 173 2341 1767 2406; baseline -0.001 -12"><span class='ocrx_word' id='word_1_286' title='bbox 173 2341 306 2394; x_wconf 87' lang='lat' dir='ltr'><strong>nalis</strong></span> <span class='ocrx_word' id='word_1_287' title='bbox 340 2342 535 2396; x_wconf 89' lang='lat' dir='ltr'><strong>terreni</strong></span> <span class='ocrx_word' id='word_1_288' title='bbox 564 2342 814 2397; x_wconf 84' lang='lat' dir='ltr'><strong>observet</strong></span> <span class='ocrx_word' id='word_1_289' title='bbox 845 2344 1141 2397; x_wconf 89' lang='lat' dir='ltr'><strong>servitium.</strong></span> <span class='ocrx_word' id='word_1_290' title='bbox 1178 2343 1234 2399; x_wconf 91' lang='lat' dir='ltr'><strong>Si</strong></span> <span class='ocrx_word' id='word_1_291' title='bbox 1283 2358 1410 2397; x_wconf 85' lang='lat' dir='ltr'><strong>vero</strong></span> <span class='ocrx_word' id='word_1_292' title='bbox 1458 2342 1767 2406; x_wconf 78' lang='lat' dir='ltr'><strong>relinquens</strong></span> 
     </span>
    </p>
   </div>
   <div class='ocr_carea' id='block_1_39' title="bbox 171 2432 1766 2504">
    <p class='ocr_par' dir='ltr' id='par_1_39' title="bbox 171 2432 1766 2504">
     <span class='ocr_line' id='line_1_39' title="bbox 171 2432 1766 2504; baseline 0.001 -20"><span class='ocrx_word' id='word_1_293' title='bbox 171 2433 575 2499; x_wconf 90' lang='lat' dir='ltr'><strong>monasterium,</strong></span> <span class='ocrx_word' id='word_1_294' title='bbox 622 2433 676 2489; x_wconf 91' lang='lat' dir='ltr'><strong>in</strong></span> <span class='ocrx_word' id='word_1_295' title='bbox 725 2450 831 2504; x_wconf 93' lang='lat' dir='ltr'><strong>quo</strong></span> <span class='ocrx_word' id='word_1_296' title='bbox 869 2436 1331 2490; x_wconf 86' lang='lat' dir='ltr'><strong>conversationem</strong></span> <span class='ocrx_word' id='word_1_297' title='bbox 1387 2435 1653 2497; x_wconf 84' lang='lat' dir='ltr'><strong>habuerit,</strong></span> <span class='ocrx_word' id='word_1_298' title='bbox 1699 2432 1766 2486; x_wconf 90' lang='lat' dir='ltr'><strong>ad</strong></span> 
     </span>
    </p>
   </div>
   <div class='ocr_carea' id='block_1_40' title="bbox 170 2522 1767 2595">
    <p class='ocr_par' dir='ltr' id='par_1_40' title="bbox 170 2522 1767 2595">
     <span class='ocr_line' id='line_1_40' title="bbox 170 2522 1767 2595; baseline 0.003 -20"><span class='ocrx_word' id='word_1_299' title='bbox 170 2522 313 2576; x_wconf 86' lang='lat' dir='ltr'><strong>aliud</strong></span> <span class='ocrx_word' id='word_1_300' title='bbox 345 2532 583 2579; x_wconf 88' lang='lat' dir='ltr'><strong>transeat</strong></span> <span class='ocrx_word' id='word_1_301' title='bbox 613 2527 1001 2581; x_wconf 88' lang='lat' dir='ltr'><strong>monasterium</strong></span> <span class='ocrx_word' id='word_1_302' title='bbox 1032 2545 1044 2579; x_wconf 89' lang='lat'><strong>:</strong></span> <span class='ocrx_word' id='word_1_303' title='bbox 1080 2528 1237 2581; x_wconf 88' lang='lat' dir='ltr'><strong>etiam</strong></span> <span class='ocrx_word' id='word_1_304' title='bbox 1266 2525 1343 2580; x_wconf 89' lang='lat' dir='ltr'><strong>sic</strong></span> <span class='ocrx_word' id='word_1_305' title='bbox 1387 2526 1601 2595; x_wconf 88' lang='lat' dir='ltr'><strong>quidem</strong></span> <span class='ocrx_word' id='word_1_306' title='bbox 1650 2526 1767 2591; x_wconf 88' lang='lat' dir='ltr'><strong>ejus</strong></span> 
     </span>
    </p>
   </div>
   <div class='ocr_carea' id='block_1_41' title="bbox 169 2616 1761 2689">
    <p class='ocr_par' dir='ltr' id='par_1_41' title="bbox 169 2616 1761 2689">
     <span class='ocr_line' id='line_1_41' title="bbox 169 2616 1761 2689; baseline 0.003 -21"><span class='ocrx_word' id='word_1_307' title='bbox 169 2616 471 2672; x_wconf 88' lang='lat' dir='ltr'><strong>substantia</strong></span> <span class='ocrx_word' id='word_1_308' title='bbox 500 2632 730 2687; x_wconf 89' lang='lat' dir='ltr'><strong>maneat,</strong></span> <span class='ocrx_word' id='word_1_309' title='bbox 758 2631 812 2675; x_wconf 94' lang='lat' dir='ltr'><strong>et</strong></span> <span class='ocrx_word' id='word_1_310' title='bbox 835 2621 1135 2676; x_wconf 89' lang='lat' dir='ltr'><strong>vindicetur</strong></span> <span class='ocrx_word' id='word_1_311' title='bbox 1159 2636 1188 2674; x_wconf 88' lang='lat' dir='ltr'><strong>a</strong></span> <span class='ocrx_word' id='word_1_312' title='bbox 1214 2621 1377 2689; x_wconf 91' lang='lat' dir='ltr'><strong>priori</strong></span> <span class='ocrx_word' id='word_1_313' title='bbox 1409 2620 1761 2683; x_wconf 90' lang='lat' dir='ltr'><strong>monasterio,</strong></span> 
     </span>
    </p>
   </div>
   <div class='ocr_carea' id='block_1_42' title="bbox 169 2709 1771 2783">
    <p class='ocr_par' dir='ltr' id='par_1_42' title="bbox 169 2709 1771 2783">
     <span class='ocr_line' id='line_1_42' title="bbox 169 2709 1771 2783; baseline 0.002 -19"><span class='ocrx_word' id='word_1_314' title='bbox 169 2709 265 2764; x_wconf 90' lang='lat' dir='ltr'><strong>ubi</strong></span> <span class='ocrx_word' id='word_1_315' title='bbox 290 2711 677 2768; x_wconf 90' lang='lat' dir='ltr'><strong>abrenuntians</strong></span> <span class='ocrx_word' id='word_1_316' title='bbox 702 2712 839 2769; x_wconf 89' lang='lat' dir='ltr'><strong>hanc</strong></span> <span class='ocrx_word' id='word_1_317' title='bbox 869 2715 1102 2783; x_wconf 83' lang='lat' dir='ltr'><strong>reliquit.</strong></span> <span class='ocrx_word' id='word_1_318' title='bbox 1135 2712 1459 2783; x_wconf 83' lang='lat' dir='ltr'><strong>Competens</strong></span> <span class='ocrx_word' id='word_1_319' title='bbox 1485 2725 1661 2767; x_wconf 93' lang='lat' dir='ltr'><strong>autem</strong></span> <span class='ocrx_word' id='word_1_320' title='bbox 1688 2720 1771 2768; x_wconf 90' lang='lat' dir='ltr'><strong>est</strong></span> 
     </span>
    </p>
   </div>
   <div class='ocr_carea' id='block_1_43' title="bbox 167 2803 1770 2878">
    <p class='ocr_par' dir='ltr' id='par_1_43' title="bbox 167 2803 1770 2878">
     <span class='ocr_line' id='line_1_43' title="bbox 167 2803 1770 2878; baseline 0.005 -23"><span class='ocrx_word' id='word_1_321' title='bbox 167 2803 665 2859; x_wconf 85' lang='lat' dir='ltr'><strong>reverendissimos</strong></span> <span class='ocrx_word' id='word_1_322' title='bbox 694 2807 913 2862; x_wconf 90' lang='lat' dir='ltr'><strong>abbates</strong></span> <span class='ocrx_word' id='word_1_323' title='bbox 944 2824 1051 2861; x_wconf 90' lang='lat' dir='ltr'><strong>non</strong></span> <span class='ocrx_word' id='word_1_324' title='bbox 1081 2808 1352 2878; x_wconf 89' lang='lat' dir='ltr'><strong>suscipere</strong></span> <span class='ocrx_word' id='word_1_325' title='bbox 1381 2825 1501 2864; x_wconf 91' lang='lat' dir='ltr'><strong>eum</strong></span> <span class='ocrx_word' id='word_1_326' title='bbox 1548 2809 1636 2876; x_wconf 87' lang='lat' dir='ltr'><strong>qui</strong></span> <span class='ocrx_word' id='word_1_327' title='bbox 1667 2808 1770 2863; x_wconf 88' lang='lat' dir='ltr'><strong>hoc</strong></span> 
     </span>
    </p>
   </div>
   <div class='ocr_carea' id='block_1_44' title="bbox 167 2894 1770 2965">
    <p class='ocr_par' dir='ltr' id='par_1_44' title="bbox 167 2894 1770 2965">
     <span class='ocr_line' id='line_1_44' title="bbox 167 2894 1770 2965; baseline 0.005 -18"><span class='ocrx_word' id='word_1_328' title='bbox 167 2894 304 2964; x_wconf 90' lang='lat' dir='ltr'><strong>egit.</strong></span> <span class='ocrx_word' id='word_1_329' title='bbox 339 2894 574 2951; x_wconf 83' lang='lat' dir='ltr'><strong>Erronea</strong></span> <span class='ocrx_word' id='word_1_330' title='bbox 608 2911 837 2965; x_wconf 91' lang='lat' dir='ltr'><strong>namque</strong></span> <span class='ocrx_word' id='word_1_331' title='bbox 880 2908 965 2953; x_wconf 86' lang='lat' dir='ltr'><strong>est</strong></span> <span class='ocrx_word' id='word_1_332' title='bbox 1011 2900 1131 2953; x_wconf 89' lang='lat' dir='ltr'><strong>talis</strong></span> <span class='ocrx_word' id='word_1_333' title='bbox 1179 2900 1322 2962; x_wconf 87' lang='lat' dir='ltr'><strong>vita,</strong></span> <span class='ocrx_word' id='word_1_334' title='bbox 1366 2908 1415 2954; x_wconf 91' lang='lat' dir='ltr'><strong>et</strong></span> <span class='ocrx_word' id='word_1_335' title='bbox 1466 2899 1770 2955; x_wconf 77' lang='lat' dir='ltr'><strong>nullatenus</strong></span> 
     </span>
    </p>
   </div>
   <div class='ocr_carea' id='block_1_45' title="bbox 167 2988 1772 3061">
    <p class='ocr_par' dir='ltr' id='par_1_45' title="bbox 167 2988 1772 3061">
     <span class='ocr_line' id='line_1_45' title="bbox 167 2988 1772 3061; baseline 0.001 -16"><span class='ocrx_word' id='word_1_336' title='bbox 167 2988 488 3045; x_wconf 61' lang='lat' dir='ltr'><strong>monasticae</strong></span> <span class='ocrx_word' id='word_1_337' title='bbox 515 2990 811 3045; x_wconf 69' lang='lat' dir='ltr'><strong>tolerantia:</strong></span> <span class='ocrx_word' id='word_1_338' title='bbox 852 2994 1114 3061; x_wconf 87' lang='lat' dir='ltr'><strong>proxima,</strong></span> <span class='ocrx_word' id='word_1_339' title='bbox 1150 3008 1322 3061; x_wconf 80' lang='lat' dir='ltr'><strong>neque</strong></span> <span class='ocrx_word' id='word_1_340' title='bbox 1372 2995 1669 3047; x_wconf 87' lang='lat' dir='ltr'><strong>constantis</strong></span> <span class='ocrx_word' id='word_1_341' title='bbox 1717 3000 1772 3047; x_wconf 87' lang='lat' dir='ltr'><strong>ct</strong></span> 
     </span>
    </p>
   </div>
   <div class='ocr_carea' id='block_1_46' title="bbox 169 3081 1768 3152">
    <p class='ocr_par' dir='ltr' id='par_1_46' title="bbox 169 3081 1768 3152">
     <span class='ocr_line' id='line_1_46' title="bbox 169 3081 1768 3152; baseline 0.003 -18"><span class='ocrx_word' id='word_1_342' title='bbox 169 3081 515 3151; x_wconf 90' lang='lat' dir='ltr'><strong>persistentis</strong></span> <span class='ocrx_word' id='word_1_343' title='bbox 544 3082 732 3148; x_wconf 90' lang='lat' dir='ltr'><strong>animi,</strong></span> <span class='ocrx_word' id='word_1_344' title='bbox 762 3083 855 3138; x_wconf 90' lang='lat' dir='ltr'><strong>sed</strong></span> <span class='ocrx_word' id='word_1_345' title='bbox 882 3084 1139 3152; x_wconf 91' lang='lat' dir='ltr'><strong>judicimn</strong></span> <span class='ocrx_word' id='word_1_346' title='bbox 1186 3086 1387 3140; x_wconf 89' lang='lat' dir='ltr'><strong>habens</strong></span> <span class='ocrx_word' id='word_1_347' title='bbox 1417 3086 1768 3151; x_wconf 88' lang='lat' dir='ltr'><strong>circnlatoris,</strong></span> 
     </span>
    </p>
   </div>
   <div class='ocr_carea' id='block_1_47' title="bbox 168 3173 1773 3248">
    <p class='ocr_par' dir='ltr' id='par_1_47' title="bbox 168 3173 1773 3248">
     <span class='ocr_line' id='line_1_47' title="bbox 168 3173 1773 3248; baseline 0.005 -20"><span class='ocrx_word' id='word_1_348' title='bbox 168 3181 229 3228; x_wconf 86' lang='lat' dir='ltr'><strong>et</strong></span> <span class='ocrx_word' id='word_1_349' title='bbox 256 3173 403 3228; x_wconf 87' lang='lat' dir='ltr'><strong>aliud</strong></span> <span class='ocrx_word' id='word_1_350' title='bbox 430 3174 497 3230; x_wconf 89' lang='lat' dir='ltr'><strong>de</strong></span> <span class='ocrx_word' id='word_1_351' title='bbox 528 3174 634 3228; x_wconf 91' lang='lat' dir='ltr'><strong>alio</strong></span> <span class='ocrx_word' id='word_1_352' title='bbox 678 3176 1025 3245; x_wconf 84' lang='lat' dir='ltr'><strong>requirentis.</strong></span> <span class='ocrx_word' id='word_1_353' title='bbox 1076 3177 1149 3231; x_wconf 85' lang='lat' dir='ltr'><strong>Ea</strong></span> <span class='ocrx_word' id='word_1_354' title='bbox 1200 3188 1414 3248; x_wconf 90' lang='lat' dir='ltr'><strong>propter</strong></span> <span class='ocrx_word' id='word_1_355' title='bbox 1461 3181 1620 3233; x_wconf 90' lang='lat' dir='ltr'><strong>etiam</strong></span> <span class='ocrx_word' id='word_1_356' title='bbox 1673 3178 1773 3235; x_wconf 91' lang='lat' dir='ltr'><strong>hoc</strong></span> 
     </span>
    </p>
   </div>
   <div class='ocr_carea' id='block_1_48' title="bbox 1868 1971 3465 2044">
    <p class='ocr_par' dir='ltr' id='par_1_48' title="bbox 1868 1971 3465 2044">
     <span class='ocr_line' id='line_1_48' title="bbox 1868 1971 3465 2044; baseline -0.002 -16"><span class='ocrx_word' id='word_1_357' title='bbox 1868 1974 2142 2038; x_wconf 79' lang='lat' dir='ltr'><strong>feminam,</strong></span> <span class='ocrx_word' id='word_1_358' title='bbox 2172 1987 2239 2028; x_wconf 90' lang='lat' dir='ltr'><strong>eo</strong></span> <span class='ocrx_word' id='word_1_359' title='bbox 2265 1974 2405 2042; x_wconf 92' lang='lat' dir='ltr'><strong>quod</strong></span> <span class='ocrx_word' id='word_1_360' title='bbox 2436 1971 2621 2043; x_wconf 89' lang='lat' dir='ltr'><strong>(sicut</strong></span> <span class='ocrx_word' id='word_1_361' title='bbox 2669 1972 3059 2044; x_wconf 75' lang='lat' dir='ltr'><strong>praediximus)</strong></span> <span class='ocrx_word' id='word_1_362' title='bbox 3089 1987 3255 2027; x_wconf 89' lang='lat' dir='ltr'><strong>unum</strong></span> <span class='ocrx_word' id='word_1_363' title='bbox 3286 1972 3465 2027; x_wconf 87' lang='lat' dir='ltr'><strong>omnia</strong></span> 
     </span>
    </p>
   </div>
   <div class='ocr_carea' id='block_1_49' title="bbox 1868 2063 2516 2120">
    <p class='ocr_par' dir='ltr' id='par_1_49' title="bbox 1868 2063 2516 2120">
     <span class='ocr_line' id='line_1_49' title="bbox 1868 2063 2516 2120; baseline -0.005 0"><span class='ocrx_word' id='word_1_364' title='bbox 1868 2065 1920 2120; x_wconf 90' lang='lat' dir='ltr'><strong>in</strong></span> <span class='ocrx_word' id='word_1_365' title='bbox 1952 2063 2167 2119; x_wconf 89' lang='lat' dir='ltr'><strong>Christo</strong></span> <span class='ocrx_word' id='word_1_366' title='bbox 2192 2065 2516 2119; x_wconf 89' lang='lat' dir='ltr'><strong>consistunt.</strong></span> 
     </span>
    </p>
   </div>
   <div class='ocr_carea' id='block_1_50' title="bbox 1945 2154 3465 2226">
    <p class='ocr_par' dir='ltr' id='par_1_50' title="bbox 1945 2154 3465 2226">
     <span class='ocr_line' id='line_1_50' title="bbox 1945 2154 3465 2226; baseline -0.001 -16"><span class='ocrx_word' id='word_1_367' title='bbox 1945 2157 2069 2210; x_wconf 69' lang='lat' dir='ltr'><strong>llaec</strong></span> <span class='ocrx_word' id='word_1_368' title='bbox 2098 2158 2259 2226; x_wconf 79' lang='lat' dir='ltr'><strong>igitur</strong></span> <span class='ocrx_word' id='word_1_369' title='bbox 2296 2157 2474 2211; x_wconf 88' lang='lat' dir='ltr'><strong>omnia</strong></span> <span class='ocrx_word' id='word_1_370' title='bbox 2519 2154 2841 2211; x_wconf 88' lang='lat' dir='ltr'><strong>sanctissimi</strong></span> <span class='ocrx_word' id='word_1_371' title='bbox 2892 2155 3210 2225; x_wconf 64' lang='lat' dir='ltr'><strong>patriarcha:</strong></span> <span class='ocrx_word' id='word_1_372' title='bbox 3256 2156 3358 2209; x_wconf 90' lang='lat' dir='ltr'><strong>sub</strong></span> <span class='ocrx_word' id='word_1_373' title='bbox 3406 2169 3465 2209; x_wconf 89' lang='lat' dir='ltr'><strong>se</strong></span> 
     </span>
    </p>
   </div>
   <div class='ocr_carea' id='block_1_51' title="bbox 1868 2247 3463 2317">
    <p class='ocr_par' dir='ltr' id='par_1_51' title="bbox 1868 2247 3463 2317">
     <span class='ocr_line' id='line_1_51' title="bbox 1868 2247 3463 2317; baseline -0.003 -13"><span class='ocrx_word' id='word_1_374' title='bbox 1868 2250 2173 2305; x_wconf 90' lang='lat' dir='ltr'><strong>constitutis</strong></span> <span class='ocrx_word' id='word_1_375' title='bbox 2220 2250 2331 2305; x_wconf 93' lang='lat' dir='ltr'><strong>Deo</strong></span> <span class='ocrx_word' id='word_1_376' title='bbox 2370 2250 2689 2305; x_wconf 86' lang='lat' dir='ltr'><strong>amabilibus</strong></span> <span class='ocrx_word' id='word_1_377' title='bbox 2720 2249 3145 2317; x_wconf 83' lang='lat' dir='ltr'><strong>metmpolitanis</strong></span> <span class='ocrx_word' id='word_1_378' title='bbox 3175 2247 3463 2302; x_wconf 84' lang='lat' dir='ltr'><strong>manifesta</strong></span> 
     </span>
    </p>
   </div>
   <div class='ocr_carea' id='block_1_52' title="bbox 1874 2339 3466 2413">
    <p class='ocr_par' dir='ltr' id='par_1_52' title="bbox 1874 2339 3466 2413">
     <span class='ocr_line' id='line_1_52' title="bbox 1874 2339 3466 2413; baseline -0.001 -16"><span class='ocrx_word' id='word_1_379' title='bbox 1874 2343 2093 2399; x_wconf 81' lang='lat' dir='ltr'><strong>faciant.</strong></span> <span class='ocrx_word' id='word_1_380' title='bbox 2128 2345 2197 2398; x_wconf 78' lang='lat' dir='ltr'><strong>At</strong></span> <span class='ocrx_word' id='word_1_381' title='bbox 2214 2344 2290 2397; x_wconf 91' lang='lat' dir='ltr'><strong>illi</strong></span> <span class='ocrx_word' id='word_1_382' title='bbox 2312 2342 2569 2413; x_wconf 87' lang='lat' dir='ltr'><strong>subjectis</strong></span> <span class='ocrx_word' id='word_1_383' title='bbox 2595 2343 2697 2397; x_wconf 87' lang='lat' dir='ltr'><strong>sibi</strong></span> <span class='ocrx_word' id='word_1_384' title='bbox 2729 2342 2838 2397; x_wconf 91' lang='lat' dir='ltr'><strong>Deo</strong></span> <span class='ocrx_word' id='word_1_385' title='bbox 2858 2341 3173 2396; x_wconf 88' lang='lat' dir='ltr'><strong>amabilibus</strong></span> <span class='ocrx_word' id='word_1_386' title='bbox 3197 2339 3466 2409; x_wconf 88' lang='lat' dir='ltr'><strong>episcopis</strong></span> 
     </span>
    </p>
   </div>
   <div class='ocr_carea' id='block_1_53' title="bbox 1869 2433 3463 2504">
    <p class='ocr_par' dir='ltr' id='par_1_53' title="bbox 1869 2433 3463 2504">
     <span class='ocr_line' id='line_1_53' title="bbox 1869 2433 3463 2504; baseline -0.003 -11"><span class='ocrx_word' id='word_1_387' title='bbox 1869 2438 2163 2504; x_wconf 89' lang='lat' dir='ltr'><strong>declarent,</strong></span> <span class='ocrx_word' id='word_1_388' title='bbox 2196 2450 2251 2493; x_wconf 93' lang='lat' dir='ltr'><strong>et</strong></span> <span class='ocrx_word' id='word_1_389' title='bbox 2280 2437 2353 2491; x_wconf 91' lang='lat' dir='ltr'><strong>illi</strong></span> <span class='ocrx_word' id='word_1_390' title='bbox 2386 2439 2724 2491; x_wconf 88' lang='lat' dir='ltr'><strong>monasteriis</strong></span> <span class='ocrx_word' id='word_1_391' title='bbox 2757 2434 2851 2489; x_wconf 89' lang='lat' dir='ltr'><strong>Dei</strong></span> <span class='ocrx_word' id='word_1_392' title='bbox 2877 2435 2978 2489; x_wconf 90' lang='lat' dir='ltr'><strong>sub</strong></span> <span class='ocrx_word' id='word_1_393' title='bbox 3003 2449 3097 2488; x_wconf 88' lang='lat' dir='ltr'><strong>sua</strong></span> <span class='ocrx_word' id='word_1_394' title='bbox 3121 2433 3463 2489; x_wconf 83' lang='lat' dir='ltr'><strong>ordinatione</strong></span> 
     </span>
    </p>
   </div>
   <div class='ocr_carea' id='block_1_54' title="bbox 1869 2524 3466 2600">
    <p class='ocr_par' dir='ltr' id='par_1_54' title="bbox 1869 2524 3466 2600">
     <span class='ocr_line' id='line_1_54' title="bbox 1869 2524 3466 2600; baseline -0.008 -12"><span class='ocrx_word' id='word_1_395' title='bbox 1869 2531 2174 2588; x_wconf 82' lang='lat' dir='ltr'><strong>constitutis</strong></span> <span class='ocrx_word' id='word_1_396' title='bbox 2202 2531 2414 2600; x_wconf 85' lang='lat' dir='ltr'><strong>cognita</strong></span> <span class='ocrx_word' id='word_1_397' title='bbox 2447 2530 2645 2584; x_wconf 84' lang='lat' dir='ltr'><strong>faciant</strong></span> <span class='ocrx_word' id='word_1_398' title='bbox 2674 2570 2687 2592; x_wconf 90' lang='lat'><strong>,</strong></span> <span class='ocrx_word' id='word_1_399' title='bbox 2719 2537 2980 2596; x_wconf 86' lang='lat' dir='ltr'><strong>quatenus</strong></span> <span class='ocrx_word' id='word_1_400' title='bbox 3008 2541 3104 2596; x_wconf 89' lang='lat' dir='ltr'><strong>per</strong></span> <span class='ocrx_word' id='word_1_401' title='bbox 3152 2525 3327 2581; x_wconf 90' lang='lat' dir='ltr'><strong>omnia</strong></span> <span class='ocrx_word' id='word_1_402' title='bbox 3362 2524 3466 2577; x_wconf 91' lang='lat' dir='ltr'><strong>Do-</strong></span> 
     </span>
    </p>
   </div>
   <div class='ocr_carea' id='block_1_55' title="bbox 1871 2618 3467 2692">
    <p class='ocr_par' dir='ltr' id='par_1_55' title="bbox 1871 2618 3467 2692">
     <span class='ocr_line' id='line_1_55' title="bbox 1871 2618 3467 2692; baseline -0.004 -11"><span class='ocrx_word' id='word_1_403' title='bbox 1871 2626 2004 2681; x_wconf 91' lang='lat' dir='ltr'><strong>mini</strong></span> <span class='ocrx_word' id='word_1_404' title='bbox 2033 2626 2243 2681; x_wconf 91' lang='lat' dir='ltr'><strong>cultura</strong></span> <span class='ocrx_word' id='word_1_405' title='bbox 2294 2632 2512 2679; x_wconf 87' lang='lat' dir='ltr'><strong>maneat</strong></span> <span class='ocrx_word' id='word_1_406' title='bbox 2558 2622 2793 2692; x_wconf 90' lang='lat' dir='ltr'><strong>undique</strong></span> <span class='ocrx_word' id='word_1_407' title='bbox 2842 2622 3164 2689; x_wconf 88' lang='lat' dir='ltr'><strong>incorrupta.</strong></span> <span class='ocrx_word' id='word_1_408' title='bbox 3217 2618 3467 2674; x_wconf 84' lang='lat' dir='ltr'><strong>Immine-</strong></span> 
     </span>
    </p>
   </div>
   <div class='ocr_carea' id='block_1_56' title="bbox 1869 2709 3461 2784">
    <p class='ocr_par' dir='ltr' id='par_1_56' title="bbox 1869 2709 3461 2784">
     <span class='ocr_line' id='line_1_56' title="bbox 1869 2709 3461 2784; baseline -0.008 -10"><span class='ocrx_word' id='word_1_409' title='bbox 1869 2718 2003 2774; x_wconf 77' lang='lat' dir='ltr'><strong>bunt</strong></span> <span class='ocrx_word' id='word_1_410' title='bbox 2049 2719 2191 2773; x_wconf 92' lang='lat' dir='ltr'><strong>enim</strong></span> <span class='ocrx_word' id='word_1_411' title='bbox 2242 2717 2489 2770; x_wconf 68' lang='lat' dir='ltr'><strong>maximat</strong></span> <span class='ocrx_word' id='word_1_412' title='bbox 2524 2728 2696 2784; x_wconf 67' lang='lat' dir='ltr'><strong>paenae</strong></span> <span class='ocrx_word' id='word_1_413' title='bbox 2752 2713 2850 2767; x_wconf 89' lang='lat' dir='ltr'><strong>ista</strong></span> <span class='ocrx_word' id='word_1_414' title='bbox 2902 2709 3461 2780; x_wconf 83' lang='lat' dir='ltr'><strong>transgredientibus:</strong></span> 
     </span>
    </p>
   </div>
   <div class='ocr_carea' id='block_1_57' title="bbox 1871 2805 3465 2873">
    <p class='ocr_par' dir='ltr' id='par_1_57' title="bbox 1871 2805 3465 2873">
     <span class='ocr_line' id='line_1_57' title="bbox 1871 2805 3465 2873; baseline -0.008 -8"><span class='ocrx_word' id='word_1_415' title='bbox 1871 2809 2099 2865; x_wconf 90' lang='lat' dir='ltr'><strong>dicimus</strong></span> <span class='ocrx_word' id='word_1_416' title='bbox 2129 2817 2307 2863; x_wconf 88' lang='lat' dir='ltr'><strong>autem</strong></span> <span class='ocrx_word' id='word_1_417' title='bbox 2338 2806 2403 2861; x_wconf 89' lang='lat' dir='ltr'><strong>de</strong></span> <span class='ocrx_word' id='word_1_418' title='bbox 2444 2805 2582 2861; x_wconf 59' lang='lat' dir='ltr'><strong>coelo</strong></span> <span class='ocrx_word' id='word_1_419' title='bbox 2625 2818 2755 2873; x_wconf 84' lang='lat' dir='ltr'><strong>quas</strong></span> <span class='ocrx_word' id='word_1_420' title='bbox 2789 2817 3023 2872; x_wconf 58' lang='lat' dir='ltr'><strong>,necesse</strong></span> <span class='ocrx_word' id='word_1_421' title='bbox 3066 2808 3151 2856; x_wconf 88' lang='lat' dir='ltr'><strong>est</strong></span> <span class='ocrx_word' id='word_1_422' title='bbox 3194 2810 3465 2855; x_wconf 89' lang='lat' dir='ltr'><strong>rectorum</strong></span> 
     </span>
    </p>
   </div>
   <div class='ocr_carea' id='block_1_58' title="bbox 1871 2893 3468 2973">
    <p class='ocr_par' dir='ltr' id='par_1_58' title="bbox 1871 2893 3468 2973">
     <span class='ocr_line' id='line_1_58' title="bbox 1871 2893 3468 2973; baseline -0.006 -16"><span class='ocrx_word' id='word_1_423' title='bbox 1871 2900 2177 2973; x_wconf 82' lang='lat' dir='ltr'><strong>dogmatum</strong></span> <span class='ocrx_word' id='word_1_424' title='bbox 2210 2897 2668 2966; x_wconf 73' lang='lat' dir='ltr'><strong>contemptorlbus</strong></span> <span class='ocrx_word' id='word_1_425' title='bbox 2691 2896 2990 2949; x_wconf 89' lang='lat' dir='ltr'><strong>imminere.</strong></span> <span class='ocrx_word' id='word_1_426' title='bbox 3019 2893 3087 2947; x_wconf 86' lang='lat' dir='ltr'><strong>Et</strong></span> <span class='ocrx_word' id='word_1_427' title='bbox 3112 2902 3309 2948; x_wconf 84' lang='lat' dir='ltr'><strong>nostrae</strong></span> <span class='ocrx_word' id='word_1_428' title='bbox 3331 2906 3468 2962; x_wconf 84' lang='lat' dir='ltr'><strong>quo-</strong></span> 
     </span>
    </p>
   </div>
   <div class='ocr_carea' id='block_1_59' title="bbox 1872 2985 3465 3064">
    <p class='ocr_par' dir='ltr' id='par_1_59' title="bbox 1872 2985 3465 3064">
     <span class='ocr_line' id='line_1_59' title="bbox 1872 2985 3465 3064; baseline -0.008 -14"><span class='ocrx_word' id='word_1_429' title='bbox 1872 3010 1975 3064; x_wconf 89' lang='lat' dir='ltr'><strong>que</strong></span> <span class='ocrx_word' id='word_1_430' title='bbox 2004 2993 2314 3063; x_wconf 71' lang='lat' dir='ltr'><strong>reipublica:</strong></span> <span class='ocrx_word' id='word_1_431' title='bbox 2340 2991 2571 3061; x_wconf 81' lang='lat' dir='ltr'><strong>judices.</strong></span> <span class='ocrx_word' id='word_1_432' title='bbox 2602 2990 2645 3043; x_wconf 93' lang='lat' dir='ltr'><strong>si</strong></span> <span class='ocrx_word' id='word_1_433' title='bbox 2678 2989 2791 3043; x_wconf 67' lang='lat' dir='ltr'><strong>haec</strong></span> <span class='ocrx_word' id='word_1_434' title='bbox 2818 2989 2898 3043; x_wconf 86' lang='lat' dir='ltr'><strong>eis</strong></span> <span class='ocrx_word' id='word_1_435' title='bbox 2929 2985 3263 3051; x_wconf 85' lang='lat' dir='ltr'><strong>nuntientur,</strong></span> <span class='ocrx_word' id='word_1_436' title='bbox 3293 2985 3465 3040; x_wconf 76' lang='lat' dir='ltr'><strong>omni-</strong></span> 
     </span>
    </p>
   </div>
   <div class='ocr_carea' id='block_1_60' title="bbox 1874 3079 3464 3152">
    <p class='ocr_par' dir='ltr' id='par_1_60' title="bbox 1874 3079 3464 3152">
     <span class='ocr_line' id='line_1_60' title="bbox 1874 3079 3464 3152; baseline -0.007 -8"><span class='ocrx_word' id='word_1_437' title='bbox 1874 3090 1976 3145; x_wconf 90' lang='lat' dir='ltr'><strong>bus</strong></span> <span class='ocrx_word' id='word_1_438' title='bbox 2001 3086 2250 3143; x_wconf 87' lang='lat' dir='ltr'><strong>studeant</strong></span> <span class='ocrx_word' id='word_1_439' title='bbox 2273 3084 2444 3139; x_wconf 87' lang='lat' dir='ltr'><strong>modis</strong></span> <span class='ocrx_word' id='word_1_440' title='bbox 2467 3098 2527 3138; x_wconf 91' lang='lat' dir='ltr'><strong>ea</strong></span> <span class='ocrx_word' id='word_1_441' title='bbox 2553 3099 2671 3152; x_wconf 74' lang='lat' dir='ltr'><strong>quae</strong></span> <span class='ocrx_word' id='word_1_442' title='bbox 2694 3082 2861 3135; x_wconf 90' lang='lat' dir='ltr'><strong>sacris</strong></span> <span class='ocrx_word' id='word_1_443' title='bbox 2882 3080 3081 3149; x_wconf 87' lang='lat' dir='ltr'><strong>regulis</strong></span> <span class='ocrx_word' id='word_1_444' title='bbox 3102 3079 3464 3147; x_wconf 89' lang='lat' dir='ltr'><strong>continentur,</strong></span> 
     </span>
    </p>
   </div>
   <div class='ocr_carea' id='block_1_61' title="bbox 1876 3170 3471 3249">
    <p class='ocr_par' dir='ltr' id='par_1_61' title="bbox 1876 3170 3471 3249">
     <span class='ocr_line' id='line_1_61' title="bbox 1876 3170 3471 3249; baseline -0.007 -15"><span class='ocrx_word' id='word_1_445' title='bbox 1876 3195 2011 3249; x_wconf 91' lang='lat' dir='ltr'><strong>quas</strong></span> <span class='ocrx_word' id='word_1_446' title='bbox 2041 3188 2223 3233; x_wconf 88' lang='lat' dir='ltr'><strong>nostra</strong></span> <span class='ocrx_word' id='word_1_447' title='bbox 2251 3176 2490 3246; x_wconf 88' lang='lat' dir='ltr'><strong>sequitur</strong></span> <span class='ocrx_word' id='word_1_448' title='bbox 2521 3175 2628 3239; x_wconf 85' lang='lat' dir='ltr'><strong>lex,</strong></span> <span class='ocrx_word' id='word_1_449' title='bbox 2662 3172 2726 3226; x_wconf 88' lang='lat' dir='ltr'><strong>ad</strong></span> <span class='ocrx_word' id='word_1_450' title='bbox 2759 3171 3006 3227; x_wconf 82' lang='lat' dir='ltr'><strong>effectum</strong></span> <span class='ocrx_word' id='word_1_451' title='bbox 3030 3170 3248 3240; x_wconf 88' lang='lat' dir='ltr'><strong>perduci</strong></span> <span class='ocrx_word' id='word_1_452' title='bbox 3276 3184 3471 3238; x_wconf 89' lang='lat' dir='ltr'><strong>procu-</strong></span> 
     </span>
    </p>
   </div>
   <div class='ocr_carea' id='block_1_62' title="bbox 166 3251 3474 3341">
    <p class='ocr_par' dir='ltr' id='par_1_62' title="bbox 166 3251 3474 3341">
     <span class='ocr_line' id='line_1_62' title="bbox 166 3251 3474 3341; baseline 0 -22"><span class='ocrx_word' id='word_1_453' title='bbox 166 3267 495 3336; x_wconf 89' lang='lat' dir='ltr'><strong>prohibeant</strong></span> <span class='ocrx_word' id='word_1_454' title='bbox 524 3268 632 3325; x_wconf 92' lang='lat' dir='ltr'><strong>Deo</strong></span> <span class='ocrx_word' id='word_1_455' title='bbox 660 3270 919 3326; x_wconf 87' lang='lat' dir='ltr'><strong>amabiles</strong></span> <span class='ocrx_word' id='word_1_456' title='bbox 946 3272 1184 3341; x_wconf 92' lang='lat' dir='ltr'><strong>episcopi</strong></span> <span class='ocrx_word' id='word_1_457' title='bbox 1238 3282 1294 3326; x_wconf 90' lang='lat' dir='ltr'><strong>et</strong></span> <span class='ocrx_word' id='word_1_458' title='bbox 1335 3272 1766 3327; x_wconf 73' lang='lat' dir='ltr'><strong>archimandrita:</strong></span> <span class='ocrx_word' id='word_1_459' title='bbox 1794 3251 1842 3316; x_wconf 67' lang='grc' dir='ltr'>α</span> <span class='ocrx_word' id='word_1_460' title='bbox 1874 3286 2014 3336; x_wconf 87' lang='lat' dir='ltr'><strong>rare,</strong></span> <span class='ocrx_word' id='word_1_461' title='bbox 2062 3285 2184 3324; x_wconf 90' lang='lat' dir='ltr'><strong>nam</strong></span> <span class='ocrx_word' id='word_1_462' title='bbox 2242 3283 2341 3324; x_wconf 91' lang='lat' dir='ltr'><strong>nec</strong></span> <span class='ocrx_word' id='word_1_463' title='bbox 2394 3267 2515 3321; x_wconf 91' lang='lat' dir='ltr'><strong>illos</strong></span> <span class='ocrx_word' id='word_1_464' title='bbox 2544 3266 2750 3321; x_wconf 86' lang='lat' dir='ltr'><strong>deserit</strong></span> <span class='ocrx_word' id='word_1_465' title='bbox 2779 3280 2930 3333; x_wconf 64' lang='lat' dir='ltr'><strong>paena</strong></span> <span class='ocrx_word' id='word_1_466' title='bbox 2964 3264 3078 3319; x_wconf 61' lang='lat' dir='ltr'><strong>haec</strong></span> <span class='ocrx_word' id='word_1_467' title='bbox 3124 3261 3474 3333; x_wconf 68' lang='lat' dir='ltr'><strong>negligentes.</strong></span> 
     </span>
    </p>
   </div>
   <div class='ocr_carea' id='block_1_63' title="bbox 167 3364 1769 3437">
    <p class='ocr_par' dir='ltr' id='par_1_63' title="bbox 167 3364 1769 3437">
     <span class='ocr_line' id='line_1_63' title="bbox 167 3364 1769 3437; baseline 0.004 -22"><span class='ocrx_word' id='word_1_468' title='bbox 167 3365 486 3431; x_wconf 91' lang='lat' dir='ltr'><strong>nuncupati,</strong></span> <span class='ocrx_word' id='word_1_469' title='bbox 519 3365 870 3419; x_wconf 88' lang='lat' dir='ltr'><strong>monasticam</strong></span> <span class='ocrx_word' id='word_1_470' title='bbox 902 3364 1236 3421; x_wconf 88' lang='lat' dir='ltr'><strong>honestatem</strong></span> <span class='ocrx_word' id='word_1_471' title='bbox 1267 3367 1560 3421; x_wconf 90' lang='lat' dir='ltr'><strong>secundum</strong></span> <span class='ocrx_word' id='word_1_472' title='bbox 1610 3383 1769 3437; x_wconf 86' lang='lat' dir='ltr'><strong>regu-</strong></span> 
     </span>
    </p>
   </div>
   <div class='ocr_carea' id='block_1_64' title="bbox 168 3452 1767 3527">
    <p class='ocr_par' dir='ltr' id='par_1_64' title="bbox 168 3452 1767 3527">
     <span class='ocr_line' id='line_1_64' title="bbox 168 3452 1767 3527; baseline 0.003 -19"><span class='ocrx_word' id='word_1_473' title='bbox 168 3452 255 3508; x_wconf 88' lang='lat' dir='ltr'><strong>las</strong></span> <span class='ocrx_word' id='word_1_474' title='bbox 286 3468 469 3510; x_wconf 89' lang='lat' dir='ltr'><strong>sacras</strong></span> <span class='ocrx_word' id='word_1_475' title='bbox 493 3466 896 3513; x_wconf 89' lang='lat' dir='ltr'><strong>conservantes.</strong></span> <span class='ocrx_word' id='word_1_476' title='bbox 930 3457 985 3512; x_wconf 91' lang='lat' dir='ltr'><strong>Si</strong></span> <span class='ocrx_word' id='word_1_477' title='bbox 1026 3458 1143 3527; x_wconf 91' lang='lat' dir='ltr'><strong>quis</strong></span> <span class='ocrx_word' id='word_1_478' title='bbox 1191 3469 1369 3514; x_wconf 91' lang='lat' dir='ltr'><strong>autem</strong></span> <span class='ocrx_word' id='word_1_479' title='bbox 1420 3460 1767 3515; x_wconf 87' lang='lat' dir='ltr'><strong>monasticam</strong></span> 
     </span>
    </p>
   </div>
   <div class='ocr_carea' id='block_1_65' title="bbox 170 3545 1771 3615">
    <p class='ocr_par' dir='ltr' id='par_1_65' title="bbox 170 3545 1771 3615">
     <span class='ocr_line' id='line_1_65' title="bbox 170 3545 1771 3615; baseline 0.004 -16"><span class='ocrx_word' id='word_1_480' title='bbox 170 3545 543 3615; x_wconf 82' lang='lat' dir='ltr'><strong>profitentium</strong></span> <span class='ocrx_word' id='word_1_481' title='bbox 570 3552 1032 3605; x_wconf 87' lang='lat' dir='ltr'><strong>conversationem</strong></span> <span class='ocrx_word' id='word_1_482' title='bbox 1064 3555 1318 3607; x_wconf 90' lang='lat' dir='ltr'><strong>meruerit</strong></span> <span class='ocrx_word' id='word_1_483' title='bbox 1343 3553 1528 3607; x_wconf 86' lang='lat' dir='ltr'><strong>clerici</strong></span> <span class='ocrx_word' id='word_1_484' title='bbox 1557 3553 1771 3609; x_wconf 89' lang='lat' dir='ltr'><strong>ordina-</strong></span> 
     </span>
    </p>
   </div>
   <div class='ocr_carea' id='block_1_66' title="bbox 169 3641 1771 3715">
    <p class='ocr_par' dir='ltr' id='par_1_66' title="bbox 169 3641 1771 3715">
     <span class='ocr_line' id='line_1_66' title="bbox 169 3641 1771 3715; baseline 0.004 -21"><span class='ocrx_word' id='word_1_485' title='bbox 169 3641 401 3708; x_wconf 87' lang='lat' dir='ltr'><strong>tionem,</strong></span> <span class='ocrx_word' id='word_1_486' title='bbox 430 3653 643 3699; x_wconf 89' lang='lat' dir='ltr'><strong>maneat</strong></span> <span class='ocrx_word' id='word_1_487' title='bbox 672 3644 833 3699; x_wconf 91' lang='lat' dir='ltr'><strong>etiam</strong></span> <span class='ocrx_word' id='word_1_488' title='bbox 865 3646 944 3700; x_wconf 90' lang='lat' dir='ltr'><strong>sic</strong></span> <span class='ocrx_word' id='word_1_489' title='bbox 974 3661 1159 3715; x_wconf 75' lang='lat' dir='ltr'><strong>puram</strong></span> <span class='ocrx_word' id='word_1_490' title='bbox 1212 3662 1436 3703; x_wconf 85' lang='lat' dir='ltr'><strong>servans</strong></span> <span class='ocrx_word' id='word_1_491' title='bbox 1477 3662 1771 3702; x_wconf 87' lang='lat' dir='ltr'><strong>conversa-</strong></span> 
     </span>
    </p>
   </div>
   <div class='ocr_carea' id='block_1_67' title="bbox 170 3734 1773 3804">
    <p class='ocr_par' dir='ltr' id='par_1_67' title="bbox 170 3734 1773 3804">
     <span class='ocr_line' id='line_1_67' title="bbox 170 3734 1773 3804; baseline 0.005 -17"><span class='ocrx_word' id='word_1_492' title='bbox 170 3734 405 3790; x_wconf 90' lang='lat' dir='ltr'><strong>tionem.</strong></span> <span class='ocrx_word' id='word_1_493' title='bbox 433 3736 587 3804; x_wconf 84' lang='lat' dir='ltr'><strong>Quod</strong></span> <span class='ocrx_word' id='word_1_494' title='bbox 615 3738 659 3792; x_wconf 88' lang='lat' dir='ltr'><strong>si</strong></span> <span class='ocrx_word' id='word_1_495' title='bbox 693 3737 816 3793; x_wconf 83' lang='lat' dir='ltr'><strong>facti</strong></span> <span class='ocrx_word' id='word_1_496' title='bbox 858 3739 1041 3793; x_wconf 87' lang='lat' dir='ltr'><strong>clerici</strong></span> <span class='ocrx_word' id='word_1_497' title='bbox 1072 3739 1322 3794; x_wconf 90' lang='lat' dir='ltr'><strong>abutatur</strong></span> <span class='ocrx_word' id='word_1_498' title='bbox 1366 3741 1574 3803; x_wconf 86' lang='lat' dir='ltr'><strong>fiducia,</strong></span> <span class='ocrx_word' id='word_1_499' title='bbox 1608 3752 1662 3795; x_wconf 92' lang='lat' dir='ltr'><strong>et</strong></span> <span class='ocrx_word' id='word_1_500' title='bbox 1705 3741 1773 3795; x_wconf 87' lang='lat' dir='ltr'><strong>ad</strong></span> 
     </span>
    </p>
   </div>
   <div class='ocr_carea' id='block_1_68' title="bbox 170 3829 1776 3901">
    <p class='ocr_par' dir='ltr' id='par_1_68' title="bbox 170 3829 1776 3901">
     <span class='ocr_line' id='line_1_68' title="bbox 170 3829 1776 3901; baseline 0.003 -19"><span class='ocrx_word' id='word_1_501' title='bbox 170 3829 396 3895; x_wconf 85' lang='lat' dir='ltr'><strong>nuptias</strong></span> <span class='ocrx_word' id='word_1_502' title='bbox 421 3829 607 3884; x_wconf 88' lang='lat' dir='ltr'><strong>venire</strong></span> <span class='ocrx_word' id='word_1_503' title='bbox 638 3829 858 3901; x_wconf 89' lang='lat' dir='ltr'><strong>(quippe</strong></span> <span class='ocrx_word' id='word_1_504' title='bbox 908 3831 1000 3884; x_wconf 91' lang='lat' dir='ltr'><strong>tali</strong></span> <span class='ocrx_word' id='word_1_505' title='bbox 1050 3831 1217 3899; x_wconf 87' lang='lat' dir='ltr'><strong>gradu</strong></span> <span class='ocrx_word' id='word_1_506' title='bbox 1271 3832 1589 3885; x_wconf 86' lang='lat' dir='ltr'><strong>constitutus</strong></span> <span class='ocrx_word' id='word_1_507' title='bbox 1637 3833 1776 3887; x_wconf 89' lang='lat' dir='ltr'><strong>inter</strong></span> 
     </span>
    </p>
   </div>
   <div class='ocr_carea' id='block_1_69' title="bbox 169 3918 1776 3991">
    <p class='ocr_par' dir='ltr' id='par_1_69' title="bbox 169 3918 1776 3991">
     <span class='ocr_line' id='line_1_69' title="bbox 169 3918 1776 3991; baseline 0.002 -18"><span class='ocrx_word' id='word_1_508' title='bbox 169 3918 425 3987; x_wconf 90' lang='lat' dir='ltr'><strong>clericos,</strong></span> <span class='ocrx_word' id='word_1_509' title='bbox 458 3920 548 3991; x_wconf 93' lang='lat' dir='ltr'><strong>qui</strong></span> <span class='ocrx_word' id='word_1_510' title='bbox 596 3920 645 3975; x_wconf 91' lang='lat' dir='ltr'><strong>ei</strong></span> <span class='ocrx_word' id='word_1_511' title='bbox 692 3935 912 3977; x_wconf 85' lang='lat' dir='ltr'><strong>uxorem</strong></span> <span class='ocrx_word' id='word_1_512' title='bbox 962 3922 1158 3977; x_wconf 91' lang='lat' dir='ltr'><strong>ducere</strong></span> <span class='ocrx_word' id='word_1_513' title='bbox 1213 3922 1503 3991; x_wconf 88' lang='lat' dir='ltr'><strong>permittat,</strong></span> <span class='ocrx_word' id='word_1_514' title='bbox 1547 3922 1776 3977; x_wconf 91' lang='lat' dir='ltr'><strong>dicimus</strong></span> 
     </span>
    </p>
   </div>
   <div class='ocr_carea' id='block_1_70' title="bbox 171 4015 1777 4080">
    <p class='ocr_par' dir='ltr' id='par_1_70' title="bbox 171 4015 1777 4080">
     <span class='ocr_line' id='line_1_70' title="bbox 171 4015 1777 4080; baseline 0.002 -13"><span class='ocrx_word' id='word_1_515' title='bbox 171 4023 360 4067; x_wconf 84' lang='lat' dir='ltr'><strong>autem</strong></span> <span class='ocrx_word' id='word_1_516' title='bbox 392 4024 669 4068; x_wconf 89' lang='lat' dir='ltr'><strong>cantorum</strong></span> <span class='ocrx_word' id='word_1_517' title='bbox 700 4024 792 4068; x_wconf 87' lang='lat' dir='ltr'><strong>aut</strong></span> <span class='ocrx_word' id='word_1_518' title='bbox 836 4015 1119 4080; x_wconf 91' lang='lat' dir='ltr'><strong>lectorum,</strong></span> <span class='ocrx_word' id='word_1_519' title='bbox 1173 4015 1289 4069; x_wconf 89' lang='lat' dir='ltr'><strong>aliis</strong></span> <span class='ocrx_word' id='word_1_520' title='bbox 1341 4017 1481 4069; x_wconf 91' lang='lat' dir='ltr'><strong>enim</strong></span> <span class='ocrx_word' id='word_1_521' title='bbox 1529 4016 1777 4072; x_wconf 85' lang='lat' dir='ltr'><strong>omnibus</strong></span> 
     </span>
    </p>
   </div>
   <div class='ocr_carea' id='block_1_71' title="bbox 174 4106 1777 4177">
    <p class='ocr_par' dir='ltr' id='par_1_71' title="bbox 174 4106 1777 4177">
     <span class='ocr_line' id='line_1_71' title="bbox 174 4106 1777 4177; baseline 0.001 -17"><span class='ocrx_word' id='word_1_522' title='bbox 174 4106 397 4174; x_wconf 83' lang='lat' dir='ltr'><strong>nuptias</strong></span> <span class='ocrx_word' id='word_1_523' title='bbox 440 4106 735 4161; x_wconf 91' lang='lat' dir='ltr'><strong>secundum</strong></span> <span class='ocrx_word' id='word_1_524' title='bbox 775 4120 956 4161; x_wconf 88' lang='lat' dir='ltr'><strong>sacras</strong></span> <span class='ocrx_word' id='word_1_525' title='bbox 996 4106 1208 4177; x_wconf 87' lang='lat' dir='ltr'><strong>regulas</strong></span> <span class='ocrx_word' id='word_1_526' title='bbox 1248 4108 1460 4177; x_wconf 90' lang='lat' dir='ltr'><strong>penitus</strong></span> <span class='ocrx_word' id='word_1_527' title='bbox 1499 4108 1777 4163; x_wconf 86' lang='lat' dir='ltr'><strong>interdici-</strong></span> 
     </span>
    </p>
   </div>
   <div class='ocr_carea' id='block_1_72' title="bbox 172 4200 1780 4267">
    <p class='ocr_par' dir='ltr' id='par_1_72' title="bbox 172 4200 1780 4267">
     <span class='ocr_line' id='line_1_72' title="bbox 172 4200 1780 4267; baseline 0.002 -11"><span class='ocrx_word' id='word_1_528' title='bbox 172 4200 351 4266; x_wconf 86' lang='lat' dir='ltr'><strong>mus),</strong></span> <span class='ocrx_word' id='word_1_529' title='bbox 381 4212 471 4256; x_wconf 89' lang='lat' dir='ltr'><strong>aut</strong></span> <span class='ocrx_word' id='word_1_530' title='bbox 511 4202 844 4258; x_wconf 90' lang='lat' dir='ltr'><strong>concubinas</strong></span> <span class='ocrx_word' id='word_1_531' title='bbox 892 4202 1113 4267; x_wconf 88' lang='lat' dir='ltr'><strong>habere,</strong></span> <span class='ocrx_word' id='word_1_532' title='bbox 1163 4213 1254 4258; x_wconf 90' lang='lat' dir='ltr'><strong>aut</strong></span> <span class='ocrx_word' id='word_1_533' title='bbox 1299 4204 1519 4259; x_wconf 84' lang='lat' dir='ltr'><strong>luxuriis</strong></span> <span class='ocrx_word' id='word_1_534' title='bbox 1568 4204 1780 4259; x_wconf 90' lang='lat' dir='ltr'><strong>tradere</strong></span> 
     </span>
    </p>
   </div>
   <div class='ocr_carea' id='block_1_73' title="bbox 172 4296 1778 4366">
    <p class='ocr_par' dir='ltr' id='par_1_73' title="bbox 172 4296 1778 4366">
     <span class='ocr_line' id='line_1_73' title="bbox 172 4296 1778 4366; baseline -0.001 -15"><span class='ocrx_word' id='word_1_535' title='bbox 172 4296 346 4351; x_wconf 85' lang='lat' dir='ltr'><strong>vitam</strong></span> <span class='ocrx_word' id='word_1_536' title='bbox 380 4305 687 4366; x_wconf 62' lang='lat' dir='ltr'><strong>praesumat,</strong></span> <span class='ocrx_word' id='word_1_537' title='bbox 717 4297 1031 4352; x_wconf 81' lang='lat' dir='ltr'><strong>excludatur</strong></span> <span class='ocrx_word' id='word_1_538' title='bbox 1057 4298 1211 4353; x_wconf 90' lang='lat' dir='ltr'><strong>nobis</strong></span> <span class='ocrx_word' id='word_1_539' title='bbox 1257 4297 1504 4352; x_wconf 90' lang='lat' dir='ltr'><strong>omnibus</strong></span> <span class='ocrx_word' id='word_1_540' title='bbox 1534 4314 1564 4351; x_wconf 88' lang='lat' dir='ltr'><strong>a</strong></span> <span class='ocrx_word' id='word_1_541' title='bbox 1610 4298 1778 4366; x_wconf 88' lang='lat' dir='ltr'><strong>clero,</strong></span> 
     </span>
    </p>
   </div>
   <div class='ocr_carea' id='block_1_74' title="bbox 176 4378 1783 4461">
    <p class='ocr_par' dir='ltr' id='par_1_74' title="bbox 176 4378 1783 4461">
     <span class='ocr_line' id='line_1_74' title="bbox 176 4378 1783 4461; baseline 0.001 -17"><span class='ocrx_word' id='word_1_542' title='bbox 176 4396 436 4461; x_wconf 82' lang='lat' dir='ltr'><strong>tanquam</strong></span> <span class='ocrx_word' id='word_1_543' title='bbox 468 4393 702 4461; x_wconf 90' lang='lat' dir='ltr'><strong>priorem</strong></span> <span class='ocrx_word' id='word_1_544' title='bbox 734 4392 1208 4448; x_wconf 89' lang='lat' dir='ltr'><strong>conversationem</strong></span> <span class='ocrx_word' id='word_1_545' title='bbox 1237 4402 1290 4447; x_wconf 91' lang='lat' dir='ltr'><strong>et</strong></span> <span class='ocrx_word' id='word_1_546' title='bbox 1319 4393 1609 4448; x_wconf 91' lang='lat' dir='ltr'><strong>solitariam</strong></span> <span class='ocrx_word' id='word_1_547' title='bbox 1654 4378 1783 4448; x_wconf 86' lang='lat' dir='ltr'><strong>con-</strong></span> 
     </span>
    </p>
   </div>
   <div class='ocr_carea' id='block_1_75' title="bbox 177 4483 1784 4554">
    <p class='ocr_par' dir='ltr' id='par_1_75' title="bbox 177 4483 1784 4554">
     <span class='ocr_line' id='line_1_75' title="bbox 177 4483 1784 4554; baseline 0 -14"><span class='ocrx_word' id='word_1_548' title='bbox 177 4483 416 4540; x_wconf 88' lang='lat' dir='ltr'><strong>fundans</strong></span> <span class='ocrx_word' id='word_1_549' title='bbox 442 4485 631 4550; x_wconf 89' lang='lat' dir='ltr'><strong>vitam,</strong></span> <span class='ocrx_word' id='word_1_550' title='bbox 654 4494 707 4540; x_wconf 92' lang='lat' dir='ltr'><strong>et</strong></span> <span class='ocrx_word' id='word_1_551' title='bbox 736 4484 979 4554; x_wconf 89' lang='lat' dir='ltr'><strong>privatus</strong></span> <span class='ocrx_word' id='word_1_552' title='bbox 1007 4486 1076 4540; x_wconf 90' lang='lat' dir='ltr'><strong>sit</strong></span> <span class='ocrx_word' id='word_1_553' title='bbox 1102 4485 1170 4541; x_wconf 93' lang='lat' dir='ltr'><strong>de</strong></span> <span class='ocrx_word' id='word_1_554' title='bbox 1195 4496 1411 4541; x_wconf 64' lang='lat' dir='ltr'><strong>caetero.</strong></span> <span class='ocrx_word' id='word_1_555' title='bbox 1443 4485 1521 4539; x_wconf 86' lang='lat' dir='ltr'><strong>Ad</strong></span> <span class='ocrx_word' id='word_1_556' title='bbox 1544 4486 1784 4541; x_wconf 87' lang='lat' dir='ltr'><strong>militiam</strong></span> 
     </span>
    </p>
   </div>
   <div class='ocr_carea' id='block_1_76' title="bbox 180 4557 1779 4651">
    <p class='ocr_par' dir='ltr' id='par_1_76' title="bbox 180 4557 1779 4651">
     <span class='ocr_line' id='line_1_76' title="bbox 180 4557 1779 4651; baseline -0.001 -18"><span class='ocrx_word' id='word_1_557' title='bbox 180 4580 425 4651; x_wconf 89' lang='lat' dir='ltr'><strong>quidem,</strong></span> <span class='ocrx_word' id='word_1_558' title='bbox 453 4589 545 4635; x_wconf 90' lang='lat' dir='ltr'><strong>aut</strong></span> <span class='ocrx_word' id='word_1_559' title='bbox 565 4580 631 4634; x_wconf 89' lang='lat' dir='ltr'><strong>ad</strong></span> <span class='ocrx_word' id='word_1_560' title='bbox 661 4579 804 4633; x_wconf 86' lang='lat' dir='ltr'><strong>aliud</strong></span> <span class='ocrx_word' id='word_1_561' title='bbox 828 4579 1061 4634; x_wconf 85' lang='lat' dir='ltr'><strong>oflicium</strong></span> <span class='ocrx_word' id='word_1_562' title='bbox 1091 4580 1276 4635; x_wconf 92' lang='lat' dir='ltr'><strong>venire</strong></span> <span class='ocrx_word' id='word_1_563' title='bbox 1298 4595 1402 4633; x_wconf 92' lang='lat' dir='ltr'><strong>non</strong></span> <span class='ocrx_word' id='word_1_564' title='bbox 1430 4557 1779 4648; x_wconf 66' lang='lat' dir='ltr'><strong>praesumens,</strong></span> 
     </span>
    </p>
   </div>
   <div class='ocr_carea' id='block_1_77' title="bbox 1873 3354 3476 3433">
    <p class='ocr_par' dir='ltr' id='par_1_77' title="bbox 1873 3354 3476 3433">
     <span class='ocr_line' id='line_1_77' title="bbox 1873 3354 3476 3433; baseline -0.005 -14"><span class='ocrx_word' id='word_1_565' title='bbox 1873 3366 2211 3433; x_wconf 76' lang='lat' dir='ltr'><strong>Quapropter</strong></span> <span class='ocrx_word' id='word_1_566' title='bbox 2242 3368 2560 3432; x_wconf 90' lang='lat' dir='ltr'><strong>sequentem</strong></span> <span class='ocrx_word' id='word_1_567' title='bbox 2594 3360 2732 3413; x_wconf 91' lang='lat' dir='ltr'><strong>hanc</strong></span> <span class='ocrx_word' id='word_1_568' title='bbox 2756 3366 2901 3413; x_wconf 91' lang='lat' dir='ltr'><strong>tuam</strong></span> <span class='ocrx_word' id='word_1_569' title='bbox 2929 3356 3267 3412; x_wconf 88' lang='lat' dir='ltr'><strong>sanctitatem</strong></span> <span class='ocrx_word' id='word_1_570' title='bbox 3317 3354 3476 3411; x_wconf 76' lang='lat' dir='ltr'><strong>decet</strong></span> 
     </span>
    </p>
   </div>
   <div class='ocr_carea' id='block_1_78' title="bbox 1872 3446 3477 3523">
    <p class='ocr_par' dir='ltr' id='par_1_78' title="bbox 1872 3446 3477 3523">
     <span class='ocr_line' id='line_1_78' title="bbox 1872 3446 3477 3523; baseline -0.007 -10"><span class='ocrx_word' id='word_1_571' title='bbox 1872 3457 2124 3514; x_wconf 88' lang='lat' dir='ltr'><strong>omnibus</strong></span> <span class='ocrx_word' id='word_1_572' title='bbox 2154 3455 2254 3511; x_wconf 90' lang='lat' dir='ltr'><strong>sub</strong></span> <span class='ocrx_word' id='word_1_573' title='bbox 2306 3470 2364 3509; x_wconf 90' lang='lat' dir='ltr'><strong>se</strong></span> <span class='ocrx_word' id='word_1_574' title='bbox 2411 3452 2600 3523; x_wconf 91' lang='lat' dir='ltr'><strong>positis</strong></span> <span class='ocrx_word' id='word_1_575' title='bbox 2651 3450 3002 3506; x_wconf 88' lang='lat' dir='ltr'><strong>sanctissimis</strong></span> <span class='ocrx_word' id='word_1_576' title='bbox 3051 3446 3477 3516; x_wconf 84' lang='lat' dir='ltr'><strong>metr0politanis</strong></span> 
     </span>
    </p>
   </div>
   <div class='ocr_carea' id='block_1_79' title="bbox 1875 3537 3477 3610">
    <p class='ocr_par' dir='ltr' id='par_1_79' title="bbox 1875 3537 3477 3610">
     <span class='ocr_line' id='line_1_79' title="bbox 1875 3537 3477 3610; baseline -0.006 -7"><span class='ocrx_word' id='word_1_577' title='bbox 1875 3550 1993 3604; x_wconf 58' lang='lat' dir='ltr'><strong>haec</strong></span> <span class='ocrx_word' id='word_1_578' title='bbox 2018 3549 2195 3603; x_wconf 81' lang='lat' dir='ltr'><strong>facete</strong></span> <span class='ocrx_word' id='word_1_579' title='bbox 2222 3546 2525 3601; x_wconf 89' lang='lat' dir='ltr'><strong>manifesta.</strong></span> <span class='ocrx_word' id='word_1_580' title='bbox 2561 3545 2681 3599; x_wconf 89' lang='lat' dir='ltr'><strong>Dat.</strong></span> <span class='ocrx_word' id='word_1_581' title='bbox 2708 3558 2795 3598; x_wconf 80' lang='lat' dir='ltr'><strong>xiv</strong></span> <span class='ocrx_word' id='word_1_582' title='bbox 2843 3541 3065 3597; x_wconf 79' lang='lat' dir='ltr'><strong>Kalend.</strong></span> <span class='ocrx_word' id='word_1_583' title='bbox 3113 3539 3284 3610; x_wconf 88' lang='lat' dir='ltr'><strong>April.</strong></span> <span class='ocrx_word' id='word_1_584' title='bbox 3335 3537 3477 3595; x_wconf 88' lang='lat' dir='ltr'><strong>Con-</strong></span> 
     </span>
    </p>
   </div>
   <div class='ocr_carea' id='block_1_80' title="bbox 1876 3638 2789 3710">
    <p class='ocr_par' dir='ltr' id='par_1_80' title="bbox 1876 3638 2789 3710">
     <span class='ocr_line' id='line_1_80' title="bbox 1876 3638 2789 3710; baseline -0.008 -13"><span class='ocrx_word' id='word_1_585' title='bbox 1876 3640 2171 3710; x_wconf 88' lang='lat' dir='ltr'><strong>stantinop.</strong></span> <span class='ocrx_word' id='word_1_586' title='bbox 2202 3638 2451 3695; x_wconf 90' lang='lat' dir='ltr'><strong>Bilisario</strong></span> <span class='ocrx_word' id='word_1_587' title='bbox 2480 3652 2533 3692; x_wconf 88' lang='lat' dir='ltr'><strong>v.</strong></span> <span class='ocrx_word' id='word_1_588' title='bbox 2565 3651 2614 3692; x_wconf 93' lang='lat' dir='ltr'><strong>c.</strong></span> <span class='ocrx_word' id='word_1_589' title='bbox 2647 3651 2789 3691; x_wconf 89' lang='lat' dir='ltr'><strong>coss.</strong></span> 
     </span>
    </p>
   </div>
   <div class='ocr_carea' id='block_1_81' title="bbox 2449 3746 2913 3804">
    <p class='ocr_par' dir='ltr' id='par_1_81' title="bbox 2449 3746 2913 3804">
     <span class='ocr_line' id='line_1_81' title="bbox 2449 3746 2913 3804; baseline -0.011 0"><span class='ocrx_word' id='word_1_590' title='bbox 2449 3749 2583 3804; x_wconf 84' lang='lat' dir='ltr'><strong>NOV</strong></span> <span class='ocrx_word' id='word_1_591' title='bbox 2593 3748 2769 3804; x_wconf 78' lang='lat' dir='ltr'><strong>ELLA</strong></span> <span class='ocrx_word' id='word_1_592' title='bbox 2809 3746 2913 3801; x_wconf 84' lang='lat' dir='ltr'><strong>VI.‘</strong></span> 
     </span>
    </p>
   </div>
   <div class='ocr_carea' id='block_1_82' title="bbox 1880 3835 3471 3917">
    <p class='ocr_par' dir='ltr' id='par_1_82' title="bbox 1880 3835 3471 3917">
     <span class='ocr_line' id='line_1_82' title="bbox 1880 3835 3471 3917; baseline -0.009 -14"><span class='ocrx_word' id='word_1_593' title='bbox 1880 3846 2149 3917; x_wconf 83' lang='lat' dir='ltr'><strong>Quomodo</strong></span> <span class='ocrx_word' id='word_1_594' title='bbox 2179 3852 2408 3913; x_wconf 84' lang='lat' dir='ltr'><strong>oporteat</strong></span> <span class='ocrx_word' id='word_1_595' title='bbox 2431 3843 2703 3917; x_wconf 60' lang='grc' dir='ltr'><strong>Δερξιςεοροξ</strong></span> <span class='ocrx_word' id='word_1_596' title='bbox 2731 3849 2777 3892; x_wconf 87' lang='lat' dir='ltr'><strong>et</strong></span> <span class='ocrx_word' id='word_1_597' title='bbox 2798 3846 3009 3917; x_wconf 66' lang='lat' dir='ltr'><strong>caeteros</strong></span> <span class='ocrx_word' id='word_1_598' title='bbox 3036 3835 3250 3917; x_wconf 65' lang='lat' dir='ltr'><strong>clericos</strong></span> <span class='ocrx_word' id='word_1_599' title='bbox 3278 3836 3346 3889; x_wconf 87' lang='lat' dir='ltr'><strong>ad</strong></span> <span class='ocrx_word' id='word_1_600' title='bbox 3383 3850 3471 3890; x_wconf 83' lang='lat' dir='ltr'><strong>or-</strong></span> 
     </span>
    </p>
   </div>
   <div class='ocr_carea' id='block_1_83' title="bbox 1984 3907 3367 3985">
    <p class='ocr_par' dir='ltr' id='par_1_83' title="bbox 1984 3907 3367 3985">
     <span class='ocr_line' id='line_1_83' title="bbox 1984 3907 3367 3985; baseline -0.008 -14"><span class='ocrx_word' id='word_1_601' title='bbox 1984 3907 2294 3973; x_wconf 67' lang='lat' dir='ltr'><strong>dinationem</strong></span> <span class='ocrx_word' id='word_1_602' title='bbox 2316 3907 2524 3985; x_wconf 74' lang='lat' dir='ltr'><strong>perduci</strong></span> <span class='ocrx_word' id='word_1_603' title='bbox 2543 3954 2558 3977; x_wconf 93' lang='lat'><strong>,</strong></span> <span class='ocrx_word' id='word_1_604' title='bbox 2593 3907 2639 3966; x_wconf 74' lang='lat' dir='ltr'><strong>et</strong></span> <span class='ocrx_word' id='word_1_605' title='bbox 2670 3912 2733 3964; x_wconf 85' lang='lat' dir='ltr'><strong>de</strong></span> <span class='ocrx_word' id='word_1_606' title='bbox 2759 3909 2992 3978; x_wconf 76' lang='lat' dir='ltr'><strong>expensis</strong></span> <span class='ocrx_word' id='word_1_607' title='bbox 3018 3907 3367 3962; x_wconf 69' lang='lat' dir='ltr'><strong>ecclesiarum.</strong></span> 
     </span>
    </p>
   </div>
   <div class='ocr_carea' id='block_1_84' title="bbox 1951 4000 3475 4084">
    <p class='ocr_par' dir='ltr' id='par_1_84' title="bbox 1951 4000 3475 4084">
     <span class='ocr_line' id='line_1_84' title="bbox 1951 4000 3475 4084; baseline -0.007 -17"><span class='ocrx_word' id='word_1_608' title='bbox 1951 4012 2245 4081; x_wconf 88' lang='lat' dir='ltr'><strong>Imperator</strong></span> <span class='ocrx_word' id='word_1_609' title='bbox 2269 4008 2597 4084; x_wconf 82' lang='lat' dir='ltr'><strong>Justinianus</strong></span> <span class='ocrx_word' id='word_1_610' title='bbox 2623 4008 2891 4075; x_wconf 86' lang='lat' dir='ltr'><strong>Augustus</strong></span> <span class='ocrx_word' id='word_1_611' title='bbox 2924 4000 3223 4073; x_wconf 87' lang='lat' dir='ltr'><strong>Epiphanio</strong></span> <span class='ocrx_word' id='word_1_612' title='bbox 3261 4001 3475 4057; x_wconf 85' lang='lat' dir='ltr'><strong>archie-</strong></span> 
     </span>
    </p>
   </div>
   <div class='ocr_carea' id='block_1_85' title="bbox 1882 4095 3157 4178">
    <p class='ocr_par' dir='ltr' id='par_1_85' title="bbox 1882 4095 3157 4178">
     <span class='ocr_line' id='line_1_85' title="bbox 1882 4095 3157 4178; baseline -0.011 -17"><span class='ocrx_word' id='word_1_613' title='bbox 1882 4107 2099 4178; x_wconf 92' lang='lat' dir='ltr'><strong>piscopo</strong></span> <span class='ocrx_word' id='word_1_614' title='bbox 2129 4110 2183 4157; x_wconf 91' lang='lat' dir='ltr'><strong>et</strong></span> <span class='ocrx_word' id='word_1_615' title='bbox 2211 4098 2529 4173; x_wconf 86' lang='lat' dir='ltr'><strong>patriarchae</strong></span> <span class='ocrx_word' id='word_1_616' title='bbox 2548 4095 3157 4166; x_wconf 88' lang='lat' dir='ltr'><strong>Constantinopolitano.</strong></span> 
     </span>
    </p>
   </div>
   <div class='ocr_carea' id='block_1_86' title="bbox 1954 4189 3478 4266">
    <p class='ocr_par' dir='ltr' id='par_1_86' title="bbox 1954 4189 3478 4266">
     <span class='ocr_line' id='line_1_86' title="bbox 1954 4189 3478 4266; baseline -0.006 -12"><span class='ocrx_word' id='word_1_617' title='bbox 1954 4198 2180 4254; x_wconf 82' lang='lat' dir='ltr'><strong>Maxima</strong></span> <span class='ocrx_word' id='word_1_618' title='bbox 2206 4196 2422 4266; x_wconf 77' lang='lat' dir='ltr'><strong>quidem</strong></span> <span class='ocrx_word' id='word_1_619' title='bbox 2470 4194 2607 4249; x_wconf 91' lang='lat' dir='ltr'><strong>inter</strong></span> <span class='ocrx_word' id='word_1_620' title='bbox 2656 4191 2898 4247; x_wconf 91' lang='lat' dir='ltr'><strong>homines</strong></span> <span class='ocrx_word' id='word_1_621' title='bbox 2945 4192 3082 4246; x_wconf 87' lang='lat' dir='ltr'><strong>dona</strong></span> <span class='ocrx_word' id='word_1_622' title='bbox 3133 4189 3228 4245; x_wconf 87' lang='lat' dir='ltr'><strong>Dei</strong></span> <span class='ocrx_word' id='word_1_623' title='bbox 3276 4196 3402 4244; x_wconf 90' lang='lat' dir='ltr'><strong>sunt</strong></span> <span class='ocrx_word' id='word_1_624' title='bbox 3443 4202 3478 4245; x_wconf 84' lang='lat' dir='ltr'><strong>a</strong></span> 
     </span>
    </p>
   </div>
   <div class='ocr_carea' id='block_1_87' title="bbox 1884 4280 3478 4361">
    <p class='ocr_par' dir='ltr' id='par_1_87' title="bbox 1884 4280 3478 4361">
     <span class='ocr_line' id='line_1_87' title="bbox 1884 4280 3478 4361; baseline -0.008 -14"><span class='ocrx_word' id='word_1_625' title='bbox 1884 4305 2116 4361; x_wconf 89' lang='lat' dir='ltr'><strong>superna</strong></span> <span class='ocrx_word' id='word_1_626' title='bbox 2147 4289 2339 4344; x_wconf 85' lang='lat' dir='ltr'><strong>collata</strong></span> <span class='ocrx_word' id='word_1_627' title='bbox 2372 4287 2677 4349; x_wconf 86' lang='lat' dir='ltr'><strong>clementia,</strong></span> <span class='ocrx_word' id='word_1_628' title='bbox 2710 4283 3071 4340; x_wconf 87' lang='lat' dir='ltr'><strong>sacerdotium</strong></span> <span class='ocrx_word' id='word_1_629' title='bbox 3099 4291 3153 4337; x_wconf 90' lang='lat' dir='ltr'><strong>et</strong></span> <span class='ocrx_word' id='word_1_630' title='bbox 3176 4280 3478 4350; x_wconf 90' lang='lat' dir='ltr'><strong>imperium.</strong></span> 
     </span>
    </p>
   </div>
   <div class='ocr_carea' id='block_1_88' title="bbox 1884 4376 3481 4453">
    <p class='ocr_par' dir='ltr' id='par_1_88' title="bbox 1884 4376 3481 4453">
     <span class='ocr_line' id='line_1_88' title="bbox 1884 4376 3481 4453; baseline -0.007 -16"><span class='ocrx_word' id='word_1_631' title='bbox 1884 4385 2122 4453; x_wconf 86' lang='lat' dir='ltr'><strong>Quorum</strong></span> <span class='ocrx_word' id='word_1_632' title='bbox 2152 4382 2280 4436; x_wconf 90' lang='lat' dir='ltr'><strong>illud</strong></span> <span class='ocrx_word' id='word_1_633' title='bbox 2314 4377 2528 4451; x_wconf 83' lang='lat' dir='ltr'><strong>quidem</strong></span> <span class='ocrx_word' id='word_1_634' title='bbox 2560 4377 2761 4435; x_wconf 90' lang='lat' dir='ltr'><strong>divinis</strong></span> <span class='ocrx_word' id='word_1_635' title='bbox 2792 4378 3122 4443; x_wconf 89' lang='lat' dir='ltr'><strong>ministrans,</strong></span> <span class='ocrx_word' id='word_1_636' title='bbox 3158 4376 3258 4429; x_wconf 93' lang='lat' dir='ltr'><strong>hoc</strong></span> <span class='ocrx_word' id='word_1_637' title='bbox 3305 4382 3481 4428; x_wconf 89' lang='lat' dir='ltr'><strong>autem</strong></span> 
     </span>
    </p>
   </div>
   <div class='ocr_carea' id='block_1_89' title="bbox 1886 4466 3477 4546">
    <p class='ocr_par' dir='ltr' id='par_1_89' title="bbox 1886 4466 3477 4546">
     <span class='ocr_line' id='line_1_89' title="bbox 1886 4466 3477 4546; baseline -0.008 -14"><span class='ocrx_word' id='word_1_638' title='bbox 1886 4476 2135 4532; x_wconf 88' lang='lat' dir='ltr'><strong>humanis</strong></span> <span class='ocrx_word' id='word_1_639' title='bbox 2163 4475 2457 4546; x_wconf 79' lang='lat' dir='ltr'><strong>praesidens</strong></span> <span class='ocrx_word' id='word_1_640' title='bbox 2483 4489 2547 4527; x_wconf 92' lang='lat' dir='ltr'><strong>ac</strong></span> <span class='ocrx_word' id='word_1_641' title='bbox 2571 4472 2898 4543; x_wconf 85' lang='lat' dir='ltr'><strong>diligentiam</strong></span> <span class='ocrx_word' id='word_1_642' title='bbox 2919 4468 3181 4524; x_wconf 81' lang='lat' dir='ltr'><strong>exhibens</strong></span> <span class='ocrx_word' id='word_1_643' title='bbox 3207 4466 3389 4527; x_wconf 86' lang='lat' dir='ltr'><strong>rebus,</strong></span> <span class='ocrx_word' id='word_1_644' title='bbox 3413 4478 3477 4520; x_wconf 78' lang='lat' dir='ltr'><strong>ex</strong></span> 
     </span>
    </p>
   </div>
   <div class='ocr_carea' id='block_1_90' title="bbox 1892 4554 3479 4635">
    <p class='ocr_par' dir='ltr' id='par_1_90' title="bbox 1892 4554 3479 4635">
     <span class='ocr_line' id='line_1_90' title="bbox 1892 4554 3479 4635; baseline -0.012 -11"><span class='ocrx_word' id='word_1_645' title='bbox 1892 4585 1998 4623; x_wconf 92' lang='lat' dir='ltr'><strong>uno</strong></span> <span class='ocrx_word' id='word_1_646' title='bbox 2025 4567 2318 4635; x_wconf 89' lang='lat' dir='ltr'><strong>eodemque</strong></span> <span class='ocrx_word' id='word_1_647' title='bbox 2344 4564 2605 4634; x_wconf 90' lang='lat' dir='ltr'><strong>principio</strong></span> <span class='ocrx_word' id='word_1_648' title='bbox 2633 4570 2855 4629; x_wconf 90' lang='lat' dir='ltr'><strong>utraque</strong></span> <span class='ocrx_word' id='word_1_649' title='bbox 2887 4556 3249 4626; x_wconf 88' lang='lat' dir='ltr'><strong>procedentia,</strong></span> <span class='ocrx_word' id='word_1_650' title='bbox 3284 4554 3479 4609; x_wconf 86' lang='lat' dir='ltr'><strong>huma-</strong></span> 
     </span>
    </p>
   </div>
   <div class='ocr_carea' id='block_1_91' title="bbox 178 4641 3482 4741">
    <p class='ocr_par' dir='ltr' id='par_1_91' title="bbox 178 4641 3482 4741">
     <span class='ocr_line' id='line_1_91' title="bbox 178 4641 3482 4741; baseline -0.005 -25"><span class='ocrx_word' id='word_1_651' title='bbox 178 4641 292 4729; x_wconf 56' lang='grc' dir='ltr'><strong>εἶίεί</strong></span> <span class='ocrx_word' id='word_1_652' title='bbox 320 4689 348 4727; x_wconf 79' lang='lat' dir='ltr'><strong>a</strong></span> <span class='ocrx_word' id='word_1_653' title='bbox 382 4673 536 4728; x_wconf 75' lang='lat' dir='ltr'><strong>nobis</strong></span> <span class='ocrx_word' id='word_1_654' title='bbox 566 4673 796 4728; x_wconf 64' lang='lat' dir='ltr'><strong>voluerit</strong></span> <span class='ocrx_word' id='word_1_655' title='bbox 841 4672 1043 4727; x_wconf 81' lang='lat' dir='ltr'><strong>dudum</strong></span> <span class='ocrx_word' id='word_1_656' title='bbox 1092 4641 1450 4728; x_wconf 51' lang='lat' dir='ltr'><strong>interminatig</strong></span> <span class='ocrx_word' id='word_1_657' title='bbox 1494 4641 1775 4741; x_wconf 56' lang='lat' dir='ltr'><strong>subjaceré</strong></span> <span class='ocrx_word' id='word_1_658' title='bbox 1810 4641 1860 4702; x_wconf 70' lang='grc' dir='ltr'><strong>υ</strong></span> <span class='ocrx_word' id='word_1_659' title='bbox 1888 4678 2011 4716; x_wconf 89' lang='lat' dir='ltr'><strong>nam</strong></span> <span class='ocrx_word' id='word_1_660' title='bbox 2040 4667 2302 4714; x_wconf 81' lang='lat' dir='ltr'><strong>exornant</strong></span> <span class='ocrx_word' id='word_1_661' title='bbox 2328 4655 2511 4710; x_wconf 87' lang='lat' dir='ltr'><strong>vitam.</strong></span> <span class='ocrx_word' id='word_1_662' title='bbox 2546 4653 2778 4721; x_wconf 86' lang='lat' dir='ltr'><strong>Ideoque</strong></span> <span class='ocrx_word' id='word_1_663' title='bbox 2807 4650 2942 4705; x_wconf 91' lang='lat' dir='ltr'><strong>nihil</strong></span> <span class='ocrx_word' id='word_1_664' title='bbox 2962 4650 3040 4703; x_wconf 92' lang='lat' dir='ltr'><strong>sic</strong></span> <span class='ocrx_word' id='word_1_665' title='bbox 3061 4648 3163 4703; x_wconf 90' lang='lat' dir='ltr'><strong>erit</strong></span> <span class='ocrx_word' id='word_1_666' title='bbox 3183 4647 3482 4701; x_wconf 87' lang='lat' dir='ltr'><strong>studiosum</strong></span> 
     </span>
    </p>
   </div>
   <div class='ocr_carea' id='block_1_92' title="bbox 181 4764 1778 4837">
    <p class='ocr_par' dir='ltr' id='par_1_92' title="bbox 181 4764 1778 4837">
     <span class='ocr_line' id='line_1_92' title="bbox 181 4764 1778 4837; baseline -0.001 -19"><span class='ocrx_word' id='word_1_667' title='bbox 181 4765 385 4835; x_wconf 58' lang='lat' dir='ltr'><strong>panis.</strong></span> <span class='ocrx_word' id='word_1_668' title='bbox 438 4765 554 4837; x_wconf 89' lang='lat' dir='ltr'><strong>Ipse</strong></span> <span class='ocrx_word' id='word_1_669' title='bbox 599 4775 776 4820; x_wconf 87' lang='lat' dir='ltr'><strong>autem</strong></span> <span class='ocrx_word' id='word_1_670' title='bbox 826 4764 966 4834; x_wconf 89' lang='lat' dir='ltr'><strong>apud</strong></span> <span class='ocrx_word' id='word_1_671' title='bbox 1014 4766 1360 4833; x_wconf 86' lang='lat' dir='ltr'><strong>semetipsum</strong></span> <span class='ocrx_word' id='word_1_672' title='bbox 1411 4774 1663 4832; x_wconf 90' lang='lat' dir='ltr'><strong>reputans</strong></span> <span class='ocrx_word' id='word_1_673' title='bbox 1722 4772 1778 4818; x_wconf 89' lang='lat' dir='ltr'><strong>et</strong></span> 
     </span>
    </p>
   </div>
   <div class='ocr_carea' id='block_1_93' title="bbox 182 4855 1779 4929">
    <p class='ocr_par' dir='ltr' id='par_1_93' title="bbox 182 4855 1779 4929">
     <span class='ocr_line' id='line_1_93' title="bbox 182 4855 1779 4929; baseline -0.004 -15"><span class='ocrx_word' id='word_1_674' title='bbox 182 4872 506 4929; x_wconf 86' lang='lat' dir='ltr'><strong>agnoscens,</strong></span> <span class='ocrx_word' id='word_1_675' title='bbox 534 4858 744 4929; x_wconf 88' lang='lat' dir='ltr'><strong>qualem</strong></span> <span class='ocrx_word' id='word_1_676' title='bbox 776 4871 872 4927; x_wconf 90' lang='lat' dir='ltr'><strong>pro</strong></span> <span class='ocrx_word' id='word_1_677' title='bbox 902 4860 1004 4911; x_wconf 85' lang='lat' dir='ltr'><strong>hoc</strong></span> <span class='ocrx_word' id='word_1_678' title='bbox 1047 4855 1268 4910; x_wconf 91' lang='lat' dir='ltr'><strong>daturus</strong></span> <span class='ocrx_word' id='word_1_679' title='bbox 1315 4856 1385 4909; x_wconf 90' lang='lat' dir='ltr'><strong>sit</strong></span> <span class='ocrx_word' id='word_1_680' title='bbox 1430 4869 1624 4925; x_wconf 92' lang='lat' dir='ltr'><strong>magno</strong></span> <span class='ocrx_word' id='word_1_681' title='bbox 1668 4856 1779 4909; x_wconf 89' lang='lat' dir='ltr'><strong>Deo</strong></span> 
     </span>
    </p>
   </div>
   <div class='ocr_carea' id='block_1_94' title="bbox 180 4950 630 5008">
    <p class='ocr_par' dir='ltr' id='par_1_94' title="bbox 180 4950 630 5008">
     <span class='ocr_line' id='line_1_94' title="bbox 180 4950 630 5008; baseline -0.007 0"><span class='ocrx_word' id='word_1_682' title='bbox 180 4950 630 5008; x_wconf 79' lang='lat' dir='ltr'><strong>satisfactionem.</strong></span> 
     </span>
    </p>
   </div>
   <div class='ocr_carea' id='block_1_95' title="bbox 204 5038 1782 5110">
    <p class='ocr_par' dir='ltr' id='par_1_95' title="bbox 204 5038 1782 5110">
     <span class='ocr_line' id='line_1_95' title="bbox 204 5038 1782 5110; baseline -0.006 -10"><span class='ocrx_word' id='word_1_683' title='bbox 204 5078 205 5081; x_wconf 60' lang='grc' dir='ltr'><strong>η</strong></span> <span class='ocrx_word' id='word_1_684' title='bbox 258 5044 609 5100; x_wconf 89' lang='lat' dir='ltr'><strong>Ordinatione</strong></span> <span class='ocrx_word' id='word_1_685' title='bbox 655 5058 783 5098; x_wconf 89' lang='lat' dir='ltr'><strong>vero</strong></span> <span class='ocrx_word' id='word_1_686' title='bbox 831 5042 1081 5098; x_wconf 86' lang='lat' dir='ltr'><strong>abbatum</strong></span> <span class='ocrx_word' id='word_1_687' title='bbox 1130 5039 1174 5096; x_wconf 91' lang='lat' dir='ltr'><strong>si</strong></span> <span class='ocrx_word' id='word_1_688' title='bbox 1230 5040 1444 5110; x_wconf 89' lang='lat' dir='ltr'><strong>quando</strong></span> <span class='ocrx_word' id='word_1_689' title='bbox 1499 5038 1782 5109; x_wconf 87' lang='lat' dir='ltr'><strong>contigerit</strong></span> 
     </span>
    </p>
   </div>
   <div class='ocr_carea' id='block_1_96' title="bbox 185 5130 1785 5209">
    <p class='ocr_par' dir='ltr' id='par_1_96' title="bbox 185 5130 1785 5209">
     <span class='ocr_line' id='line_1_96' title="bbox 185 5130 1785 5209; baseline -0.004 -16"><span class='ocrx_word' id='word_1_690' title='bbox 185 5150 354 5209; x_wconf 87' lang='lat' dir='ltr'><strong>egere</strong></span> <span class='ocrx_word' id='word_1_691' title='bbox 382 5135 788 5201; x_wconf 86' lang='lat' dir='ltr'><strong>monasterium,</strong></span> <span class='ocrx_word' id='word_1_692' title='bbox 818 5134 1067 5204; x_wconf 88' lang='lat' dir='ltr'><strong>jubemus</strong></span> <span class='ocrx_word' id='word_1_693' title='bbox 1093 5133 1339 5188; x_wconf 89' lang='lat' dir='ltr'><strong>abbatem</strong></span> <span class='ocrx_word' id='word_1_694' title='bbox 1366 5147 1473 5187; x_wconf 93' lang='lat' dir='ltr'><strong>non</strong></span> <span class='ocrx_word' id='word_1_695' title='bbox 1506 5148 1600 5202; x_wconf 93' lang='lat' dir='ltr'><strong>per</strong></span> <span class='ocrx_word' id='word_1_696' title='bbox 1639 5130 1785 5186; x_wconf 87' lang='lat' dir='ltr'><strong>ordi-</strong></span> 
     </span>
    </p>
   </div>
   <div class='ocr_carea' id='block_1_97' title="bbox 188 5225 1787 5294">
    <p class='ocr_par' dir='ltr' id='par_1_97' title="bbox 188 5225 1787 5294">
     <span class='ocr_line' id='line_1_97' title="bbox 188 5225 1787 5294; baseline -0.006 -6"><span class='ocrx_word' id='word_1_697' title='bbox 188 5248 316 5288; x_wconf 90' lang='lat' dir='ltr'><strong>nem</strong></span> <span class='ocrx_word' id='word_1_698' title='bbox 350 5230 916 5287; x_wconf 90' lang='lat' dir='ltr'><strong>reverendissimorum</strong></span> <span class='ocrx_word' id='word_1_699' title='bbox 944 5226 1058 5283; x_wconf 82' lang='lat' dir='ltr'><strong>ﬁeri</strong></span> <span class='ocrx_word' id='word_1_700' title='bbox 1089 5225 1496 5294; x_wconf 89' lang='lat' dir='ltr'><strong>monachorum,</strong></span> <span class='ocrx_word' id='word_1_701' title='bbox 1527 5241 1623 5281; x_wconf 92' lang='lat' dir='ltr'><strong>nec</strong></span> <span class='ocrx_word' id='word_1_702' title='bbox 1672 5239 1787 5279; x_wconf 84' lang='lat' dir='ltr'><strong>om-</strong></span> 
     </span>
    </p>
   </div>
   <div class='ocr_carea' id='block_1_98' title="bbox 190 5318 1787 5395">
    <p class='ocr_par' dir='ltr' id='par_1_98' title="bbox 190 5318 1787 5395">
     <span class='ocr_line' id='line_1_98' title="bbox 190 5318 1787 5395; baseline -0.006 -14"><span class='ocrx_word' id='word_1_703' title='bbox 190 5327 322 5381; x_wconf 85' lang='lat' dir='ltr'><strong>nino</strong></span> <span class='ocrx_word' id='word_1_704' title='bbox 338 5339 459 5381; x_wconf 89' lang='lat' dir='ltr'><strong>eum</strong></span> <span class='ocrx_word' id='word_1_705' title='bbox 477 5324 567 5395; x_wconf 92' lang='lat' dir='ltr'><strong>qui</strong></span> <span class='ocrx_word' id='word_1_706' title='bbox 597 5338 719 5378; x_wconf 87' lang='lat' dir='ltr'><strong>mox</strong></span> <span class='ocrx_word' id='word_1_707' title='bbox 750 5322 1109 5391; x_wconf 90' lang='lat' dir='ltr'><strong>postprimum</strong></span> <span class='ocrx_word' id='word_1_708' title='bbox 1135 5329 1239 5387; x_wconf 89' lang='lat' dir='ltr'><strong>est,</strong></span> <span class='ocrx_word' id='word_1_709' title='bbox 1255 5333 1353 5375; x_wconf 91' lang='lat' dir='ltr'><strong>nec</strong></span> <span class='ocrx_word' id='word_1_710' title='bbox 1374 5319 1463 5388; x_wconf 88' lang='lat' dir='ltr'><strong>qui</strong></span> <span class='ocrx_word' id='word_1_711' title='bbox 1490 5328 1611 5389; x_wconf 90' lang='lat' dir='ltr'><strong>post</strong></span> <span class='ocrx_word' id='word_1_712' title='bbox 1639 5318 1787 5372; x_wconf 92' lang='lat' dir='ltr'><strong>illum</strong></span> 
     </span>
    </p>
   </div>
   <div class='ocr_carea' id='block_1_99' title="bbox 191 5409 1791 5484">
    <p class='ocr_par' dir='ltr' id='par_1_99' title="bbox 191 5409 1791 5484">
     <span class='ocr_line' id='line_1_99' title="bbox 191 5409 1791 5484; baseline -0.006 -12"><span class='ocrx_word' id='word_1_713' title='bbox 191 5416 467 5473; x_wconf 88' lang='lat' dir='ltr'><strong>secundus</strong></span> <span class='ocrx_word' id='word_1_714' title='bbox 494 5424 595 5484; x_wconf 89' lang='lat' dir='ltr'><strong>est,</strong></span> <span class='ocrx_word' id='word_1_715' title='bbox 626 5429 798 5479; x_wconf 89' lang='lat' dir='ltr'><strong>neque</strong></span> <span class='ocrx_word' id='word_1_716' title='bbox 828 5413 1065 5477; x_wconf 90' lang='lat' dir='ltr'><strong>tertium,</strong></span> <span class='ocrx_word' id='word_1_717' title='bbox 1099 5423 1191 5467; x_wconf 89' lang='lat' dir='ltr'><strong>aut</strong></span> <span class='ocrx_word' id='word_1_718' title='bbox 1220 5410 1609 5482; x_wconf 22' lang='lat' dir='ltr'><strong>reliquos,,hoc</strong></span> <span class='ocrx_word' id='word_1_719' title='bbox 1647 5409 1791 5479; x_wconf 92' lang='lat' dir='ltr'><strong>quod</strong></span> 
     </span>
    </p>
   </div>
   <div class='ocr_carea' id='block_1_100' title="bbox 194 5502 1791 5572">
    <p class='ocr_par' dir='ltr' id='par_1_100' title="bbox 194 5502 1791 5572">
     <span class='ocr_line' id='line_1_100' title="bbox 194 5502 1791 5572; baseline -0.007 -6"><span class='ocrx_word' id='word_1_720' title='bbox 194 5513 358 5566; x_wconf 89' lang='lat' dir='ltr'><strong>etiam</strong></span> <span class='ocrx_word' id='word_1_721' title='bbox 388 5510 490 5564; x_wconf 88' lang='lat' dir='ltr'><strong>alia</strong></span> <span class='ocrx_word' id='word_1_722' title='bbox 520 5508 603 5564; x_wconf 90' lang='lat' dir='ltr'><strong>lex</strong></span> <span class='ocrx_word' id='word_1_723' title='bbox 637 5515 816 5562; x_wconf 87' lang='lat' dir='ltr'><strong>nostra</strong></span> <span class='ocrx_word' id='word_1_724' title='bbox 843 5504 991 5572; x_wconf 90' lang='lat' dir='ltr'><strong>dicit,</strong></span> <span class='ocrx_word' id='word_1_725' title='bbox 1022 5504 1116 5560; x_wconf 86' lang='lat' dir='ltr'><strong>sed</strong></span> <span class='ocrx_word' id='word_1_726' title='bbox 1164 5506 1272 5560; x_wconf 93' lang='lat' dir='ltr'><strong>Deo</strong></span> <span class='ocrx_word' id='word_1_727' title='bbox 1317 5503 1597 5557; x_wconf 88' lang='lat' dir='ltr'><strong>amabilem</strong></span> <span class='ocrx_word' id='word_1_728' title='bbox 1641 5502 1791 5557; x_wconf 90' lang='lat' dir='ltr'><strong>loco-</strong></span> 
     </span>
    </p>
   </div>
   <div class='ocr_carea' id='block_1_101' title="bbox 195 5597 1795 5675">
    <p class='ocr_par' dir='ltr' id='par_1_101' title="bbox 195 5597 1795 5675">
     <span class='ocr_line' id='line_1_101' title="bbox 195 5597 1795 5675; baseline -0.008 -14"><span class='ocrx_word' id='word_1_729' title='bbox 195 5620 319 5661; x_wconf 90' lang='lat' dir='ltr'><strong>rum</strong></span> <span class='ocrx_word' id='word_1_730' title='bbox 349 5605 659 5675; x_wconf 85' lang='lat' dir='ltr'><strong>episcopum</strong></span> <span class='ocrx_word' id='word_1_731' title='bbox 690 5613 1006 5670; x_wconf 90' lang='lat' dir='ltr'><strong>percurrere</strong></span> <span class='ocrx_word' id='word_1_732' title='bbox 1035 5597 1247 5667; x_wconf 90' lang='lat' dir='ltr'><strong>quidem</strong></span> <span class='ocrx_word' id='word_1_733' title='bbox 1280 5605 1669 5665; x_wconf 86' lang='lat' dir='ltr'><strong>consequenter</strong></span> <span class='ocrx_word' id='word_1_734' title='bbox 1700 5609 1795 5663; x_wconf 91' lang='lat' dir='ltr'><strong>per</strong></span> 
     </span>
    </p>
   </div>
   <div class='ocr_carea' id='block_1_102' title="bbox 194 5691 1795 5770">
    <p class='ocr_par' dir='ltr' id='par_1_102' title="bbox 194 5691 1795 5770">
     <span class='ocr_line' id='line_1_102' title="bbox 194 5691 1795 5770; baseline -0.009 -13"><span class='ocrx_word' id='word_1_735' title='bbox 194 5715 392 5758; x_wconf 85' lang='lat' dir='ltr'><strong>omnes</strong></span> <span class='ocrx_word' id='word_1_736' title='bbox 424 5700 555 5770; x_wconf 91' lang='lat' dir='ltr'><strong>(non</strong></span> <span class='ocrx_word' id='word_1_737' title='bbox 574 5697 715 5754; x_wconf 89' lang='lat' dir='ltr'><strong>enim</strong></span> <span class='ocrx_word' id='word_1_738' title='bbox 735 5693 1180 5751; x_wconf 79' lang='lat' dir='ltr'><strong>exhonorandum</strong></span> <span class='ocrx_word' id='word_1_739' title='bbox 1208 5701 1292 5748; x_wconf 88' lang='lat' dir='ltr'><strong>est</strong></span> <span class='ocrx_word' id='word_1_740' title='bbox 1313 5691 1533 5747; x_wconf 91' lang='lat' dir='ltr'><strong>omnino</strong></span> <span class='ocrx_word' id='word_1_741' title='bbox 1566 5700 1795 5758; x_wconf 82' lang='lat' dir='ltr'><strong>tempus,</strong></span> 
     </span>
    </p>
   </div>
   <div class='ocr_carea' id='block_1_103' title="bbox 199 5782 1800 5862">
    <p class='ocr_par' dir='ltr' id='par_1_103' title="bbox 199 5782 1800 5862">
     <span class='ocr_line' id='line_1_103' title="bbox 199 5782 1800 5862; baseline -0.008 -11"><span class='ocrx_word' id='word_1_742' title='bbox 199 5803 259 5851; x_wconf 88' lang='lat' dir='ltr'><strong>et</strong></span> <span class='ocrx_word' id='word_1_743' title='bbox 286 5808 356 5850; x_wconf 77' lang='lat' dir='ltr'><strong>ex</strong></span> <span class='ocrx_word' id='word_1_744' title='bbox 383 5807 449 5848; x_wconf 87' lang='lat' dir='ltr'><strong>eo</strong></span> <span class='ocrx_word' id='word_1_745' title='bbox 477 5792 630 5862; x_wconf 90' lang='lat' dir='ltr'><strong>ordo)</strong></span> <span class='ocrx_word' id='word_1_746' title='bbox 658 5800 711 5846; x_wconf 92' lang='lat' dir='ltr'><strong>et</strong></span> <span class='ocrx_word' id='word_1_747' title='bbox 740 5803 862 5844; x_wconf 92' lang='lat' dir='ltr'><strong>eum</strong></span> <span class='ocrx_word' id='word_1_748' title='bbox 894 5787 983 5858; x_wconf 92' lang='lat' dir='ltr'><strong>qui</strong></span> <span class='ocrx_word' id='word_1_749' title='bbox 1011 5788 1322 5857; x_wconf 87' lang='lat' dir='ltr'><strong>apparuerit</strong></span> <span class='ocrx_word' id='word_1_750' title='bbox 1369 5785 1517 5855; x_wconf 88' lang='lat' dir='ltr'><strong>prius</strong></span> <span class='ocrx_word' id='word_1_751' title='bbox 1566 5782 1800 5852; x_wconf 90' lang='lat' dir='ltr'><strong>optimus</strong></span> 
     </span>
    </p>
   </div>
   <div class='ocr_carea' id='block_1_104' title="bbox 200 5877 1799 5954">
    <p class='ocr_par' dir='ltr' id='par_1_104' title="bbox 200 5877 1799 5954">
     <span class='ocr_line' id='line_1_104' title="bbox 200 5877 1799 5954; baseline -0.008 -10"><span class='ocrx_word' id='word_1_752' title='bbox 200 5885 352 5944; x_wconf 87' lang='lat' dir='ltr'><strong>inter</strong></span> <span class='ocrx_word' id='word_1_753' title='bbox 373 5889 669 5942; x_wconf 87' lang='lat' dir='ltr'><strong>monachos</strong></span> <span class='ocrx_word' id='word_1_754' title='bbox 696 5884 929 5954; x_wconf 86' lang='lat' dir='ltr'><strong>optimos</strong></span> <span class='ocrx_word' id='word_1_755' title='bbox 952 5879 1277 5938; x_wconf 90' lang='lat' dir='ltr'><strong>constitutus</strong></span> <span class='ocrx_word' id='word_1_756' title='bbox 1294 5917 1311 5945; x_wconf 93' lang='lat'><strong>,</strong></span> <span class='ocrx_word' id='word_1_757' title='bbox 1340 5887 1393 5935; x_wconf 92' lang='lat' dir='ltr'><strong>et</strong></span> <span class='ocrx_word' id='word_1_758' title='bbox 1421 5877 1612 5948; x_wconf 88' lang='lat' dir='ltr'><strong>dignus</strong></span> <span class='ocrx_word' id='word_1_759' title='bbox 1659 5890 1799 5947; x_wconf 81' lang='lat' dir='ltr'><strong>prae-</strong></span> 
     </span>
    </p>
   </div>
   <div class='ocr_carea' id='block_1_105' title="bbox 1884 4739 3484 4819">
    <p class='ocr_par' dir='ltr' id='par_1_105' title="bbox 1884 4739 3484 4819">
     <span class='ocr_line' id='line_1_105' title="bbox 1884 4739 3484 4819; baseline -0.008 -14"><span class='ocrx_word' id='word_1_760' title='bbox 1884 4749 2329 4819; x_wconf 89' lang='lat' dir='ltr'><strong>imperatoribus,</strong></span> <span class='ocrx_word' id='word_1_761' title='bbox 2356 4747 2493 4801; x_wconf 87' lang='lat' dir='ltr'><strong>sicut</strong></span> <span class='ocrx_word' id='word_1_762' title='bbox 2520 4742 2857 4798; x_wconf 90' lang='lat' dir='ltr'><strong>sacerdotum</strong></span> <span class='ocrx_word' id='word_1_763' title='bbox 2889 4743 3141 4794; x_wconf 88' lang='lat' dir='ltr'><strong>honestas</strong></span> <span class='ocrx_word' id='word_1_764' title='bbox 3160 4752 3280 4792; x_wconf 90' lang='lat' dir='ltr'><strong>cum</strong></span> <span class='ocrx_word' id='word_1_765' title='bbox 3304 4739 3484 4807; x_wconf 83' lang='lat' dir='ltr'><strong>utique</strong></span> 
     </span>
    </p>
   </div>
   <div class='ocr_carea' id='block_1_106' title="bbox 1886 4827 3482 4914">
    <p class='ocr_par' dir='ltr' id='par_1_106' title="bbox 1886 4827 3482 4914">
     <span class='ocr_line' id='line_1_106' title="bbox 1886 4827 3482 4914; baseline -0.011 -14"><span class='ocrx_word' id='word_1_766' title='bbox 1886 4856 1943 4902; x_wconf 91' lang='lat' dir='ltr'><strong>et</strong></span> <span class='ocrx_word' id='word_1_767' title='bbox 1972 4858 2067 4914; x_wconf 90' lang='lat' dir='ltr'><strong>pro</strong></span> <span class='ocrx_word' id='word_1_768' title='bbox 2096 4842 2200 4896; x_wconf 90' lang='lat' dir='ltr'><strong>illis</strong></span> <span class='ocrx_word' id='word_1_769' title='bbox 2229 4840 2328 4909; x_wconf 90' lang='lat' dir='ltr'><strong>ipsi</strong></span> <span class='ocrx_word' id='word_1_770' title='bbox 2358 4852 2571 4907; x_wconf 91' lang='lat' dir='ltr'><strong>semper</strong></span> <span class='ocrx_word' id='word_1_771' title='bbox 2629 4835 2737 4890; x_wconf 92' lang='lat' dir='ltr'><strong>Deo</strong></span> <span class='ocrx_word' id='word_1_772' title='bbox 2783 4833 3105 4903; x_wconf 87' lang='lat' dir='ltr'><strong>supplicent.</strong></span> <span class='ocrx_word' id='word_1_773' title='bbox 3157 4831 3286 4884; x_wconf 83' lang='lat' dir='ltr'><strong>Nam</strong></span> <span class='ocrx_word' id='word_1_774' title='bbox 3335 4830 3379 4884; x_wconf 92' lang='lat' dir='ltr'><strong>si</strong></span> <span class='ocrx_word' id='word_1_775' title='bbox 3427 4827 3482 4884; x_wconf 87' lang='lat' dir='ltr'><strong>id</strong></span> 
     </span>
    </p>
   </div>
   <div class='ocr_carea' id='block_1_107' title="bbox 1887 4921 3482 5008">
    <p class='ocr_par' dir='ltr' id='par_1_107' title="bbox 1887 4921 3482 5008">
     <span class='ocr_line' id='line_1_107' title="bbox 1887 4921 3482 5008; baseline -0.011 -16"><span class='ocrx_word' id='word_1_776' title='bbox 1887 4938 2101 5008; x_wconf 89' lang='lat' dir='ltr'><strong>quidem</strong></span> <span class='ocrx_word' id='word_1_777' title='bbox 2134 4931 2453 5002; x_wconf 89' lang='lat' dir='ltr'><strong>inculpabile</strong></span> <span class='ocrx_word' id='word_1_778' title='bbox 2482 4930 2586 4995; x_wconf 93' lang='lat' dir='ltr'><strong>sit,</strong></span> <span class='ocrx_word' id='word_1_779' title='bbox 2618 4929 2847 4998; x_wconf 90' lang='lat' dir='ltr'><strong>undique</strong></span> <span class='ocrx_word' id='word_1_780' title='bbox 2875 4935 2928 4981; x_wconf 89' lang='lat' dir='ltr'><strong>et</strong></span> <span class='ocrx_word' id='word_1_781' title='bbox 2947 4940 3073 4995; x_wconf 91' lang='lat' dir='ltr'><strong>erga</strong></span> <span class='ocrx_word' id='word_1_782' title='bbox 3094 4924 3260 4979; x_wconf 92' lang='lat' dir='ltr'><strong>Deum</strong></span> <span class='ocrx_word' id='word_1_783' title='bbox 3292 4921 3482 4977; x_wconf 82' lang='lat' dir='ltr'><strong>fiducia</strong></span> 
     </span>
    </p>
   </div>
   <div class='ocr_carea' id='block_1_108' title="bbox 1888 5026 3488 5103">
    <p class='ocr_par' dir='ltr' id='par_1_108' title="bbox 1888 5026 3488 5103">
     <span class='ocr_line' id='line_1_108' title="bbox 1888 5026 3488 5103; baseline -0.011 -18"><span class='ocrx_word' id='word_1_784' title='bbox 1888 5032 2123 5103; x_wconf 91' lang='lat' dir='ltr'><strong>plenum,</strong></span> <span class='ocrx_word' id='word_1_785' title='bbox 2157 5026 2439 5096; x_wconf 90' lang='lat' dir='ltr'><strong>imperium</strong></span> <span class='ocrx_word' id='word_1_786' title='bbox 2463 5034 2641 5079; x_wconf 89' lang='lat' dir='ltr'><strong>autem</strong></span> <span class='ocrx_word' id='word_1_787' title='bbox 2673 5030 2819 5077; x_wconf 92' lang='lat' dir='ltr'><strong>recte</strong></span> <span class='ocrx_word' id='word_1_788' title='bbox 2847 5030 2900 5076; x_wconf 92' lang='lat' dir='ltr'><strong>et</strong></span> <span class='ocrx_word' id='word_1_789' title='bbox 2928 5026 3296 5088; x_wconf 88' lang='lat' dir='ltr'><strong>competenter</strong></span> <span class='ocrx_word' id='word_1_790' title='bbox 3322 5028 3488 5071; x_wconf 82' lang='lat' dir='ltr'><strong>exor-</strong></span> 
     </span>
    </p>
   </div>
   <div class='ocr_carea' id='block_1_109' title="bbox 1890 5108 3484 5188">
    <p class='ocr_par' dir='ltr' id='par_1_109' title="bbox 1890 5108 3484 5188">
     <span class='ocr_line' id='line_1_109' title="bbox 1890 5108 3484 5188; baseline -0.012 -6"><span class='ocrx_word' id='word_1_791' title='bbox 1890 5134 1983 5183; x_wconf 87' lang='lat' dir='ltr'><strong>net</strong></span> <span class='ocrx_word' id='word_1_792' title='bbox 2012 5124 2256 5180; x_wconf 91' lang='lat' dir='ltr'><strong>traditam</strong></span> <span class='ocrx_word' id='word_1_793' title='bbox 2305 5121 2405 5176; x_wconf 90' lang='lat' dir='ltr'><strong>sibi</strong></span> <span class='ocrx_word' id='word_1_794' title='bbox 2454 5117 2862 5188; x_wconf 88' lang='lat' dir='ltr'><strong>rempublicam,</strong></span> <span class='ocrx_word' id='word_1_795' title='bbox 2910 5114 3013 5170; x_wconf 92' lang='lat' dir='ltr'><strong>erit</strong></span> <span class='ocrx_word' id='word_1_796' title='bbox 3057 5111 3194 5167; x_wconf 88' lang='lat' dir='ltr'><strong>bella</strong></span> <span class='ocrx_word' id='word_1_797' title='bbox 3242 5108 3484 5180; x_wconf 61' lang='lat' dir='ltr'><strong>quadam</strong></span> 
     </span>
    </p>
   </div>
   <div class='ocr_carea' id='block_1_110' title="bbox 1891 5202 3485 5284">
    <p class='ocr_par' dir='ltr' id='par_1_110' title="bbox 1891 5202 3485 5284">
     <span class='ocr_line' id='line_1_110' title="bbox 1891 5202 3485 5284; baseline -0.009 -9"><span class='ocrx_word' id='word_1_798' title='bbox 1891 5217 2266 5284; x_wconf 88' lang='lat' dir='ltr'><strong>consonantia,</strong></span> <span class='ocrx_word' id='word_1_799' title='bbox 2296 5228 2456 5272; x_wconf 89' lang='lat' dir='ltr'><strong>omne</strong></span> <span class='ocrx_word' id='word_1_800' title='bbox 2481 5209 2737 5283; x_wconf 88' lang='lat' dir='ltr'><strong>quidquid</strong></span> <span class='ocrx_word' id='word_1_801' title='bbox 2769 5208 2895 5264; x_wconf 91' lang='lat' dir='ltr'><strong>utile</strong></span> <span class='ocrx_word' id='word_1_802' title='bbox 2922 5216 3027 5273; x_wconf 91' lang='lat' dir='ltr'><strong>est,</strong></span> <span class='ocrx_word' id='word_1_803' title='bbox 3051 5208 3286 5260; x_wconf 87' lang='lat' dir='ltr'><strong>humano</strong></span> <span class='ocrx_word' id='word_1_804' title='bbox 3305 5202 3485 5261; x_wconf 80' lang='lat' dir='ltr'><strong>confe-</strong></span> 
     </span>
    </p>
   </div>
   <div class='ocr_carea' id='block_1_111' title="bbox 1894 5321 2237 5377">
    <p class='ocr_par' dir='ltr' id='par_1_111' title="bbox 1894 5321 2237 5377">
     <span class='ocr_line' id='line_1_111' title="bbox 1894 5321 2237 5377; baseline -0.017 -12"><span class='ocrx_word' id='word_1_805' title='bbox 1894 5322 2018 5365; x_wconf 89' lang='lat' dir='ltr'><strong>rens</strong></span> <span class='ocrx_word' id='word_1_806' title='bbox 2038 5321 2237 5377; x_wconf 75' lang='lat' dir='ltr'><strong>generi.</strong></span> 
     </span>
    </p>
   </div>
   <div class='ocr_carea' id='block_1_112' title="bbox 1967 5387 3485 5456">
    <p class='ocr_par' dir='ltr' id='par_1_112' title="bbox 1967 5387 3485 5456">
     <span class='ocr_line' id='line_1_112' title="bbox 1967 5387 3485 5456; baseline -0.01 0"><span class='ocrx_word' id='word_1_807' title='bbox 1967 5402 2094 5456; x_wconf 89' lang='lat' dir='ltr'><strong>Inde</strong></span> <span class='ocrx_word' id='word_1_808' title='bbox 2118 5400 2253 5454; x_wconf 87' lang='lat' dir='ltr'><strong>adeo</strong></span> <span class='ocrx_word' id='word_1_809' title='bbox 2278 5396 2565 5452; x_wconf 85' lang='lat' dir='ltr'><strong>maximam</strong></span> <span class='ocrx_word' id='word_1_810' title='bbox 2594 5394 2851 5448; x_wconf 89' lang='lat' dir='ltr'><strong>habemus</strong></span> <span class='ocrx_word' id='word_1_811' title='bbox 2879 5388 3290 5444; x_wconf 88' lang='lat' dir='ltr'><strong>sollicitudinem</strong></span> <span class='ocrx_word' id='word_1_812' title='bbox 3344 5387 3485 5441; x_wconf 82' lang='lat' dir='ltr'><strong>circa</strong></span> 
     </span>
    </p>
   </div>
   <div class='ocr_carea' id='block_1_113' title="bbox 1895 5481 3487 5562">
    <p class='ocr_par' dir='ltr' id='par_1_113' title="bbox 1895 5481 3487 5562">
     <span class='ocr_line' id='line_1_113' title="bbox 1895 5481 3487 5562; baseline -0.011 -12"><span class='ocrx_word' id='word_1_813' title='bbox 1895 5510 2024 5552; x_wconf 85' lang='lat' dir='ltr'><strong>vera</strong></span> <span class='ocrx_word' id='word_1_814' title='bbox 2058 5493 2150 5548; x_wconf 93' lang='lat' dir='ltr'><strong>Dei</strong></span> <span class='ocrx_word' id='word_1_815' title='bbox 2183 5493 2449 5562; x_wconf 89' lang='lat' dir='ltr'><strong>dogmata,</strong></span> <span class='ocrx_word' id='word_1_816' title='bbox 2489 5498 2544 5544; x_wconf 81' lang='lat' dir='ltr'><strong>et</strong></span> <span class='ocrx_word' id='word_1_817' title='bbox 2591 5488 2731 5542; x_wconf 89' lang='lat' dir='ltr'><strong>circa</strong></span> <span class='ocrx_word' id='word_1_818' title='bbox 2762 5483 3097 5538; x_wconf 88' lang='lat' dir='ltr'><strong>sacerdotum</strong></span> <span class='ocrx_word' id='word_1_819' title='bbox 3124 5481 3487 5546; x_wconf 87' lang='lat' dir='ltr'><strong>honestatem,</strong></span> 
     </span>
    </p>
   </div>
   <div class='ocr_carea' id='block_1_114' title="bbox 1899 5574 3488 5661">
    <p class='ocr_par' dir='ltr' id='par_1_114' title="bbox 1899 5574 3488 5661">
     <span class='ocr_line' id='line_1_114' title="bbox 1899 5574 3488 5661; baseline -0.012 -18"><span class='ocrx_word' id='word_1_820' title='bbox 1899 5604 2058 5661; x_wconf 90' lang='lat' dir='ltr'><strong>quam</strong></span> <span class='ocrx_word' id='word_1_821' title='bbox 2113 5584 2218 5640; x_wconf 91' lang='lat' dir='ltr'><strong>illis</strong></span> <span class='ocrx_word' id='word_1_822' title='bbox 2271 5581 2635 5637; x_wconf 90' lang='lat' dir='ltr'><strong>obtinentibus</strong></span> <span class='ocrx_word' id='word_1_823' title='bbox 2688 5576 2988 5642; x_wconf 88' lang='lat' dir='ltr'><strong>credimus,</strong></span> <span class='ocrx_word' id='word_1_824' title='bbox 3045 5574 3166 5643; x_wconf 88' lang='lat' dir='ltr'><strong>quia</strong></span> <span class='ocrx_word' id='word_1_825' title='bbox 3220 5586 3315 5641; x_wconf 90' lang='lat' dir='ltr'><strong>per</strong></span> <span class='ocrx_word' id='word_1_826' title='bbox 3368 5584 3488 5625; x_wconf 89' lang='lat' dir='ltr'><strong>eam</strong></span> 
     </span>
    </p>
   </div>
   <div class='ocr_carea' id='block_1_115' title="bbox 1903 5672 3490 5744">
    <p class='ocr_par' dir='ltr' id='par_1_115' title="bbox 1903 5672 3490 5744">
     <span class='ocr_line' id='line_1_115' title="bbox 1903 5672 3490 5744; baseline -0.011 -4"><span class='ocrx_word' id='word_1_827' title='bbox 1903 5680 2315 5744; x_wconf 71' lang='lat' dir='ltr'><strong>maximanobis</strong></span> <span class='ocrx_word' id='word_1_828' title='bbox 2344 5679 2480 5732; x_wconf 90' lang='lat' dir='ltr'><strong>dona</strong></span> <span class='ocrx_word' id='word_1_829' title='bbox 2511 5675 2775 5729; x_wconf 88' lang='lat' dir='ltr'><strong>dabuntur</strong></span> <span class='ocrx_word' id='word_1_830' title='bbox 2800 5686 2831 5726; x_wconf 88' lang='lat' dir='ltr'><strong>a</strong></span> <span class='ocrx_word' id='word_1_831' title='bbox 2864 5672 2994 5738; x_wconf 89' lang='lat' dir='ltr'><strong>Deo,</strong></span> <span class='ocrx_word' id='word_1_832' title='bbox 3025 5678 3080 5725; x_wconf 90' lang='lat' dir='ltr'><strong>et</strong></span> <span class='ocrx_word' id='word_1_833' title='bbox 3107 5685 3167 5724; x_wconf 91' lang='lat' dir='ltr'><strong>ea</strong></span> <span class='ocrx_word' id='word_1_834' title='bbox 3200 5684 3318 5737; x_wconf 84' lang='lat' dir='ltr'><strong>quae</strong></span> <span class='ocrx_word' id='word_1_835' title='bbox 3342 5672 3490 5734; x_wconf 83' lang='lat' dir='ltr'><strong>sunt,</strong></span> 
     </span>
    </p>
   </div>
   <div class='ocr_carea' id='block_1_116' title="bbox 1905 5763 3488 5836">
    <p class='ocr_par' dir='ltr' id='par_1_116' title="bbox 1905 5763 3488 5836">
     <span class='ocr_line' id='line_1_116' title="bbox 1905 5763 3488 5836; baseline -0.013 -3"><span class='ocrx_word' id='word_1_836' title='bbox 1905 5780 2056 5834; x_wconf 80' lang='lat' dir='ltr'><strong>firma</strong></span> <span class='ocrx_word' id='word_1_837' title='bbox 2088 5773 2423 5835; x_wconf 88' lang='lat' dir='ltr'><strong>habebimus,</strong></span> <span class='ocrx_word' id='word_1_838' title='bbox 2448 5778 2499 5822; x_wconf 93' lang='lat' dir='ltr'><strong>et</strong></span> <span class='ocrx_word' id='word_1_839' title='bbox 2520 5782 2639 5836; x_wconf 83' lang='lat' dir='ltr'><strong>quae</strong></span> <span class='ocrx_word' id='word_1_840' title='bbox 2666 5764 2901 5819; x_wconf 91' lang='lat' dir='ltr'><strong>nondum</strong></span> <span class='ocrx_word' id='word_1_841' title='bbox 2926 5763 3183 5817; x_wconf 90' lang='lat' dir='ltr'><strong>hactenus</strong></span> <span class='ocrx_word' id='word_1_842' title='bbox 3206 5769 3488 5829; x_wconf 84' lang='lat' dir='ltr'><strong>venerunt,</strong></span> 
     </span>
    </p>
   </div>
   <div class='ocr_carea' id='block_1_117' title="bbox 1906 5855 3489 5940">
    <p class='ocr_par' dir='ltr' id='par_1_117' title="bbox 1906 5855 3489 5940">
     <span class='ocr_line' id='line_1_117' title="bbox 1906 5855 3489 5940; baseline -0.012 -13"><span class='ocrx_word' id='word_1_843' title='bbox 1906 5868 2269 5940; x_wconf 84' lang='lat' dir='ltr'><strong>acquiremus.</strong></span> <span class='ocrx_word' id='word_1_844' title='bbox 2299 5864 2444 5917; x_wconf 85' lang='lat' dir='ltr'><strong>Bene</strong></span> <span class='ocrx_word' id='word_1_845' title='bbox 2474 5868 2652 5914; x_wconf 91' lang='lat' dir='ltr'><strong>autem</strong></span> <span class='ocrx_word' id='word_1_846' title='bbox 2682 5855 2929 5912; x_wconf 87' lang='lat' dir='ltr'><strong>universa</strong></span> <span class='ocrx_word' id='word_1_847' title='bbox 2958 5863 3213 5925; x_wconf 91' lang='lat' dir='ltr'><strong>geruntur</strong></span> <span class='ocrx_word' id='word_1_848' title='bbox 3241 5862 3297 5910; x_wconf 90' lang='lat' dir='ltr'><strong>et</strong></span> <span class='ocrx_word' id='word_1_849' title='bbox 3338 5867 3489 5910; x_wconf 79' lang='lat' dir='ltr'><strong>com-</strong></span> 
     </span>
    </p>
   </div>
  </div>
