4042 6348
525 279 624 341 93f

1588 262 1853 327 SECL‘LI
1895 254 2099 319 SEXTI
2136 253 2719 321 SUPPLEMENTUM.

3728 241 3827 304 ω

528 408 790 471 peteutcr,
814 396 857 452 si
886 396 960 451 rei
986 391 1301 465 principium
1332 389 1421 442 fiat
1441 387 1637 441 decens
1660 392 1713 437 et
1740 378 1967 436 amabile
1991 378 2121 434 Deo.
2151 364 2205 439 Α
2232 378 2463 449 imponi;
2497 378 2541 433 si
2564 393 2693 432 vero
2729 375 2820 429 ille
2860 373 3162 445 susceperit
3189 380 3243 427 et
3262 368 3458 425 dixerit
3481 364 3629 439 quia,
3655 382 3828 437 quan.

547 492 645 547 loc
674 500 849 545 autem
882 487 1113 541 futurum
1141 497 1262 538 esse
1287 480 1577 541 credimus,
1606 476 1647 529 si
1672 486 1940 529 sacrarum
1966 485 2118 540 regu—

546 596 705 640 arum
745 581 1057 634 observatio
1086 574 1448 635 custodiatur,
1498 582 1655 639 quam
1707 565 1837 636 justi
1874 560 2120 617 laudandi

537 685 591 734 et
615 674 866 729 adorandi
898 673 1227 740 in-pectores
1270 680 1319 721 et
1367 665 1592 719 ministri
1630 664 1719 716 Dei
1770 660 2119 724 tradiderunt,

530 767 760 837 apostoli
783 777 833 819 et
858 766 1024 817 sancti
1057 763 1239 816 Patres
1266 757 1634 813 custodierunt
1664 764 1717 808 et
1742 754 2121 823 explauarunt.

533 858 819 915 Sancimus
850 859 1007 925 igitur
1033 868 1213 909 sacras
1245 866 1338 920 per
1368 849 1547 904 omnia
1578 858 1861 917 sequentes
1891 847 2124 917 regulas,

536 965 659 1005 cum
689 949 946 1018 quispiam
981 946 1123 998 omni
1151 953 1270 1012 post
1294 955 1523 997 ventuio
1554 953 1795 1010 tempore
1820 941 1886 993 ad
1915 940 2127 1008 episeo-

535 1053 692 1113 patus
713 1039 1097 1093 ordinationem
1121 1036 1421 1100 adducitur,
1447 1036 1774 1089 considerari
1802 1035 1946 1102 prius
1969 1048 2130 1099 opor-

532 1142 649 1190 tere
677 1132 793 1203 ejus
820 1132 982 1184 vitaui
1015 1132 1309 1184 secundum
1332 1139 1575 1183 sanctum
1605 1126 1932 1195 apostolum,
1963 1126 2005 1179 si
2036 1124 2133 1180 ho-

537 1239 711 1290 nesta,
738 1237 792 1281 et
847 1225 1208 1293 inculpabilis,
1263 1232 1319 1277 et
1368 1223 1602 1291 undique
1649 1220 2136 1291 irreprehensibilis

533 1321 624 1386 sit,
654 1329 749 1373 eta
773 1319 927 1373 bonis
953 1318 1314 1372 testimonium
1342 1314 1533 1371 habeat
1552 1319 1884 1370 sacerdotem
1910 1316 2133 1373 decens.

534 1413 601 1470 Et
631 1427 803 1481 neque
828 1427 893 1467 ex
923 1411 1137 1466 officiali
1189 1422 1277 1465 aut
1326 1427 1387 1466 ex
1436 1412 1625 1465 curiali
1671 1411 1849 1465 veniat
1897 1410 2137 1476 fortuna,

535 1509 637 1564 nisi
666 1512 842 1562 forsan
874 1522 939 1561 ex
969 1508 1171 1561 novella
1202 1516 1359 1561 :etate
1390 1505 1719 1577 (secundum
1749 1503 1888 1573 quod
1918 1504 2028 1572 jam
2058 1499 2142 1556 di-

536 1598 795 1670 spositum
822 1598 945 1671 est)
980 1603 1032 1653 in
1059 1599 1385 1653 monasterio
1432 1600 1783 1656 constitutus.
1818 1596 2027 1650 fortuna
2074 1595 2141 1649 li-

534 1692 785 1761 beretur,
815 1703 1058 1764 quartam
1116 1701 1293 1746 tamen
1349 1693 1498 1760 prius
1543 1691 1859 1745 substantia:
1909 1688 2143 1743 reddens

2224 485 2335 532 tum
2364 474 2567 528 homini
2592 484 2673 529 est
2698 471 2978 543 possibile,
2996 469 3291 540 complebit
3315 467 3432 523 hac
3453 482 3574 535 qua:
3607 466 3693 521 his
3717 481 3831 520 ma-

2227 573 2480 635 tiuentur,
2514 581 2637 625 tunc
2666 584 2885 624 monere
2925 582 3083 631 eum,
3128 575 3181 620 et
3212 563 3391 619 dicere
3421 562 3548 628 quia
3580 561 3686 616 nisi
3722 563 3832 615 hac

2226 664 2611 731 observaverit,
2637 674 2690 718 et
2719 678 2748 716 a
2783 656 2891 717 Deo
2921 660 3129 716 alienus
3150 657 3273 723 erit,
3300 666 3353 711 et
3382 654 3541 709 cadet
3562 654 3674 723 jam
3708 654 3832 707 dato

2229 759 2459 825 honore,
2489 767 2543 813 et
2572 773 2745 827 neque
2772 754 2962 812 civiles
3012 753 3159 823 leges
3198 752 3454 806 delictum
3486 749 3719 803 inultum
3752 763 3830 803 re-

2228 853 2494 924 linquent,
2526 868 2590 907 eo
2607 850 2747 923 quod
2770 867 2797 903 a
2820 847 3247 919 praecedentibus
3272 862 3369 902 nos
3395 844 3833 916 imperatoribu,

2232 960 2286 1003 et
2316 964 2345 1001 a
2376 948 2529 1001 nobis
2560 946 2688 1016 ipsis
2720 954 2867 1001 recte
2894 942 3095 997 dictum
3143 949 3225 995 est
3254 952 3513 1007 oportere
3543 953 3735 992 sacras
3762 952 3837 993 re—

2234 1040 2386 1111 gulas
2418 1053 2515 1107 pro
2545 1037 2748 1105 legibus
2776 1035 2973 1091 valere.
3014 1032 3124 1089 Etsi
3170 1033 3334 1087 etiam
3365 1031 3446 1086 sic
3479 1032 3841 1099 permanserit

2235 1147 2454 1188 causam
2508 1130 2857 1199 amplectens,
2912 1140 3039 1183 tunc
3084 1141 3245 1196 super
3274 1126 3358 1180 his
3411 1122 3841 1195 professionibus

2238 1244 2675 1300 unumquemque
2702 1242 2909 1283 sacram
2942 1227 3218 1296 suscipere
3242 1226 3594 1295 episcopatus
3620 1224 3845 1277 ordina-

2240 1325 2464 1379 tionem.
2488 1323 2550 1377 Et
2575 1321 2714 1377 hanc
2731 1337 2835 1373 non
2856 1320 3096 1390 pecuniis
3120 1319 3411 1384 redimere,
3439 1332 3621 1387 neque
3646 1332 3746 1384 per
3768 1333 3848 1372 ro-

2243 1431 2360 1471 rum
2380 1415 2603 1470 aliarum
2620 1413 2891 1467 dationem
2906 1412 3309 1480 suscipere,sed
3334 1426 3525 1481 puram
3546 1411 3844 1481 percipere,

2244 1521 2298 1565 et
2324 1509 2438 1563 sine
2469 1505 2715 1562 mercede
2748 1514 2997 1575 tanquam
3018 1520 3046 1557 a
3084 1503 3193 1561 Deo
3213 1503 3414 1558 datam.
3434 1500 3691 1557 Tametsi
3712 1501 3848 1556 enirn

2245 1602 2347 1655 alia
2374 1600 2552 1655 omnia
2579 1598 2776 1653 habeat
2800 1597 2971 1661 utilia,
2996 1611 3117 1666 quae
3141 1595 3285 1666 prius
3307 1610 3338 1649 a
3356 1594 3514 1651 nobis
3533 1594 3685 1649 dicta
3706 1603 3847 1653 sunt,

2249 1692 2492 1763 pecuniis
2522 1700 2697 1745 autem
2724 1689 2803 1743 vel
2833 1689 2994 1744 rebus
3016 1686 3179 1743 etiam
3204 1687 3449 1741 videatur
3475 1686 3850 1755 epismpatun

534 1787 721 1843 θυι-ξω.
775 1784 958 1853 Neque
998 1784 1158 1839 etiam
1210 1797 1275 1838 ex
1327 1781 1490 1835 idiota
1529 1790 1585 1837 et
1635 1780 1716 1835 his
1744 1780 1835 1850 qui
1885 1786 2143 1833 vocantur
2173 1781 2223 1843 B
2251 1786 2469 1852 omissa,
2516 1784 2651 1839 sciat
2695 1798 2754 1837 se
2801 1792 2850 1836 ei
2882 1781 2950 1836 ab
2978 1780 3097 1850 ipso
3125 1780 3447 1852 episcopatu
3472 1794 3766 1847 casurum,
3796 1787 3849 1833 et

537 1878 663 1935 laici
692 1877 955 1938 existens.
989 1884 1043 1929 et
1072 1876 1142 1928 ita
1174 1888 1295 1929 mox
1324 1874 1389 1926 ad
1422 1875 1788 1943 episcopatum
1822 1872 2140 1937 ascendens,

540 1970 697 2041 quasi
750 1969 1124 2038 imaginariam
1174 1968 1431 2036 suscipiat
1480 1966 1895 2030 ordinationem,
1953 1973 2004 2017 ut
2056 1961 2146 2031 qui

541 2066 704 2122 modo
733 2066 947 2137 quidem
979 2064 1141 2117 idiota
1168 2063 1261 2130 sit,
1300 2078 1421 2117 mox
1455 2070 1633 2116 autem
1666 2061 1917 2128 clericus,
1951 2059 2148 2114 duinde

542 2172 713 2231 parvo
758 2158 1043 2214 admodum
1085 2166 1326 2227 tempore
1354 2157 1629 2225 praeterito
1650 2161 1930 2224 episeopns
1980 2170 2146 2224 appa-

539 2263 677 2310 reat.
714 2256 779 2307 Et
808 2267 979 2321 neque
1032 2251 1186 2307 uxori
1233 2251 1387 2307 alteri
1436 2252 1741 2320 copulatus,
1793 2248 1887 2303 sed
1941 2258 2032 2302 aut
2092 2251 2145 2303 in

540 2345 843 2414 virginitate
868 2345 1071 2415 degens
1097 2358 1126 2398 a
1159 2344 1441 2415 principio,
1474 2356 1564 2403 aut
1593 2361 1819 2399 uxorem
1847 2344 2046 2398 habens
2078 2358 2143 2398 ex

542 2436 853 2506 virginitate
879 2436 944 2491 ad
976 2452 1097 2490 eum
1122 2438 1454 2500 venientem,
1488 2445 1545 2492 et
1575 2452 1679 2490 non
1712 2436 1949 2498 viduam,
1976 2449 2151 2503 neque

552 2528 848 2599 seiunctam
904 2543 935 2582 a
996 2533 1133 2594 viro,
1190 2544 1364 2599 neque
1395 2529 1782 2593 concubinam,
1814 2544 1985 2597 neque
2014 2527 2151 2581 filios

549 2633 643 2678 aut
668 2633 889 2693 nepotes
916 2622 1152 2688 habens,
1186 2638 1358 2693 neque
1385 2623 1629 2692 eugnitos
1663 2623 1804 2690 legi,
1856 2636 2029 2692 neque
2079 2620 2152 2674 illi

549 2716 795 2772 odibiles.
847 2713 1096 2783 Alioquin
1144 2716 1232 2783 qui
1283 2724 1478 2785 praeter
1527 2714 1628 2768 hoc
1678 2712 1878 2782 aliquid
1927 2714 2066 2782 agit,
2099 2718 2154 2767 et

552 2807 672 2879 ipse
726 2809 882 2864 cadet
933 2808 1253 2875 sacerdotio,
1311 2820 1364 2864 et
1413 2810 1501 2878 qui
1552 2824 1671 2863 eum
1725 2809 1970 2875 ordinat,
2003 2818 2152 2862 extra

560 2900 922 2972 episcopatum
954 2902 1131 2971 deget,
1159 2902 1297 2956 hanc
1325 2901 1497 2972 legem
1525 2900 1825 2956 offendens.
1850 2902 1955 2957 Sed
1982 2915 2154 2969 neque

560 2993 802 3067 pecuniis
824 2997 944 3050 ullis
964 3011 1145 3050 emere
1162 2995 1482 3050 sacrdotium
1501 2998 1548 3052 ei
1571 2996 1943 3065 permittimus.
1966 2995 2153 3051 Solum

565 3104 692 3144 vero
708 3103 829 3144 eum
856 3090 1126 3160 respiceie
1150 3087 1358 3143 Domini
1382 3088 1475 3144 Dei
1510 3090 1772 3144 culturam
1811 3090 2073 3155 volumus,
2102 3096 2157 3143 et

2248 1879 2350 1934 huc
2378 1895 2574 1935 munus
2608 1876 2994 1933 retributurum
3042 1876 3346 1945 ordinanti,
3391 1884 3453 1932 ut
3489 1885 3553 1932 et
3598 1874 3699 1931 illo
3741 1875 3853 1945 epi-

2248 1983 2529 2043 scopatum
2565 1975 2799 2038 amittat,
2832 1980 2888 2028 et
2910 1988 2941 2028 a
2970 1972 3117 2027 clero
3146 1972 3327 2037 cadat,
3354 1980 3409 2026 et
3439 1972 3669 2040 utrique
3693 1985 3851 2026 causa

2251 2070 2411 2123 talem
2441 2078 2657 2134 prmstet
2687 2067 3121 2128 retributionem,
3168 2073 3225 2120 ut
3266 2075 3323 2121 et
3366 2064 3456 2120 hic
3485 2064 3719 2136 quidem
3749 2081 3850 2120 nou

2248 2161 2574 2229 adipiscatur
2602 2174 2721 2227 qua:
2742 2158 3023 2241 sperabat,
3058 2157 3147 2213 ille
3176 2168 3361 2212 autem
3392 2158 3565 2212 etiam
3598 2171 3725 2226 qua:
3756 2159 3847 2209 lia-

2252 2253 2411 2309 bebat
2438 2254 2667 2308 amittat.
2699 2251 3059 2307 Nihilominus
3089 2251 3249 2305 etiam
3303 2251 3554 2321 pecuniis
3583 2265 3650 2305 ac
3698 2249 3852 2303 rebus

2250 2347 2391 2402 datis
2420 2346 2708 2401 occasione
2732 2343 3092 2399 ordinationis
3124 2342 3480 2399 sanctissima:
3510 2342 3854 2411 assignandis

2252 2442 2518 2506 ecclesiae,
2551 2440 2663 2495 sive
2693 2438 2981 2508 episcopus
3027 2438 3093 2491 sit
3126 2437 3431 2506 accipiens,
3462 2445 3523 2491 et
3572 2448 3856 2504 propterea

2252 2551 2280 2589 a
2312 2535 2611 2589 sacerdotio
2640 2531 2818 2597 cadat,
2851 2531 2964 2585 sive
2994 2532 3156 2585 etiam
3187 2530 3411 2598 quilibet
3443 2528 3594 2582 alius
3625 2529 3682 2581 in
3714 2527 3854 2581 clero

2255 2634 2665 2686 constitutorum
2694 2647 2705 2681 :
2733 2642 2855 2682 nam
2882 2637 2932 2680 et
2970 2626 3046 2679 illi
3077 2625 3338 2694 aequalem
3366 2623 3715 2693 imponimus
3746 2636 3857 2691 pc-

2258 2738 2403 2786 nam,
2439 2732 2493 2776 ut
2524 2722 2715 2775 ordine
2759 2734 2916 2788 quem
2949 2718 3090 2773 inter
3121 2715 3437 2773 sacerdotes
3477 2715 3745 2770 habuerit
3768 2729 3860 2768 ca-

2256 2817 2367 2881 dat,
2401 2825 2456 2871 et
2485 2813 2671 2871 reddat
2702 2827 2924 2875 aurum,
2953 2820 3045 2864 aut
3085 2824 3173 2865 res
3202 2824 3325 2880 quas
3371 2806 3749 2863 ordinationis
3774 2821 3863 2860 oe-

2257 2910 2472 2967 casione
2500 2908 2639 2962 data:
2667 2917 2822 2969 sunt,
2856 2903 3105 2975 injuriam
3138 2918 3313 2974 passa:
3356 2902 3652 2974 (quantum
3686 2900 3758 2954 ad
3784 2902 3865 2969 ip-

2260 3002 2404 3071 sum}
2428 3000 2693 3056 ecclesia).
2721 2998 2778 3054 Si
2802 2998 2922 3068 quis
2944 3008 3121 3052 autem
3145 3007 3536 3053 extraneorum
3559 2994 3653 3058 sit,
3682 3004 3741 3049 et
3760 3007 3867 3048 non

2261 3093 2314 3149 in
2343 3095 2491 3148 clero
2511 3093 2854 3155 constitutus,
2881 3090 2969 3160 qui
2990 3104 3181 3144 aurum
3209 3098 3303 3143 aut
3332 3102 3445 3143 rem
3466 3086 3719 3157 aliquam
3744 3100 3868 3152 pro.

566 3194 674 3236 non
702 3180 944 3251 plurimis
967 3181 1211 3237 humanis
1233 3180 1644 3253 cogitationibus
1680 3182 1921 3237 distrahi.
1941 3182 2045 3237 Sed
2067 3197 2156 3237 ne.
2184 3180 2234 3247 ει
2267 3197 2384 3257 pter
2415 3186 2768 3255 patrocinium
2800 3181 3151 3238 ordinationis
3180 3180 3423 3250 accepit,
3455 3188 3511 3234 et
3544 3180 3794 3234 maxime
3820 3177 3870 3234 si

561 3289 669 3348 que
685 3276 976 3333 ineruditus
992 3278 1229 3333 existens
1244 3278 1838 3348 sacrurumdogtnatum
1856 3279 1919 3331 ad
1942 3279 2152 3348 episco-

562 3381 742 3442 patum
762 3372 997 3437 accedat,
1013 3371 1116 3427 nisi
1136 3371 1281 3443 prius
1298 3381 1391 3426 aut
1406 3376 1755 3427 monasticam
1776 3374 1933 3426 vitam
1960 3374 2157 3443 profes-

564 3472 787 3533 sus,aut
815 3465 867 3519 in
899 3466 1043 3519 clero
1064 3464 1384 3520 constitutus
1410 3480 1515 3520 non
1542 3464 1718 3519 minus
1743 3464 2014 3519 mensibus
2036 3479 2152 3533 sex,

564 3558 725 3613 uxori
756 3567 931 3614 tamen
978 3564 1085 3613 non
1118 3558 1421 3624 culmreiis,
1469 3568 1560 3612 aut
1594 3557 1730 3612 filios
1752 3598 1768 3624 ,
1800 3567 1891 3612 aut
1934 3566 2158 3625 nepotes

567 3649 791 3706 habens.
818 3650 929 3706 Hoc
959 3651 1103 3707 enim
1153 3651 1466 3707 omnimodo
1494 3650 1546 3705 in
1579 3650 1689 3706 Deo
1712 3649 2028 3706 amabilibus
2056 3649 2160 3719 epi-

562 3744 740 3812 scopis
786 3745 1132 3814 requirimus,
1176 3743 1319 3799 sicut
1347 3746 1508 3799 etiam
1556 3746 1709 3814 prius
1750 3746 1923 3801 sacris
1951 3745 2159 3800 duabus

567 3836 767 3889 nostris
796 3836 1271 3892 constitutionibus
1314 3836 1415 3891 hoc
1454 3837 1720 3893 sancitum
1769 3845 1876 3905 est,
1910 3852 2002 3907 per
2031 3852 2161 3908 quas

565 3926 766 3984 dudum
799 3932 1133 3988 cohzerentes
1165 3934 1419 3987 nitoribus
1450 3948 1557 3989 non
1590 3944 2011 4003 perscrutamur,
2041 3949 2160 3990 om-

568 4033 641 4077 ne
681 4022 1015 4089 praeteritum
1061 4024 1449 4094 relinquentes,
1496 4026 1565 4081 de
1591 4037 1791 4082 caetero
1820 4036 1999 4082 autem
2032 4027 2165 4083 nulli

581 4117 954 4185 permittentes
986 4133 1015 4171 a
1046 4118 1312 4187 positione
1341 4119 1473 4191 legis
1501 4135 1723 4177 uxorem
1754 4106 1969 4177 habenti
2004 4120 2165 4175 talem

570 4205 777 4278 imponi
812 4207 1221 4264 ordinationem.
1252 4210 1421 4278 Quam
1454 4211 1625 4281 legem
1658 4214 1817 4267 etiam
1848 4228 1988 4268 nunc
2010 4228 2168 4268 reno-

574 4309 783 4369 Vamus,
808 4314 879 4356 ne
901 4300 1039 4356 forte
1065 4300 1109 4355 si
1132 4314 1325 4373 praeter
1348 4304 1449 4359 hoc
1469 4305 1665 4373 aliquid
1688 4306 1773 4358 fiat
1801 4315 1855 4360 et
1876 4306 1991 4375 ipse
2013 4304 2169 4361 cadat

571 4391 898 4461 sacerdotio,
930 4400 986 4449 et
1014 4391 1347 4449 ordinantem
1375 4393 1626 4449 similiter
1654 4387 1869 4451 excludi
1896 4404 2164 4466 procuret.

574 4484 739 4558 Igitur
765 4482 1097 4541 ordinandus
1118 4485 1418 4557 episcopus,
1449 4494 1541 4540 aut
1562 4502 1627 4541 ex
1657 4484 1956 4554 monachis,
1989 4498 2078 4543 aut
2103 4504 2169 4545 ex

2263 3278 2779 3333 administrationem
2829 3276 3061 3347 aliquam
3110 3282 3283 3343 gerat,
3336 3271 3557 3327 habebit
3610 3272 3871 3341 ipsene-

2254 3382 2467 3427 tantum
2498 3387 2527 3425 a
2557 3372 2666 3427 Deo
2698 3386 2934 3442 pinnam,
2967 3379 3024 3425 et
3042 3367 3334 3449 succedent
3362 3368 3412 3424 ei
3442 3366 3511 3422 de
3562 3369 3716 3422 caelo
3746 3380 3874 3435 sup-

2262 3468 2438 3538 plicia,
2462 3482 2645 3522 verum
2668 3467 2827 3521 etiam
2855 3464 2982 3519 illud
3005 3463 3145 3535 quod
3171 3463 3354 3519 datum
3381 3471 3488 3527 est,
3512 3461 3769 3517 ablatum
3800 3461 3865 3514 ab

2262 3575 2349 3626 eo,
2385 3558 2741 3615 sanctissima:
2768 3557 3009 3612 ecclesia:
3035 3554 3286 3611 omnibus
3316 3552 3581 3610 reddatur
3610 3553 3798 3609 modis
3820 3553 3872 3607 in

2264 3654 2503 3724 duplum.
2532 3655 2754 3725 Insuper
2773 3654 2958 3719 etiam,
2978 3652 3020 3707 si
3040 3666 3200 3723 quam
3216 3649 3751 3706 administrationem
3788 3649 3851 3702 ha

2267 3746 2373 3813 bet,
2410 3762 2471 3802 ea
2501 3746 2677 3812 cadat,
2711 3755 2765 3800 ct
2792 3756 3052 3814 perpetuo
3073 3744 3265 3799 exsilio
3284 3742 3714 3799 condemnetur.
3740 3738 3874 3795 Iliad

2266 3857 2479 3913 quoque
2498 3842 2631 3896 seiat
2651 3849 2833 3909 aperte
2855 3838 2945 3909 qui
2969 3838 3211 3908 pecuniis
3234 3846 3324 3891 aut
3345 3836 3505 3890 rebus
3525 3835 3654 3889 aliis
3676 3836 3878 3887 emerit

2271 3935 2638 4009 praesulatum,
2669 3935 2792 4005 quia
2818 3933 2866 3988 si
2892 3932 3038 4002 prius
3067 3931 3322 3987 diaconus
3348 3936 3444 3983 aut
3468 3928 3767 3996 presbyter
3786 3927 3879 3989 sit,

2271 4029 2468 4084 deinde
2502 4044 2597 4099 per
2626 4026 2937 4098 suffragium
2985 4026 3052 4082 ad
3092 4023 3457 4082 sacerdotium
3499 4023 3716 4086 veniat,
3770 4035 3877 4074 non

2271 4127 2445 4181 solum
2473 4125 2630 4180 cadet
2657 4124 2993 4194 episcopatu,
3023 4122 3118 4179 sed
3146 4136 3248 4177 nec
3275 4120 3422 4191 prior
3450 4118 3502 4175 ei
3534 4117 3882 4188 relinquetur

2273 4218 2405 4272 ordo
2450 4217 2776 4287 presbyterii
2827 4216 3088 4281 forsitan,
3120 4224 3212 4269 aut
3259 4212 3598 4270 diaconatus.
3644 4212 3881 4266 Amittet

2274 4313 2473 4366 etenim
2521 4313 2681 4366 etiam
2715 4310 2866 4378 illud,
2911 4318 2967 4366 et
2998 4310 3143 4364 omni
3175 4306 3495 4364 sacerdotali
3546 4304 3881 4359 excludetur

2277 4404 2467 4459 ordine
2487 4445 2502 4470 ,
2533 4412 2718 4472 utpote
2749 4403 2993 4458 decentia
3020 4400 3234 4470 indigne
3260 4399 3675 4468 concupiscens.
3711 4398 3883 4465 Opor-

2280 4505 2353 4551 tet
2376 4505 2554 4551 autem
2586 4495 2639 4550 in
2669 4496 2786 4566 ipso
2815 4495 3168 4550 ordinationis
3196 4503 3437 4563 tempore
3462 4508 3588 4548 eum
3610 4491 3712 4562 qui
3744 4491 3880 4545 hanc

572 4578 786 4636 clericis
807 4578 895 4635 εἰι.
929 4576 1103 4633 Etiam
1133 4577 1189 4634 in
1216 4570 1523 4649 hujusmodi
1554 4579 1658 4635 vita
1692 4580 1984 4636 testimonii
2016 4578 2164 4649 boni,
2194 4578 2252 4645 θ
2279 4590 2531 4662 imponit,
2690 4604 2871 4647 coram
2904 4590 3051 4646 omni
3269 4587 3467 4658 populo

577 4670 686 4726 vita
711 4672 904 4738 bonus,
937 4678 993 4726 et
1019 4670 1297 4736 honestus,
1328 4678 1384 4726 et
1407 4669 1574 4741 gloria
1600 4670 1782 4727 fruens
1809 4670 1969 4739 bona,
1994 4681 2049 4728 et
2071 4670 2173 4729 hoc

581 4749 993 4820 fundamentum
1036 4761 1373 4834 pontificatus
1397 4762 1671 4833 deponens
1692 4765 1884 4821 animae
1905 4781 2037 4822 suae.
2067 4764 2172 4822 Sed

574 4855 738 4911 etiam
777 4856 856 4909 sic
883 4866 1007 4910 eum
1051 4855 1400 4909 constitutum
1430 4862 1485 4910 et
1528 4852 1593 4910 ad
1621 4855 1990 4928 episcopatum
2039 4872 2177 4927 pra:-

576 4956 821 5020 paratum
849 4955 1164 5020 competens
1193 4958 1278 5006 est
1319 4948 1655 5007 venerabiles
1685 4962 1738 5009 et
1768 4950 2003 5023 undique
2047 4970 2175 5023 pro-

580 5039 735 5098 batas
763 5042 941 5112 legere
970 5041 1189 5113 regulas
1219 5052 1343 5098 ante
1388 5043 1814 5113 ordinationem,
1866 5061 1996 5117 quas
2025 5054 2173 5101 recta

582 5143 638 5190 et
678 5133 934 5189 inviolata
978 5145 1163 5191 nostra
1203 5135 1439 5206 suscepit
1468 5134 1627 5203 fides,
1668 5147 1721 5194 et
1765 5137 2033 5194 catholica
2083 5138 2175 5195 Dei

582 5229 984 5299 aposmlicaque
1012 5228 1281 5299 disposuit
1322 5240 1376 5286 et
1406 5228 1622 5287 tradidit
1650 5228 1903 5289 ecclesia.
1956 5230 2019 5289 Et
2052 5250 2174 5289 cum

584 5318 848 5389 frequenti
893 5337 987 5377 eas
1012 5321 1243 5378 lectione
1272 5324 1631 5393 percarrerit,
1664 5324 1754 5394 qui
1782 5325 1846 5380 ad
1877 5325 2176 5381 ordinatio-

584 5424 708 5468 nem
737 5413 1039 5483 deducitur,
1071 5423 1197 5472 tunc
1224 5417 1267 5471 is
1294 5417 1383 5486 qui
1409 5416 1800 5472 ordinationem
1832 5418 2176 5487 impositurus

586 5518 670 5562 est
689 5508 983 5579 interroget
1001 5526 1147 5578 eum,
1174 5511 1219 5566 si
1243 5508 1519 5566 sufficiens
1540 5510 1610 5566 sit
1629 5510 1905 5567 custodire
1932 5523 1986 5568 et
2016 5528 2177 5585 agere

588 5616 711 5671 quae
741 5619 908 5658 sacrm
940 5604 1137 5675 regulae
1185 5606 1525 5670 sancierunt,
1571 5614 1629 5659 et
1673 5603 1934 5673 siquidem
1970 5606 2059 5660 ille
2086 5607 2179 5663 de-

583 5692 873 5750 claraverit
912 5707 966 5751 et
1010 5694 1205 5753 dixerit
1248 5709 1512 5767 praecepta
1552 5712 1825 5753 sacrarum
1875 5696 2175 5767 regularum

585 5794 699 5842 non
742 5800 801 5841 se
830 5788 1009 5844 valere
1043 5806 1277 5859 scrvare,
1331 5790 1477 5846 nullo
1507 5791 1668 5851 modo
1693 5792 1743 5848 ei
1783 5790 2178 5851 ordinationem

2280 4684 2523 4742 ecclesia:
2573 4684 2687 4739 lucc
2734 4685 2915 4738 omnia
2957 4682 3268 4752 pradicere,
3302 4688 3363 4734 ut
3399 4694 3714 4749 δεηοεοεης
3760 4693 3879 4734 eam

2276 4779 2457 4837 omnia
2478 4792 2599 4849 qua:
2627 4778 2772 4847 prius
2793 4791 2819 4830 a
2837 4775 2992 4832 nobis
3014 4776 3150 4830 dicta
3174 4782 3299 4829 sunt
3318 4772 3538 4837 habere,
3572 4772 3639 4827 ad
3656 4786 3878 4827 sacram

2277 4887 2400 4929 eum
2425 4869 2651 4927 deducat
2676 4868 3093 4936 ordinationem,
3117 4876 3172 4921 ut
3193 4867 3353 4921 etiam
3379 4865 3468 4919 ille
3488 4878 3677 4920 coram
3703 4865 3882 4921 ousoi-

2279 4965 2375 5021 bus
2421 4964 2536 5020 hac
2564 4962 2820 5028 audiens,
2863 4976 2968 5015 non
2996 4959 3169 5016 solum
3221 4956 3415 5011 habeat
3463 4954 3558 5011 Dei
3594 4957 3875 5013 timorem.

2279 5056 2373 5113 sed
2416 5055 2575 5111 etiam
2621 5070 2802 5111 coram
2846 5052 3095 5108 omnibus
3141 5049 3599 5105 denuntiationem
3646 5057 3711 5103 et
3764 5063 3882 5117 pro-

2280 5148 2569 5205 fessionem
2603 5147 2904 5203 erubescat.
2938 5146 2991 5201 Si
3016 5143 3136 5215 quis
3165 5151 3344 5198 antem
3371 5141 3490 5197 talis
3516 5140 3745 5210 quidem
3767 5155 3881 5197 esse

2280 5251 2514 5312 putetur,
2570 5248 2625 5295 et
2673 5239 2738 5294 ad
2789 5239 3130 5307 episcopatus
3161 5235 3555 5291 ordinationem
3608 5242 3877 5301 transeat,

2280 5336 2614 5393 contradicat
2657 5344 2835 5390 autem
2867 5333 3083 5403 aliquis,
3114 5341 3277 5401 atque
3305 5330 3448 5386 dicat
3493 5333 3784 5385 conscium
3816 5345 3873 5385 se

2281 5445 2403 5488 esse
2432 5428 2655 5498 alicujus
2700 5426 2842 5497 quod
2870 5426 3052 5480 illicite
3096 5422 3393 5491 admiserit,
3423 5437 3527 5476 non
3576 5423 3737 5490 prius
3768 5438 3875 5475 me-

2282 5532 2467 5579 reatur
2512 5526 2849 5591 episcopatus
2901 5516 3327 5581 ordinationem,
3357 5529 3514 5584 quam
3543 5514 3877 5569 examinatio

2283 5613 2743 5685 querimoniarum
2776 5610 2888 5674 fiat,
2938 5618 2991 5663 et
3023 5616 3282 5678 appareat
3323 5606 3554 5683 undique
3601 5606 3874 5661 innoxius.

2283 5703 2437 5770 Quod
2468 5702 2512 5760 si
2554 5704 2714 5760 etiam
2758 5709 2880 5772 post
2926 5699 3230 5775 liujusmudi
3260 5698 3746 5755 contradictionem
3777 5713 3875 5754 non

2284 5811 2474 5870 passus
2504 5797 2549 5854 is
2575 5796 2666 5869 qui
2690 5795 3085 5853 ordinationem
3116 5792 3243 5851 facit
3285 5791 3576 5864 legitimam
3599 5790 3874 5853 amitta-
