4042 6348
98 310 236 424 θέἒ
918 306 1295 407 insumat
1326 330 1668 398 ιιυγειωε
1706 310 2061 393 saccum.
2103 312 2425 380 uorsus
2465 313 2555 377 vt.
3295 300 3401 367 93s

96 485 336 538 tionem
364 466 568 545 imponi
595 461 792 537 causai,
813 470 998 526 fcurrat
1022 464 1085 518 a'd
1123 460 1549 521 ordinationem;
1583 454 1718 509 sciat
1743 456 1795 512 Α
1819 445 1952 545 rios,
1981 453 2071 545 aut
2100 446 2645 545 meonomosmovere
2671 432 2933 545 licenti-et
2955 424 3301 545 pathip‘lilbus
3327 425 3396 481 ad

100 576 273 645 quod
300 574 448 628 abeo
474 572 532 625 fit
552 584 647 639 pro
663 567 828 621 nihilo
856 578 995 619 esse.
1028 556 1134 615 Sed
1159 569 1207 613 et
1231 556 1275 611 is
1303 553 1391 625 qui
1422 559 1607 608 contra
1635 550 1712 602 le-

100 684 249 738 gem
272 666 418 729 facit,
439 664 593 717 cadet
611 658 931 723 sacerdotio,
956 663 1009 711 et
1031 655 1119 723 qui
1143 652 1259 707 sine
1284 646 1595 719 probatione
1619 649 1717 699 im-

112 761 288 829 ponit
337 756 745 816 ordinationem,
781 760 835 806 et
879 746 995 818 ipse
1026 745 1240 817 quidem
1274 741 1526 797 similiter
1563 738 1719 795 cadet

104 848 263 904 sede
278 845 617 909 sacerdotali,
640 859 757 895 rcus
775 850 953 894 autem
982 839 1085 893 erit
1102 838 1209 890 Deo
1226 833 1314 903 qui
1334 832 1570 888 omnium
1594 843 1719 897 prae-

109 943 295 1009 cipue
318 937 505 1008 qumrit
530 930 745 993 suorum
771 932 1110 987 sacerdotum
1140 928 1442 998 puritatem.
1463 924 1521 980 Si
1544 916 1718 977 tamen

112 1036 177 1089 is
210 1033 305 1105 qui
337 1026 1009 1091 ordinationicontradicit,
1034 1033 1124 1077 aut
1156 1019 1553 1076 examinatione
1579 1016 1717 1071 facta

118 1126 394 1196 probetur
442 1123 812 1181 calumniator,
846 1126 933 1171 aut
972 1116 1025 1170 in
1056 1116 1170 1184 ipso
1212 1112 1493 1183 principio,
1549 1123 1719 1177 neque

114 1218 183 1271 in
219 1210 617 1271 examinazione
665 1211 948 1281 persistere
976 1204 1228 1270 confidat,
1272 1210 1515 1275 segreget
1561 1201 1718 1254 istum

122 1308 188 1362 in
229 1315 543 1376 perpetuum
573 1320 601 1358 a
628 1319 778 1359 sacra
819 1298 1193 1356 communione
1219 1297 1263 1349 is
1304 1294 1394 1363 qui
1421 1292 1717 1346 ordinatio-

124 1414 265 1453 nem
292 1396 471 1451 facere
494 1394 627 1460 vult,
654 1404 710 1447 ut
732 1391 967 1461 nonipsa
983 1388 1178 1443 falsitas
1197 1383 1455 1455 impunita
1475 1381 1723 1437 sit.Sicut

123 1491 287 1546 enim
320 1490 512 1544 bonam
538 1485 760 1556 gloriam
795 1484 849 1537 in
876 1499 963 1549 eo,
986 1482 1075 1552 qui
1108 1477 1432 1534 ordinandus
1466 1485 1549 1529 est
1577 1488 1726 1544 quae-

124 1585 332 1649 rimus,
367 1582 434 1636 ita
464 1578 622 1635 etiam
652 1576 971 1633 calumniam
1002 1574 1055 1629 in
1087 1589 1152 1629 eo
1179 1573 1269 1644 qui
1298 1571 1489 1625 frustra
1521 1582 1728 1623 accusa-

124 1676 240 1739 vit,
273 1674 543 1745 punimus.
580 1670 633 1727 Si
660 1686 788 1725 vero
821 1683 979 1723 nemo
1010 1665 1339 1720 accusaverit
1368 1662 1604 1727 omnino,
1637 1664 1728 1716 aut

114 1767 191 1820 in
229 1775 343 1818 toto
397 1762 719 1818 denuntians
760 1758 1210 1813 examinationem
1263 1769 1365 1809 non
1416 1751 1594 1817 faciat,
1637 1758 1771 1827 aut,

1818 534 2100 606 imperium
2148 531 2371 586 directis
2420 530 2710 597 impetrare
2753 521 3081 577 desiderata.
3114 520 3404 588 Propterea

1816 628 2102 693 sancimus,
2146 628 2189 680 si
2235 623 2449 694 quando
2499 628 2715 690 propter
2767 615 3192 672 ecclesiasticam
3246 625 3406 667 occa-

1818 725 2021 777 sionem
2053 720 2298 774 inciderit
2323 719 2640 780 necessitas,
2666 718 2801 767 hanc
2829 720 2918 765 aut
2950 723 3043 778 per
3073 723 3166 762 eos
3195 706 3287 775 qui
3317 706 3404 759 res

1819 823 1985 884 agunt
2048 826 2323 867 sacrarum
2372 808 2755 872 ecclesiarum,
2822 816 2958 874 quos
3022 801 3402 872 apocrisiarios

1820 914 2041 969 vocant,
2075 913 2167 960 aut
2198 921 2291 974 per
2319 904 2526 973 aliquos
2572 901 2799 955 clericos
2841 897 2943 951 huc
2974 898 3286 960 destinatos,
3318 898 3411 948 aut

1822 1016 2136 1058 (economos
2167 1012 2295 1054 suos
2343 1007 2524 1053 notam
2572 994 2799 1062 imperio
2832 991 3044 1058 facere,
3087 996 3181 1042 aut
3211 986 3411 1042 nostris

1822 1094 2365 1157 administratoribus,
2402 1098 2462 1145 ut
2483 1092 2771 1157 impetrent
2794 1086 2933 1156 quod
2964 1092 3277 1151 competens
3298 1092 3406 1147 est,

1824 1204 2001 1258 neque
2029 1187 2128 1240 hoc
2152 1185 2263 1239 Deo
2288 1184 2604 1238 amabilibus
2628 1181 2896 1249 episcopis
2916 1178 3115 1233 erroris
3143 1185 3197 1231 et
3223 1177 3414 1230 absen-

1824 1282 1933 1347 tiae,
1990 1288 2044 1334 et
2086 1279 2439 1333 sanctissimis
2487 1276 2734 1332 ecclesiis
2785 1273 3025 1328 laesionis
3075 1273 3413 1326 occasionem
3501 1328 3506 1335 ,

1826 1374 1967 1439 ﬁeri,
1996 1384 2103 1427 tam
2130 1371 2183 1425 in
2209 1370 2481 1439 provincia
2509 1366 2887 1423 ecclesiasticis
2920 1365 3081 1419 rebus
3106 1377 3201 1432 per
3224 1365 3417 1416 absen-

1826 1466 1955 1519 tiam
1985 1476 2171 1519 eorum
2198 1462 2478 1531 neglectis,
2507 1472 2667 1529 quam
2698 1459 2861 1513 etiam
2884 1456 2969 1511 hic
2999 1454 3250 1524 expensis
3273 1451 3416 1505 mul-

1828 1560 1898 1613 tis
1950 1557 2019 1612 ab
2068 1558 2198 1626 ipsis
2246 1555 2428 1623 lactis,
2490 1563 2751 1623 praeterea
2814 1560 3035 1621 peregre
3090 1546 3417 1601 habitatione

1829 1668 1938 1710 non
1975 1652 2138 1707 habili
2168 1651 2479 1714 constituta,
2511 1660 2564 1704 et
2592 1649 2826 1718 undique
2845 1654 3003 1704 causa
3032 1644 3233 1699 nullum
3257 1642 3418 1709 juva-

1830 1761 1977 1811 men,
2014 1745 2185 1814 magis
2237 1751 2415 1797 autem
2459 1741 2734 1796 laesionem
2778 1736 3130 1793 sanctissimis
3180 1732 3423 1789 ecclesiis

125 1861 281 1914 facta
326 1850 723 1911 examinatione
751 1852 1122 1908 demonstrare
1169 1847 1332 1922 (sicut
1360 1844 1722 1915 praediximus)
1755 1823 1805 1900 Β
1830 1836 2112 1890 iulerente.
2151 1832 2265 1887 Non
2297 1841 2477 1886 autem
2507 1830 2666 1885 aliter
2695 1829 2931 1898 aliquem
2981 1827 3091 1881 Deo
3116 1823 3424 1879 amabilium

126 1968 249 2007 non
282 1950 508 2005 valuerit
537 1948 928 2001 accusationem
960 1960 1161 2009 veram,
1194 1951 1320 1996 tunc
1350 1948 1564 2008 oportet
1603 1953 1727 1991 eum

127 2044 233 2112 qui
264 2058 361 2111 per
388 2051 464 2096 tot
492 2042 602 2095 vias
633 2036 968 2108 inculpabilis
998 2034 1338 2105 apparuerit,
1372 2031 1627 2086 accedere
1662 2026 1725 2083 ad

125 2136 376 2190 futuram
426 2134 838 2187 ordinationem.
894 2128 999 2195 Qui
1043 2126 1187 2182 enim
1220 2129 1288 2180 ita
1323 2123 1620 2191 ordinatur,
1663 2138 1731 2177 ex

128 2226 250 2281 hoc
281 2224 445 2280 multa
474 2233 529 2282 et
559 2223 781 2278 meliora
820 2218 1094 2290 cognoscit
1121 2226 1406 2288 praecepta,
1441 2231 1611 2285 neque
1639 2212 1730 2284 qui

130 2318 322 2372 taliter
347 2318 549 2383 animo,
574 2315 754 2377 verbo,
779 2311 1019 2382 corporis
1041 2307 1424 2366 exercitatione
1444 2317 1497 2362 et
1520 2306 1727 2376 sapien-

130 2415 217 2467 tia
272 2412 511 2468 eruditus
543 2420 647 2476 est,
702 2410 939 2463 incurret
972 2406 1023 2460 in
1076 2404 1236 2459 vitam
1272 2400 1732 2456 animadversione

128 2505 380 2574 dignam.
415 2505 477 2558 Et
509 2496 634 2556 illud
666 2500 825 2555 etiam
853 2496 1157 2562 definimus,
1184 2505 1239 2549 ut
1263 2512 1419 2550 nemo
1450 2494 1556 2548 Deo
1583 2508 1732 2546 anta-

130 2596 337 2649 bilium
368 2593 740 2662 episcoporum
794 2589 925 2644 foris
956 2604 981 2641 a
1014 2603 1108 2642 sua
1144 2586 1400 2651 ecclesia,
1453 2585 1730 2655 plusquam

130 2707 244 2762 per
272 2698 440 2744 totum
473 2703 693 2750 annmn,
723 2686 909 2741 abesse
939 2683 1154 2749 audeat,
1187 2681 1287 2734 nisi
1310 2679 1409 2733 hoc
1438 2693 1533 2747 per
1565 2678 1731 2745 impe-

131 2781 338 2839 rialem
370 2779 463 2833 fiat
483 2779 821 2849 jussionem;
853 2786 977 2830 tunc
1000 2775 1141 2830 enim
1174 2772 1343 2827 solum
1371 2772 1471 2827 erit
1496 2768 1732 2839 inculpa-

131 2874 279 2933 bile.
340 2872 407 2926 Et
459 2882 515 2925 ut
560 2868 909 2924 sacratissimi
941 2865 1260 2939 patriarcha:
1302 2864 1727 2933 uniuscujusque

133 2967 450 3023 dimceseos
481 2961 803 3032 compellant
851 2952 961 3015 Deo
992 2959 1250 3013 amabiles
1298 2957 1575 3027 episcOpos
1624 2956 1733 3010 suis

138 3060 414 3116 inhmrere
442 3052 795 3111 sanctissimis
821 3052 1086 3119 ecclesiis,
1117 3060 1172 3106 et
1198 3066 1303 3104 non
1344 3049 1505 3121 longo
1537 3050 1730 3105 itinere

142 3150 414 3220 separari,
449 3161 621 3218 neque
654 3146 705 3200 in
735 3141 1031 3214 peregrinis
1060 3142 1330 3197 demorari
1360 3140 1528 3208 velle,
1563 3154 1733 3208 neque

1833 1927 2208 1996 episcoporum
2238 1932 2587 1995 praesumere,
2618 1921 2851 1990 dirigere
2878 1932 2939 1973 se
2968 1916 3033 1972 ad
3061 1920 3196 1971 hanc
3224 1915 3428 1969 felicis-

1832 2019 2021 2073 simam
2050 2017 2348 2080 civitatem,
2379 2016 2684 2084 priusquam
2728 2012 2989 2083 siquidem
3020 2010 3303 2080 episcopus
3329 2008 3423 2075 sit,

1833 2107 2044 2163 litteras
2073 2106 2342 2176 acceperit
2369 2106 2568 2175 praprii
2596 2103 2991 2174 metropolitani
3020 2102 3084 2155 ad
3116 2102 3426 2172 imperium,

1834 2214 1954 2269 qua:
1981 2201 2277 2254 secundum
2326 2197 2536 2253 divinas
2586 2197 2800 2266 regulas
2850 2194 3309 2251 commendaticia:
3338 2207 3406 2246 vo

1834 2303 2050 2359 cantur,
2066 2292 2426 2347 testimonimn
2442 2291 2696 2360 perhiben
2707 2298 2785 2345 tes
2804 2288 3142 2345 necessitatis
3164 2288 3279 2356 ejus
3297 2299 3428 2354 prm-

1837 2385 2047 2439 sentiae.
2072 2384 2129 2440 Si
2153 2399 2280 2439 vero
2301 2383 2743 2453 metropolitanus
2764 2384 2833 2437 sit
2856 2422 2872 2448 ,
2895 2383 2981 2452 qui
3009 2379 3273 2450 proficisci
3295 2379 3432 2447 vult,

1836 2476 2047 2532 litteras
2099 2484 2277 2529 sumat
2323 2475 2566 2547 ejusdem
2607 2475 2913 2530 dimceseos
2964 2472 3285 2542 patriarchae
3314 2471 3433 2540 ejus

1840 2570 2181 2641 praesentiam
2216 2569 2576 2625 necessariam
2608 2584 2729 2624 esse
2771 2568 3034 2634 dicentes,
3065 2576 3121 2621 et
3162 2567 3242 2620 sic
3268 2579 3430 2634 opor-

1837 2673 1953 2718 tere
1978 2662 2357 2732 imperatorem
2381 2662 2571 2731 jubere
2605 2660 2746 2715 hunc
2770 2657 3106 2729 praesentari,
3133 2667 3187 2713 et
3214 2671 3321 2711 non
3356 2665 3425 2711 tc-

1836 2771 1987 2812 mere
2001 2772 2064 2811 ac
2080 2756 2196 2811 sine
2211 2755 2532 2811 conscientia
2554 2752 3077 2823 metropolitanorum
3095 2761 3182 2805 aut
3203 2748 3435 2818 patriar-

1836 2854 2057 2908 charum
2108 2851 2536 2922 proliciseantur,
2569 2862 2855 2918 prepterea
2904 2845 3045 2916 quod
3094 2844 3198 2899 hoc
3245 2842 3436 2898 divinis

1836 2946 2183 3001 interdictum
2213 2955 2298 2999 est
2341 2943 2563 3013 regulis.
2616 2940 2769 2997 Unde
2801 2941 2903 2994 huc
2938 2939 3284 2994 advenientes
3327 2951 3435 2992 non

1838 3047 2167 3109 praesumant
2216 3051 2309 3105 per
2338 3036 2663 3104 semetipsos
2704 3048 2765 3088 se
2791 3034 2941 3103 prius
2971 3032 3318 3103 pronuntiare
3362 3029 3430 3085 ad

1838 3129 2141 3199 imperium,
2160 3128 2253 3184 sed
2276 3127 2521 3197 primitus
2552 3136 2641 3180 aut
2666 3126 2731 3179 ad
2757 3125 2865 3178 Deo
2889 3123 3173 3179 amabilem
3203 3122 3437 3191 patriar-

146 3214 813 3299 sanctissimas—ecclesias
841 3234 1144 3307 negligere,
1191 3249 1365 3304 neque
1414 3248 1612 3287 annum
1641 3248 1740 3287 ex-
1767 3220 1812 3284 Β
1838 3224 1997 3279 cham
2052 3222 2486 3294 proficiscantur,
2536 3228 2631 3274 aut
2669 3218 2736 3272 ad
2780 3217 3198 3287 uniuscujusque
3232 3214 3435 3270 dicace-

150 3336 375 3399 eeilere,
418 3348 576 3407 quem
606 3342 660 3387 et
692 3332 863 3401 ipsum
911 3330 1129 3401 propter
1158 3328 1578 3384 misericordiam
1607 3342 1739 3383 con-

154 3430 442 3485 stituimus.
473 3427 527 3482 Si
580 3440 708 3480 vero
753 3422 891 3479 ultra
919 3438 1117 3478 annum
1148 3416 1444 3487 erraverit,
1489 3429 1547 3475 et
1584 3412 1743 3474 dere-

156 3520 401 3590 liquerit,
435 3534 606 3588 neque
641 3514 705 3572 ad
749 3512 1019 3586 proprium
1061 3515 1422 3585 episcopatum
1468 3526 1743 3566 remeave-

170 3614 264 3677 rit,
295 3629 466 3684 neque
492 3610 783 3683 imperialis
811 3607 991 3681 aliqua
1011 3624 1134 3664 eum
1182 3606 1343 3679 (sicut
1372 3600 1742 3676 praediximus)

162 3705 397 3761 detineat
433 3702 626 3774 jussio,
678 3711 803 3757 tunc
851 3700 1115 3770 siquidem
1159 3697 1229 3754 sit
1278 3695 1741 3767 metropolitanus,

162 3792 346 3851 contra
399 3791 821 3850 ecclesiasticam
870 3789 1277 3860 dispositionem
1326 3788 1603 3843 absentem
1658 3802 1745 3841 re-

162 3887 336 3959 gionis
360 3880 501 3941 illius
532 3882 833 3954 patriarcha
863 3880 1077 3938 revocet
1104 3880 1316 3952 quidem
1347 3890 1469 3934 eum
1491 3877 1747 3949 legitimis

167 3975 675 4050 proclamationibus
694 4016 709 4042 ,
739 3991 960 4030 servans
988 3973 1187 4043 ubique
1228 3985 1499 4027 sacrarum
1532 3969 1745 4040 regula-

164 4088 283 4129 rum
312 4069 761 4126 observationem.
794 4066 850 4125 Si
878 4082 1005 4125 vero
1055 4076 1266 4122 maneat
1310 4062 1404 4134 per
1436 4065 1613 4119 omnia
1659 4058 1745 4118 in‘-

165 4163 439 4229 obediens,
470 4164 771 4233 expellatur
809 4177 839 4216 a
868 4177 1024 4217 sacro
1060 4161 1435 4230 episc0porum
1466 4159 1658 4225 choro,
1691 4148 1749 4214 et

166 4250 328 4313 alium
380 4252 687 4309 introducat
714 4250 1019 4324 hujusmodi
1048 4264 1102 4308 et
1146 4251 1480 4320 reverentia,
1539 4261 1595 4308 et
1649 4268 1747 4308 ve-

170 4347 455 4415 recundia,
486 4348 542 4402 et
570 4347 849 4403 honestate
887 4346 1125 4417 dignum.
1159 4344 1211 4401 Si
1244 4362 1370 4401 vero
1415 4362 1519 4400 non
1550 4354 1751 4400 metro-

172 4442 459 4512 politanus,
487 4440 580 4494 sed
619 4432 841 4493 aliorum
873 4439 1247 4509 episc0porum
1280 4423 1472 4511 aliquis
1524 4439 1611 4501 Sit,
1660 4439 1748 4508 qui

170 4532 451 4597 erraverit,
501 4528 617 4583 hmo
660 4529 835 4583 omnia
881 4536 910 4583 a
941 4530 1356 4599 metropolitano
1390 4532 1536 4585 fiant.
1584 4526 1751 4583 Nemo

1845 3331 1989 3383 seos,
2021 3331 2091 3371 ea
2125 3330 2227 3386 qua
2271 3322 2421 3381 sunt,
2450 3312 2847 3382 apocrisiarios,
2878 3320 2932 3366 et
2977 3323 3097 3367 cum
3144 3307 3276 3378 ipsis
3304 3322 3438 3363 con-

1847 3409 2019 3466 ferant
2042 3421 2255 3474 causas,
2289 3415 2504 3475 pr0pter
2524 3419 2657 3476 quas
2681 3410 2963 3466 venerunt,
3005 3408 3064 3456 et
3090 3414 3211 3455 cum
3242 3399 3323 3454 eis
3354 3399 3439 3453 in-

1844 3499 2152 3570 grediantur
2175 3498 2244 3552 ad
2276 3498 2580 3569 imperium,
2613 3506 2667 3551 et
2709 3494 2965 3563 deinceps
3014 3490 3283 3563 imperiali
3313 3505 3439 3560 per-

1847 3590 2091 3648 fruantur
2156 3598 2396 3661 aspectu.
2458 3589 2578 3645 Mox
2623 3603 2782 3659 quam
2826 3584 3106 3657 imperanti
3146 3584 3441 3652 astiterint,

1848 3684 2009 3739 liceat
2054 3683 2266 3753 quidem
2297 3682 2598 3752 petentibus
2623 3678 2891 3750 episcopis
2939 3688 3031 3735 aut
3070 3693 3164 3748 per
3205 3690 3303 3732 eos
3345 3672 3443 3745 qui

1846 3787 2105 3834 vocantur
2129 3775 2479 3832 referendarii
2519 3773 2875 3829 sanctissima
2917 3770 3138 3841 majoris
3165 3768 3435 3835 ecclesiae,

1847 3880 1941 3926 aut
1980 3884 2076 3940 per
2095 3865 2372 3939 religiosos
2401 3866 2779 3936 apocrisiarios
2824 3864 3087 3936 cujusque
3132 3861 3441 3916 dimceseos

1850 3960 2311 4018 sanctissimorum
2340 3960 2764 4031 patriarcharum
2790 3971 3080 4030 suggerere
3099 3971 3159 4012 se
3191 3954 3445 4025 imperio,

1851 4069 1908 4117 et
1927 4059 2226 4131 promereri
2246 4070 2562 4128 responsum
2602 4056 2872 4121 celeriter,
2901 4055 2969 4109 ita
2996 4058 3058 4108 ut
3081 4053 3126 4107 si
3163 4060 3254 4107 aut
3295 4051 3444 4120 justa

1851 4152 1921 4210 ab
1942 4153 2170 4224 imperio
2200 4152 2475 4222 petierint,
2512 4150 2626 4206 hac
2657 4147 2944 4219 accipiant,
2979 4154 3071 4201 aut
3094 4144 3143 4200 si
3172 4159 3276 4201 non
3295 4142 3444 4214 justa

1852 4255 2101 4318 quarunt
2124 4288 2138 4313 ,
2168 4246 2423 4302 velociter
2467 4251 2805 4300 revertantur
2834 4241 2977 4296 unde
3023 4239 3248 4311 profecti
3288 4247 3439 4295 sunt;

1858 4340 1984 4395 limo
2007 4349 2185 4395 autem
2227 4339 2295 4393 de
2339 4339 2447 4393 Deo
2478 4336 2795 4391 amabilibus
2842 4334 3111 4404 episcopis
3150 4330 3446 4388 secundum

1855 4433 2061 4488 divinas
2087 4432 2473 4487 constituentes
2521 4431 2757 4499 regulas,
2791 4438 2846 4483 et
2894 4426 3175 4496 religiosos
3213 4423 3441 4477 clericos

1856 4539 1975 4581 cum
2012 4525 2175 4579 multa
2206 4526 2322 4581 fieri
2353 4524 2697 4593 inquisitione
2725 4520 3015 4575 secundum
3061 4518 3265 4570 divinas
3288 4527 3444 4579 regu-

172 4622 310 4678 enim
338 4628 521 4677 eorum
555 4624 713 4677 talem
762 4624 1019 4691 suscipiat
1052 4630 1392 4690 prmtextum,
1440 4622 1483 4677 si
1514 4620 1752 4676 dixerint
1778 4611 1834 4670 Ι)
1860 4617 1958 4682 las,
1988 4625 2044 4672 et
2070 4618 2191 4671 boni
2215 4615 2510 4672 testimonii
2538 4616 2681 4669 viros
2708 4611 2942 4667 ordinari
2967 4611 3259 4670 sancimus,
3296 4606 3441 4661 litte-

174 4725 451 4785 pr0pterea
495 4718 553 4769 se
598 4715 836 4784 pr0prias
865 4704 1237 4782 derelinquere
1282 4712 1558 4779 ecclesias,
1608 4702 1750 4783 quod

172 4806 345 4864 litium
368 4798 575 4876 causas,
608 4817 701 4863 aut
724 4807 949 4862 aliarum
978 4806 1154 4862 rerum
1182 4808 1538 4876 propriarum,
1568 4804 1658 4860 ant
1685 4802 1752 4860 ad

177 4904 350 4955 sacras
380 4899 634 4954 ecclesias
664 4898 1067 4968 respicientium
1110 4897 1561 4958 circumlustrauit,
1586 4900 1639 4950 et
1668 4886 1755 4950 hic

178 4990 443 5045 conStituti
494 4984 719 5053 bzei'ent,
770 4986 863 5043 atlt
891 4989 944 5043 in
990 4986 1111 5044 aliis
1160 4980 1410 5042 oberrant
1444 4986 1597 5041 locis.
1643 4980 1756 5041 lloc

181 5080 318 5139 enim
334 5088 437 5138 non
452 5070 897 5138 liabetdecentem
912 5082 1195 5149 rationem,
1212 5080 1400 5133 uicum
1417 5076 1757 5134 multitudine

182 5172 431 5233 famulicii
462 5178 602 5248 quod
632 5186 851 5232 necesse
893 5179 977 5232 e‘st
999 5178 1303 5245 episcopum
1350 5173 1548 5228 habere
1594 5170 1760 5243 proli;

184 5266 462 5331 ciscantur,
496 5276 547 5323 et
578 5272 796 5338 peregre
824 5275 1066 5336 sumptus
1089 5264 1307 5331 faciant,
1334 5278 1454 5319 cum
1479 5272 1649 5335 neque
1670 5260 1757 5316 ul-

186 5360 288 5417 lum
332 5361 679 5418 sanctissimis
726 5361 967 5417 ccclesiis
1016 5359 1220 5415 lucrum
1254 5361 1377 5416 inde
1426 5371 1479 5415 et
1505 5359 1756 5430 juvamen

188 5453 418 5519 accedat,
465 5466 636 5523 neque
666 5451 981 5524 (secundum
1028 5451 1167 5521 quod
1215 5441 1365 5506 decet
1396 5449 1755 5522 sacerdotem)

187 5543 449 5611 proprium
475 5541 673 5599 habere
693 5543 901 5611 possint
920 5542 1180 5613 habitum,
1209 5553 1337 5599 etut
1362 5545 1608 5599 maximm
1627 5558 1762 5615 qua:-

186 5632 300 5689 dam
330 5636 436 5691 sint
480 5637 601 5691 lites
628 5632 770 5690 forte
821 5636 1173 5691 sanctissimis
1223 5634 1486 5703 ecclesiis,
1540 5648 1761 5706 propter

187 5741 316 5797 quas
360 5730 492 5785 tales
522 5738 809 5799 pradextus
845 5727 1090 5795 afferunt,
1142 5727 1338 5784 rectius
1374 5743 1464 5784 eas
1495 5744 1588 5798 per
1618 5728 1759 5783 ’illos

190 5819 275 5891 qui
302 5819 401 5876 sub
427 5821 543 5892 ipso
576 5830 701 5879 sunt
737 5821 1016 5895 religiosos
1044 5822 1291 5891 clericos,
1339 5832 1429 5879 aut
1458 5820 1756 5894 apocrisia-

1857 4720 1944 4762 ras
1973 4708 2190 4761 omnino
2221 4708 2471 4768 scientes,
2502 4712 2559 4759 et
2586 4702 2830 4758 eruditos
2859 4702 3183 4757 constitutos
3210 4695 3443 4770 (litteras

1858 4803 1999 4857 enim
2049 4802 2317 4870 igorantes
2349 4798 2567 4853 omnino
2598 4797 2866 4862 nolumus,
2899 4809 3072 4865 neque
3102 4808 3268 4848 unum
3295 4790 3442 4846 ordi-

1858 4911 1981 4953 nem
2022 4896 2294 4966 suscipere
2342 4892 2683 4961 clericorum,
2730 4891 2979 4947 videlicet
3007 4890 3443 4961 presbyterorum

1861 4999 1918 5044 et
1950 4989 2317 5056 diaconorum,
2346 4997 2452 5043 tam
2476 5002 2657 5043 sacras
2676 4987 2946 5043 orationes
2966 4986 3252 5041 dicentium
3278 4997 3440 5055 quam

1860 5081 2206 5138 ecclesiarum
2232 5090 2286 5137 et
2312 5095 2579 5137 canonum
2603 5080 2891 5151 legentium
2914 5080 3125 5148 libros),
3148 5087 3203 5133 et
3222 5076 3443 5133 ordina-

1861 5175 2060 5231 tionem
2092 5176 2209 5231 sine
2236 5176 2453 5247 querela
2474 5220 2489 5243 ,
2522 5183 2577 5230 et
2606 5173 3001 5245 inculpabilem,
3030 5182 3084 5227 et
3112 5172 3231 5227 sine
3258 5171 3441 5240 aliqua

1861 5266 2302 5330 contradictione,
2352 5276 2407 5323 et
2448 5266 2568 5322 sine
2597 5267 2813 5322 datioue
2854 5264 3201 5336 pecuniarum
3233 5273 3324 5317 aut
3350 5279 3440 5316 rev

1861 5374 1977 5415 rum
2007 5360 2383 5428 suscipientes.
2408 5358 2592 5429 Neque
2613 5368 2789 5414 autem
2817 5370 2911 5414 eos
2934 5358 3180 5412 volumus
3200 5354 3440 5419 omnino,

1860 5456 1948 5526 qui
1996 5452 2254 5510 officiales
2286 5452 2377 5508 aut
2420 5453 2647 5510 curiales
2675 5452 2947 5509 constituti
2975 5461 3119 5518 sunt,
3168 5450 3448 5518 suscipere

1861 5544 2267 5611 ordinationem,
2293 5543 2399 5599 nisi
2444 5544 2735 5599 secundum
2782 5542 2947 5612 leges,
2976 5554 3112 5612 quas
3163 5554 3326 5609 super
3360 5537 3446 5592 his

1864 5638 2108 5707 superius
2138 5638 2410 5706 posuimus
2441 5636 2645 5706 pridem
2665 5678 2679 5699 ,
2712 5650 2843 5704 quas
2872 5643 2927 5690 et
2956 5634 3044 5689 hic
3074 5646 3216 5688 nunc
3247 5631 3449 5686 confir-

1863 5744 2091 5785 mamus.
2124 5730 2189 5784 Et
2214 5728 2456 5800 episcopi
2487 5727 2800 5783 auctoritate
2829 5727 3105 5782 ordinatos
3125 5740 3275 5781 sacra
3302 5739 3437 5793 pue-

1862 5832 2015 5893 ccpta
2042 5820 2096 5877 in
2144 5822 2440 5893 conspectu
2484 5821 2648 5875 totius
2680 5820 2860 5890 populi
2898 5819 3178 5890 suscipere
3222 5828 3446 5889 propter
