4042 6348
660 280 767 345 935
1741 285 2013 346 SECULI
2053 284 2259 347 SEXTI
2295 283 2875 346 SUPPLEMENTUM.
3774 299 3841 359 93.

658 405 874 500 easdem
903 417 1115 474 causas,
1165 414 1383 478 propter
1428 423 1559 478 quas
1598 407 1701 464 hoc
1743 408 1915 476 ipsum
1946 408 2031 478 agi
2080 408 2240 462 etiam
2273 442 2321 500 Α
2418 404 2485 459 Et
2512 405 2557 459 si
2604 404 2819 461 dicatur
2846 404 2952 461 tale
2980 404 3184 476 aliquid
3213 403 3281 461 de
3308 405 3489 477 aliqua
3513 420 3781 483 earumque
3809 418 3840 472 in

660 516 820 570 supra
852 499 907 555 ia
951 500 1062 557 Deo
1091 501 1405 557 amabilibns
1434 503 1699 573 episcopis
1742 502 2088 557 sancivimus.
2135 501 2241 557 Sed
2273 496 2321 500 ’“
2350 496 2776 552 diaconissarum
2800 497 3195 553 ordinationem
3236 497 3447 567 ingredi
3477 500 3599 565 vult,
3639 505 3747 571 quod
3780 510 3841 564 ali-

658 607 835 664 neque
860 608 981 649 eum
1018 594 1109 662 qui
1141 594 1403 648 secundas
1453 594 1615 649 habet
1654 604 1747 650 aut
1790 595 1975 650 habuit
2024 596 2238 664 nuptias
2349 592 2447 646 cui
2475 590 2765 646 adlimserit
2790 590 2891 647 sub
2922 591 3158 661 imagine
3186 592 3407 658 quidem
3438 593 3583 648 bona
3609 598 3837 664 appellatio.

659 686 899 742 ordinari
954 687 1005 741 in
1056 687 1338 744 diaconum
1383 700 1474 742 aut
1517 689 1924 760 presbyterum,
1976 704 2148 759 neque
2198 689 2243 742 si
2352 684 2466 749 nis,
2497 698 2619 739 cum
2650 684 2885 754 maligna
2919 699 3055 738 vero
3082 685 3420 753 suspicione,
3466 699 3566 738 non
3592 696 3760 753 oportet
3780 689 3842 745 hu.

658 778 871 833 mulieri
896 778 1247 849 conjungatur
1269 780 1527 849 sejunctm
1550 790 1603 833 et
1633 782 1911 850 proprium
1939 782 2114 835 virum
2148 780 2244 835 de-
2346 776 2581 846 jusmodi
2620 776 2901 832 mulierem
2932 775 3153 847 perduci
3198 777 3419 831 omnino
3444 777 3508 831 ad
3550 778 3838 839 ordinationem

658 872 1004 943 relinquenti,
1036 890 1205 941 neque
1234 874 1276 928 si
1309 874 1661 929 concubinam
1695 874 1907 938 habeat,
1932 874 2025 929 sed
2055 875 2243 929 saltem
2348 866 2631 923 diaconiw.
2658 867 2790 922 Nam
2822 880 2872 923 et
2901 867 2945 922 si
2979 868 3281 933 ordinetur,
3308 877 3365 924 et
3396 870 3504 924 tale
3532 869 3701 940 aliquid
3720 879 3839 941 egerit,

660 964 921 1033 ejusmodi
947 980 1164 1020 uxorem
1191 982 1309 1033 quae
1339 982 1459 1020 cum
1491 966 1738 1023 castitate
1766 978 1819 1022 et
1848 982 1912 1022 ex
1938 968 2246 1033 virginitate
2352 962 3012 1017 ctcohzeseritalicoieum
3030 962 3283 1028 praedicto
3305 965 3540 1030 nomine,
3556 965 3841 1029 aulscbemaie,

661 1054 751 1111 sit.
783 1056 920 1111 Nihil
949 1058 1089 1113 enim
1117 1060 1195 1114 sic
1218 1059 1269 1113 in
1300 1060 1467 1115 sacris
1489 1060 1921 1116 ordinationibus
1945 1061 2241 1131 diligimus,
2348 1055 2509 1109 ca'dat
2554 1055 2768 1125 quidem
2799 1055 2912 1124 ipsa
2942 1070 2969 1107 a
2992 1054 3235 1109 diaconia
3260 1096 3274 1117 ,
3306 1064 3362 1109 et
3395 1066 3503 1109 tam
3532 1056 3635 1122 ipsa
3657 1072 3773 1127 quam
3793 1060 3843 1114 ille

663 1164 820 1220 quam
840 1168 958 1205 cum
990 1152 1234 1207 castitate
1277 1153 1539 1216 viventes,
1570 1163 1661 1208 aut
1687 1169 1807 1209 cum
1841 1155 2099 1209 uxoribus
2130 1171 2239 1210 non

2350 1146 2581 1215 subjecti
2615 1156 2770 1200 erunt
2799 1145 2922 1201 huic
2968 1147 3092 1215 legi,
3122 1155 3178 1201 et
3218 1147 3439 1216 reliquis
3468 1164 3581 1218 quae
3606 1161 3842 1219 corruptores

660 1243 1047 1307 cohabitantes,
1080 1254 1172 1299 aut
1201 1247 1357 1301 unius
1386 1247 1569 1301 uxoris
1589 1247 1786 1312 virum,
1817 1248 1905 1316 qui
1925 1248 2038 1302 sive
2064 1247 2243 1311 fuerit,

2350 1238 2603 1306 puniunt.
2631 1239 2858 1309 Oportet
2883 1239 3025 1292 enim
3050 1253 3238 1293 omnes
3279 1255 3399 1308 qua
3425 1240 3711 1295 ordinantur
3744 1258 3842 1297 vene-

658 1333 774 1390 sive
816 1336 988 1391 adhuc
1016 1338 1106 1404 sit,
1144 1348 1199 1392 ei,
1243 1340 1355 1408 ipse
1384 1340 1686 1395 castitatem
1718 1340 1902 1409 eligat,
1951 1341 2244 1394 secundum
2350 1330 2547 1384 rabiles
2589 1330 2915 1384 diaconissas
2946 1339 3186 1399 tempore
3233 1331 3585 1387 ordinationis
3620 1334 3747 1387 etiam
3774 1352 3841 1389 mo-

653 1425 861 1483 divinas
914 1430 1121 1499 regulas
1169 1430 1396 1498 primum
1445 1432 1763 1502 principium
1794 1441 1849 1487 et
1896 1431 2245 1487 manifestum

2360 1418 2501 1484 neri,
2533 1428 2589 1473 et
2617 1435 2799 1475 coram
2833 1420 3201 1505 reliquis‘qum
3231 1421 3435 1476 dudum
3468 1432 3588 1477 sunt
3610 1426 3843 1479 venerabiles

656 1522 1069 1578 fundamentum
1100 1525 1332 1580 residuae
1355 1526 1567 1580 virtutis
1596 1525 1961 1579 constitutam.
1987 1525 2041 1580 Si
2065 1535 2245 1579 autem

2294 1584 2299 1591 ‘
2355 1512 2673 1567 diaconissas
2701 1527 2973 1567 sacrorum
3015 1513 3201 1569 audire
3248 1514 3615 1571 mandatorum
3651 1526 3841 1584 praecepta

657 1624 713 1671 et
741 1617 932 1687 aliquis
962 1618 1263 1689 presbyter,
1310 1626 1402 1671 aut
1442 1618 1722 1681 diaconus,
1774 1627 1864 1671 aut
1890 1616 2247 1672 subdiaconus

2349 1614 2407 1656 ut
2434 1610 2491 1656 et
2520 1602 2649 1671 ipsa;
2688 1603 2783 1657 Dei
2836 1605 3082 1659 timorem
3132 1604 3369 1660 habeant
3398 1615 3454 1660 et
3480 1606 3844 1661 adhmrentemsa

663 1719 847 1779 postea
880 1709 1039 1764 ducat
1060 1725 1286 1765 uxorem
1310 1709 1797 1775 autconcubinam,
1822 1718 1911 1762 aut
1933 1709 2126 1777 palam,
2156 1718 2248 1762 aut
2349 1695 2459 1749 (πίε
2500 1695 2765 1749 mamillis
2793 1694 3059 1761 (Ῐάυοίευην
3115 1697 3341 1752 timeant
3371 1706 3549 1752 autem
3589 1710 3637 1754 ει
3660 1699 3841 1763 confundi,

660 1806 892 1871 occulte,
917 1819 1071 1860 sacro
1097 1806 1274 1858 statim
1305 1804 1463 1858 cadat
1483 1803 1692 1867 ordine,
1724 1812 1778 1857 et
1800 1801 2054 1871 deinceps
2080 1802 2242 1856 idiota

2278 1795 2406 1889 Bet
2433 1800 2587 1839 sacro
2612 1786 2833 1857 (cadere
2880 1788 3357 1847 ordinezscituris
3404 1790 3547 1860 quod
3592 1790 3632 1844 si
3676 1807 3842 1859 presum-

660 1896 751 1954 sit.
776 1898 927 1965 Quod
953 1898 998 1951 si
1027 1906 1081 1951 et
1113 1898 1285 1952 lector
1319 1896 1609 1951 secundam
1642 1896 1801 1951 ducat
1832 1911 2052 1950 uxorem
2084 1896 2246 1951 certis

2244 1932 2246 1943 ἱ
2280 1878 2323 1889 ⁵’
2354 1878 2579 1946 pserint,
2614 1887 2705 1931 aut
2737 1878 3118 1933 erubescentes
3146 1880 3563 1944 ordinationem,
3596 1882 3840 1936 autdereliu-

656 1989 731 2048 de
752 1991 927 2045 causis
953 1998 1007 2044 et
1033 2007 1098 2045 ex
1131 1988 1466 2045 irrecusabili
1506 1989 1735 2057 quadam
1770 1989 2116 2057 necessitate,
2150 2004 2243 2043 ne-
2356 1978 2579 2037 (luemes
2605 1984 2817 2023 sacrum
2850 1970 3229 2038 Illinislerium,
3280 1973 3347 2028 ad
3381 1973 3590 2041 nuptias
3615 1974 3773 2039 venire,
3792 1983 3843 2025 aut

661 2100 770 2153 que
790 2084 1010 2139 omnino
1033 2084 1098 2138 ad
1130 2085 1374 2139 altiorem
1402 2083 1621 2137 accedat
1648 2082 1891 2151 gradum,
1923 2098 2096 2151 neque
2124 2098 2251 2151 per-
2355 2059 2764 2159 aliaﬂofnmno
2806 2063 2968 2159 "3'3"?
2998 2063 3281 2133 θίθῧθτίιιιο
3315 2067 3449 2159 ips?!
3479 2066 3677 2137 (ἰυίάθω
3714 2067 3843 2136 οωίὲἓ·

661 2176 871 2233 fruatur
896 2177 1063 2247 gradu
1095 2177 1299 2245 majore
1328 2177 1380 2231 in
1414 2178 1749 2243 sacerdotio,
1804 2177 1897 2233 sed
1940 2187 2153 2233 maneat
2198 2176 2249 2230 in

2248 2202 2249 2219 η
2358 2163 2427 2208 ta:
2456 2152 2761 2207 efﬁciuntur
2808 2156 2989 2222 morti,
3042 2164 3098 2212 et
3121 2152 3422 2214 substantia
3452 2176 3626 2215 earum
3652 2161 3844 2230 applicabi-

663 2272 852 2327 eodem
879 2272 1047 2343 gradu
1077 2281 1355 2342 perpetuo.
1391 2272 1495 2327 Sed
1526 2286 1631 2325 non
1674 2281 1728 2325 et
1767 2272 1833 2326 ad
1865 2274 2049 2327 tertias
2076 2273 2254 2327 veniat
2358 2254 2446 2343 ξπ
2485 2247 2840 2343 δθοθιίδξίωίδ
2882 2248 3161 2316 “elegis:
3213 2260 3306 2343 ἒυι
3350 2254 3679 2309 πιοηδείθτῖίε
3714 2255 3752 2307 in
3772 2256 3841 2324 φιλ·

665 2366 907 2435 nuptias,
938 2365 1067 2420 satis
1095 2377 1177 2421 est
1222 2367 1365 2421 enim
1396 2366 1441 2420 si
1467 2366 1532 2420 ad
1565 2368 1780 2436 nuptias
1811 2365 2006 2421 veniat.
2040 2366 2098 2421 Si
2125 2380 2253 2420 vero

2245 2383 2253 2417 ,
2356 2335 2458 2391 bus
2501 2346 2646 2392 sunt.
2679 2339 2781 2406 Qui
2813 2355 2941 2394 vero
2976 2356 3067 2396 eas
3098 2352 3192 2396 aut
3219 2341 3273 2398 in
3325 2358 3522 2399 uxores
3549 2345 3762 2413 accipere,
3792 2354 3841 2398 aut

659 2432 861 2527 aliquid
895 2458 1000 2513 tale
1043 2459 1232 2527 egerit,
1265 2468 1319 2512 et
1347 2459 1411 2512 ad
1459 2432 1721 2514 secundas
1747 2460 1968 2514 veniens
2012 2458 2250 2526 nuptias,

2241 2498 2250 2521 '
2356 2440 2705 2498 corrumpere
2746 2432 3205 2500 prazsumpserint,
3238 2434 3460 2489 obnoxii
3504 2435 3696 2504 quidem
3729 2445 3764 2490 et
3784 2436 3837 2502 ipsi

662 2552 727 2606 ad
761 2552 1017 2621 majorem
1050 2552 1270 2621 gradum
1299 2552 1482 2608 venire
1515 2552 1873 2621 festinaverit,
1897 2552 2093 2608 exinde
2116 2552 2254 2606 idio-
2358 2521 2533 2626 tj'ad‘"
2557 2531 2743 2626 "mf
2795 2524 3094 2626 ξυὺδίθξηίίξ
3142 2536 3324 2626 ἓως-ω
3367 2528 3841 2626 θίξτυξηξβρεξῗέδίωτ

667 2655 719 2699 m
749 2614 871 2711 erit;
907 2655 962 2702 et
991 2614 1179 2711 Μὶυῆ
1231 2648 1451 2702 omnino
1481 2661 1634 2702 sacro
1682 2614 1985 2703 minisl'erio
2032 2647 2252 2702 eadem.
2359 2615 2515 2711 fisco.
2556 2614 2613 2669 Si
2639 2617 2783 2670 enim
2806 2616 2860 2671 in
2882 2618 3119 2687 antiquis
3150 2618 3360 2689 legibus
3386 2621 3665 2691 virginibus
3685 2620 3759 2673 illis
3776 2634 3841 2687 qua

664 2708 867 2794 pudice'
902 2740 1047 2795 enim
1095 2708 1193 2794 “0's
1221 2754 1316 2809 per
1344 2740 1520 2794 omnia
1555 2740 1711 2793 decet
1740 2742 1941 2795 vivere.
1993 2739 2047 2793 Si
2100 2740 2249 2793 enim
2360 2708 2416 2764 in
2463 2724 2649 2764 eorum
2699 2724 2936 2765 errorem
2988 2711 3316 2767 vocabantur
3368 2716 3556 2769 mortis
3607 2712 3842 2767 incumbebat

669 2831 808 2886 tales
829 2830 1105 2886 constituti
1126 2832 1176 2885 bi
1199 2832 1287 2900 qui
1312 2835 1363 2886 in
1387 2832 1534 2887 clero
1555 2831 1893 2888 adducuntur
1914 2833 2252 2896 ordinentur,

2245 2872 2252 2894 ν
2360 2803 2661 2873 periculum
2684 2841 2699 2865 ,
2732 2803 2998 2872 corruptis
3026 2807 3295 2873 quomodo
3325 2822 3434 2861 non
3469 2807 3625 2877 magis
3649 2820 3726 2859 nos
3746 2806 3780 2857 in
3800 2802 3841 2855 his

667 2925 840 2980 facilis
862 2924 939 2979 eis
968 2924 1034 2978 ad
1064 2892 1427 2994 episcopatum
1458 2938 1715 2980 ascensus
1738 2925 1860 2991 erit,
1894 2936 1947 2980 et
1976 2941 2040 2980 ex
2071 2892 2255 2979 multis
2361 2908 2484 2963 qum
2515 2908 2544 2945 ³
2579 2892 2689 2947 ί)θο
2716 2892 3083 2998 ειοξίῆοειηιυιις
3104 2896 3243 2950 idem
3270 2896 3576 2962 deﬁnimus,
3607 2897 3841 2998 pudicitiam,

668 3016 824 3072 bonis
854 3017 983 3071 viris
1013 2988 1223 3071 facilius
1244 2988 1587 3081 invenientur
1617 3018 1706 3088 qui
1738 2988 1882 3086 digni
1917 3016 2258 3072 adducantur

2240 3031 2258 3069 Γ
2362 3000 2481 3054 quia
2506 3001 2664 3055 quam
2695 2988 2925 3041 maxime
2952 2988 3204 3044 mulieres
3228 3000 3475 3056 exornat,
3499 2990 3760 3046 conservari
3783 3002 3836 3037 ro-

667 3110 735 3165 ad
764 3110 993 3180 primum
1023 3110 1246 3180 gradum
1294 3110 1603 3171 sacerdotii.
1636 3082 1865 3179 'Quan'm
1893 3110 2053 3181 58m”.
2096 3125 2258 3179 super
2362 3082 2722 3181 lentes,_cum
2767 3085 3047 3139 conveniat
3096 3088 3501 3143 venerabilibus
3528 3088 3845 3147 diaconiss:s,ut

668 3202 1008 3258 venerabiles
1034 3203 1263 3258 clericos
1294 3219 1323 3257 a
1369 3204 1525 3258 nobis
1554 3203 1694 3258 dicta
1745 3212 1890 3269 sunt,
1914 3174 2053 3259 vhazc
2096 3204 2256 3259 etiam
2286 3223 2334 3287 ρ
2363 3183 2422 3287 εξ
2449 3174 2863 3287 ίιθῖἀιξηωτδω
2896 3177 3427 3287 άθθῗίοθυδωξίίίδηξν
3459 3190 3512 3235 θί
3539 3179 3663 3249 quod
3706 3175 3844 3287 Seba":

672 3309 835 3365 super
864 3295 974 3349 Deo
1004 3294 1324 3350 amabilibns
1361 3295 1678 3350 diaconissis
1727 3295 1947 3363 intelligi
1984 3297 2251 3361 volumus,
2286 3263 2334 3287 ν
2367 3264 2671 3365 ξπθτδίξξίυ
2692 3277 3034 3323 conservam
3057 3268 3364 3365 S9cundum
3390 3271 3495 3326 hoc
3517 3281 3673 3365 θυίθῖη
3688 3263 3845 3365 ΨΨΙ

2366 3358 2535 3412 factos
2565 3359 2821 3414 diaconos
2848 3370 2939 3415 aut
2970 3362 3320 3432 presbyteros
3354 3364 3507 3417 nullo
3532 3363 3672 3417 modo
3696 3356 3845 3413 derelio

2362 3464 2527 3517 quere
2549 3452 2935 3506 sacerdotium.
2961 3452 3247 3523 QuodOnon
3274 3456 3527 3525 solumin
3556 3456 3797 3525 presbytero
3814 3456 3843 3499 et

2361 3540 2587 3597 diacono
2630 3546 2926 3613 sancimus,
2979 3546 3074 3600 sed
3125 3549 3285 3601 etiam
3334 3550 3378 3603 si
3413 3549 3751 3605 subdiaconus.
3783 3547 3837 3592 aut

2364 3633 2501 3688 forte
2525 3634 2697 3691 lector
2720 3637 2814 3690 fiat
2841 3638 3054 3707 aliquis,
3077 3654 3251 3709 neque
3283 3641 3429 3696 hunc
3454 3642 3717 3709 relinquere
3737 3633 3843 3704 pristi-

2361 3741 2489 3782 num
2520 3728 2762 3797 schema,
2791 3738 2845 3784 et
2877 3730 2944 3785 ad
2986 3732 3211 3786 alteram
3241 3733 3475 3802 migrare
3507 3735 3652 3788 vitam
3675 3748 3685 3783 :
3707 3728 3789 3797 quia
3816 3722 3839 3775 si

2364 3821 2470 3875 tale
2496 3822 2695 3891 aliquid
2728 3821 2920 3893 egerit,
2952 3824 3250 3879 secundum
3282 3826 3427 3894 quod
3461 3842 3489 3879 a
3518 3825 3655 3880 nobis
3670 3824 3751 3891 jam
3770 3829 3842 3870 san-

2364 3914 2529 3967 citum
2561 3924 2663 3978 est,
2699 3923 2789 3968 aut
2822 3914 2875 3969 in
2900 3916 3103 3970 curiam
3126 3931 3248 3970 cuin
3276 3917 3592 3986 substantia,
3622 3924 3695 3967 aut
3711 3909 3780 3965 sub
3798 3907 3844 3958 io

2364 4006 2487 4077 opia
2515 4006 2716 4076 degens
2738 4007 2804 4060 ad
2835 4007 3119 4063 ofﬁcialem
3166 4008 3472 4078 deponetur
3516 4008 3751 4063 fortunam.
3782 3995 3841 4052 Sel

666 3396 728 3443 ut
752 3404 925 3458 neque
950 3388 1081 3458 ipsa:
1102 3389 1236 3444 citra
1261 3389 1692 3445 observationem
1715 3388 1865 3442 fiant.
1892 3388 1998 3443 Sed
2026 3389 2255 3458 primum

669 3481 883 3551 quidem
910 3483 991 3537 eis
1019 3491 1255 3549 aetatem,
1280 3498 1453 3551 neque
1475 3482 1742 3537 novellam
1765 3496 1906 3547 esse,
1938 3496 2112 3549 neque
2139 3496 2258 3536 cre-

668 3584 933 3639 scentem,
958 3591 1023 3630 ne
1058 3576 1157 3630 hac
1185 3574 1469 3630 occasione
1492 3574 1909 3644 delinquendum
1947 3574 2252 3643 prosiliant,

667 3669 761 3725 sed
783 3684 946 3741 super
969 3668 1198 3724 inediam
1229 3669 1547 3723 constitutas
1576 3677 1809 3733 aatatem,
1841 3676 1898 3723 et
1928 3668 2068 3722 circa
2093 3667 2251 3736 quin-

669 3762 925 3835 quaginta
954 3776 1123 3816 annos
1172 3762 1467 3817 secundum
1517 3760 1725 3815 divinas
1756 3759 1967 3829 regulas
2014 3768 2256 3830 agentes.

669 3855 868 3927 Sicque
895 3870 1101 3910 sacram
1132 3854 1431 3924 promereri
1458 3852 1857 3909 ordinationem
1901 3860 1994 3908 aut
2023 3852 2258 3924 virgines

672 3951 1014 4017 constitutas,
1061 3957 1152 4004 aut
1179 3963 1300 4016 quae
1330 3948 1487 4002 unius
1515 3948 1613 4001 viri
1658 3947 1868 4002 fuerant
1893 3962 2104 4002 uxores.
2142 3949 2257 4002 Non

675 4040 818 4097 enim
871 4040 1229 4109 permittimus
1281 4055 1452 4109 neque
1512 4040 1775 4094 secundas
1821 4039 2257 4094 contrahentibus
2364 4039 2487 4077 "1"“
2515 4039 2716 4114 “‘15:”
2738 4039 2804 4060 αυ
2835 4039 3119 4114 "uua-sl:-
3166 4039 3463 4114 ucpuuctui
3516 4039 3820 4114 lanuuiis”:

679 4132 916 4199 nuptias,
970 4146 1143 4200 neque
1172 4132 1335 4186 vitam
1367 4147 1473 4186 non
1526 4132 1846 4188 habentibus
1888 4134 1967 4199 (ut
1995 4131 2253 4202 diximus)
2364 4116 2539 4170 neque
2566 4101 2761 4202 θίῖυδθδ
2791 4102 3046 4202 compca}
3075 4102 3193 4202 ﬁeri
3224 4104 3291 4158 de
3318 4113 3520 4202 c‘f’mrf’
3548 4094 3839 4202 ’é'eﬁen‘l‘ssfj

668 4223 1229 4294 irreprehensibilem,
1275 4224 1532 4293 omnique
1578 4223 1885 4292 suspicione
1933 4222 2155 4277 liberam
2187 4221 2255 4276 ad

2243 4193 2255 4275 ι
2362 4209 2572 4251 morum
2591 4195 2907 4250 clericorum
2933 4195 3321 4252 ordinationes.
3347 4196 3503 4264 Quod
3526 4196 3653 4253 enim
3673 4193 3839 4246 hactenus

669 4331 881 4374 sacrum
908 4315 1096 4370 venire
1124 4315 1461 4385 mysterium,
1513 4324 1567 4369 et
1605 4315 1897 4369 adorandis
1950 4314 2257 4369 ministrare

2244 4328 2257 4369 ε
2362 4300 2574 4360 gestum
2611 4299 2717 4353 est,
2751 4289 2877 4346 licet
2902 4291 3097 4361 corrigi
3124 4300 3424 4361 oporteret,
3474 4300 3680 4346 attamen
3704 4288 3840 4355 ριόριεῐ

671 4410 1104 4482 baptismatibus,
1150 4417 1204 4463 et
1232 4408 1353 4463 aliis
1382 4408 1574 4462 adesse
1603 4409 1827 4463 secretis
1860 4421 1982 4475 qua:
2017 4406 2067 4459 in
2096 4420 2257 4461 vene-

2243 4434 2257 4445 ,
2365 4392 2579 4453 tempus
2606 4380 2858 4437 sinimus.
2887 4380 2965 4437 De
3006 4393 3205 4437 caetero
3233 4393 3411 4439 autem
3446 4398 3547 4439 non
3588 4386 3756 4451 propter
3783 4372 3839 4425 hoc

670 4472 929 4563 rabilibus
961 4472 1276 4557 ministeriis
1327 4517 1419 4569 per
1465 4515 1557 4555 eas
1582 4500 1680 4554 rite
1734 4472 1980 4568 aguntur.
2029 4497 2086 4551 Si
2132 4512 2258 4551 vero

2241 4512 2258 4551 ,
2364 4478 2501 4541 fieri,
2537 4489 2709 4544 neque
2735 4473 2801 4528 ad
2831 4473 3088 4530 damnum
3120 4476 3575 4532 sanctissimarum
3595 4472 3837 4528 ecclesiarum

672 4596 914 4666 quaedam
967 4594 1260 4649 necessitas
1307 4594 1426 4657 fiat,
1481 4599 1535 4646 et
1580 4591 1841 4647 minorem
1875 4590 1942 4643 ab
1973 4587 2071 4643 hac
2100 4598 2257 4643 aetate

2242 4603 2257 4643 δ
2292 4613 2339 4672 D
2367 4569 2552 4622 venire
2579 4566 2872 4623 sancimus.
2909 4568 3254 4640 Quaecunque
3287 4571 3443 4640 igitur
3474 4556 3838 4641 oportebatdelJli

671 4706 830 4761 quam
853 4688 1088 4744 diximus
1112 4685 1349 4742 ordinari
1376 4685 1732 4745 diaconissam
1764 4681 2071 4752 contigerit,
2101 4682 2259 4736 liceat

2243 4689 2259 4736 ι
2292 4659 2334 4672 “’
2367 4659 2530 4716 modo
2573 4661 2624 4716 in
2656 4662 2991 4716 sanctissima
3041 4662 3245 4733 majore
3282 4664 3509 4719 ecclesia
3550 4660 3684 4731 hujus
3719 4660 3839 4709 nostra

670 4797 790 4839 eam
824 4783 876 4837 in
907 4782 1087 4852 aliquo
1115 4778 1502 4836 venerabilium
1535 4777 1923 4833 asceteriorum
1970 4772 2256 4839 destinari,

2240 4815 2256 4839 ν
2369 4754 2532 4825 regiae
2560 4754 2820 4821 civitatis,
2852 4764 2908 4810 et
2931 4758 3031 4811 sub
3064 4769 3128 4810 ea
3154 4757 3460 4812 constitutis
3487 4754 3772 4810 sanctissimis
3787 4756 3836 4794 ec-

673 4877 729 4935 in
756 4892 865 4947 quo
889 4876 1129 4931 habitare
1159 4876 1328 4944 possit
1359 4886 1693 4942 nequaquam
1724 4869 1949 4923 admista
1983 4868 2135 4932 viris,
2166 4881 2260 4921 ne-

2241 4836 2260 4907 ;
2368 4847 2569 4915 etesiis,
2602 4855 2657 4902 et
2686 4848 2822 4911 aliis,
2851 4863 2970 4916 quae
2994 4848 3079 4902 hic
3108 4856 3254 4915 sunt,
3287 4848 3426 4915 ﬁeri,
3454 4849 3562 4904 haec
3589 4839 3758 4915 speciali
3773 4836 3837 4899 lese

670 4930 789 5043 qui;
809 4985 908 5026 suo
940 4971 1190 5024 habitans
1218 4965 1463 5029 arbitrio,
1496 4963 1589 5017 sed
1621 4962 1747 5015 vita:
1776 4968 2039 5028 separata:
2064 4966 2119 5011 ct
2146 4972 2261 5012 mo-

2241 4987 2261 4998 -
2369 4944 2638 5015 complexi
2687 4959 2894 4999 sumus.
2944 4945 3000 4999 In
3031 4943 3281 5000 omnibus
3305 4954 3483 4999 autem
3526 4930 3837 5043 qualorissttol

672 5015 860 5121 destitre
889 5078 919 5117 a
942 5059 1279 5117 convenienti
1308 5054 1644 5111 multitudine
1666 5054 1865 5108 b0uum
1895 5049 2259 5105 testimonium

2243 5064 2259 5102 ι
2369 5036 2502 5092 locis
2545 5036 2836 5101 sauciatus,
2866 5036 2909 5090 si
2946 5035 3063 5105 quis
3090 5050 3211 5089 cum
3240 5037 3515 5090 constituit
3537 5034 3597 5088 ab
3631 5026 3747 5083 initio
3764 5015 3839 5072 adi'

676 5156 907 5214 habens.
936 5154 1198 5209 Volumus
1238 5158 1418 5205 autem
1448 5156 1503 5202 et
1543 5147 1686 5216 ipsas
1714 5160 1833 5215 quae
1865 5141 1931 5195 ad
1961 5140 2259 5197 ordinatio-

2238 5171 2259 5181 -
2365 5130 2529 5186 ﬁcare
2558 5131 2872 5195 ecclesiam,
2906 5130 3152 5185 deﬁnivit
3180 5130 3589 5185 ordinandorum
3612 5124 3834 5180 mensuram,

672 5211 796 5309 nem
821 5246 1184 5319 perducuntur
1212 5211 1579 5303 diaconissas,
1602 5237 1715 5291 sive
1732 5211 1799 5290 ex
1829 5232 2112 5297 viduitate,
2145 5230 2262 5285 sive
2367 5223 2966 5339 lanquamrsecundum
2988 5237 3108 5278 eam
3156 5236 3424 5339 expensas
3453 5211 3837 5339 constituen's'zgilljj

678 5308 746 5398 ex
761 5308 1092 5411 virginitate,
1121 5352 1230 5390 non
1250 5348 1371 5389 cum
1401 5331 1583 5401 aliquo
1607 5327 1907 5388 cohaerere,
1937 5332 2032 5378 aut
2062 5337 2261 5392 cogna-
2364 5319 2512 5388 prius
2539 5314 2776 5371 ordinari
2806 5329 3128 5411 quemquam
3157 5315 3212 5369 in
3252 5314 3438 5369 eadem
3463 5308 3686 5394 ecclesia.
3712 5308 3814 5411 1115!."

675 5396 890 5497 torum”,
941 5440 1035 5486 aut
1077 5396 1262 5485 eorum
1289 5439 1425 5496 quos
1453 5396 1729 5491 appellant
1769 5416 1997 5471 dilectos
2042 5412 2261 5482 (talibus
2369 5425 2648 5465 numerum
2688 5424 2719 5461 a
2763 5407 3029 5477 principio
3078 5405 3356 5461 definitum
3407 5407 3518 5476 ejus
3565 5396 3837 5497 menso-ﬁll:

674 5486 1174 5584 nominibus
1206 5486 1439 5581 utentes,
1479 5486 1711 5580 maligna
1757 5509 2067 5579 suspicione
2111 5521 2260 5561 suam
2374 5502 2605 5574 digatur.
2652 5502 2708 5557 Si
2736 5516 2865 5556 vero
2896 5502 2999 5556 hoc
3030 5515 3135 5555 non
3176 5500 3383 5567 fecerit,
3419 5503 3524 5571 ipsa
3563 5508 3671 5552 vero
3692 5486 3837 5583 civitatis

674 5620 884 5687 replent
903 5615 1111 5686 vitam),
1136 5612 1229 5668 sed
1253 5619 1343 5666 aut
1362 5608 1491 5665 solre
1514 5606 1779 5668 habitent,
1801 5612 1893 5656 aut
1918 5617 2039 5657 cum
2068 5614 2264 5669 paren-
2376 5596 2603 5653 ecclesia
2634 5597 2907 5649 ministrat
2934 5594 3292 5649 emolumenta
3313 5633 3327 5657 ,
3356 5605 3411 5649 et
3436 5593 3529 5648 sibi
3557 5584 3837 5687 etaliiseccf

672 5675 820 5767 tibus
848 5709 1006 5775 solis,
1037 5675 1279 5770 et'filiis,
1310 5711 1404 5757 aut
1432 5717 1559 5756 vere
1587 5696 1875 5762 fratribus,
1901 5703 1996 5749 aut
2033 5706 2152 5747 cum
2185 5693 2267 5747 his
2376 5692 2493 5755 siis,
2530 5702 2657 5745 tunc
2690 5704 2796 5743 non
2828 5698 3129 5758 promptum
3158 5689 3229 5743 sit
3258 5703 3452 5759 augere
3481 5687 3548 5741 illi
3571 5678 3763 5775 clericos“.

675 5800 748 5857 de
776 5800 966 5867 quibus
992 5752 1039 5851 si
1071 5799 1193 5866 quis
1215 5752 1476 5863 sdspicari
1500 5788 1696 5858 aliquid
1725 5784 2130 5856 praesumpserit
2153 5800 2267 5838 ma-
2378 5802 2482 5859 que
2513 5794 2730 5855 propter
2760 5784 2971 5854 aliquas
3001 5782 3138 5838 forte
3168 5782 3561 5852 compassiones
3601 5781 3683 5867 aut.
3713 5752 3835 5867 bruti:

686 5854 1957 5962 lignum,ipseinsipiens-simuletinipiusforsan
1978 5876 2262 5947 putabitur.
2379 5854 2464 5935 cia
2508 5893 2576 5935 ex
2618 5854 2725 5933 hoc
2769 5876 3232 5949 eamsumptibus
3278 5883 3611 5948 praegravare.
3649 5862 3735 5919 Non
3764 5854 3834 5906 sum
