4042 6348
184 374 284 438 937

959 373 1336 440 JUSTINIANI
1377 377 1724 437 NOVELLE
1763 377 2122 438 SELECTE.
2165 374 2482 436 NOVELLA
2508 379 2622 438 VII.

3341 374 3446 439 938

183 495 326 548 enim
355 492 470 548 haec
500 493 606 562 pia,
641 507 813 563 neque
837 494 1210 550 sacerdotibus
1236 494 1415 564 digna,
1449 495 1542 549 sed
1581 510 1648 549 ex
1678 495 1760 548 his
1787 496 1838 555 Α
1866 494 1966 549 hoc
2016 494 2284 564 adjectum
2339 506 2440 551 est.
2500 496 2567 551 Et
2612 505 2701 550 tua
2748 507 2962 566 quoque
3013 494 3272 551 celsitudo
3323 497 3439 554 haec

181 599 302 654 quae
329 583 589 638 Dominus
615 582 756 638 Deus
786 583 1010 650 dederit,
1045 599 1163 653 qua:
1191 584 1460 653 possibilia
1492 594 1634 646 sunt,
1666 582 1761 636 ad-

180 674 514 738 ministrare,
545 682 637 726 aut
663 674 931 742 antiquam
967 690 1289 729 conservare
1315 674 1760 730 consuetudinem

179 767 317 821 nihil
351 767 561 833 penitus
591 767 952 822 i'nnovantem.
988 768 1137 824 Unde
1178 769 1435 836 competit
1479 770 1585 823 Deo
1615 783 1762 822 ama-

179 855 318 911 biles
345 856 673 924 patriarchas
699 867 750 911 et
772 859 1209 927 metropolitanus
1235 859 1388 928 hujus
1419 860 1616 914 habere
1643 874 1766 928 pro-

182 953 497 1018 videntiam,
549 963 602 1008 et
645 968 738 1008 eos
770 954 982 1022 quidem
1031 955 1119 1024 qui
1151 954 1410 1009 hactenus
1439 963 1561 1007 sunt
1590 957 1767 1009 sinere

139 1115 148 1122 ⁸
181 1046 240 1100 in
277 1045 548 1100 schemate
582 1045 635 1100 in
664 1061 769 1116 quo
799 1055 924 1099 sunt
952 1047 1195 1101 clericos.
1228 1047 1398 1100 Metiri
1426 1059 1555 1100 vero
1585 1047 1769 1100 unius-

179 1137 442 1206 cujusque
467 1137 709 1192 ecclesia:
735 1137 1038 1203 facultates,
1070 1146 1123 1192 et
1153 1138 1225 1191 ita
1248 1138 1388 1206 ipsos
1416 1152 1626 1204 quoque
1648 1151 1772 1191 san-

177 1227 453 1282 ctissimos
482 1228 808 1296 patriarchas
839 1233 938 1282 sub
968 1243 1026 1283 se
1054 1230 1370 1286 constitutas
1391 1228 1645 1282 ecclesias
1675 1243 1768 1281 or-

181 1319 395 1383 dinare,
441 1328 494 1374 et
523 1322 960 1389 metrepolitanos
1009 1320 1110 1375 hoc
1157 1321 1328 1388 ipsum
1360 1335 1390 1372 a
1419 1321 1770 1375 sanctissimis

181 1411 507 1481 patriarchis
537 1411 890 1466 commonitos
914 1411 1113 1477 facere,
1144 1411 1262 1466 illos
1287 1421 1460 1465 autem
1495 1412 1626 1464 alios
1655 1427 1766 1464 om-

185 1521 287 1559 nes
305 1505 404 1558 sub
427 1519 485 1559 se
505 1505 704 1574 positos
730 1506 1010 1573 episcopos
1031 1504 1096 1558 ad
1121 1519 1421 1559 mensuram
1446 1505 1584 1557 hanc
1604 1502 1772 1557 dedu-

169 1586 330 1663 'cere,
355 1607 408 1650 et
423 1596 642 1651 studere
664 1611 768 1651 non
797 1596 1221 1666 ultraexpensas
1248 1597 1424 1651 facere
1439 1595 1759 1649 clericorum

182 1687 576 1743 ordinationes.
611 1687 822 1743 Scimus
853 1688 993 1743 enim
1043 1698 1173 1758 quot
1221 1687 1568 1742 sanctissimae
1601 1688 1745 1741 eccle

183 1779 281 1835 sim
314 1791 529 1850 propter
568 1781 705 1835 hanc
733 1780 1120 1835 ordinationem
1161 1789 1215 1833 et
1255 1779 1392 1832 alias
1418 1791 1768 1846 expensarum

183 1871 474 1929 effusiones
503 1874 688 1942 inopes
719 1873 869 1928 factae
898 1882 1040 1928 sunt.

260 1962 324 2016 Et
348 1963 468 2031 quia
498 1963 702 2032 aliquas
726 1978 908 2017 earum
931 1963 1016 2015 vix
1050 1961 1282 2031 quidem,
1310 1969 1488 2015 tamen
1517 1959 1767 2014 liberavi~

191 2068 333 2118 mus,
363 2055 606 2122 quaedam
635 2070 763 2109 vero
790 2055 966 2109 adhuc
998 2062 1230 2109 onerat-.e
1255 2054 1435 2122 jacent
1463 2069 1530 2108 ex
1563 2053 1650 2106 tali
1677 2053 1774 2107 ele-

206 2147 318 2200 vari
343 2148 588 2217 angustia
634 2163 742 2212 non
783 2149 1048 2214 valentes,
1081 2147 1308 2216 ideoque
1335 2147 1435 2200 hoc
1457 2145 1773 2214 provideant

187 2238 508 2292 sanctissimi
543 2238 882 2306 patriarchas,
932 2247 986 2292 et
1031 2238 1454 2307 metropolitani,
1480 2247 1534 2292 et
1580 2237 1772 2307 reliqui

189 2328 300 2384 Deo
324 2332 584 2386 amabiles
611 2331 870 2402 episcOpi,
902 2343 963 2388 ut
986 2342 1041 2388 et
1069 2348 1166 2388 nos
1193 2348 1313 2403 qua:
1343 2333 1410 2387 ab
1435 2333 1514 2386 eis
1542 2341 1773 2401 aguntur

189 2419 478 2488 discentes,
527 2423 885 2491 approbemus
931 2439 1023 2477 eos
1069 2424 1159 2492 qui
1213 2431 1450 2477 nostram
1504 2422 1673 2491 legem
1717 2422 1773 2477 in

190 2511 384 2567 litteris
410 2515 632 2582 positam
652 2514 792 2582 apud
815 2516 1131 2584 semetipsos
1151 2514 1776 2583 ostenderunt,operibus

205 2608 506 2676 adimpleri.
539 2609 666 2674 Quae
682 2610 842 2680 igitur
859 2625 887 2663 a
913 2610 1068 2664 nobis
1091 2610 1292 2663 sancita
1315 2619 1458 2675 sunt,
1482 2621 1537 2664 et
1562 2625 1773 2666 sacrum

200 2698 442 2752 ordinem
463 2709 765 2766 statumque
776 2700 1080 2757 custodiunt
1102 2702 1393 2757 secundum
1407 2717 1678 2758 sacrarum
1697 2720 1773 2761 re-

192 2787 314 2856 gula
324 2804 437 2840 rum
457 2789 884 2846 observationem
901 2803 953 2846 et
967 2804 1226 2858 tenorem,
1247 2795 1314 2850 de
1329 2805 1530 2850 caetero
1543 2811 1765 2852 conser-

191 2883 322 2932 vent
343 2879 808 2948 perpetueintegra
824 2893 879 2936 et
893 2884 1213 2944 sanctissimi
1246 2886 1565 2955 patriarcha:
1598 2887 1772 2942 unius-

191 2969 450 3038 cujusque
466 2971 783 3038 dimceseos,
811 2983 864 3028 et
883 2976 989 3030 Deo
1007 2977 1262 3033 amabiles
1282 2978 1696 3054 metropolitani,
1721 2989 1776 3034 et

196 3061 382 3130 reliqui
417 3061 848 3119 reverendissimi
875 3066 1132 3137 episcOpi,
1164 3078 1324 3138 atque
1350 3070 1552 3135 clerici,
1579 3070 1776 3139 ubique

195 3155 289 3212 Dei
321 3156 579 3211 culturam
612 3167 664 3211 et
691 3174 896 3213 sacrant
931 3160 1268 3229 disciplinam
1299 3163 1662 3219 custodientes
1695 3164 1774 3217 in-

1801 1865 1849 1923 B

1867 587 2043 640 sciens
2073 602 2173 640 una
2202 601 2322 641 cum
2348 601 2560 654 semper
2583 586 2913 653 suscepturis
2934 585 3114 642 sedem
3147 596 3290 641 tuam
3325 588 3441 644 hinc

1866 692 2081 733 servare
2105 677 2336 733 festinet.
2366 677 2432 731 Et
2452 676 2497 730 si
2518 676 2886 731 denuntiatum
2910 676 3109 744 aliquid
3137 676 3312 744 fuerit,
3339 677 3448 734 tale

1867 771 2121 825 delictum
2166 771 2462 840 prohibeat,
2495 771 2796 825 etmaxime
2819 784 3146 839 quaecunque
3172 770 3446 826 inordina~

1871 864 2104 918 tionibus
2148 863 2426 917 curialium
2473 862 2555 917 vel
2605 860 2912 915 ofﬁcialinm
2967 861 3243 916 interdicta
3297 872 3445 918 sunt.

1868 953 2085 1008 Nuntiet
2136 964 2313 1008 autem
2365 953 2527 1008 etiam
2581 953 2763 1022 nobis,
2809 961 2866 1006 ut
2916 952 3110 1008 decens
3161 969 3320 1022 super
3370 954 3450 1008 eis

1871 1046 2180 1114 imponatur
2231 1047 2494 1100 correctio
2515 1055 2547 1110 ,‘
2589 1054 2770 1099 utatur
2815 1059 3028 1114 quoque
3071 1046 3350 1114 prteceptis
3380 1045 3447 1099 ad

1871 1139 2195 1192 clarissimos
2243 1139 2632 1205 provinciarum
2675 1137 2905 1207 judices,
2954 1146 3012 1191 ut
3054 1146 3108 1191 et
3146 1137 3278 1206 ipsi,
3329 1152 3449 1205 quae

1875 1229 2007 1282 fiunt
2049 1229 2393 1297 inspicientes
2424 1243 2531 1282 non
2559 1229 2869 1297 permittant
2907 1229 3107 1298 aliquid
3135 1238 3285 1283 extra
3317 1228 3450 1292 hoc,

1873 1323 2010 1391 quod
2043 1336 2071 1374 a
2097 1324 2249 1377 nobis
2277 1323 2623 1378 constitutum
2654 1332 2754 1388 est,
2787 1322 2900 1377 fieri
2937 1341 2948 1374 :
2981 1320 3279 1376 imminebit
3307 1321 3452 1374 enim

1875 1415 1952 1469 eis
1996 1423 2050 1468 et
2102 1429 2255 1481 paena
2314 1413 2548 1483 quinque
2600 1414 2854 1468 librarum
2906 1413 3040 1476 auri,
3084 1411 3348 1481 siquidem
3401 1420 3457 1466 et

1874 1507 1975 1574 ipsi
2024 1507 2360 1573 prtevaricari
2415 1506 2660 1560 videntes
2707 1521 2813 1559 non
2859 1504 3314 1567 denuntiaverint,
3365 1511 3458 1556 aut

1874 1599 1988 1650 sedi
2021 1605 2147 1663 tuae,
2192 1607 2284 1656 aut
2313 1597 2562 1666 imperio,
2615 1607 2672 1651 ut
2719 1598 2951 1667 undique
2999 1598 3196 1652 decens
3239 1606 3460 1652 ornatus

1874 1688 2225 1743 ordinationis
2265 1689 2450 1758 gradui
2495 1697 2860 1746 conservetur.
2903 1688 3113 1758 Scripta
3151 1703 3272 1742 cum
3302 1687 3452 1758 adje-

1873 1780 2051 1836 ctionc
2081 1782 2366 1835 dominica.

2436 1918 2753 1974 NOVELLA
2793 1918 2901 1974 Vll.

1875 2029 1955 2084 De
1982 2048 2082 2085 non
2112 2032 2398 2103 alienandis
2435 2043 2521 2085 aut
2561 2036 2912 2103 permutandis
2937 2037 3082 2089 rebus
3113 2038 3463 2092 ecclesiasticis

1949 2102 2313 2168 immobilibus,
2366 2113 2454 2156 aut
2497 2102 2568 2156 in,
2599 2107 2871 2170 specialem
2915 2107 3248 2175 hypotltecam
3279 2110 3464 2162 dandis

1947 2174 2314 2240 creditoribus,
2350 2175 2436 2226 sed
2468 2184 2521 2227 ut
2556 2177 2822 2245 sufﬁciant
2853 2174 3112 2246 generales
3146 2179 3461 2249 hypothecw.

1949 2307 2243 2374 Imperator
2271 2307 2604 2362 Justinianus
2642 2308 2911 2379 Augustus
2939 2311 3238 2380 Epiphanio
3285 2314 3462 2367 archi-

1875 2397 2149 2466 episcopo,
2189 2407 2242 2451 et
2282 2399 2600 2466 patriarchae
2636 2397 3242 2472 Constantinopolitano.

1951 2495 2116 2545 Unam
2143 2491 2490 2546 intentionem
2515 2491 2651 2547 hanc
2673 2508 2887 2563 semper
2908 2496 3279 2565 proponimus,
3302 2511 3465 2552 omne

1876 2583 2132 2652 quidquid
2166 2587 2312 2652 prius
2335 2585 2704 2654 imperfectum
2731 2598 2822 2642 aut
2849 2590 3128 2645 confusum
3155 2590 3460 2660 videbatur,

1876 2675 1979 2729 hoc
1999 2685 2052 2729 et
2074 2690 2396 2746 expurgare,
2421 2688 2475 2732 et
2506 2679 2800 2746 perfectum
2842 2696 2906 2735 ex
2946 2681 3257 2750 imperfecto
3285 2684 3465 2740 decla-
3539 2751 3542 2753 _

1879 2784 2020 2833 rare,
2045 2770 2186 2838 quod
2217 2770 2375 2824 etiam
2401 2771 2453 2826 in
2483 2773 2627 2825 omni
2657 2773 2994 2842 legislatinne
3031 2774 3315 2841 facientes,
3344 2790 3461 2831 cre-

1877 2863 2052 2918 dimus
2079 2873 2327 2932 oportere
2357 2873 2412 2919 et
2437 2864 2489 2918 in
2511 2865 2922 2922 alienationibus
2942 2908 2957 2930 ,
2987 2883 3106 2937 quae
3150 2869 3283 2922 fiunt
3306 2884 3460 2937 super

1878 2957 2048 3009 sacris
2074 2956 2236 3010 rebus
2267 2971 2368 3010 una
2415 2958 2695 3026 complecti
2728 2960 2871 3028 lege,
2903 2975 3020 3026 qua:
3049 2961 3251 3029 priores
3281 2977 3468 3015 omnes

1877 3058 1933 3102 et
1961 3056 2204 3112 renovet,
2236 3057 2291 3102 et
2314 3049 2586 3114 emendet,
2633 3059 2688 3103 et
2733 3049 2875 3118 quod
2920 3052 3072 3105 deest
3123 3052 3360 3120 adjiciat,
3413 3064 3469 3106 et

1878 3143 2016 3208 quod
2049 3140 2374 3210 superﬂuum
2419 3150 2519 3202 est.
2569 3140 2867 3196 abscindat.
2908 3142 2954 3194 A
2995 3143 3177 3197 Leone
3202 3143 3465 3210 siquidem

201 3247 485 3314 violatam,
529 3252 709 3320 patria},
734 3251 1047 3308 imminente
1091 3253 1189 3308 ista
1235 3257 1622 3324 praevaricanti,
1673 3272 1780 3326 quo

1887 3235 2042 3289 bona:
2087 3235 2380 3299 memoriae,
2414 3234 2504 3305 qui
2539 3243 2657 3303 post
2692 3234 3095 3289 Constantinum
3127 3236 3230 3304 pim
3259 3251 3467 3290 memo-

196 3339 408 3408 penitus
435 3339 642 3394 alienus
670 3343 738 3395 sit
767 3358 797 3396 a
828 3342 960 3410 Deo,
990 3353 1044 3399 et
1075 3345 1326 3415 imposito
1355 3347 1458 3402 sibi
1488 3347 1778 3403 sacerdotii

198 3432 407 3487 ordine.
429 3431 559 3486 Nam
585 3434 730 3488 velut
750 3435 998 3506 indignus
1018 3437 1120 3493 ltoc
1140 3439 1462 3495 excluditur.
1488 3440 1778 3496 Licentiam

193 3536 322 3576 vero
337 3523 598 3593 universis
611 3526 818 3590 damus,
834 3529 1194 3598 cujuscunque
1211 3540 1335 3585 sunt
1354 3531 1538 3596 officii,
1559 3533 1646 3587 vel
1660 3548 1781 3588 con-

197 3617 536 3681 versationis,
561 3619 964 3688 respicientibus
981 3623 1180 3692 aliquid
1205 3625 1391 3679 horum
1420 3626 1779 3695 pracvaricari,

200 3709 448 3764 nuntiare
476 3712 628 3766 nobis
656 3722 709 3767 et
731 3713 797 3768 ad
830 3715 1138 3783 imperium,
1170 3718 1313 3786 quod
1342 3734 1555 3787 semper
1583 3727 1685 3784 est,
1719 3730 1779 3774 ut

195 3813 314 3863 nos,
339 3803 428 3870 qui
464 3801 564 3855 hoc
592 3803 882 3857 secundum
914 3820 1184 3860 sacrarum
1235 3808 1534 3877 regularum
1583 3811 1767 3879 expla-

197 3895 467 3949 nationem
512 3897 969 3967 apostolicamque
1004 3899 1344 3954 traditionem
1375 3902 1778 3968 constituimus,

206 3985 492 4042 decentem
526 3988 686 4043 etiam
718 3990 1136 4058 indignationem
1170 3995 1664 4068 przevaricatoribus
1695 3998 1779 4051 in-

201 4077 457 4148 feramus,
489 4081 742 4136 videlicet
774 4082 858 4136 his
882 4084 1040 4137 etiam
1063 4101 1181 4154 quae
1219 4086 1422 4141 sancita
1465 4097 1588 4142 sunt
1609 4103 1640 4142 a
1675 4103 1773 4144 no-

200 4169 286 4224 bis
328 4171 395 4225 de
443 4171 845 4228 haereditatibus
896 4175 1002 4230 Deo
1050 4176 1359 4232 amabilium
1406 4177 1776 4249 episcoporum

198 4261 584 4316 custodiendis.
617 4263 952 4320 Sanctissimi
1005 4280 1136 4320 sane
1167 4267 1491 4335 patriarchae
1521 4270 1778 4326 uniuscu-

192 4351 388 4424 jusque
430 4353 730 4409 dioeceseos
759 4356 873 4410 haec
903 4370 1206 4426 proponant
1235 4359 1288 4413 in
1319 4361 1563 4418 ecclesiis
1591 4365 1690 4420 sub
1719 4380 1778 4419 se

200 4445 528 4510 constitutis,
559 4455 614 4500 et
643 4446 924 4502 manifesta
951 4447 1148 4506 faciant
1175 4451 1284 4506 Deo
1313 4454 1632 4511 amabilibus
1658 4473 1776 4512 me-

197 4536 554 4606 tropolitanis,
589 4554 707 4607 quas
732 4554 761 4592 a
791 4540 946 4593 nobis
974 4542 1263 4597 constituta
1287 4554 1432 4599 sunt.
1462 4546 1540 4600 Illi
1563 4563 1776 4620 quoque

1889 3330 1983 3384 riae
2007 3327 2306 3383 Christiana
2337 3329 2440 3383 lide
2472 3328 2612 3383 inter
2637 3339 2860 3384 caeteros
2892 3330 3240 3399 imperatores
3271 3329 3468 3399 princi-

1888 3433 2068 3494 patum
2123 3426 2306 3489 auxit,
2359 3435 2414 3480 et
2472 3427 2750 3480 constituit
2793 3441 3067 3481 sacrarum
3115 3428 3464 3484 ecclesiarum

1888 3522 2142 3575 honorem
2167 3529 2220 3575 et
2241 3520 2576 3589 disciplinam
2603 3520 2820 3588 scripta,
2865 3520 2951 3576 lex
2991 3529 3074 3576 est
3094 3520 3162 3576 de
3191 3521 3468 3576 alienatio-

1886 3613 2043 3672 nibus
2070 3612 2448 3667 ecclesiasticis
2475 3611 2722 3668 conclusa
2745 3613 2797 3666 in
2825 3613 2936 3666 sola
2960 3611 3116 3681 hujus
3145 3612 3466 3667 felicissima

1886 3702 2115 3758 civitatis
2166 3703 2498 3757 sanctissima
2549 3701 2752 3770 majore
2799 3700 3044 3756 ecclesia.
3098 3702 3162 3756 Et
3187 3701 3467 3757 laudamus

1886 3794 2110 3864 plurima
2141 3793 2300 3863 hujus
2325 3795 2456 3862 legis
2477 3808 2598 3847 cum
2621 3793 2766 3847 omni
2789 3792 3121 3848 vehementia
3152 3804 3205 3848 et
3232 3793 3328 3848 Dei
3354 3795 3440 3847 cul

1885 3897 2003 3940 tura
2026 3889 2219 3956 posita.
2253 3887 2359 3941 Sed
2391 3900 2456 3941 eo
2495 3887 2636 3954 quod
2670 3900 2774 3939 non
2811 3886 3130 3954 generaliter
3171 3887 3342 3955 posita
3373 3887 3466 3951 sit,

1885 3979 1938 4034 in
1967 3978 2233 4044 omnibus,
2266 3978 2505 4050 indigere
2534 3977 2696 4034 etiam
2729 3992 2846 4032 eam
2871 3978 3097 4046 quadam
3130 3981 3468 4034 correctione

1882 4069 2173 4125 credimus.
2200 4070 2282 4124 Ab
2305 4070 2588 4125 Anastasio
2610 4083 2820 4140 quoque
2843 4069 2942 4137 piae
2973 4071 3245 4126 memoriae
3267 4071 3464 4141 scripta

1882 4162 2128 4234 quaedam
2155 4163 2222 4217 de
2249 4163 2443 4218 talibus
2490 4163 2578 4218 lex
2606 4173 2710 4230 est,
2758 4178 2928 4233 neque
2954 4164 3142 4220 similis
3181 4166 3366 4235 priori,
3415 4177 3471 4223 et

1881 4255 2100 4309 omnino
2145 4256 2320 4309 minus
2351 4255 2572 4319 habens,
2620 4254 2788 4311 effusa
2841 4271 3068 4326 namque
3117 4269 3170 4312 et
3207 4273 3304 4327 per
3349 4259 3469 4314 loca

1881 4346 2014 4402 foris
2044 4347 2239 4416 posita,
2274 4348 2619 4402 nihilominus
2649 4349 2844 4402 mansit
2867 4347 3198 4418 imperfecta,
3230 4365 3296 4404 eo
3322 4351 3463 4420 quod

1878 4441 1944 4494 ad
1973 4442 2144 4496 solum
2169 4443 2528 4497 sacerdotium
2563 4451 2618 4496 et
2649 4442 2905 4498 dimcesin
2935 4443 3207 4512 reSpiciat,
3260 4445 3465 4498 consti-

1882 4543 2046 4587 tutam
2074 4533 2174 4587 sub
2203 4535 2513 4588 beatissimo
2553 4534 2852 4602 patriarcha
2893 4534 3052 4603 hujus
3077 4537 3239 4602 regia:
3264 4543 3317 4590 et
3345 4535 3464 4591 feli-

197 4646 388 4687 ι-υι-ευε
417 4632 576 4686 etiam
608 4632 706 4702 ipsi
760 4645 1060 4702 proponam
1107 4636 1160 4689 in
1210 4639 1619 4707 meuopojjmna
1650 4657 1776 4698 san-
1805 4641 1860 4702 Β
1882 4625 2114 4678 cissima:
2143 4624 2396 4689 civitatis,
2420 4625 2551 4677 alias
2581 4633 2756 4676 autem
2781 4637 2968 4677 omnes
2999 4638 3102 4677 non
3134 4635 3465 4692 perscrutata

195 4722 432 4776 ctissima
462 4724 708 4791 ecclesia,
741 4733 796 4778 et
819 4727 1122 4780 constitutis
1155 4729 1254 4783 sub
1285 4746 1343 4783 se
1370 4732 1638 4800 episcOpis
1666 4736 1779 4792 lucc

198 4816 479 4872 manifesta
527 4817 741 4872 faciant.
790 4819 1005 4873 Illorum
1054 4835 1183 4875 vero
1211 4822 1404 4893 singuli
1454 4825 1506 4886 in
1560 4831 1772 4895 propria

197 4911 426 4969 ecclesia
448 4912 562 4965 haec
594 4924 912 4980 proponant,
941 4919 1000 4967 ut
1029 4913 1204 4966 nullus
1236 4916 1286 4967 in
1321 4926 1502 4970 nostra
1535 4918 1773 4986 republi-

198 5020 263 5058 ca
295 5004 521 5072 ignoret,
547 5019 662 5072 quae
691 5019 720 5056 a
755 5004 906 5059 nobis
932 5005 999 5059 ad
1031 5007 1288 5060 honorem
1321 5016 1377 5061 et
1420 5009 1771 5078 magnificen-

193 5097 329 5150 tiam
355 5096 527 5165 magni
544 5095 638 5150 Dei
654 5095 1012 5151 etSalvatoris
1038 5096 1346 5153 nostriJesu
1377 5097 1576 5154 Christi
1593 5101 1775 5172 dispo-

193 5191 298 5242 sita
328 5199 469 5245 sunt.
490 5191 711 5259 Insuper
731 5205 958 5260 sequens
981 5192 1094 5245 haec
1117 5200 1203 5246 tua
1226 5193 1479 5248 sanctitas
1502 5195 1770 5262 omnibus,

194 5282 287 5351 qui
337 5282 434 5336 sub
463 5297 525 5335 ea
579 5293 723 5348 sunt,
778 5282 1132 5336 sanctissimis
1183 5284 1612 5353 metropolitanis
1660 5285 1777 5340 haec

195 5372 361 5428 faciat
380 5374 657 5428 manifesta
693 5373 941 5428 universo
965 5383 1204 5444 tempore
1228 5378 1480 5432 tenenda.
1507 5378 1773 5448 Scriptum

196 5466 472 5534 exemplar
505 5466 804 5536 Epiphanio
857 5467 1199 5522 sanctissimo
1227 5471 1628 5541 archiepisc0po
1668 5488 1776 5528 ma-

196 5574 318 5630 gnte
333 5559 494 5629 hujus
520 5570 574 5615 et
595 5561 749 5614 almae
777 5562 942 5616 urbis.
962 5562 1231 5632 Scriptum
1257 5568 1535 5633 exemplar
1557 5570 1780 5625 sanctis-

196 5652 336 5706 simo
365 5654 770 5722 archiepiscopo
817 5653 1333 5727 Hierosolymorum.
1386 5659 1653 5728 Scriptum
1687 5678 1780 5716 ex-

196 5748 405 5813 emplar
431 5747 620 5801 Juanni
647 5748 761 5801 viro
800 5747 1187 5816 gloriosissimo
1217 5749 1472 5819 praefecto
1504 5766 1776 5809 sacrorum

196 5837 568 5908 prmtoriorum
601 5839 836 5893 secundo
855 5842 1145 5897 exconsule
1165 5850 1218 5898 et
1240 5841 1471 5912 patritio,
1503 5844 1591 5901 cui
1617 5847 1777 5902 etiam

477 5957 748 6014 PATROL.
795 5955 1052 6016 LXXII.

1888 4714 2066 4777 sedes,
2095 4729 2214 4768 cum
2256 4713 2437 4782 utique
2476 4713 2690 4779 dignam
2722 4715 3053 4769 correctione
3082 4730 3201 4770 esse
3230 4732 3347 4771 eam
3375 4733 3466 4772 ar-

1885 4805 2132 4870 bitratur,
2168 4817 2386 4873 prepter
2415 4818 2573 4874 quam
2601 4806 2937 4862 occasionem
2963 4807 3065 4861 alia
3102 4809 3317 4879 quidem
3345 4825 3467 4866 cor-

1885 4898 2126 4967 rigebat,
2173 4899 2278 4953 alia
2309 4913 2436 4953 vero
2465 4898 2815 4967 incomposita
2859 4900 3215 4971 relinquebat.
3266 4904 3466 4973 Quam-

1882 4989 2067 5045 obrem
2085 5006 2202 5045 eam
2223 5005 2436 5061 quoque
2457 5004 2648 5045 vacare
2663 4989 2730 5045 de
2751 4998 2948 5048 caetero
2969 4995 3259 5061 sancimus,
3281 5005 3467 5064 utpote

1881 5084 2270 5153 imperfectam,
2299 5096 2353 5139 et
2387 5086 2506 5140 loco
2533 5086 2959 5156 circumclusam,
3007 5098 3062 5144 et
3104 5105 3208 5144 non
3236 5104 3461 5159 genera-

1881 5181 1986 5236 lem
2015 5180 2149 5235 inter
2173 5181 2316 5250 leges
2357 5179 2700 5252 existentem,
2731 5197 2906 5253 neque
2934 5183 3133 5254 aliquid
3164 5185 3461 5240 studiosum

1878 5271 2324 5328 introdueentem.

1951 5386 2078 5440 Haec
2101 5401 2230 5456 ergo
2260 5402 2358 5441 nos
2377 5388 2556 5442 omnia
2582 5389 2950 5453 emendantes,
2985 5405 3144 5445 unam
3184 5389 3464 5446 existima-

1881 5493 1999 5532 mus
2029 5479 2409 5548 legislationem
2441 5481 2689 5536 omnibus
2730 5480 3182 5536 sanctissimarum
3211 5483 3468 5538 ecclesia-

1883 5587 2022 5637 rum,
2067 5573 2542 5640 xenodochiorum,
2579 5573 3009 5627 nosocomiorum
3036 5614 3051 5637 ,
3101 5575 3461 5629 monasterio-

1883 5678 2022 5727 rum,
2054 5663 2617 5733 hrephotrOphiorum,
2651 5665 3196 5733 gerontocomiorum,
3225 5673 3279 5720 et
3301 5664 3467 5720 totius

1883 5758 2075 5810 sacrati
2123 5755 2331 5824 collegii
2382 5755 2542 5809 rebus
2595 5753 2994 5822 imponendam,
3024 5763 3079 5810 et
3107 5755 3245 5809 hanc
3287 5755 3462 5826 legem

1885 5847 2079 5904 Leonis
2108 5848 2208 5917 piae
2231 5845 2507 5902 memoriae
2527 5845 2896 5902 conetitutioni
2919 5846 3274 5916 adjiciendum
3301 5860 3464 5905 esse:

3047 5961 3128 6022 30
