4042 6348
638 362 744 426 959

1715 358 1985 423 SECULI
2023 364 2223 422 SEXTI
2260 362 2846 425 SUPPLEHENTUH.
3744 375 3815 436 940

640 482 793 554 prius
813 481 1029 552 quidem
1056 480 1293 537 breviter
1317 479 1705 549 legislationem
1732 488 2092 550 exponentes,
2119 480 2225 536 sic-
2249 479 2302 541 Δ
2329 479 2428 546 nit,
2458 489 2513 535 et
2539 480 2758 537 multam
2787 478 3035 548 imponit,
3053 486 3111 535 et
3135 492 3305 548 usque
3326 477 3401 535 ad
3446 492 3529 535 res
3550 484 3815 547 aucupia.

640 588 747 643 que
776 589 932 628 omne
961 575 1102 642 quod
1134 573 1393 643 reliquum
1420 582 1505 627 est
1543 574 1867 630 intexeutes.

712 666 837 721 Vult
864 676 1042 722 autem
1074 667 1159 720 illa
1193 682 1365 735 neque
1399 666 1510 723 Deo
1546 667 1829 722 amabilem
1873 666 2229 737 archiepisco-

637 773 763 827 pum
786 768 838 813 et
869 759 1225 826 patriarcham
1258 758 1413 828 hujus
1457 758 1781 814 felicissimae
1826 759 2080 824 civitatis,
2127 773 2225 815 seu

637 850 992 903 sanctissitnte
1044 846 1262 919 majoris
1314 849 1603 914 ecclesiae,
1656 864 1828 918 neque
1877 864 2224 905 meonomum

635 943 890 1006 vendere,
920 952 1011 994 aut
1032 942 1255 1005 donare,
1288 950 1379 995 aut
1414 941 1572 995 aliter
1598 942 1836 996 alienare
1886 959 1997 997 rem
2037 943 2225 999 immo-

636 1030 819 1098 bilem,
852 1033 1069 1085 domum
1103 1034 1301 1098 {ursam
1329 1041 1420 1087 aut
1449 1048 1659 1103 agrum,
1702 1044 1789 1087 aut
1820 1034 2089 1102 colonum,
2133 1042 2227 1089 aut

638 1126 903 1194 mancipia
952 1127 1172 1191 rustica,
1224 1138 1313 1180 aut
1357 1126 1547 1182 civiles
1577 1142 1819 1181 annonas
1850 1129 1998 1197 (nam
2028 1137 2083 1182 et
2110 1126 2227 1183 haec

641 1218 781 1271 inter
838 1217 1129 1273 immobilia
1186 1219 1519 1274 numeranda
1577 1230 1704 1274 sunt
1747 1235 1869 1289 qum
1913 1228 2227 1289 competunt

640 1314 1249 1383 Constantinopolitante
1293 1316 1648 1370 sanctissima:
1698 1315 1887 1384 majori
1934 1313 2223 1384 CCCICSiiB),

635 1406 730 1461 sed
756 1422 927 1475 neque
957 1422 1053 1476 pro
1083 1408 1186 1463 ulla
1233 1409 1697 1477 compensatione,
1725 1417 1819 1464 aut
1858 1409 2093 1479 qualibet
2122 1410 2225 1464 alia

634 1496 1093 1553 circumventione
1146 1499 1254 1554 tale
1305 1498 1506 1563 aliquid
1566 1499 1675 1570 agi.
1726 1499 1793 1552 Et
1850 1500 2227 1555 intermittatur

634 1590 865 1659 emptori
910 1588 1127 1658 quidem
1178 1590 1255 1644 rei
1312 1590 1733 1655 restitutionem,
1786 1598 1843 1643 ut
1890 1588 2077 1643 reddat
2130 1602 2227 1657 pro

638 1691 883 1753 tempore
909 1698 1191 1739 teconomo
1214 1698 1393 1739 rerum
1441 1684 1796 1738 sanctissimm
1819 1683 2062 1738 ecclesias
2087 1697 2225 1751 rem,

636 1790 797 1846 quam
855 1776 969 1845 ipse
1019 1776 1350 1846 perceperit,
1394 1790 1517 1829 cum
1568 1774 1715 1828 omni
1759 1774 1918 1831 medii
1967 1776 2226 1845 temporis

2334 570 2551 640 majoris
2595 570 2842 627 ecclesia;
2897 578 3006 626 stat
3071 569 3453 635 solummodo,
3504 578 3559 626 et
3594 586 3815 643 quamam

2331 677 2547 719 omnem
2574 663 2787 733 perimit
2803 662 3338 728 circumventionem,
3362 674 3519 731 quam
3538 662 3815 732 praediximus,

2334 775 2439 816 non
2470 769 2647 815 tamen
2678 759 2912 815 retinere
2927 756 3274 812 calliditatem
3302 762 3490 825 postea
3523 753 3814 827 insurgentium

2331 852 2517 905 valuit.
2543 850 2769 918 Quidam
2797 850 2943 906 enim
2972 848 3176 904 dudum
3199 847 3301 903 hoc
3339 846 3483 917 quod
3510 856 3695 902 vocatur
3721 850 3818 904 colo-

2333 942 2537 997 narium
2565 944 2652 1011 jus
2680 944 2785 1013 (est
2813 951 2990 997 autem
3040 943 3367 998 colonarium
3406 940 3492 1010 jus
3518 940 3658 998 veluti
3694 940 3729 995 si
3758 943 3817 998 io-

2333 1050 2478 1089 mum
2511 1035 2780 1089 valentem
2802 1045 3019 1089 centum
3065 1033 3293 1099 solidos,
3319 1042 3375 1088 et
3422 1043 3719 1102 prastantetu
3740 1051 3820 1103 pen-

2331 1126 2537 1181 sionem
2567 1124 2771 1180 solidos
2812 1126 3001 1181 decem
3040 1124 3278 1195 accipiat
3314 1125 3435 1194 quis
3460 1123 3525 1179 ab
3563 1126 3757 1185 ecclesia.
3788 1138 3821 1182 et

2332 1219 2422 1273 del
2443 1233 2540 1288 pre
2556 1233 2619 1274 ea
2640 1218 2843 1274 solidos
2863 1227 3107 1282 centum,
3128 1232 3226 1273 seu
3248 1217 3495 1285 amplius,
3514 1219 3739 1271 autetiam
3760 1220 3819 1272 mi-

2333 1322 2454 1371 nus,
2485 1316 2539 1361 et
2585 1308 2738 1376 quasi
2786 1307 2899 1375 jam
2940 1306 3009 1361 de
3040 1306 3261 1376 proprio
3289 1314 3538 1375 aggravet
3565 1321 3616 1360 sc
3641 1305 3820 1362 daretis-

2330 1401 2466 1472 gulis
2492 1401 2646 1455 annis
2674 1402 2825 1470 quasi
2857 1400 3133 1471 pensionis
3155 1401 3378 1457 nomine
3421 1400 3611 1456 solidos
3628 1412 3737 1465 tres;
3758 1404 3819 1458 ista

2332 1502 2509 1549 autem
2540 1492 2841 1561 appellatur
2885 1507 3156 1562 parmene.
3190 1492 3299 1551 Sed
3352 1492 3521 1560 ipsam
3551 1492 3729 1548 demunt
3760 1494 3821 1548 sub

2334 1594 2439 1639 tam
2470 1600 2633 1654 parva
2658 1586 2922 1653 pensione
2952 1586 3007 1641 in
3028 1597 3345 1653 perpetuum
3368 1599 3423 1642 et
3462 1586 3571 1654 ipse
3588 1595 3636 1641 et
3659 1584 3821 1639 hamis

2331 1676 2449 1748 ejus
2468 1676 2840 1750 possidebant)
2861 1677 3264 1735 adinvenientes
3284 1692 3463 1747 nonne
3482 1677 3658 1732 nostris
3671 1674 3820 1746 legibus,

2331 1785 2505 1840 neque
2541 1769 2857 1840 cujusquam
2890 1770 3129 1827 omnium
3165 1780 3378 1835 notum,
3413 1767 3820 1825 circumventin

636 1863 835 1933 fructu,
866 1876 921 1921 et
943 1866 1060 1919 aliis
1089 1866 1270 1930 lucris,
1316 1879 1445 1919 casu
1498 1865 1812 1919 imminente
1844 1867 2140 1934 pretiorum
2174 1866 2225 1921 ei
2255 1865 2305 1927 Β
2330 1880 2436 1918 non
2470 1878 2689 1933 parvam
2741 1863 2978 1917 meditati
3006 1872 3130 1919 sunt
3170 1871 3357 1919 contra
3394 1864 3584 1933 legem,
3624 1868 3820 1929 perpetui

637 1957 728 2024 qui
759 1957 866 2011 tale
888 1955 1085 2026 aliquid
1098 1958 1775 2027 accipereautcomparare
1804 1960 2224 2028 praesumpserit,

635 2064 758 2103 cum
810 2051 975 2104 etiam
1023 2050 1127 2106 hoc
1172 2051 1411 2121 quidem,
1452 2052 1594 2123 quod
1638 2060 1827 2106 contra
1874 2052 2019 2121 leges
2048 2061 2226 2109 actum

637 2152 744 2203 est,
780 2142 848 2196 ita
878 2150 1057 2211 ponat,
1091 2156 1155 2197 ac
1181 2144 1225 2197 si
1260 2158 1434 2214 neque
1472 2150 1505 2198 a
1558 2143 1820 2213 principio
1874 2151 2082 2214 gestum
2130 2144 2222 2198 sit.

636 2232 1005 2289 (Economum
1037 2251 1164 2290 vero
1202 2235 1319 2291 haec
1362 2236 1801 2307 praevaricantcm
1852 2236 1981 2290 dare
2011 2236 2225 2306 quidem

633 2324 700 2378 de
746 2339 846 2379 suo
892 2325 1244 2381 sanctissimae
1283 2326 1527 2383 ecclesiae
1572 2326 1725 2398 jubet
1754 2341 1936 2391 omne,
1967 2327 2224 2397 quidquid

634 2431 702 2470 ex
733 2432 793 2471 ea
825 2432 985 2472 causa
1018 2418 1259 2473 lucratus
1306 2427 1415 2484 est,
1467 2426 1559 2474 aut
1603 2420 1960 2474 sanctissima:
1982 2419 2225 2475 ecclesias

632 2510 815 2565 damni
843 2512 1042 2565 intulit.
1068 2510 1244 2580 Super
1270 2510 1375 2566 hoc
1396 2520 1573 2567 autem
1598 2514 1759 2566 etiam
1783 2511 2016 2565 excludit
2042 2504 2225 2566 ol‘ticio

630 2616 993 2668 amomum,
1026 2612 1087 2659 et
1123 2602 1217 2657 dat
1260 2606 1527 2659 actionem
1566 2604 1921 2657 sanctissimae
1953 2603 2220 2671 ecclesixe,

634 2710 739 2748 non
790 2695 964 2749 solum
1015 2703 1203 2749 contra
1254 2694 1366 2749 Deo
1425 2695 1687 2750 amabiles
1732 2707 2075 2762 teconomos,
2127 2694 2221 2749 sed

635 2785 797 2839 etiam
866 2793 1061 2840 contra
1110 2798 1455 2841 successores
1510 2800 1735 2853 comm,
1778 2787 1892 2841 sive
1951 2787 2051 2855 ipsi
2110 2788 2224 2841 haec

632 2878 1005 2945 alienaverint,
1032 2879 1147 2933 sive
1177 2892 1273 2947 pro
1300 2888 1543 2948 tempore
1568 2878 1678 2934 Deo
1701 2879 1985 2936 amabilem
2016 2881 2224 2950 episcoo

638 2985 786 3041 pum,
819 2979 911 3025 aut
936 2970 1101 3026 alium
1131 2972 1437 3041 quempiam
1466 2972 1788 3027 clericorum
1819 2973 2064 3029 videntes
2094 2974 2224 3029 alie-

633 3072 850 3117 nantem
872 3061 1128 3132 degeneri
1150 3072 1209 3117 et
1241 3061 1485 3117 illiberali
1520 3064 1880 3119 taciturnitate
1910 3067 2049 3134 passi
2075 3077 2217 3132 sunt,

631 3166 682 3210 et
710 3154 881 3209 multo
908 3155 1118 3225 petius,
1147 3157 1193 3209 si
1223 3170 1344 3209 cum
1395 3156 1663 3222 viderent,
1694 3158 2088 3212 consentientes
2116 3158 2223 3214 tale

2333 1970 2471 2024 pene
2498 1955 2861 2024 excogitantes
2885 1955 3255 2011 alienationes.
3282 1954 3441 2022 Quod
3482 1968 3576 2009 nos
3609 1954 3667 2007 de
3692 1960 3819 2007 cetero

2330 2046 2414 2115 agi
2438 2043 2807 2113 prohibemus,
2833 2054 2887 2100 et
2911 2061 3007 2114 pro
3034 2059 3103 2100 eo
3131 2046 3248 2112 ipso
3269 2044 3667 2113 conscripsimus
3693 2041 3817 2111 legem

2401 2137 2612 2193 Dudum
2643 2146 2819 2193 autem
2848 2147 2907 2193 et
2929 2136 2997 2191 ad
3023 2136 3408 2207 empbyteusin
3444 2143 3758 2204 respexerunt,
3789 2141 3820 2189 tl

2331 2229 2714 2285 imminuerunt
2744 2228 3029 2297 plurimam
3060 2228 3421 2297 quantitatem
3470 2227 3575 2282 veri
3615 2223 3820 2281 reditusil-

2329 2323 2395 2380 lis
2417 2325 2511 2394 qui
2530 2322 2903 2393 emphyteusin
2926 2321 3217 2391 accipiunt,
3241 2328 3558 2389 praestantes
3572 2318 3619 2372 hi
3636 2317 3707 2385 qui
3722 2316 3819 2371 rebus

2326 2415 2542 2486 quidem
2569 2414 2920 2471 sanctissimas
2944 2414 3160 2487 majoris
3183 2413 3436 2469 ecclesias
3463 2411 3774 2480 praesidebant.

2403 2507 2631 2576 ideoque
2655 2520 2755 2561 nos
2794 2505 2850 2561 in
2876 2505 3110 2576 quadam
3139 2505 3580 2561 constitutionum
3607 2511 3817 2558 nostram

2324 2598 2611 2656 deﬁnimus
2641 2598 2856 2669 quidem
2888 2614 3057 2669 usque
3087 2598 3155 2653 ad
3189 2612 3452 2668 personas
3473 2606 3575 2653 tres
3594 2594 3818 2665 emphwa-

2323 2693 2409 2748 sin
2450 2692 2590 2758 ﬁeri,
2647 2690 2981 2761 accipientis,
3030 2701 3083 2746 et
3107 2690 3339 2746 duorum
3374 2690 3596 2746 aliorum
3624 2698 3816 2742 succisio-

2324 2802 2442 2842 rum
2470 2804 2485 2840 :
2512 2787 2615 2842 hoc
2640 2787 2805 2842 etiam
2833 2800 2995 2856 super
3021 2784 3183 2841 rebus
3201 2786 3555 2841 sanctissimas
3580 2780 3818 2851 majorne:-

2324 2878 2503 2934 clesia
2553 2877 2666 2933 ileri
2704 2877 3110 2946 permittentes,
3147 2892 3254 2933 non
3304 2884 3490 2933 autem
3533 2876 3654 2931 ultra
3685 2882 3817 2930 scius

2324 2977 2528 3039 partem
2571 2974 2793 3037 propter
2844 2966 3094 3023 fortuitos
3150 2980 3311 3023 casus
3355 2966 3697 3037 emphyteusin
3730 2958 3819 3015 acci-

2323 3066 2529 3132 pientes
2575 3059 2802 3115 relevari
2829 3059 3153 3116 sancientes.
3195 3060 3335 3126 Quia
3363 3074 3490 3118 rere
3507 3058 3745 3116 didicimus
3772 3051 3819 3107 sit

2326 3153 2496 3209 eliuse
2522 3160 2578 3210 et
2598 3153 2761 3222 impie
2788 3152 2860 3207 ab
2887 3152 3158 3222 aliquibus
3184 3152 3302 3208 ﬁeri
3347 3152 3667 3210 documenta.
3704 3155 3746 3201 at
3765 3159 3821 3198 ae-

631 3243 830 3312 aliquid
852 3245 1231 3313 permiserunt,
1246 3255 1303 3298 et
1327 3258 1433 3298 non
1459 3245 1863 3313 prohibuerunt.
1893 3249 1972 3302 Ad
1997 3249 2115 3303 haec
2129 3264 2223 3303 au-
2250 3239 2297 3305 C
2326 3262 2429 3315 que
2457 3252 2607 3300 sexta
2634 3246 2965 3315 relinquatur
2986 3243 3344 3301 sanctissimae
3362 3242 3599 3301 ecclesiae
3642 3250 3822 3308 pars.”

634 3344 740 3390 tem
766 3337 932 3391 etiam
954 3334 1316 3399 tabellionem,
1332 3337 1421 3405 qui
1437 3338 1561 3391 talia
1586 3337 1822 3393 confecit
1844 3339 2220 3407 instrumenta,

634 3436 892 3497 perpetuo
938 3426 1099 3481 tradit
1137 3425 1348 3493 exsilio,
1378 3428 1575 3482 nullam
1602 3428 1654 3483 ei
1683 3428 2023 3484 clementiam
2050 3444 2225 3500 neque

633 3535 732 3591 per
762 3518 1127 3576 reversionem
1158 3520 1505 3590 participans.
1542 3520 1688 3589 ipsos
1715 3535 1929 3592 quoque
1954 3522 2225 3578 maximos

631 3613 862 3683 iudices,
890 3614 981 3684 qui
1008 3613 1076 3667 ad
1126 3612 1244 3668 huic
1293 3613 1580 3679 accedunt,
1610 3625 1665 3670 et
1688 3614 1886 3670 talibus
1917 3617 2225 3673 ministrant

631 3704 831 3773 causis,
862 3712 955 3760 aut
976 3704 1173 3760 conﬁci
1224 3703 1367 3775 apud
1395 3708 1712 3774 semetipsos
1737 3718 2081 3764 monumenta
2126 3720 2224 3777 pra

630 3798 1042 3853 conﬁrmatione
1066 3796 1252 3852 talium
1269 3796 1616 3852 donationum
1639 3806 1729 3853 aut
1757 3799 1983 3855 aliorum
2010 3808 2223 3856 actuum

633 3889 929 3954 patiuntur,
962 3888 1198 3957 cingulo,
1228 3896 1285 3941 et
1310 3887 1591 3958 dignitate,
1623 3895 1679 3943 et
1725 3890 2026 3945 substantia
2056 3892 2225 3947 inter-

633 3979 869 4034 mittatur
895 3978 1203 4047 excludere.
1227 3978 1351 4032 lla-c
1379 3978 1535 4047 igitur
1556 3979 1841 4049 increpans
1856 3981 2224 4050 vehementer,

635 4070 896 4139 permittit
910 4070 992 4123 rei
1009 4068 1390 4124 ecclesiastica
1414 4085 1589 4138 usum,
1606 4079 1702 4127 aut
1722 4073 1815 4141 qui
1844 4083 2063 4128 vocatur
2081 4089 2228 4128 usue-

623 4160 850 4221 'fructus
879 4201 895 4228 ,
965 4159 1066 4215 sub
1113 4167 1265 4216 certe
1310 4162 1542 4230 quodam
1594 4172 1875 4232 tempore,
1916 4174 2011 4219 aut
2061 4164 2224 4220 etiam

634 4267 807 4320 usque
827 4253 895 4308 ad
922 4252 1088 4307 vitam
1116 4253 1461 4321 percipientis
1488 4253 1619 4310 dare
1642 4257 2033 4313 sanctissimam
2054 4258 2228 4329 majo-

636 4358 752 4402 rem
781 4343 1087 4414 ecclesiam,
1117 4344 1217 4399 sub
1239 4344 1341 4398 hac
1382 4354 1557 4401 tamen
1583 4346 1913 4415 deﬁnitione,
1943 4357 2004 4404 ut
2035 4350 2080 4404 is
2131 4352 2224 4421 qui

635 4443 775 4497 hanc
818 4442 1029 4513 accepit
1087 4444 1545 4511 muniﬁcentiam,
1608 4445 1850 4514 ejusdem
1911 4450 2226 4518 quantitatis

637 4549 752 4589 rem
782 4543 1159 4605 recompenset
1201 4536 1554 4592 sanctissima:
1580 4536 1772 4608 majori
1817 4541 2066 4595 ecclesias
2103 4542 2225 4611 jure

2327 3338 2483 3407 liquis
2510 3338 2759 3393 omnibus
2786 3336 3161 3407 emphyteusin
3202 3335 3587 3404 accipientibus
3630 3329 3820 3388 dotatis:

2328 3443 2488 3499 porro
2512 3437 2693 3485 autem
2727 3428 3043 3483 Anastasius
3088 3425 3194 3495 pia:
3224 3426 3504 3487 memori-fe
3544 3432 3674 3495 gesta
3698 3432 3821 3479 mone

2327 3534 2630 3580 mentorum
2657 3524 2995 3579 constituens
3024 3521 3142 3579 ﬁeri
3179 3536 3345 3590 super
3382 3512 3823 3581 alienationime

2327 3623 2386 3671 ut
2411 3617 2574 3674 etiam
2604 3614 2762 3685 hujus
2789 3614 2867 3670 rei
2897 3624 3107 3685 tempus
3148 3614 3499 3684 adiiceretur,
3522 3622 3574 3669 et
3595 3608 3824 3680 ampli!”

2328 3710 2411 3763 sin
2439 3714 2704 3776 statuens,
2751 3706 2871 3762 sine
2912 3706 3081 3776 gestis
3104 3705 3319 3775 quidem
3352 3719 3529 3777 usque
3548 3703 3609 3759 ad
3630 3700 3759 3758 solata
3775 3696 3824 3751 vi-

2328 3808 2438 3856 tam
2475 3798 2791 3869 accipientis
2835 3798 3232 3871 emphyteusin,
3260 3812 3391 3855 eum
3437 3796 3595 3868 gestis
3626 3802 3760 3850 autem
3790 3786 3825 3842 is

2326 3902 2644 3962 perpetuum
2670 3905 2792 3947 eam
2822 3889 3148 3957 extendens,
3204 3905 3382 3961 neque
3432 3887 3692 3961 perfectam
3728 3881 3821 3944 locis

2328 3996 2503 4053 neque
2535 3983 2724 4038 utilem
2759 3982 2959 4051 legem,
2989 3990 3046 4038 et
3068 3980 3303 4052 undique
3332 3980 3694 4052 imperfectam,
3715 3982 3824 4039 Nl“

2327 4078 2394 4133 ad
2422 4078 2592 4133 solam
2621 4077 2883 4135 dimensin
2912 4078 3279 4149 patriarcbicae
3312 4078 3463 4135 sedis
3489 4077 3633 4146 hujus
3654 4064 3824 4128 felicissi-

2329 4186 2432 4229 ma
2458 4171 2694 4231 civitatis
2733 4170 2899 4243 (sicut
2937 4169 3309 4242 pradiximus)
3363 4169 3720 4242 legislationem
3752 4168 3823 4215 δυ·

2328 4273 2505 4322 tuens.

2398 4356 2507 4413 Nos
2537 4355 2698 4429 igitur
2722 4356 2857 4429 (jam
2904 4354 3048 4411 enim
3093 4353 3163 4409 ad
3214 4354 3388 4424 legem
3436 4351 3719 4411 veniendum
3756 4339 3824 4409 αι)

2330 4450 2620 4514 sancimus,
2650 4463 2826 4518 neque
2854 4447 3246 4504 sanctissimam
3278 4445 3440 4516 hujus
3484 4434 3822 4501 felicissimci‘

2330 4544 2512 4599 vitatis
2540 4543 2803 4612 majorem
2834 4540 3144 4606 ecclesiam,
3178 4555 3350 4609 neque
3379 4540 3483 4595 sub
3508 4554 3566 4595 ea
3588 4531 3822 4591 constitvits

637 4628 1001 4698 proprietatis,
1028 4645 1101 4687 ex
1131 4645 1239 4701 qua
1268 4632 1437 4702 possit
1464 4632 1712 4687 eumdem
1741 4633 1975 4691 reditum
1999 4639 2226 4693 sanetis-
2248 4627 2306 4691 Β
2330 4635 2609 4703 ecclesias,
2646 4648 2871 4704 quarum
2910 4631 3028 4701 ipsa
3074 4630 3441 4701 erogatiouem
3484 4627 3693 4695 suscepit
3720 4622 3823 4693 (δὶα

637 4721 770 4778 sima
791 4724 1023 4779 ecclesia
1064 4724 1286 4791 habere,
1332 4733 1591 4794 quantum
1631 4726 1722 4781 ille
1750 4742 1818 4783 ex
1846 4742 1946 4783 usu
1993 4732 2221 4800 accepit,

641 4827 757 4881 post
785 4815 1126 4884 percipientis
1147 4814 1330 4885 utique
1375 4826 1624 4884 mortem,
1651 4828 1742 4874 aut
1761 4820 2043 4877 deﬁnitum
2088 4832 2224 4878 tem-

639 4922 760 4975 pus,
791 4923 891 4961 usu
924 4907 1174 4965 videlicet
1215 4916 1272 4963 et
1326 4910 1604 4966 usufructu
1654 4912 1798 4968 data:
1847 4915 2224 4973 ecclesiastica:

639 4998 716 5054 rei
739 4998 808 5054 ad
830 4997 1223 5055 sanctissimam
1257 5001 1514 5070 majorem
1544 5004 1826 5061 ecclesiam
1860 5008 2136 5077 redeunte,
2169 5018 2228 5065 et

639 5094 764 5149 item
787 5106 888 5147 usu
918 5090 1130 5145 donata:
1160 5094 1238 5148 rei
1256 5106 1380 5147 cum
1408 5095 1733 5165 proprietate
1753 5100 2106 5157 sanctissimae
2131 5117 2223 5159 ec-

638 5186 821 5243 clesia:
846 5185 1203 5253 vindicando;
1250 5188 1411 5244 talem
1460 5206 1695 5263 namque
1720 5204 2055 5251 contractum
2104 5200 2223 5255 sine

640 5280 879 5346 periculo
907 5294 1028 5334 esse
1051 5281 1198 5348 ponit
1219 5281 1325 5336 lex.
1357 5282 1416 5339 Si
1440 5300 1571 5340 vero
1619 5289 1843 5345 minoris
1869 5289 2029 5347 fuerit
2057 5306 2221 5362 quam

639 5374 781 5442 quod
802 5374 959 5429 datur
983 5390 1012 5427 a
1031 5375 1369 5432 sanctissima
1392 5378 1619 5435 ecclesia
1650 5380 1782 5437 illud
1804 5383 1945 5452 quod
1966 5400 2222 5455 compen-

639 5474 787 5520 satur
829 5466 880 5522 ei
909 5466 1062 5536 cujus
1091 5482 1216 5523 mox
1270 5468 1488 5539 quidem
1530 5474 1787 5541 percipiet
1816 5478 2221 5546 proprietatem,

640 5565 1011 5626 speratautem
1040 5566 1096 5613 et
1116 5571 1270 5614 usum
1295 5561 1558 5632 accipere,
1593 5564 1863 5620 inﬁrmum
1888 5575 2223 5624 contractum

639 5658 693 5703 et
722 5664 818 5718 pro
846 5663 951 5704 non
992 5646 1133 5705 facto
1160 5651 1329 5721 ponit,
1378 5653 1573 5724 datque
1613 5656 1881 5714 licentiam
1911 5660 2227 5718 vindicatio—

645 5738 751 5802 nis,
779 5747 963 5810 utpote
1006 5740 1466 5799 circumventione
1512 5757 1697 5803 contra
1734 5750 1824 5820 jus
1872 5753 2226 5810 sanctissima

647 5828 888 5884 ecclesiae
915 5832 1072 5886 iacta.
1094 5831 1201 5886 Lex
1225 5834 1407 5903 itaque
1437 5839 1561 5893 talia
1608 5845 1709 5896 sub
1728 5842 1993 5903 brevitate
2035 5846 2223 5905 decer-

2331 4744 2449 4786 eam
2476 4727 2785 4785 Anastasius
2822 4726 2923 4796 pitu
2951 4724 3225 4781 memoriae
3254 4725 3623 4794 interpretatus
3640 4718 3739 4785 est),
3762 4722 3821 4765 ιη·

2331 4839 2434 4894 que
2460 4823 2594 4878 alias
2621 4834 2809 4877 omnes
2830 4817 3086 4875 ecclesias
3111 4818 3164 4872 in
3187 4818 3285 4872 hac
3307 4815 3602 4874 felicissima
3617 4811 3822 4867 existant!

2333 4920 2566 4981 civitate,
2599 4924 2694 4971 aut
2739 4914 2882 4969 circa
2912 4912 3030 4981 ejus
3054 4910 3305 4976 conﬁnia,
3340 4925 3514 4981 neque
3556 4906 3647 4964 sub
3670 4898 3821 4972 μαὺπ’

2333 5011 2484 5068 chica
2531 5007 2661 5063 sede
2708 5004 2870 5075 hujus
2914 5003 3240 5059 felicissimae
3282 5002 3515 5058 civitatis
3551 4994 3818 5055 constitutast

2334 5117 2555 5174 quarum
2607 5097 3047 5167 metropolitauos
3093 5095 3209 5165 ipse
3238 5094 3473 5160 ordinat,
3525 5103 3676 5162 neque
3712 5080 3819 5139 I150"

2330 5195 2497 5250 ullum
2528 5195 2855 5261 ubicunque,
2904 5192 3019 5247 sive
3050 5188 3430 5259 patriarcham,
3460 5187 3569 5242 sive
3593 5180 3819 5251 epistol”

2330 5289 2581 5361 (dicimus
2609 5298 2789 5345 autem
2810 5296 2867 5343 et
2882 5302 2978 5343 eos
3006 5285 3102 5355 qui
3132 5285 3185 5339 in
3206 5285 3443 5348 Oriente,
3468 5291 3523 5338 et
3544 5277 3624 5349 qui
3646 5277 3690 5330 iu
3708 5268 3818 5364 llljti'

2329 5396 2414 5450 eo,
2464 5382 2683 5450 insuper
2725 5388 2782 5435 et
2827 5378 2880 5434 in
2932 5373 3192 5449 Egypto,
3239 5383 3296 5431 et
3342 5371 3620 5444 Lycaonia,
3653 5368 3817 5432 atttleln

2331 5475 2512 5546 Lycia,
2543 5484 2599 5530 et
2642 5488 2739 5531 eos
2784 5472 2877 5543 qui
2922 5472 2977 5527 iu
3018 5471 3275 5528 Alricaua
3317 5467 3600 5540 provincia,
3624 5470 3758 5528 atque,
3783 5453 3819 5502 εί

2329 5568 2555 5623 strictim
2586 5567 2847 5631 dicamus,
2884 5578 2978 5633 per
3002 5576 3195 5621 omnes
3222 5570 3423 5618 nostra
3467 5552 3666 5614 ditionis
3686 5551 3817 5603 tomb

2330 5673 2561 5724 necnon,
2591 5658 2681 5726 qui
2712 5658 2765 5712 in
2792 5655 3081 5713 Occidente
3102 5666 3251 5722 sunt,
3282 5653 3395 5710 Deo
3420 5646 3656 5705 amabiles
3676 5637 3819 5735 aliis”:

2330 5767 2427 5822 pos
2454 5753 2525 5809 ab
2545 5752 2659 5823 ipsa
2682 5751 2897 5808 seniore
2943 5751 3114 5807 Roma
3140 5762 3311 5822 usque
3335 5751 3401 5807 ad
3426 5750 3669 5806 Oceanum
3696 5742 3817 5823 619"“

2328 5815 2584 5904 steutiuin
2609 5848 3071 5904 sanctissimum
3092 5815 3509 5904 orthodoxam
3532 5815 3815 5897 ecclesiam)
