4042 6348
208 328 310 393 ιιι

976 326 1357 390 JUSTINIANI
1391 327 1740 389 κοπιιιε
1762 323 2130 391 BELECTE.
2160 326 2488 392 ΝοηειιΑ
2530 328 2633 392 γη.

3371 324 3480 385 Si!

208 462 382 520 neque
401 444 636 519 aliquem
659 444 1052 515 xeeedoﬁum,
1074 457 1166 503 aut
1184 448 1637 521 ptochotmpbum
1652 491 1668 517 ,
1693 459 1787 506 aut
1810 451 1868 515 Α
1890 467 1978 507 res
1996 454 2416 510 acommnnibas
2434 468 2498 509 ac
2511 454 2763 525 publicis,
2782 449 3207 525 quandoquidem
3226 455 3472 511 omnium

209 554 581 610 noscentium,
628 549 723 596 aut
762 542 1279 612 orphanetrophum,
1326 552 1425 599 aut
1462 544 1786 615 brepbotro-

210 636 390 706 phum,
419 644 512 690 aut
533 644 992 706 gerontocomum,
1014 646 1107 691 aut
1141 638 1588 694 monasteriorum
1618 640 1787 710 (viro-

207 743 325 785 rum
374 728 458 784 vel
506 728 811 799 mulierum)
863 730 1111 789 abbatem
1150 745 1250 786 seu
1298 732 1646 802 abbatissam,
1694 743 1789 789 aut

206 818 498 889 quemlibet
518 819 740 876 ernnine
782 821 1153 890 [insidentem
1184 825 1586 881 venerabilibus
1615 825 1786 881 colle-

206 910 328 981 giis,
360 909 628 967 licentiam
671 911 873 969 habere
899 913 1140 970 alienare
1168 929 1283 970 rem
1314 916 1664 983 immobilem,
1694 925 1789 974 aut

207 1004 260 1060 in
309 1003 574 1071 domibus,
604 1015 696 1061 aut
718 1006 774 1063 in
814 1008 977 1079 agris,
1008 1018 1101 1064 aut
1128 1009 1182 1065 in
1228 1010 1421 1078 hortis,
1450 1022 1542 1068 aut
1566 1014 1789 1068 omnino

203 1096 587 1167 lnhujusmodi
622 1098 1031 1169 consistentem,
1060 1117 1236 1173 neque
1271 1104 1533 1160 rusticum
1586 1105 1791 1160 manci-

202 1190 371 1261 pium,
403 1206 577 1262 neque
600 1192 815 1249 civilem
838 1209 1129 1262 annonam,
1155 1211 1255 1253 nec
1273 1213 1373 1269 per
1393 1200 1644 1271 specialis
1674 1201 1790 1272 pig-

203 1283 350 1339 neris
370 1284 715 1344 occasionem
744 1286 953 1343 tradere
968 1288 1353 1347 uelitaribus.

270 1374 627 1431 Alienatienis
652 1385 833 1433 «tem
879 1394 1079 1436 nomen
1102 1383 1409 1451 generalius
1451 1385 1574 1441 ideo
1601 1388 1786 1455 posui—

200 1481 343 1535 mus,
369 1475 428 1523 ut
472 1468 857 1537 prohibeamus
878 1480 941 1527 et
966 1472 1331 1530 venditionem
1362 1485 1417 1531 et
1443 1477 1788 1535 donationem

198 1567 255 1619 et
284 1561 763 1633 computationem,
802 1573 862 1619 et
889 1567 942 1620 in
980 1577 1299 1637 perpetuum
1350 1578 1627 1627 extensam
1674 1588 1791 1629 em-

198 1656 511 1728 phyteusin,
542 1676 663 1731 qua
686 1666 799 1719 non
836 1667 1026 1735 procul
1073 1668 1142 1722 ab
1162 1666 1494 1726 alienatione
1521 1669 1787 1740 consistit,

197 1748 295 1805 sed
336 1754 525 1808 omnes
555 1754 761 1825 ubique
800 1758 1112 1815 sacerdotes
1135 1760 1206 1815 ab
1234 1760 1544 1832 huiusmodi
1594 1760 1793 1819 aliena»

1889 559 2066 601 rerum
2088 547 2443 602 sanctissimis
2487 546 2730 603 ecclesiis
2760 547 3080 602 abundantia
3110 555 3165 602 et
3191 554 3362 603 status
3400 558 3474 605 ex

1889 636 2252 707 imperialibus
2264 638 2643 693 muniﬁcentiis
2659 646 2913 709 perpetuo
2922 638 3244 710 prebeatur.
3259 639 3474 696 Alteru-

1888 730 1988 785 tris
2012 731 2196 799 itaque
2224 744 2639 800 eompensantes
2659 775 2674 800 ,
2705 748 2824 802 quae
2867 733 3079 799 decent,
3134 742 3241 789 non
3276 735 3345 788 ab
3373 736 3477 791 ali-

1889 825 2083 893 quibus
2108 825 2229 893 jure
2256 827 2630 895 cuip'abuntur.
2654 828 2827 882 Aliam
2860 842 2986 883 vero
3008 838 3242 895 omnem,
3266 829 3381 885 sive
3404 827 3471 883 ad

1890 917 2063 986 ipsum
2094 919 2402 998 imperium,
2432 920 2548 974 sive
2586 918 2653 973 ad
2685 920 2842 973 aliam
2872 928 3245 988 quamcunque
3283 935 3473 990 perso-

1890 1024 2013 1065 nam
2041 1010 2263 1079 factam,
2287 1014 2403 1068 sive
2424 1013 2788 1069 venditionem
2820 1014 2931 1069 sive
2959 1014 3329 1086 empbyteusin
3356 1032 3479 1085 per-

1892 1113 2106 1173 petuam
2133 1107 2355 1161 omnino
2382 1105 2716 1176 perimimus.
2747 1107 2854 1164 Sed
2900 1124 3073 1179 neque
3104 1109 3472 1180 donationem,
3552 1118 3555 1121 ‘

1890 1197 2005 1252 sive
2029 1202 2498 1267 permutationem.
2533 1202 2649 1257 sive
2674 1201 2943 1257 dationem
2984 1200 3257 1272 cujusdam
3292 1204 3478 1274 pigno-

1890 1291 1967 1345 ris
1993 1288 2046 1343 in
2070 1302 2128 1345 re
2175 1290 2436 1347 immobili
2465 1292 2657 1348 factam
2684 1295 2968 1350 occasione
3007 1308 3311 1350 mumorum
3361 1293 3479 1350 ﬁeri

1892 1382 2139 1443 sinimus.
2171 1383 2237 1438 Et
2257 1382 2375 1439 haec
2421 1382 2601 1441 valere
2655 1386 2901 1441 volumus
2946 1386 3000 1441 in
3048 1387 3191 1441 omni
3224 1385 3477 1451 ecclesia,

1892 1475 2149 1544 omnique
2179 1478 2529 1545 monasterio,
2573 1480 2628 1533 et
2661 1479 2993 1542 nosocOmio,
3036 1488 3091 1533 et
3120 1478 3475 1546 xenodochio,

1893 1574 1948 1620 et
1972 1565 2397 1637 brephotropbio
2430 1577 2482 1623 et
2534 1568 2819 1635 aSceterio,
2861 1579 2914 1625 et
2957 1571 3376 1640 gerontocomio,
3425 1577 3480 1625 et

1892 1659 2039 1714 omni
2073 1660 2316 1716 absdlute
2364 1663 2616 1733 collegio,
2666 1662 2808 1733 quod
2865 1666 3004 1718 actio
3051 1663 3136 1733 pia
3178 1663 3476 1731 constituit,

1894 1752 2041 1807 nullo
2064 1755 2283 1823 penitus
2314 1754 2503 1809 horum
2526 1755 2772 1825 accipere
2799 1753 2995 1825 aliquid
3045 1756 3113 1810 ab
3138 1757 3217 1811 eis
3240 1748 3475 1813 valente.

200 1841 351 1899 tione
380 1844 745 1915 prohibemus,
782 1850 1095 1907 sumendos
1141 1854 1340 1924 ρωυίε,
1365 1855 1557 1925 quibus
1592 1854 1789 1912 Leonis
1812 1838 1867 1903 Β
1893 1843 2049 1901 Unde
2090 1850 2266 1915 neque
2291 1847 2681 1902 constitutione
2730 1846 2994 1903 Anastasii
3025 1846 3160 1902 divas
3201 1848 3477 1903 memorias

201 1936 308 2007 pia:
336 1939 611 1994 memoria
644 1955 740 1996 usa
768 1954 849 1998 est
879 1947 1191 2001 constitutio
1218 1963 1234 2001 :
1262 1947 1407 2002 illam
1434 1962 1667 2018 namque
1694 1964 1791 2019 per

195 2028 379 2085 omnia
407 2030 587 2087 valere
614 2041 670 2089 et
694 2042 871 2090 ratam
899 2050 1022 2092 esse
1050 2039 1343 2095 sancimus.
1374 2039 1642 2096 Pmterea
1688 2051 1788 2096 au-

194 2127 307 2177 tent
352 2123 731 2193 proposuimus
768 2134 825 2181 et
877 2127 1217 2197 protulimus,
1267 2139 1325 2185 et
1370 2132 1791 2203 conscripsimus

195 2209 341 2268 hanc
367 2212 538 2285 legem
569 2230 675 2271 non
706 2226 931 2287 paterna
961 2233 1116 2286 voce,
1154 2222 1251 2277 sed
1283 2222 1383 2278 hac
1434 2227 1709 2281 communi
1736 2233 1793 2282 et

194 2299 408 2371 Graue,
442 2316 499 2363 ut
518 2308 773 2366 omnibus
800 2310 871 2365 ait
892 2320 1020 2369 nota
1040 2321 1263 2386 propter
1288 2317 1499 2375 facilem
1519 2318 1791 2392 interpre-

192 2397 483 2456 Menam.

270 2489 425 2557 Quod
454 2493 635 2563 itaque
677 2493 791 2564 jam
822 2498 1103 2569 prmeriit,
1133 2500 1507 2573 relinquimus.
1538 2503 1671 2562 Nam
1696 2502 1794 2564 do-

188 2592 449 2637 cumenta
482 2593 589 2639 tam
645 2587 804 2658 longo
846 2590 919 2646 ab
950 2590 1078 2647 hinc
1122 2600 1369 2664 tempore
1424 2595 1566 2653 facta
1615 2596 1793 2656 denuo

187 2686 567 2744 commovere,
590 2680 772 2737 multae
790 2683 895 2740 erit
934 2684 1410 2755 tergiversationis.
1433 2689 1789 2761 Quapropter,

187 2781 325 2847 quae
357 2784 528 2838 usque
574 2774 675 2827 huc
704 2774 962 2832 hactenus
992 2789 1225 2845 tentant,
1261 2784 1532 2851 proprium
1563 2783 1795 2841 habeant

184 2858 464 2929 vigorem,
520 2860 588 2917 de
615 2872 811 2920 caetero
838 2876 1017 2922 autem
1041 2883 1258 2926 omnem
1282 2873 1659 2931 alienationem
1706 2879 1792 2933 in-

184 2950 541 3019 terdicimus,
562 2956 948 3024 pracdictaseis
975 2976 1162 3031 pmnas
1190 2964 1550 3035 imponentes.

278 3044 349 3100 Ut
375 3055 555 3103 autem
584 3048 669 3104 lex
695 3050 766 3106 ad
792 3050 1043 3110 humana:
1079 3063 1286 3113 natura:
1316 3058 1629 3114 varietatem
1668 3073 1792 3130 per-

188 3149 442 3208 maneat,
490 3148 545 3197 et
567 3142 636 3197 ad
665 3142 721 3198 id
769 3146 911 3216 quod
939 3162 1157 3218 semper
1191 3151 1342 3206 venit
1365 3154 1790 3232 qeeommodata,

1893 1936 2117 1992 ulterius
2144 1952 2280 2008 opus
2324 1940 2448 2007 erit,
2478 1955 2651 2009 neque
2701 1940 2997 1995 secundum
3043 1940 3189 1996 illam
3238 1938 3479 1995 facienda

1894 2029 2109 2085 decreta
2141 2038 2453 2085 memoratae
2474 2029 2884 2086 observationis.
2910 2030 3030 2101 ipsa
3061 2032 3203 2087 enim
3232 2033 3310 2087 rei
3334 2031 3483 2101 prin-

1894 2120 2031 2191 cipia
2059 2121 2409 2191 perimentes,
2433 2128 2489 2178 et
2514 2122 2855 2192 prohibentes
2874 2123 3017 2194 quod
3045 2124 3123 2193 iit,
3143 2138 3482 2195 nequaquam

1895 2217 2326 2287 perscrutatione
2349 2216 2607 2285 deinceps
2648 2214 3024 2287 indigebimus.

1968 2307 2357 2381 Emphyteusin
2384 2316 2585 2373 autem,
2641 2309 2758 2363 sive
2787 2309 2843 2363 in
2882 2308 3223 2365 sanctissima
3277 2307 3487 2379 majore

1894 2401 2145 2469 ecclesia,
2167 2398 2281 2457 sive
2310 2401 2362 2455 in
2384 2399 2632 2455 omnibus
2657 2400 2883 2470 reliquis
2912 2401 3196 2457 aderandis
3212 2398 3483 2469 domibus,

1894 2492 2014 2549 ﬁeri
2046 2492 2300 2560 sinimus,
2329 2493 2464 2549 etin
2490 2506 2719 2564 persona
2746 2494 3078 2563 accipientis,
3102 2502 3160 2549 et
3188 2495 3242 2547 in
3271 2492 3487 2549 duobus

1895 2584 2138 2656 ejusdem
2170 2592 2415 2655 persona:
2440 2585 2747 2642 heredibus
2774 2585 3046 2655 deinceps,
3072 2586 3195 2641 filiis
3221 2585 3484 2642 duntaxat

1895 2680 2026 2736 solis
2054 2680 2309 2736 masculis
2334 2686 2427 2734 a'ut
2477 2679 2715 2747 feminis,
2759 2686 2853 2734 aut
2894 2678 3174 2749 nepotibus
3201 2679 3481 2749 utriusque

1896 2784 2080 2840 sexus,
2104 2780 2197 2827 aut
2224 2778 2414 2839 uxore,
2438 2778 2532 2826 aut
2560 2771 2699 2838 viro,
2722 2771 2768 2825 si
2811 2770 2912 2826 hoc
2939 2770 3188 2825 videlicet
3214 2770 3280 2825 de
3310 2784 3481 2825 uxore

1896 2876 1987 2923 aut
2012 2866 2154 2931 viro,
2179 2866 2479 2936 expressim
2503 2865 2845 2931 nominetur;
2879 2863 3113 2933 alioquin
3142 2880 3247 2918 non
3293 2875 3481 2918 trans-

1895 2961 1975 3018 ire
2004 2961 2071 3016 ad
2110 2961 2346 3031 aliquem
2380 2960 2609 3015 alterum
2652 2956 2947 3025 haeredem,
2975 2956 3069 3012 sed
3102 2972 3271 3026 usque
3296 2957 3362 3010 ad
3388 2970 3481 3011 so-

1895 3052 2001 3109 lam
2032 3053 2194 3107 vitam
2215 3050 2622 3121 percipientium
2644 3049 2916 3114 standum,
2946 3048 3048 3103 nisi
3094 3048 3233 3102 illius
3264 3056 3351 3101 aut
3382 3062 3480 3102 ne-

1897 3154 2052 3215 potes
2079 3144 2387 3199 habuerint.
2436 3142 2610 3198 Aliter
2637 3142 2817 3197 autem
2858 3141 3072 3213 penitus
3102 3139 3482 3212 emphyteusin

194 3244 302 3303 per
328 3234 511 3295 omnia
567 3237 792 3292 immota
817 3250 1129 3310 permaneat
1163 3242 1313 3315 (quid
1341 3244 1487 3299 enim
1534 3259 1659 3302 esse
1694 3261 1795 3317 ρο-
1820 3237 1872 3304 G
1897 3242 1984 3311 agi
2004 3238 2382 3296 ecclesiasticas
2402 3234 2706 3309 cujusdam,
2758 3246 2851 3291 aut
2875 3236 3136 3307 ptoehicae
3163 3237 3242 3292 rei
3289 3239 3485 3292 immo-

198 3330 314 3379 test
361 3326 558 3383 stabile
606 3328 748 3385 inter
794 3329 1043 3391 hom'mea
1068 3342 1126 3392 et
1170 3335 1472 3404 immobile,
1500 3347 1564 3394 ut
1590 3339 1793 3395 nullam

206 3418 452 3487 patiatur
476 3422 853 3492 mutationem,
884 3440 1009 3481 cum
1052 3428 1237 3484 omnis
1272 3437 1463 3486 noster
1487 3440 1658 3489 status
1695 3433 1797 3489 sub

200 3521 473 3583 perpetuo
512 3522 661 3572 motu
690 3516 952 3574 consistat
989 3518 1052 3592 i)
1080 3521 1445 3579 necessarium
1470 3523 1797 3579 existimavi-

199 3622 356 3674 mus,
384 3609 640 3680 quasdam
673 3614 1027 3684 exceptiones
1050 3612 1181 3671 dare
1202 3614 1327 3686 legi,
1362 3630 1485 3672 cum
1511 3617 1691 3673 multis
1721 3616 1800 3672 vi-

201 3702 355 3775 giliis
378 3712 431 3757 et
460 3702 752 3761 subtilitate
774 3705 1113 3777 adiuvantes,
1130 3716 1192 3764 ut
1212 3724 1311 3765 eas
1334 3710 1614 3767 habenam
1643 3711 1799 3765 auxi-

199 3793 281 3850 lio
310 3793 424 3863 lex,
446 3811 786 3867 nequaquam
814 3810 1116 3856 moveatur.

276 3890 521 3946 Sinimus
550 3906 681 3963 ergo
711 3893 962 3964 imperio,
985 3896 1028 3949 si
1058 3909 1162 3966 qua
1186 3895 1489 3952 communis
1506 3897 1802 3953 commodi-

204 3989 292 4039 tas
326 3992 430 4049 est,
460 3995 516 4039 et
543 3998 706 4040 causa
726 3986 793 4040 ad
823 3987 1103 4042 utilitatem
1145 3988 1455 4059 reipublicae
1487 3990 1799 4059 respiciens,

209 4084 272 4132 et
304 4075 465 4131 talem
516 4078 735 4146 exigens
792 4081 1190 4148 possessionem
1239 4080 1468 4151 alicujus
1514 4083 1803 4140 immobilis

204 4168 318 4237 rei,
347 4168 559 4238 qualem
588 4169 985 4240 proposui-nus,
1016 4171 1154 4228 hanc
1181 4173 1232 4228 ei
1260 4188 1294 4228 a
1321 4153 1693 4241 sanctissimis,
1713 4190 1804 4231 ec-

204 4262 417 4329 clesiis,
445 4272 498 4319 et
518 4263 741 4334 reliquis
770 4265 1160 4322 venerabilibus
1181 4267 1431 4322 domibus
1455 4278 1508 4323 et
1538 4268 1801 4339 collegiis,

205 4354 495 4428 percipere
514 4358 696 4424 licere,
731 4359 965 4431 undique
993 4362 1163 4417 sacris
1185 4360 1433 4417 domibus
1453 4361 1805 4419 indemnitate

206 4460 450 4518 servata,
470 4453 940 4521 «compensanda
992 4468 1051 4508 re
1077 4453 1163 4509 eis
1209 4454 1279 4509 ab
1311 4467 1378 4509 eo
1403 4454 1492 4524 qui
1545 4455 1803 4532 percepit,

1899 3338 2046 3407 bilis,
2077 3345 2168 3391 aut
2199 3334 2455 3407 mancipii
2484 3334 2693 3403 rustici,
2726 3342 2819 3389 aut
2844 3333 3014 3389 Civilis
3055 3346 3306 3400 annonae,
3341 3332 3489 3389 nullo

1899 3429 2063 3486 modo
2085 3430 2468 3500 permittimus,
2519 3440 2697 3499 neque
2725 3426 2868 3498 quod
2894 3424 2976 3493 iit,
3018 3424 3231 3495 aliquod
3265 3426 3483 3494 penitus

1901 3521 2067 3579 robur
2090 3521 2291 3578 habere
2318 3520 2566 3578 sinimus.

1974 3635 2113 3704 Quia
2142 3651 2270 3690 vero
2292 3632 2489 3690 Leonis
2516 3632 2731 3706 quidem
2785 3632 2887 3703 pite
2936 3631 3236 3698 memoriae,
3286 3619 3489 3686 consti-

1901 3730 2039 3785 tutio
2061 3726 2165 3782 sub
2194 3727 2335 3782 nulla
2364 3728 2577 3798 penitus
2598 3724 2963 3782 deminutione
2989 3722 3105 3778 dari
3150 3737 3264 3779 rem
3312 3721 3491 3777 eccle-

1902 3823 2174 3879 siasticam
2200 3822 2448 3886 sancivit,
2476 3835 2575 3875 nos
2618 3826 2797 3874 autem
2840 3817 2893 3872 in
2918 3818 3022 3873 alia
3051 3816 3432 3872 constitutione
3461 3831 3495 3871 a

1905 3914 2060 3971 nobis
2090 3915 2313 3985 scripta,
2347 3923 2552 3968 sextam
2573 3912 2750 3967 solum
2772 3912 2946 3983 excipi
2966 3926 3127 3981 super
3150 3909 3494 3982 empbyteusi

1904 4006 2258 4073 sancit-imus,
2310 4004 2617 4077 liujusmodi
2674 4003 2957 4076 quemdam
3006 4004 3386 4061 deminutionis
3415 4004 3496 4059 rei

1905 4098 2152 4155 ordinem
2182 4095 2398 4163 damus,
2448 4107 2504 4150 ut
2533 4109 2802 4171 quaeratur
2827 4112 2952 4151 cum
2985 4096 3131 4151 omni
3176 4096 3399 4153 veritate
3442 4106 3501 4152 et

1907 4191 2202 4249 subtilitate
2229 4191 2416 4261 pensio
2463 4205 2650 4244 eorum
2689 4205 2809 4259 quae
2851 4190 3069 4255 dantur,
3120 4204 3188 4244 an
3236 4197 3383 4245 tanta
3430 4188 3503 4244 sit

1907 4296 2104 4360 quanta
2127 4287 2194 4342 ab
2224 4283 2375 4341 initio
2403 4283 2581 4349 fuerit,
2610 4284 2823 4356 quando
2843 4284 2910 4339 ad
2932 4284 3327 4340 sanctissimam
3350 4283 3502 4338 venit

1908 4378 2213 4445 ecclesiam,
2232 4388 2287 4437 et
2313 4378 2470 4437 detur
2490 4377 2856 4447 emphyteusis
2881 4376 3073 4431 talibus
3090 4375 3355 4445 personis,
3379 4390 3502 4443 qua-

1912 4474 1988 4527 les
2016 4471 2215 4527 dudum
2243 4469 2499 4525 diximus.
2529 4467 2678 4523 Tunc
2717 4466 2861 4523 enim
2888 4478 3095 4521 sextam
3139 4474 3343 4535 partem
3377 4479 3504 4520 cum

206 4558 371 4613 a“imI
416 4538 510 4599 ἀοι
555 4546 717 4600 “iam
772 4546 997 4617 ωθὶοτθν
1024 4563 1181 4617 quam
1210 4548 1334 4604 ἀίω
1362 4557 1467 4605 es"
1493 4550 1628 4619 Quid
1658 4553 1805 4607 enim
1904 4558 2703 4633 scrupulositateimputandam
2716 4558 3081 4613 concedimus.
3103 4556 3160 4611 Si
3178 4570 3307 4611 vero
3325 4556 3496 4612 minui

206 4640 468 4693 ωυθθιυΐ
492 4637 806 4708 imperator,
839 4655 908 4695 ηθ
938 4641 1162 4696 meum!
1188 4642 1302 4709 del,
1332 4644 1417 4698 cui
1449 4644 1681 4713 Plurima
1714 4644 1806 4700 δε·
1829 4632 1887 4694 D
1911 4632 2195 4725 contigerit
2220 4668 2315 4721 per
2339 4650 2623 4722 quamdam
2654 4649 3011 4704 calamitatem
3044 4648 3377 4719 pensionem,
3407 4655 3502 4703 aut

210 4730 297 4788 dit
323 4733 520 4788 habere
545 4732 708 4801 Deus,
731 4744 787 4789 et
831 4735 1118 4791 multorum
1151 4737 1425 4792 dominum
1473 4753 1615 4806 esse,
1644 4749 1698 4795 et
1743 4750 1806 4796 ut

211 4825 377 4883 facile
402 4826 531 4881 dare
552 4834 752 4895 potest,
773 4837 829 4884 et
843 4829 1079 4885 maxime
1099 4829 1153 4884 in
1170 4830 1521 4886 sanctissimis
1539 4831 1805 4897 ecclesiis,

214 4917 276 4974 in
300 4917 496 4988 quibus
532 4920 709 4975 omnis
753 4921 1070 4977 donatarum
1122 4925 1204 4978 eis
1244 4934 1424 4978 rerum
1479 4923 1811 5001 immensitas

214 5013 425 5082 optima
453 5028 704 5069 mensura
728 5015 855 5070 est?
880 5013 1030 5072 Unde
1050 5015 1094 5069 si
1120 5015 1252 5086 quid
1282 5016 1389 5071 tale
1438 5016 1549 5081 ﬁat,
1581 5024 1636 5071 et
1657 5030 1814 5088 prag-

215 5108 422 5167 matica
452 5111 769 5178 processerit
799 5108 1002 5178 forma,
1056 5111 1370 5181 pmoipiens
1414 5108 1639 5179 impen'o
1685 5110 1815 5166 dare

219 5201 424 5273 aliquid
456 5203 640 5258 talium
681 5212 887 5270 rerum,
916 5213 973 5260 et
1001 5205 1487 5273 recommnsaverit
1516 5216 1644 5258 mox
1694 5217 1813 5258 rem

222 5297 533 5365 meliorem,
562 5305 619 5353 et
645 5298 969 5364 uberiorem,
1007 5309 1060 5354 et
1088 5298 1377 5364 utiliorem,
1410 5297 1482 5353 sit
1507 5311 1567 5353 ea
1597 5311 1814 5367 permu-

223 5392 367 5448 tatio
388 5394 564 5462 lirma,
594 5404 650 5449 et
670 5393 723 5448 bi
749 5395 840 5463 qui
870 5393 1158 5463 president
1181 5393 1453 5458 domibus,
1473 5408 1701 5465 quarum
1733 5400 1819 5447 est

226 5482 379 5553 quod
408 5483 694 5551 alienatur,
720 5493 777 5541 et
818 5487 908 5556 qui
932 5486 1126 5541 talibus
1170 5484 1550 5541 administrant
1603 5485 1814 5549 litteris,

226 5576 354 5635 sine
376 5577 599 5649 querela
619 5577 855 5649 undique
892 5578 1023 5645 sint,
1070 5578 1271 5633 nullam
1304 5584 1604 5635 metuentes
1634 5592 1818 5647 paena-

228 5683 382 5736 rum,
409 5686 530 5743 qua
559 5685 588 5725 a
623 5670 809 5727 Leone
832 5669 933 5742 pia:
975 5671 1250 5726 memoria:
1297 5672 1730 5737 intenninantur,
1763 5678 1821 5727 et

231 5775 275 5819 ι
304 5764 458 5821 nobis
484 5765 709 5821 ﬁrmatae
749 5774 894 5822 sunt.
926 5764 1121 5837 Utique
1141 5781 1261 5823 cum
1289 5780 1388 5822 nec
1416 5767 1638 5821 multum
1668 5762 1822 5819 diﬂ'e-

1914 4749 1969 4806 in
1992 4757 2160 4803 totum
2189 4756 2315 4800 tunc
2362 4750 2701 4799 constantem
2750 4740 3062 4810 pensionem
3115 4741 3373 4811 accipiat,
3407 4740 3502 4811 qui

1914 4837 2293 4910 empbyteusin
2323 4835 2503 4892 subire
2522 4834 2655 4900 vult,
2678 4842 2773 4889 aut
2799 4834 3013 4902 penitus
3056 4833 3344 4902 abstineat,
3376 4847 3502 4889 cum

1916 4934 2073 4990 liceat
2093 4933 2305 4987 elocare
2332 4930 2510 5002 petius
2538 4941 2698 5000 quam
2721 4929 2852 4986 tales
2873 4927 3266 4985 deminutiones
3292 4927 3345 4984 in
3387 4942 3503 4983 em-

1918 5026 2168 5100 phyteusi
2194 5025 2489 5082 celebrare.
2513 5024 2569 5080 Si
2598 5039 2725 5080 vero
2743 5023 2970 5092 alicujus
2988 5021 3337 5087 ecclesiastici
3367 5018 3501 5075 sub-

1920 5120 2113 5177 urbani
2151 5120 2339 5190 prtedii
2382 5118 2746 5190 emphyteusis
2776 5118 2932 5173 detur
2955 5158 2971 5182 ,
3003 5117 3178 5188 qualia
3230 5114 3459 5185 plurima
3481 5154 3498 5179 ,

1920 5213 2158 5269 maxime
2187 5214 2240 5267 in
2272 5212 2373 5267 bac
2416 5211 2663 5266 novimus
2702 5208 3008 5267 felicissima
3038 5206 3334 5263 consistere
3368 5206 3508 5262 civi-

1918 5316 2049 5372 tate,
2092 5305 2261 5361 multo
2287 5304 2499 5375 quidem
2542 5304 2701 5374 digna
2730 5304 2923 5374 pretio,
2958 5316 3150 5373 parvas
3192 5315 3323 5357 vero
3369 5300 3501 5357 red-

1921 5397 2103 5452 dentia
2151 5396 2460 5466 pensiones,
2511 5404 2602 5450 aut
2636 5392 2765 5449 nihil
2794 5395 3105 5463 pensionum
3134 5393 3355 5448 omnino
3394 5407 3507 5450 non

1920 5507 1988 5549 ex
2012 5490 2273 5547 reditibus
2321 5490 2496 5546 metiri
2525 5489 2918 5561 empbyteusin.
2950 5488 3045 5544 sed
3072 5489 3342 5544 aastimare
3370 5485 3503 5542 sub-

1923 5582 2184 5639 urbanum
2240 5580 2527 5645 subtiliter,
2578 5588 2633 5636 et
2682 5581 2916 5649 reputari
2966 5595 3031 5635 ex
3070 5578 3243 5650 pretio
3287 5576 3508 5637 redacto

1921 5674 2126 5731 reditus
2177 5672 2459 5744 possibiles
2508 5673 2559 5726 in
2592 5671 2775 5742 viginti
2802 5674 2956 5727 annis
3005 5672 3323 5743 computari,
3353 5672 3409 5727 et
3452 5672 3507 5725 in

1925 5768 2186 5823 reditibus
2214 5764 2504 5821 secundum
2529 5763 2629 5817 hoc
2658 5763 2978 5833 computatis
2999 5764 3085 5834 agi
3106 5764 3505 5835 emphyteusin,

228 5865 368 5915 aut
391 5858 463 5916 ὼ
482 5859 742 5918 alterutro
764 5861 1122 5920 sacerdotium
1153 5873 1206 5920 et
1230 5864 1533 5936 imperium,
1577 5870 1634 5919 et
1656 5874 1826 5917 sacrae
1931 5875 2036 5918 non
2061 5868 2342 5930 perpetuo,
2370 5855 2468 5915 sed
2494 5857 2549 5913 in
2572 5871 2696 5914 eum
2723 5858 2815 5928 qui
2838 5858 3084 5928 percipit,
3111 5869 3165 5915 et
3186 5857 3320 5914 duas
3346 5873 3415 5914 ex
3444 5871 3511 5913 eo
