  <div class='ocr_page' id='page_1' title='image "/cluster/home/n/w/nwhite01/storage/ocr_20150623/72/hvd.32044015469364/479.png"; bbox 0 0 4042 6348; ppageno 0'>
   <div class='ocr_carea' id='block_1_1' title="bbox 538 317 734 378">
    <p class='ocr_par' dir='ltr' id='par_1_1' title="bbox 538 317 734 378">
     <span class='ocr_line' id='line_1_1' title="bbox 538 317 734 378; baseline 0 0"><span class='ocrx_word' id='word_1_1' title='bbox 538 356 541 357; x_wconf 44' lang='grc' dir='ltr'><em>κ</em></span> <span class='ocrx_word' id='word_1_2' title='bbox 628 317 734 378; x_wconf 69' lang='lat'><strong>943</strong></span> 
     </span>
    </p>
   </div>
   <div class='ocr_carea' id='block_1_2' title="bbox 1696 301 3833 369">
    <p class='ocr_par' dir='ltr' id='par_1_2' title="bbox 1696 301 3833 369">
     <span class='ocr_line' id='line_1_2' title="bbox 1696 301 3833 369; baseline -0.007 0"><span class='ocrx_word' id='word_1_3' title='bbox 1696 310 1964 369; x_wconf 65' lang='lat' dir='ltr'><strong>SECULI</strong></span> <span class='ocrx_word' id='word_1_4' title='bbox 2002 302 2207 364; x_wconf 79' lang='lat' dir='ltr'><strong>SEXTI</strong></span> <span class='ocrx_word' id='word_1_5' title='bbox 2245 301 2819 361; x_wconf 76' lang='lat' dir='ltr'><strong>SUPPLEMENTUM.</strong></span> <span class='ocrx_word' id='word_1_6' title='bbox 3760 306 3833 365; x_wconf 70' lang='grc' dir='ltr'><strong>9η</strong></span> 
     </span>
    </p>
   </div>
   <div class='ocr_carea' id='block_1_3' title="bbox 629 418 3835 501">
    <p class='ocr_par' dir='ltr' id='par_1_3' title="bbox 629 418 3835 501">
     <span class='ocr_line' id='line_1_3' title="bbox 629 418 3835 501; baseline -0.006 -7"><span class='ocrx_word' id='word_1_7' title='bbox 629 433 1019 499; x_wconf 77' lang='lat' dir='ltr'><strong>successiones,</strong></span> <span class='ocrx_word' id='word_1_8' title='bbox 1048 440 1103 488; x_wconf 92' lang='lat' dir='ltr'><strong>et</strong></span> <span class='ocrx_word' id='word_1_9' title='bbox 1131 432 1249 487; x_wconf 89' lang='lat' dir='ltr'><strong>viro</strong></span> <span class='ocrx_word' id='word_1_10' title='bbox 1268 438 1325 487; x_wconf 91' lang='lat' dir='ltr'><strong>et</strong></span> <span class='ocrx_word' id='word_1_11' title='bbox 1348 430 1500 486; x_wconf 83' lang='lat' dir='ltr'><strong>uxori</strong></span> <span class='ocrx_word' id='word_1_12' title='bbox 1526 429 1687 501; x_wconf 90' lang='lat' dir='ltr'><strong>(sicut</strong></span> <span class='ocrx_word' id='word_1_13' title='bbox 1735 426 2107 499; x_wconf 76' lang='lat' dir='ltr'><strong>praediximus)</strong></span> <span class='ocrx_word' id='word_1_14' title='bbox 2139 424 2213 478; x_wconf 81' lang='lat' dir='ltr'><strong>ia-</strong></span> <span class='ocrx_word' id='word_1_15' title='bbox 2240 426 2295 483; x_wconf 81' lang='grc' dir='ltr'>Α</span> <span class='ocrx_word' id='word_1_16' title='bbox 2319 420 2517 476; x_wconf 89' lang='lat' dir='ltr'><strong>factum</strong></span> <span class='ocrx_word' id='word_1_17' title='bbox 2544 431 2629 477; x_wconf 90' lang='lat' dir='ltr'><strong>est</strong></span> <span class='ocrx_word' id='word_1_18' title='bbox 2654 421 2789 485; x_wconf 91' lang='lat' dir='ltr'><strong>tale,</strong></span> <span class='ocrx_word' id='word_1_19' title='bbox 2821 418 3018 474; x_wconf 91' lang='lat' dir='ltr'><strong>nullam</strong></span> <span class='ocrx_word' id='word_1_20' title='bbox 3072 419 3449 475; x_wconf 72' lang='lat' dir='ltr'><strong>necessitatem</strong></span> <span class='ocrx_word' id='word_1_21' title='bbox 3493 434 3609 476; x_wconf 81' lang='lat' dir='ltr'><strong>esse</strong></span> <span class='ocrx_word' id='word_1_22' title='bbox 3644 437 3835 482; x_wconf 66' lang='lat' dir='ltr'><strong>revereri.</strong></span> 
     </span>
    </p>
   </div>
   <div class='ocr_carea' id='block_1_4' title="bbox 625 531 891 587">
    <p class='ocr_par' dir='ltr' id='par_1_4' title="bbox 625 531 891 587">
     <span class='ocr_line' id='line_1_4' title="bbox 625 531 891 587; baseline -0.019 0"><span class='ocrx_word' id='word_1_23' title='bbox 625 531 891 587; x_wconf 83' lang='lat' dir='ltr'><strong>ciendam.</strong></span> 
     </span>
    </p>
   </div>
   <div class='ocr_carea' id='block_1_5' title="bbox 701 614 2218 688">
    <p class='ocr_par' dir='ltr' id='par_1_5' title="bbox 701 614 2218 688">
     <span class='ocr_line' id='line_1_5' title="bbox 701 614 2218 688; baseline -0.007 -10"><span class='ocrx_word' id='word_1_24' title='bbox 701 620 854 678; x_wconf 86' lang='lat' dir='ltr'><strong>Scire</strong></span> <span class='ocrx_word' id='word_1_25' title='bbox 870 628 1049 677; x_wconf 90' lang='lat' dir='ltr'><strong>autem</strong></span> <span class='ocrx_word' id='word_1_26' title='bbox 1074 618 1447 688; x_wconf 83' lang='lat' dir='ltr'><strong>empbyteutas</strong></span> <span class='ocrx_word' id='word_1_27' title='bbox 1467 617 1737 686; x_wconf 80' lang='lat' dir='ltr'><strong>convenit,</strong></span> <span class='ocrx_word' id='word_1_28' title='bbox 1766 617 1888 687; x_wconf 85' lang='lat' dir='ltr'><strong>quia</strong></span> <span class='ocrx_word' id='word_1_29' title='bbox 1918 616 1963 671; x_wconf 88' lang='lat' dir='ltr'><strong>si</strong></span> <span class='ocrx_word' id='word_1_30' title='bbox 1992 616 2045 671; x_wconf 93' lang='lat' dir='ltr'><strong>in</strong></span> <span class='ocrx_word' id='word_1_31' title='bbox 2073 614 2218 669; x_wconf 89' lang='lat' dir='ltr'><strong>bien-</strong></span> 
     </span>
    </p>
   </div>
   <div class='ocr_carea' id='block_1_6' title="bbox 625 710 2218 781">
    <p class='ocr_par' dir='ltr' id='par_1_6' title="bbox 625 710 2218 781">
     <span class='ocr_line' id='line_1_6' title="bbox 625 710 2218 781; baseline -0.004 -13"><span class='ocrx_word' id='word_1_32' title='bbox 625 714 719 768; x_wconf 91' lang='lat' dir='ltr'><strong>nio</strong></span> <span class='ocrx_word' id='word_1_33' title='bbox 747 713 1004 768; x_wconf 91' lang='lat' dir='ltr'><strong>continuo</strong></span> <span class='ocrx_word' id='word_1_34' title='bbox 1050 728 1157 766; x_wconf 92' lang='lat' dir='ltr'><strong>non</strong></span> <span class='ocrx_word' id='word_1_35' title='bbox 1186 710 1516 767; x_wconf 80' lang='lat' dir='ltr'><strong>exsolverint</strong></span> <span class='ocrx_word' id='word_1_36' title='bbox 1545 711 2005 781; x_wconf 87' lang='lat' dir='ltr'><strong>emphyteuticum</strong></span> <span class='ocrx_word' id='word_1_37' title='bbox 2051 722 2218 763; x_wconf 89' lang='lat' dir='ltr'><strong>cano-</strong></span> 
     </span>
    </p>
   </div>
   <div class='ocr_carea' id='block_1_7' title="bbox 626 798 2218 876">
    <p class='ocr_par' dir='ltr' id='par_1_7' title="bbox 626 798 2218 876">
     <span class='ocr_line' id='line_1_7' title="bbox 626 798 2218 876; baseline -0.006 -15"><span class='ocrx_word' id='word_1_38' title='bbox 626 820 753 861; x_wconf 86' lang='lat' dir='ltr'><strong>nem</strong></span> <span class='ocrx_word' id='word_1_39' title='bbox 783 805 909 876; x_wconf 89' lang='lat' dir='ltr'><strong>(hoc</strong></span> <span class='ocrx_word' id='word_1_40' title='bbox 933 804 1075 859; x_wconf 90' lang='lat' dir='ltr'><strong>enim</strong></span> <span class='ocrx_word' id='word_1_41' title='bbox 1121 812 1331 872; x_wconf 86' lang='lat' dir='ltr'><strong>tempus</strong></span> <span class='ocrx_word' id='word_1_42' title='bbox 1364 817 1460 871; x_wconf 93' lang='lat' dir='ltr'><strong>pro</strong></span> <span class='ocrx_word' id='word_1_43' title='bbox 1492 801 1726 858; x_wconf 91' lang='lat' dir='ltr'><strong>triennio</strong></span> <span class='ocrx_word' id='word_1_44' title='bbox 1770 801 1998 856; x_wconf 87' lang='lat' dir='ltr'><strong>aliorum</strong></span> <span class='ocrx_word' id='word_1_45' title='bbox 2044 798 2218 853; x_wconf 90' lang='lat' dir='ltr'><strong>homi-</strong></span> 
     </span>
    </p>
   </div>
   <div class='ocr_carea' id='block_1_8' title="bbox 624 890 2219 960">
    <p class='ocr_par' dir='ltr' id='par_1_8' title="bbox 624 890 2219 960">
     <span class='ocr_line' id='line_1_8' title="bbox 624 890 2219 960; baseline -0.007 -6"><span class='ocrx_word' id='word_1_46' title='bbox 624 914 755 954; x_wconf 89' lang='lat' dir='ltr'><strong>num</strong></span> <span class='ocrx_word' id='word_1_47' title='bbox 784 897 1034 953; x_wconf 85' lang='lat' dir='ltr'><strong>sufticere</strong></span> <span class='ocrx_word' id='word_1_48' title='bbox 1061 897 1128 951; x_wconf 91' lang='lat' dir='ltr'><strong>ad</strong></span> <span class='ocrx_word' id='word_1_49' title='bbox 1152 910 1333 950; x_wconf 88' lang='lat' dir='ltr'><strong>casum</strong></span> <span class='ocrx_word' id='word_1_50' title='bbox 1365 895 1858 951; x_wconf 82' lang='lat' dir='ltr'><strong>ecclesiasticarum</strong></span> <span class='ocrx_word' id='word_1_51' title='bbox 1890 902 1981 948; x_wconf 91' lang='lat' dir='ltr'><strong>aut</strong></span> <span class='ocrx_word' id='word_1_52' title='bbox 2011 890 2219 960; x_wconf 87' lang='lat' dir='ltr'><strong>ptochi-</strong></span> 
     </span>
    </p>
   </div>
   <div class='ocr_carea' id='block_1_9' title="bbox 620 983 2217 1060">
    <p class='ocr_par' dir='ltr' id='par_1_9' title="bbox 620 983 2217 1060">
     <span class='ocr_line' id='line_1_9' title="bbox 620 983 2217 1060; baseline -0.006 -14"><span class='ocrx_word' id='word_1_53' title='bbox 620 1005 810 1046; x_wconf 79' lang='lat' dir='ltr'><strong>carum</strong></span> <span class='ocrx_word' id='word_1_54' title='bbox 863 989 1283 1060; x_wconf 85' lang='lat' dir='ltr'><strong>emphyteuseon</strong></span> <span class='ocrx_word' id='word_1_55' title='bbox 1333 1002 1431 1058; x_wconf 93' lang='lat' dir='ltr'><strong>pro</strong></span> <span class='ocrx_word' id='word_1_56' title='bbox 1459 1003 1565 1043; x_wconf 93' lang='lat' dir='ltr'><strong>non</strong></span> <span class='ocrx_word' id='word_1_57' title='bbox 1596 988 1770 1043; x_wconf 91' lang='lat' dir='ltr'><strong>soluto</strong></span> <span class='ocrx_word' id='word_1_58' title='bbox 1824 1000 2028 1051; x_wconf 85' lang='lat' dir='ltr'><strong>canone</strong></span> <span class='ocrx_word' id='word_1_59' title='bbox 2066 983 2217 1053; x_wconf 91' lang='lat' dir='ltr'><strong>poni-</strong></span> 
     </span>
    </p>
   </div>
   <div class='ocr_carea' id='block_1_10' title="bbox 623 1079 2216 1149">
    <p class='ocr_par' dir='ltr' id='par_1_10' title="bbox 623 1079 2216 1149">
     <span class='ocr_line' id='line_1_10' title="bbox 623 1079 2216 1149; baseline -0.005 -13"><span class='ocrx_word' id='word_1_60' title='bbox 623 1082 790 1144; x_wconf 88' lang='lat' dir='ltr'><strong>mus).</strong></span> <span class='ocrx_word' id='word_1_61' title='bbox 823 1080 951 1135; x_wconf 82' lang='lat' dir='ltr'><strong>ﬁent</strong></span> <span class='ocrx_word' id='word_1_62' title='bbox 975 1081 1196 1135; x_wconf 91' lang='lat' dir='ltr'><strong>omnino</strong></span> <span class='ocrx_word' id='word_1_63' title='bbox 1224 1080 1470 1134; x_wconf 81' lang='lat' dir='ltr'><strong>extranei</strong></span> <span class='ocrx_word' id='word_1_64' title='bbox 1497 1079 1964 1149; x_wconf 83' lang='lat' dir='ltr'><strong>eniphyteumatos</strong></span> <span class='ocrx_word' id='word_1_65' title='bbox 1984 1117 1999 1140; x_wconf 96' lang='lat'><strong>,</strong></span> <span class='ocrx_word' id='word_1_66' title='bbox 2032 1084 2088 1131; x_wconf 91' lang='lat' dir='ltr'><strong>et</strong></span> <span class='ocrx_word' id='word_1_67' title='bbox 2119 1089 2216 1129; x_wconf 80' lang='lat' dir='ltr'><strong>vo-</strong></span> 
     </span>
    </p>
   </div>
   <div class='ocr_carea' id='block_1_11' title="bbox 621 1166 2217 1240">
    <p class='ocr_par' dir='ltr' id='par_1_11' title="bbox 621 1166 2217 1240">
     <span class='ocr_line' id='line_1_11' title="bbox 621 1166 2217 1240; baseline -0.003 -14"><span class='ocrx_word' id='word_1_68' title='bbox 621 1171 857 1226; x_wconf 82' lang='lat' dir='ltr'><strong>lentibus</strong></span> <span class='ocrx_word' id='word_1_69' title='bbox 880 1169 1181 1240; x_wconf 69' lang='lat' dir='ltr'><strong>praepositis</strong></span> <span class='ocrx_word' id='word_1_70' title='bbox 1202 1180 1507 1225; x_wconf 88' lang='lat' dir='ltr'><strong>sanctarum</strong></span> <span class='ocrx_word' id='word_1_71' title='bbox 1533 1170 1787 1224; x_wconf 86' lang='lat' dir='ltr'><strong>domuum</strong></span> <span class='ocrx_word' id='word_1_72' title='bbox 1819 1168 1998 1223; x_wconf 92' lang='lat' dir='ltr'><strong>licebit</strong></span> <span class='ocrx_word' id='word_1_73' title='bbox 2020 1166 2217 1236; x_wconf 77' lang='lat' dir='ltr'><strong>praedia</strong></span> 
     </span>
    </p>
   </div>
   <div class='ocr_carea' id='block_1_12' title="bbox 624 1256 2218 1327">
    <p class='ocr_par' dir='ltr' id='par_1_12' title="bbox 624 1256 2218 1327">
     <span class='ocr_line' id='line_1_12' title="bbox 624 1256 2218 1327; baseline -0.004 -9"><span class='ocrx_word' id='word_1_74' title='bbox 624 1274 718 1318; x_wconf 90' lang='lat' dir='ltr'><strong>aut</strong></span> <span class='ocrx_word' id='word_1_75' title='bbox 740 1264 928 1318; x_wconf 90' lang='lat' dir='ltr'><strong>domus</strong></span> <span class='ocrx_word' id='word_1_76' title='bbox 943 1262 1237 1327; x_wconf 88' lang='lat' dir='ltr'><strong>vindicare,</strong></span> <span class='ocrx_word' id='word_1_77' title='bbox 1271 1262 1472 1316; x_wconf 91' lang='lat' dir='ltr'><strong>nullam</strong></span> <span class='ocrx_word' id='word_1_78' title='bbox 1507 1260 1869 1315; x_wconf 84' lang='lat' dir='ltr'><strong>metuentibus</strong></span> <span class='ocrx_word' id='word_1_79' title='bbox 1890 1256 2218 1313; x_wconf 88' lang='lat' dir='ltr'><strong>melioratio-</strong></span> 
     </span>
    </p>
   </div>
   <div class='ocr_carea' id='block_1_13' title="bbox 624 1348 2218 1425">
    <p class='ocr_par' dir='ltr' id='par_1_13' title="bbox 624 1348 2218 1425">
     <span class='ocr_line' id='line_1_13' title="bbox 624 1348 2218 1425; baseline -0.005 -14"><span class='ocrx_word' id='word_1_80' title='bbox 624 1371 755 1411; x_wconf 92' lang='lat' dir='ltr'><strong>num</strong></span> <span class='ocrx_word' id='word_1_81' title='bbox 804 1354 1203 1425; x_wconf 89' lang='lat' dir='ltr'><strong>repetitionem.</strong></span> <span class='ocrx_word' id='word_1_82' title='bbox 1257 1352 1362 1408; x_wconf 86' lang='lat' dir='ltr'><strong>Sed</strong></span> <span class='ocrx_word' id='word_1_83' title='bbox 1412 1352 1679 1422; x_wconf 87' lang='lat' dir='ltr'><strong>siquidem</strong></span> <span class='ocrx_word' id='word_1_84' title='bbox 1748 1352 1983 1406; x_wconf 88' lang='lat' dir='ltr'><strong>deterius</strong></span> <span class='ocrx_word' id='word_1_85' title='bbox 2032 1348 2218 1404; x_wconf 89' lang='lat' dir='ltr'><strong>fecerit</strong></span> 
     </span>
    </p>
   </div>
   <div class='ocr_carea' id='block_1_14' title="bbox 622 1444 2218 1518">
    <p class='ocr_par' dir='ltr' id='par_1_14' title="bbox 622 1444 2218 1518">
     <span class='ocr_line' id='line_1_14' title="bbox 622 1444 2218 1518; baseline -0.002 -17"><span class='ocrx_word' id='word_1_86' title='bbox 622 1447 907 1518; x_wconf 70' lang='lat' dir='ltr'><strong>praedium,</strong></span> <span class='ocrx_word' id='word_1_87' title='bbox 936 1458 1026 1502; x_wconf 89' lang='lat' dir='ltr'><strong>aut</strong></span> <span class='ocrx_word' id='word_1_88' title='bbox 1050 1446 1439 1514; x_wconf 78' lang='lat' dir='ltr'><strong>suburbanum,</strong></span> <span class='ocrx_word' id='word_1_89' title='bbox 1471 1456 1564 1501; x_wconf 90' lang='lat' dir='ltr'><strong>aut</strong></span> <span class='ocrx_word' id='word_1_90' title='bbox 1599 1447 1839 1511; x_wconf 91' lang='lat' dir='ltr'><strong>domum,</strong></span> <span class='ocrx_word' id='word_1_91' title='bbox 1872 1447 1959 1513; x_wconf 91' lang='lat' dir='ltr'><strong>qui</strong></span> <span class='ocrx_word' id='word_1_92' title='bbox 1991 1444 2218 1514; x_wconf 87' lang='lat' dir='ltr'><strong>emphy-</strong></span> 
     </span>
    </p>
   </div>
   <div class='ocr_carea' id='block_1_15' title="bbox 624 1534 2218 1608">
    <p class='ocr_par' dir='ltr' id='par_1_15' title="bbox 624 1534 2218 1608">
     <span class='ocr_line' id='line_1_15' title="bbox 624 1534 2218 1608; baseline -0.001 -17"><span class='ocrx_word' id='word_1_93' title='bbox 624 1538 801 1592; x_wconf 87' lang='lat' dir='ltr'><strong>teusin</strong></span> <span class='ocrx_word' id='word_1_94' title='bbox 828 1538 1085 1607; x_wconf 83' lang='lat' dir='ltr'><strong>percepit,</strong></span> <span class='ocrx_word' id='word_1_95' title='bbox 1130 1536 1252 1608; x_wconf 92' lang='lat' dir='ltr'><strong>cogi</strong></span> <span class='ocrx_word' id='word_1_96' title='bbox 1282 1552 1405 1592; x_wconf 88' lang='lat' dir='ltr'><strong>eum</strong></span> <span class='ocrx_word' id='word_1_97' title='bbox 1437 1537 1506 1590; x_wconf 92' lang='lat' dir='ltr'><strong>de</strong></span> <span class='ocrx_word' id='word_1_98' title='bbox 1536 1550 1636 1591; x_wconf 91' lang='lat' dir='ltr'><strong>suo</strong></span> <span class='ocrx_word' id='word_1_99' title='bbox 1666 1534 1993 1606; x_wconf 77' lang='lat' dir='ltr'><strong>diligentiam</strong></span> <span class='ocrx_word' id='word_1_100' title='bbox 2025 1550 2088 1589; x_wconf 86' lang='lat' dir='ltr'><strong>ac</strong></span> <span class='ocrx_word' id='word_1_101' title='bbox 2132 1548 2218 1589; x_wconf 89' lang='lat' dir='ltr'><strong>re-</strong></span> 
     </span>
    </p>
   </div>
   <div class='ocr_carea' id='block_1_16' title="bbox 621 1626 2217 1699">
    <p class='ocr_par' dir='ltr' id='par_1_16' title="bbox 621 1626 2217 1699">
     <span class='ocr_line' id='line_1_16' title="bbox 621 1626 2217 1699; baseline -0.003 -14"><span class='ocrx_word' id='word_1_102' title='bbox 621 1630 955 1685; x_wconf 84' lang='lat' dir='ltr'><strong>stitutionem</strong></span> <span class='ocrx_word' id='word_1_103' title='bbox 988 1630 1149 1699; x_wconf 86' lang='lat' dir='ltr'><strong>prisci</strong></span> <span class='ocrx_word' id='word_1_104' title='bbox 1174 1636 1344 1684; x_wconf 84' lang='lat' dir='ltr'><strong>status</strong></span> <span class='ocrx_word' id='word_1_105' title='bbox 1368 1627 1567 1693; x_wconf 86' lang='lat' dir='ltr'><strong>facere,</strong></span> <span class='ocrx_word' id='word_1_106' title='bbox 1596 1628 1996 1698; x_wconf 85' lang='lat' dir='ltr'><strong>obligatumque</strong></span> <span class='ocrx_word' id='word_1_107' title='bbox 2022 1626 2087 1680; x_wconf 90' lang='lat' dir='ltr'><strong>ad</strong></span> <span class='ocrx_word' id='word_1_108' title='bbox 2114 1626 2217 1681; x_wconf 90' lang='lat' dir='ltr'><strong>huc</strong></span> 
     </span>
    </p>
   </div>
   <div class='ocr_carea' id='block_1_17' title="bbox 620 1720 2212 1793">
    <p class='ocr_par' dir='ltr' id='par_1_17' title="bbox 620 1720 2212 1793">
     <span class='ocr_line' id='line_1_17' title="bbox 620 1720 2212 1793; baseline -0.003 -14"><span class='ocrx_word' id='word_1_109' title='bbox 620 1738 744 1779; x_wconf 87' lang='lat' dir='ltr'><strong>esse</strong></span> <span class='ocrx_word' id='word_1_110' title='bbox 796 1732 851 1779; x_wconf 92' lang='lat' dir='ltr'><strong>et</strong></span> <span class='ocrx_word' id='word_1_111' title='bbox 905 1724 1104 1793; x_wconf 88' lang='lat' dir='ltr'><strong>ipsum,</strong></span> <span class='ocrx_word' id='word_1_112' title='bbox 1157 1734 1213 1776; x_wconf 87' lang='lat' dir='ltr'><strong>et</strong></span> <span class='ocrx_word' id='word_1_113' title='bbox 1268 1720 1511 1776; x_wconf 62' lang='lat' dir='ltr'><strong>hatredes</strong></span> <span class='ocrx_word' id='word_1_114' title='bbox 1551 1720 1692 1790; x_wconf 91' lang='lat' dir='ltr'><strong>ejus,</strong></span> <span class='ocrx_word' id='word_1_115' title='bbox 1750 1729 1804 1775; x_wconf 91' lang='lat' dir='ltr'><strong>et</strong></span> <span class='ocrx_word' id='word_1_116' title='bbox 1847 1733 2212 1785; x_wconf 88' lang='lat' dir='ltr'><strong>successores,</strong></span> 
     </span>
    </p>
   </div>
   <div class='ocr_carea' id='block_1_18' title="bbox 2322 513 3831 590">
    <p class='ocr_par' dir='ltr' id='par_1_18' title="bbox 2322 513 3831 590">
     <span class='ocr_line' id='line_1_18' title="bbox 2322 513 3831 590; baseline 0.003 -22"><span class='ocrx_word' id='word_1_117' title='bbox 2322 514 2565 571; x_wconf 88' lang='lat' dir='ltr'><strong>dissimis</strong></span> <span class='ocrx_word' id='word_1_118' title='bbox 2606 516 2923 579; x_wconf 77' lang='lat' dir='ltr'><strong>(economis,</strong></span> <span class='ocrx_word' id='word_1_119' title='bbox 2957 513 3164 570; x_wconf 90' lang='lat' dir='ltr'><strong>duobus</strong></span> <span class='ocrx_word' id='word_1_120' title='bbox 3204 514 3509 571; x_wconf 70' lang='lat' dir='ltr'><strong>haeredibus</strong></span> <span class='ocrx_word' id='word_1_121' title='bbox 3550 520 3831 590; x_wconf 66' lang='lat' dir='ltr'><strong>cessantibus,</strong></span> 
     </span>
    </p>
   </div>
   <div class='ocr_carea' id='block_1_19' title="bbox 2321 610 2797 666">
    <p class='ocr_par' dir='ltr' id='par_1_19' title="bbox 2321 610 2797 666">
     <span class='ocr_line' id='line_1_19' title="bbox 2321 610 2797 666; baseline 0.002 -3"><span class='ocrx_word' id='word_1_122' title='bbox 2321 611 2532 666; x_wconf 83' lang='lat' dir='ltr'><strong>caeteris</strong></span> <span class='ocrx_word' id='word_1_123' title='bbox 2564 610 2797 666; x_wconf 83' lang='lat' dir='ltr'><strong>tradere.</strong></span> 
     </span>
    </p>
   </div>
   <div class='ocr_carea' id='block_1_20' title="bbox 2393 692 3832 773">
    <p class='ocr_par' dir='ltr' id='par_1_20' title="bbox 2393 692 3832 773">
     <span class='ocr_line' id='line_1_20' title="bbox 2393 692 3832 773; baseline 0.003 -15"><span class='ocrx_word' id='word_1_124' title='bbox 2393 701 2450 758; x_wconf 92' lang='lat' dir='ltr'><strong>Si</strong></span> <span class='ocrx_word' id='word_1_125' title='bbox 2482 703 2602 773; x_wconf 87' lang='lat' dir='ltr'><strong>quis</strong></span> <span class='ocrx_word' id='word_1_126' title='bbox 2627 712 2805 758; x_wconf 91' lang='lat' dir='ltr'><strong>autem</strong></span> <span class='ocrx_word' id='word_1_127' title='bbox 2845 692 3077 758; x_wconf 79' lang='lat' dir='ltr'><strong>voluerit</strong></span> <span class='ocrx_word' id='word_1_128' title='bbox 3124 703 3373 770; x_wconf 88' lang='lat' dir='ltr'><strong>accipere</strong></span> <span class='ocrx_word' id='word_1_129' title='bbox 3416 704 3690 760; x_wconf 82' lang='lat' dir='ltr'><strong>secundum</strong></span> <span class='ocrx_word' id='word_1_130' title='bbox 3714 709 3832 762; x_wconf 80' lang='lat' dir='ltr'><strong>ratio-</strong></span> 
     </span>
    </p>
   </div>
   <div class='ocr_carea' id='block_1_21' title="bbox 2321 794 3833 865">
    <p class='ocr_par' dir='ltr' id='par_1_21' title="bbox 2321 794 3833 865">
     <span class='ocr_line' id='line_1_21' title="bbox 2321 794 3833 865; baseline 0.002 -16"><span class='ocrx_word' id='word_1_131' title='bbox 2321 809 2442 850; x_wconf 89' lang='lat' dir='ltr'><strong>nem</strong></span> <span class='ocrx_word' id='word_1_132' title='bbox 2474 809 2622 860; x_wconf 91' lang='lat' dir='ltr'><strong>usus,</strong></span> <span class='ocrx_word' id='word_1_133' title='bbox 2646 795 2861 865; x_wconf 80' lang='lat' dir='ltr'><strong>aut&#39;qui</strong></span> <span class='ocrx_word' id='word_1_134' title='bbox 2909 803 3134 849; x_wconf 81' lang='lat' dir='ltr'><strong>vocatur</strong></span> <span class='ocrx_word' id='word_1_135' title='bbox 3169 794 3533 859; x_wconf 87' lang='lat' dir='ltr'><strong>ususfructus,</strong></span> <span class='ocrx_word' id='word_1_136' title='bbox 3563 811 3667 851; x_wconf 88' lang='lat' dir='ltr'><strong>rem</strong></span> <span class='ocrx_word' id='word_1_137' title='bbox 3708 800 3833 853; x_wconf 63' lang='lat' dir='ltr'><strong>cccleo</strong></span> 
     </span>
    </p>
   </div>
   <div class='ocr_carea' id='block_1_22' title="bbox 2320 885 3835 955">
    <p class='ocr_par' dir='ltr' id='par_1_22' title="bbox 2320 885 3835 955">
     <span class='ocr_line' id='line_1_22' title="bbox 2320 885 3835 955; baseline 0.003 -16"><span class='ocrx_word' id='word_1_138' title='bbox 2320 885 2589 941; x_wconf 85' lang='lat' dir='ltr'><strong>siasticam</strong></span> <span class='ocrx_word' id='word_1_139' title='bbox 2610 894 2704 940; x_wconf 88' lang='lat' dir='ltr'><strong>aut</strong></span> <span class='ocrx_word' id='word_1_140' title='bbox 2748 886 3103 941; x_wconf 81' lang='lat' dir='ltr'><strong>sanctissimae</strong></span> <span class='ocrx_word' id='word_1_141' title='bbox 3158 885 3378 955; x_wconf 85' lang='lat' dir='ltr'><strong>majoris</strong></span> <span class='ocrx_word' id='word_1_142' title='bbox 3426 887 3675 953; x_wconf 68' lang='lat' dir='ltr'><strong>ecclesia,</strong></span> <span class='ocrx_word' id='word_1_143' title='bbox 3695 901 3763 943; x_wconf 87' lang='lat' dir='ltr'><strong>aut</strong></span> <span class='ocrx_word' id='word_1_144' title='bbox 3785 891 3835 943; x_wconf 81' lang='lat' dir='ltr'><strong>al-</strong></span> 
     </span>
    </p>
   </div>
   <div class='ocr_carea' id='block_1_23' title="bbox 2324 977 3834 1048">
    <p class='ocr_par' dir='ltr' id='par_1_23' title="bbox 2324 977 3834 1048">
     <span class='ocr_line' id='line_1_23' title="bbox 2324 977 3834 1048; baseline 0.001 -17"><span class='ocrx_word' id='word_1_145' title='bbox 2324 978 2492 1032; x_wconf 89' lang='lat' dir='ltr'><strong>terius</strong></span> <span class='ocrx_word' id='word_1_146' title='bbox 2521 978 2835 1047; x_wconf 79' lang='lat' dir='ltr'><strong>cujuslibet,</strong></span> <span class='ocrx_word' id='word_1_147' title='bbox 2860 993 2980 1048; x_wconf 68' lang='lat' dir='ltr'><strong>quae</strong></span> <span class='ocrx_word' id='word_1_148' title='bbox 3012 977 3065 1033; x_wconf 92' lang='lat' dir='ltr'><strong>in</strong></span> <span class='ocrx_word' id='word_1_149' title='bbox 3107 981 3250 1032; x_wconf 91' lang='lat' dir='ltr'><strong>omni</strong></span> <span class='ocrx_word' id='word_1_150' title='bbox 3306 987 3495 1033; x_wconf 88' lang='lat' dir='ltr'><strong>nostra</strong></span> <span class='ocrx_word' id='word_1_151' title='bbox 3539 978 3716 1034; x_wconf 85' lang='lat' dir='ltr'><strong>ditione</strong></span> <span class='ocrx_word' id='word_1_152' title='bbox 3755 992 3834 1035; x_wconf 77' lang='lat' dir='ltr'><strong>svnt</strong></span> 
     </span>
    </p>
   </div>
   <div class='ocr_carea' id='block_1_24' title="bbox 2322 1068 3833 1141">
    <p class='ocr_par' dir='ltr' id='par_1_24' title="bbox 2322 1068 3833 1141">
     <span class='ocr_line' id='line_1_24' title="bbox 2322 1068 3833 1141; baseline 0.003 -18"><span class='ocrx_word' id='word_1_153' title='bbox 2322 1068 2533 1138; x_wconf 79' lang='lat' dir='ltr'><strong>positae,</strong></span> <span class='ocrx_word' id='word_1_154' title='bbox 2565 1078 2655 1123; x_wconf 90' lang='lat' dir='ltr'><strong>aut</strong></span> <span class='ocrx_word' id='word_1_155' title='bbox 2712 1070 3083 1137; x_wconf 81' lang='lat' dir='ltr'><strong>ptochiorum,</strong></span> <span class='ocrx_word' id='word_1_156' title='bbox 3136 1070 3356 1125; x_wconf 93' lang='lat' dir='ltr'><strong>omnino</strong></span> <span class='ocrx_word' id='word_1_157' title='bbox 3408 1068 3656 1141; x_wconf 86' lang='lat' dir='ltr'><strong>percipiat</strong></span> <span class='ocrx_word' id='word_1_158' title='bbox 3690 1073 3833 1133; x_wconf 77' lang='lat' dir='ltr'><strong>hocet</strong></span> 
     </span>
    </p>
   </div>
   <div class='ocr_carea' id='block_1_25' title="bbox 2321 1161 3835 1231">
    <p class='ocr_par' dir='ltr' id='par_1_25' title="bbox 2321 1161 3835 1231">
     <span class='ocr_line' id='line_1_25' title="bbox 2321 1161 3835 1231; baseline 0.002 -15"><span class='ocrx_word' id='word_1_159' title='bbox 2321 1161 2613 1216; x_wconf 87' lang='lat' dir='ltr'><strong>secundum</strong></span> <span class='ocrx_word' id='word_1_160' title='bbox 2662 1163 2968 1231; x_wconf 76' lang='lat' dir='ltr'><strong>praedictam</strong></span> <span class='ocrx_word' id='word_1_161' title='bbox 3014 1163 3475 1227; x_wconf 86' lang='lat' dir='ltr'><strong>observationem,</strong></span> <span class='ocrx_word' id='word_1_162' title='bbox 3508 1174 3563 1219; x_wconf 93' lang='lat' dir='ltr'><strong>et</strong></span> <span class='ocrx_word' id='word_1_163' title='bbox 3613 1166 3835 1220; x_wconf 72' lang='lat' dir='ltr'><strong>secundum</strong></span> 
     </span>
    </p>
   </div>
   <div class='ocr_carea' id='block_1_26' title="bbox 2323 1250 3836 1327">
    <p class='ocr_par' dir='ltr' id='par_1_26' title="bbox 2323 1250 3836 1327">
     <span class='ocr_line' id='line_1_26' title="bbox 2323 1250 3836 1327; baseline 0.003 -18"><span class='ocrx_word' id='word_1_164' title='bbox 2323 1254 2549 1309; x_wconf 85' lang='lat' dir='ltr'><strong>formam</strong></span> <span class='ocrx_word' id='word_1_165' title='bbox 2579 1250 2983 1312; x_wconf 84' lang='lat' dir='ltr'><strong>constitutionis</strong></span> <span class='ocrx_word' id='word_1_166' title='bbox 3031 1256 3227 1313; x_wconf 87' lang='lat' dir='ltr'><strong>Leonis</strong></span> <span class='ocrx_word' id='word_1_167' title='bbox 3258 1259 3358 1327; x_wconf 78' lang='lat' dir='ltr'><strong>piae</strong></span> <span class='ocrx_word' id='word_1_168' title='bbox 3407 1258 3685 1326; x_wconf 76' lang='lat' dir='ltr'><strong>memoriae,</strong></span> <span class='ocrx_word' id='word_1_169' title='bbox 3711 1268 3753 1313; x_wconf 89' lang='lat' dir='ltr'><strong>ut</strong></span> <span class='ocrx_word' id='word_1_170' title='bbox 3772 1260 3836 1315; x_wconf 82' lang='lat' dir='ltr'><strong>iste</strong></span> 
     </span>
    </p>
   </div>
   <div class='ocr_carea' id='block_1_27' title="bbox 2322 1346 3834 1415">
    <p class='ocr_par' dir='ltr' id='par_1_27' title="bbox 2322 1346 3834 1415">
     <span class='ocr_line' id='line_1_27' title="bbox 2322 1346 3834 1415; baseline 0.001 -14"><span class='ocrx_word' id='word_1_171' title='bbox 2322 1346 2559 1412; x_wconf 86' lang='lat' dir='ltr'><strong>locuples</strong></span> <span class='ocrx_word' id='word_1_172' title='bbox 2589 1348 2826 1403; x_wconf 75' lang='lat' dir='ltr'><strong>existens</strong></span> <span class='ocrx_word' id='word_1_173' title='bbox 2845 1389 2861 1415; x_wconf 95' lang='lat'><strong>,</strong></span> <span class='ocrx_word' id='word_1_174' title='bbox 2888 1357 2945 1403; x_wconf 91' lang='lat' dir='ltr'><strong>et</strong></span> <span class='ocrx_word' id='word_1_175' title='bbox 2968 1349 3282 1407; x_wconf 74' lang='lat' dir='ltr'><strong>substantiae</strong></span> <span class='ocrx_word' id='word_1_176' title='bbox 3332 1350 3619 1405; x_wconf 88' lang='lat' dir='ltr'><strong>immobilis</strong></span> <span class='ocrx_word' id='word_1_177' title='bbox 3657 1350 3834 1404; x_wconf 71' lang='lat' dir='ltr'><strong>dominus</strong></span> 
     </span>
    </p>
   </div>
   <div class='ocr_carea' id='block_1_28' title="bbox 2322 1436 3835 1511">
    <p class='ocr_par' dir='ltr' id='par_1_28' title="bbox 2322 1436 3835 1511">
     <span class='ocr_line' id='line_1_28' title="bbox 2322 1436 3835 1511; baseline 0.004 -22"><span class='ocrx_word' id='word_1_178' title='bbox 2322 1436 2481 1492; x_wconf 89' lang='lat' dir='ltr'><strong>aliam</strong></span> <span class='ocrx_word' id='word_1_179' title='bbox 2513 1452 2639 1493; x_wconf 78' lang='lat' dir='ltr'><strong>mox</strong></span> <span class='ocrx_word' id='word_1_180' title='bbox 2691 1454 2804 1494; x_wconf 90' lang='lat' dir='ltr'><strong>rem</strong></span> <span class='ocrx_word' id='word_1_181' title='bbox 2836 1441 3131 1495; x_wconf 88' lang='lat' dir='ltr'><strong>secundum</strong></span> <span class='ocrx_word' id='word_1_182' title='bbox 3158 1442 3508 1511; x_wconf 88' lang='lat' dir='ltr'><strong>proprietatis</strong></span> <span class='ocrx_word' id='word_1_183' title='bbox 3532 1443 3615 1507; x_wconf 85' lang='lat' dir='ltr'><strong>jus</strong></span> <span class='ocrx_word' id='word_1_184' title='bbox 3654 1455 3835 1510; x_wconf 56' lang='lat' dir='ltr'><strong>compca</strong></span> 
     </span>
    </p>
   </div>
   <div class='ocr_carea' id='block_1_29' title="bbox 2321 1530 3833 1600">
    <p class='ocr_par' dir='ltr' id='par_1_29' title="bbox 2321 1530 3833 1600">
     <span class='ocr_line' id='line_1_29' title="bbox 2321 1530 3833 1600; baseline 0.003 -18"><span class='ocrx_word' id='word_1_185' title='bbox 2321 1538 2404 1583; x_wconf 88' lang='lat' dir='ltr'><strong>set</strong></span> <span class='ocrx_word' id='word_1_186' title='bbox 2425 1530 2779 1585; x_wconf 71' lang='lat' dir='ltr'><strong>sanctissimae</strong></span> <span class='ocrx_word' id='word_1_187' title='bbox 2827 1531 3094 1600; x_wconf 72' lang='lat' dir='ltr'><strong>ecclesiae,</strong></span> <span class='ocrx_word' id='word_1_188' title='bbox 3138 1543 3233 1588; x_wconf 74' lang='lat' dir='ltr'><strong>aut</strong></span> <span class='ocrx_word' id='word_1_189' title='bbox 3270 1532 3567 1588; x_wconf 83' lang='lat' dir='ltr'><strong>venerabili</strong></span> <span class='ocrx_word' id='word_1_190' title='bbox 3611 1532 3833 1594; x_wconf 82' lang='lat' dir='ltr'><strong>domui,ex</strong></span> 
     </span>
    </p>
   </div>
   <div class='ocr_carea' id='block_1_30' title="bbox 2320 1623 3832 1696">
    <p class='ocr_par' dir='ltr' id='par_1_30' title="bbox 2320 1623 3832 1696">
     <span class='ocr_line' id='line_1_30' title="bbox 2320 1623 3832 1696; baseline 0.002 -20"><span class='ocrx_word' id='word_1_191' title='bbox 2320 1637 2423 1693; x_wconf 92' lang='lat' dir='ltr'><strong>qua</strong></span> <span class='ocrx_word' id='word_1_192' title='bbox 2447 1623 2547 1679; x_wconf 92' lang='lat' dir='ltr'><strong>hoc</strong></span> <span class='ocrx_word' id='word_1_193' title='bbox 2590 1628 2850 1696; x_wconf 86' lang='lat' dir='ltr'><strong>percepit,</strong></span> <span class='ocrx_word' id='word_1_194' title='bbox 2884 1636 3059 1683; x_wconf 85' lang='lat' dir='ltr'><strong>tantos</strong></span> <span class='ocrx_word' id='word_1_195' title='bbox 3082 1636 3138 1683; x_wconf 91' lang='lat' dir='ltr'><strong>et</strong></span> <span class='ocrx_word' id='word_1_196' title='bbox 3178 1628 3312 1683; x_wconf 85' lang='lat' dir='ltr'><strong>tales</strong></span> <span class='ocrx_word' id='word_1_197' title='bbox 3343 1626 3632 1683; x_wconf 80' lang='lat' dir='ltr'><strong>inferentes</strong></span> <span class='ocrx_word' id='word_1_198' title='bbox 3675 1626 3832 1688; x_wconf 87' lang='lat' dir='ltr'><strong>reditus,</strong></span> 
     </span>
    </p>
   </div>
   <div class='ocr_carea' id='block_1_31' title="bbox 2320 1718 3832 1791">
    <p class='ocr_par' dir='ltr' id='par_1_31' title="bbox 2320 1718 3832 1791">
     <span class='ocr_line' id='line_1_31' title="bbox 2320 1718 3832 1791; baseline 0.006 -23"><span class='ocrx_word' id='word_1_199' title='bbox 2320 1726 2551 1784; x_wconf 90' lang='lat' dir='ltr'><strong>quantos</strong></span> <span class='ocrx_word' id='word_1_200' title='bbox 2578 1726 2673 1772; x_wconf 88' lang='lat' dir='ltr'><strong>aut</strong></span> <span class='ocrx_word' id='word_1_201' title='bbox 2718 1720 2907 1788; x_wconf 90' lang='lat' dir='ltr'><strong>quales</strong></span> <span class='ocrx_word' id='word_1_202' title='bbox 2951 1720 3116 1777; x_wconf 82' lang='lat' dir='ltr'><strong>habet</strong></span> <span class='ocrx_word' id='word_1_203' title='bbox 3143 1721 3219 1785; x_wconf 91' lang='lat' dir='ltr'><strong>id,</strong></span> <span class='ocrx_word' id='word_1_204' title='bbox 3246 1719 3392 1791; x_wconf 87' lang='lat' dir='ltr'><strong>quod</strong></span> <span class='ocrx_word' id='word_1_205' title='bbox 3420 1721 3593 1785; x_wconf 86' lang='lat' dir='ltr'><strong>datur,</strong></span> <span class='ocrx_word' id='word_1_206' title='bbox 3621 1718 3832 1786; x_wconf 70' lang='lat' dir='ltr'><strong>ulitapoﬂ</strong></span> 
     </span>
    </p>
   </div>
   <div class='ocr_carea' id='block_1_32' title="bbox 620 1806 3832 1888">
    <p class='ocr_par' dir='ltr' id='par_1_32' title="bbox 620 1806 3832 1888">
     <span class='ocr_line' id='line_1_32' title="bbox 620 1806 3832 1888; baseline -0.003 -15"><span class='ocrx_word' id='word_1_207' title='bbox 620 1815 850 1888; x_wconf 84' lang='lat' dir='ltr'><strong>ejusque</strong></span> <span class='ocrx_word' id='word_1_208' title='bbox 880 1832 988 1884; x_wconf 89' lang='lat' dir='ltr'><strong>res,</strong></span> <span class='ocrx_word' id='word_1_209' title='bbox 1022 1818 1239 1886; x_wconf 88' lang='lat' dir='ltr'><strong>insuper</strong></span> <span class='ocrx_word' id='word_1_210' title='bbox 1268 1826 1322 1872; x_wconf 91' lang='lat' dir='ltr'><strong>et</strong></span> <span class='ocrx_word' id='word_1_211' title='bbox 1351 1816 1562 1873; x_wconf 88' lang='lat' dir='ltr'><strong>debitos</strong></span> <span class='ocrx_word' id='word_1_212' title='bbox 1613 1830 1805 1872; x_wconf 86' lang='lat' dir='ltr'><strong>omnes</strong></span> <span class='ocrx_word' id='word_1_213' title='bbox 1853 1814 2060 1871; x_wconf 88' lang='lat' dir='ltr'><strong>reditus</strong></span> <span class='ocrx_word' id='word_1_214' title='bbox 2087 1817 2205 1871; x_wconf 76' lang='lat' dir='ltr'><strong>sine</strong></span> <span class='ocrx_word' id='word_1_215' title='bbox 2233 1807 2283 1868; x_wconf 88' lang='lat' dir='ltr'><strong>B</strong></span> <span class='ocrx_word' id='word_1_216' title='bbox 2311 1806 2428 1877; x_wconf 89' lang='lat' dir='ltr'><strong>ejus</strong></span> <span class='ocrx_word' id='word_1_217' title='bbox 2468 1809 2670 1865; x_wconf 92' lang='lat' dir='ltr'><strong>obitum</strong></span> <span class='ocrx_word' id='word_1_218' title='bbox 2704 1812 3070 1869; x_wconf 81' lang='lat' dir='ltr'><strong>ecclesiastica</strong></span> <span class='ocrx_word' id='word_1_219' title='bbox 3105 1824 3199 1869; x_wconf 79' lang='lat' dir='ltr'><strong>aut</strong></span> <span class='ocrx_word' id='word_1_220' title='bbox 3231 1814 3483 1883; x_wconf 88' lang='lat' dir='ltr'><strong>ptochica</strong></span> <span class='ocrx_word' id='word_1_221' title='bbox 3510 1828 3594 1869; x_wconf 88' lang='lat' dir='ltr'><strong>res</strong></span> <span class='ocrx_word' id='word_1_222' title='bbox 3616 1821 3832 1867; x_wconf 72' lang='lat' dir='ltr'><strong>revertatur</strong></span> 
     </span>
    </p>
   </div>
   <div class='ocr_carea' id='block_1_33' title="bbox 620 1910 1069 1981">
    <p class='ocr_par' dir='ltr' id='par_1_33' title="bbox 620 1910 1069 1981">
     <span class='ocr_line' id='line_1_33' title="bbox 620 1910 1069 1981; baseline -0.002 -16"><span class='ocrx_word' id='word_1_223' title='bbox 620 1910 877 1966; x_wconf 83' lang='lat' dir='ltr'><strong>dilatione</strong></span> <span class='ocrx_word' id='word_1_224' title='bbox 904 1911 1069 1981; x_wconf 82' lang='lat' dir='ltr'><strong>exigi.</strong></span> 
     </span>
    </p>
   </div>
   <div class='ocr_carea' id='block_1_34' title="bbox 693 2002 2211 2072">
    <p class='ocr_par' dir='ltr' id='par_1_34' title="bbox 693 2002 2211 2072">
     <span class='ocr_line' id='line_1_34' title="bbox 693 2002 2211 2072; baseline -0.001 -13"><span class='ocrx_word' id='word_1_225' title='bbox 693 2004 849 2072; x_wconf 82' lang='lat' dir='ltr'><strong>Quod</strong></span> <span class='ocrx_word' id='word_1_226' title='bbox 874 2012 1053 2058; x_wconf 90' lang='lat' dir='ltr'><strong>autem</strong></span> <span class='ocrx_word' id='word_1_227' title='bbox 1084 2002 1285 2057; x_wconf 86' lang='lat' dir='ltr'><strong>dictum</strong></span> <span class='ocrx_word' id='word_1_228' title='bbox 1315 2011 1397 2059; x_wconf 86' lang='lat' dir='ltr'><strong>est</strong></span> <span class='ocrx_word' id='word_1_229' title='bbox 1421 2018 1452 2058; x_wconf 90' lang='lat' dir='ltr'><strong>a</strong></span> <span class='ocrx_word' id='word_1_230' title='bbox 1474 2003 1650 2069; x_wconf 89' lang='lat' dir='ltr'><strong>nobis,</strong></span> <span class='ocrx_word' id='word_1_231' title='bbox 1682 2011 1742 2058; x_wconf 93' lang='lat' dir='ltr'><strong>ut</strong></span> <span class='ocrx_word' id='word_1_232' title='bbox 1791 2004 1988 2059; x_wconf 87' lang='lat' dir='ltr'><strong>nullius</strong></span> <span class='ocrx_word' id='word_1_233' title='bbox 2020 2004 2211 2058; x_wconf 85' lang='lat' dir='ltr'><strong>immo-</strong></span> 
     </span>
    </p>
   </div>
   <div class='ocr_carea' id='block_1_35' title="bbox 614 2095 2211 2166">
    <p class='ocr_par' dir='ltr' id='par_1_35' title="bbox 614 2095 2211 2166">
     <span class='ocr_line' id='line_1_35' title="bbox 614 2095 2211 2166; baseline -0.003 -12"><span class='ocrx_word' id='word_1_234' title='bbox 614 2098 746 2155; x_wconf 84' lang='lat' dir='ltr'><strong>bilis</strong></span> <span class='ocrx_word' id='word_1_235' title='bbox 768 2098 844 2152; x_wconf 87' lang='lat' dir='ltr'><strong>rei</strong></span> <span class='ocrx_word' id='word_1_236' title='bbox 873 2095 1257 2152; x_wconf 87' lang='lat' dir='ltr'><strong>ecclesiasticae</strong></span> <span class='ocrx_word' id='word_1_237' title='bbox 1285 2106 1376 2150; x_wconf 88' lang='lat' dir='ltr'><strong>aut</strong></span> <span class='ocrx_word' id='word_1_238' title='bbox 1405 2096 1667 2165; x_wconf 75' lang='lat' dir='ltr'><strong>ptochicae</strong></span> <span class='ocrx_word' id='word_1_239' title='bbox 1694 2095 1945 2150; x_wconf 87' lang='lat' dir='ltr'><strong>alienatio</strong></span> <span class='ocrx_word' id='word_1_240' title='bbox 1988 2096 2060 2150; x_wconf 89' lang='lat' dir='ltr'><strong>sit</strong></span> <span class='ocrx_word' id='word_1_241' title='bbox 2085 2110 2211 2166; x_wconf 86' lang='lat' dir='ltr'><strong>per-</strong></span> 
     </span>
    </p>
   </div>
   <div class='ocr_carea' id='block_1_36' title="bbox 613 2186 2213 2257">
    <p class='ocr_par' dir='ltr' id='par_1_36' title="bbox 613 2186 2213 2257">
     <span class='ocr_line' id='line_1_36' title="bbox 613 2186 2213 2257; baseline -0.002 -12"><span class='ocrx_word' id='word_1_242' title='bbox 613 2190 803 2253; x_wconf 90' lang='lat' dir='ltr'><strong>missa,</strong></span> <span class='ocrx_word' id='word_1_243' title='bbox 828 2187 895 2243; x_wconf 91' lang='lat' dir='ltr'><strong>ad</strong></span> <span class='ocrx_word' id='word_1_244' title='bbox 928 2187 1127 2242; x_wconf 92' lang='lat' dir='ltr'><strong>nullam</strong></span> <span class='ocrx_word' id='word_1_245' title='bbox 1176 2196 1376 2241; x_wconf 70' lang='lat' dir='ltr'><strong>nostrae</strong></span> <span class='ocrx_word' id='word_1_246' title='bbox 1417 2186 1727 2257; x_wconf 68' lang='lat' dir='ltr'><strong>reipublicae</strong></span> <span class='ocrx_word' id='word_1_247' title='bbox 1785 2202 2067 2256; x_wconf 87' lang='lat' dir='ltr'><strong>personam</strong></span> <span class='ocrx_word' id='word_1_248' title='bbox 2089 2202 2213 2242; x_wconf 87' lang='lat' dir='ltr'><strong>san-</strong></span> 
     </span>
    </p>
   </div>
   <div class='ocr_carea' id='block_1_37' title="bbox 613 2282 2209 2353">
    <p class='ocr_par' dir='ltr' id='par_1_37' title="bbox 613 2282 2209 2353">
     <span class='ocr_line' id='line_1_37' title="bbox 613 2282 2209 2353; baseline -0.004 -11"><span class='ocrx_word' id='word_1_249' title='bbox 613 2288 787 2343; x_wconf 91' lang='lat' dir='ltr'><strong>cimus</strong></span> <span class='ocrx_word' id='word_1_250' title='bbox 802 2286 1006 2351; x_wconf 87' lang='lat' dir='ltr'><strong>valere,</strong></span> <span class='ocrx_word' id='word_1_251' title='bbox 1031 2298 1139 2339; x_wconf 92' lang='lat' dir='ltr'><strong>non</strong></span> <span class='ocrx_word' id='word_1_252' title='bbox 1160 2284 1333 2339; x_wconf 91' lang='lat' dir='ltr'><strong>solum</strong></span> <span class='ocrx_word' id='word_1_253' title='bbox 1360 2298 1521 2353; x_wconf 89' lang='lat' dir='ltr'><strong>super</strong></span> <span class='ocrx_word' id='word_1_254' title='bbox 1543 2282 1914 2338; x_wconf 89' lang='lat' dir='ltr'><strong>constantibus</strong></span> <span class='ocrx_word' id='word_1_255' title='bbox 1939 2282 2209 2348; x_wconf 83' lang='lat' dir='ltr'><strong>domibus,</strong></span> 
     </span>
    </p>
   </div>
   <div class='ocr_carea' id='block_1_38' title="bbox 616 2374 2213 2446">
    <p class='ocr_par' dir='ltr' id='par_1_38' title="bbox 616 2374 2213 2446">
     <span class='ocr_line' id='line_1_38' title="bbox 616 2374 2213 2446; baseline -0.004 -11"><span class='ocrx_word' id='word_1_256' title='bbox 616 2388 674 2435; x_wconf 90' lang='lat' dir='ltr'><strong>et</strong></span> <span class='ocrx_word' id='word_1_257' title='bbox 698 2378 1042 2443; x_wconf 84' lang='lat' dir='ltr'><strong>suburbanis,</strong></span> <span class='ocrx_word' id='word_1_258' title='bbox 1084 2384 1140 2432; x_wconf 86' lang='lat' dir='ltr'><strong>et</strong></span> <span class='ocrx_word' id='word_1_259' title='bbox 1188 2376 1383 2441; x_wconf 91' lang='lat' dir='ltr'><strong>hortis,</strong></span> <span class='ocrx_word' id='word_1_260' title='bbox 1414 2384 1470 2431; x_wconf 88' lang='lat' dir='ltr'><strong>et</strong></span> <span class='ocrx_word' id='word_1_261' title='bbox 1506 2376 1672 2446; x_wconf 87' lang='lat' dir='ltr'><strong>agris,</strong></span> <span class='ocrx_word' id='word_1_262' title='bbox 1726 2374 1820 2429; x_wconf 91' lang='lat' dir='ltr'><strong>sed</strong></span> <span class='ocrx_word' id='word_1_263' title='bbox 1861 2376 2025 2429; x_wconf 88' lang='lat' dir='ltr'><strong>etiam</strong></span> <span class='ocrx_word' id='word_1_264' title='bbox 2052 2389 2213 2443; x_wconf 88' lang='lat' dir='ltr'><strong>super</strong></span> 
     </span>
    </p>
   </div>
   <div class='ocr_carea' id='block_1_39' title="bbox 612 2466 2213 2540">
    <p class='ocr_par' dir='ltr' id='par_1_39' title="bbox 612 2466 2213 2540">
     <span class='ocr_line' id='line_1_39' title="bbox 612 2466 2213 2540; baseline -0.002 -17"><span class='ocrx_word' id='word_1_265' title='bbox 612 2471 781 2525; x_wconf 84' lang='lat' dir='ltr'><strong>ruinis</strong></span> <span class='ocrx_word' id='word_1_266' title='bbox 804 2470 944 2540; x_wconf 89' lang='lat' dir='ltr'><strong>(sive</strong></span> <span class='ocrx_word' id='word_1_267' title='bbox 973 2486 1039 2525; x_wconf 81' lang='lat' dir='ltr'><strong>ex</strong></span> <span class='ocrx_word' id='word_1_268' title='bbox 1070 2468 1212 2539; x_wconf 87' lang='lat' dir='ltr'><strong>igne,</strong></span> <span class='ocrx_word' id='word_1_269' title='bbox 1236 2468 1352 2524; x_wconf 88' lang='lat' dir='ltr'><strong>sive</strong></span> <span class='ocrx_word' id='word_1_270' title='bbox 1374 2483 1442 2524; x_wconf 79' lang='lat' dir='ltr'><strong>ex</strong></span> <span class='ocrx_word' id='word_1_271' title='bbox 1464 2476 1770 2523; x_wconf 78' lang='lat' dir='ltr'><strong>terraemotu</strong></span> <span class='ocrx_word' id='word_1_272' title='bbox 1799 2508 1814 2533; x_wconf 94' lang='lat'><strong>,</strong></span> <span class='ocrx_word' id='word_1_273' title='bbox 1844 2466 1959 2521; x_wconf 86' lang='lat' dir='ltr'><strong>sive</strong></span> <span class='ocrx_word' id='word_1_274' title='bbox 1987 2482 2055 2522; x_wconf 77' lang='lat' dir='ltr'><strong>ex</strong></span> <span class='ocrx_word' id='word_1_275' title='bbox 2082 2480 2213 2536; x_wconf 87' lang='lat' dir='ltr'><strong>qua-</strong></span> 
     </span>
    </p>
   </div>
   <div class='ocr_carea' id='block_1_40' title="bbox 612 2557 2209 2630">
    <p class='ocr_par' dir='ltr' id='par_1_40' title="bbox 612 2557 2209 2630">
     <span class='ocr_line' id='line_1_40' title="bbox 612 2557 2209 2630; baseline -0.008 -7"><span class='ocrx_word' id='word_1_276' title='bbox 612 2561 749 2623; x_wconf 84' lang='lat' dir='ltr'><strong>libet</strong></span> <span class='ocrx_word' id='word_1_277' title='bbox 778 2576 943 2616; x_wconf 86' lang='lat' dir='ltr'><strong>causa</strong></span> <span class='ocrx_word' id='word_1_278' title='bbox 975 2562 1130 2615; x_wconf 86' lang='lat' dir='ltr'><strong>ruina</strong></span> <span class='ocrx_word' id='word_1_279' title='bbox 1155 2559 1249 2630; x_wconf 91' lang='lat' dir='ltr'><strong>sit)</strong></span> <span class='ocrx_word' id='word_1_280' title='bbox 1279 2568 1333 2615; x_wconf 91' lang='lat' dir='ltr'><strong>et</strong></span> <span class='ocrx_word' id='word_1_281' title='bbox 1364 2563 1419 2613; x_wconf 91' lang='lat' dir='ltr'><strong>in</strong></span> <span class='ocrx_word' id='word_1_282' title='bbox 1449 2558 1531 2613; x_wconf 87' lang='lat' dir='ltr'><strong>his</strong></span> <span class='ocrx_word' id='word_1_283' title='bbox 1551 2574 1673 2629; x_wconf 66' lang='lat' dir='ltr'><strong>quae</strong></span> <span class='ocrx_word' id='word_1_284' title='bbox 1699 2557 1921 2613; x_wconf 89' lang='lat' dir='ltr'><strong>omnino</strong></span> <span class='ocrx_word' id='word_1_285' title='bbox 1942 2558 2209 2613; x_wconf 88' lang='lat' dir='ltr'><strong>destructa</strong></span> 
     </span>
    </p>
   </div>
   <div class='ocr_carea' id='block_1_41' title="bbox 614 2649 2214 2721">
    <p class='ocr_par' dir='ltr' id='par_1_41' title="bbox 614 2649 2214 2721">
     <span class='ocr_line' id='line_1_41' title="bbox 614 2649 2214 2721; baseline -0.004 -11"><span class='ocrx_word' id='word_1_286' title='bbox 614 2665 763 2718; x_wconf 86' lang='lat' dir='ltr'><strong>sunt,</strong></span> <span class='ocrx_word' id='word_1_287' title='bbox 795 2664 851 2707; x_wconf 88' lang='lat' dir='ltr'><strong>et</strong></span> <span class='ocrx_word' id='word_1_288' title='bbox 901 2654 955 2709; x_wconf 91' lang='lat' dir='ltr'><strong>in</strong></span> <span class='ocrx_word' id='word_1_289' title='bbox 1006 2652 1312 2721; x_wconf 89' lang='lat' dir='ltr'><strong>pavimento</strong></span> <span class='ocrx_word' id='word_1_290' title='bbox 1339 2652 1543 2721; x_wconf 88' lang='lat' dir='ltr'><strong>jacent,</strong></span> <span class='ocrx_word' id='word_1_291' title='bbox 1575 2651 1689 2705; x_wconf 89' lang='lat' dir='ltr'><strong>sive</strong></span> <span class='ocrx_word' id='word_1_292' title='bbox 1742 2650 1903 2705; x_wconf 87' lang='lat' dir='ltr'><strong>etiam</strong></span> <span class='ocrx_word' id='word_1_293' title='bbox 1953 2650 2006 2703; x_wconf 91' lang='lat' dir='ltr'><strong>in</strong></span> <span class='ocrx_word' id='word_1_294' title='bbox 2067 2649 2214 2718; x_wconf 88' lang='lat' dir='ltr'><strong>puris</strong></span> 
     </span>
    </p>
   </div>
   <div class='ocr_carea' id='block_1_42' title="bbox 614 2742 2212 2811">
    <p class='ocr_par' dir='ltr' id='par_1_42' title="bbox 614 2742 2212 2811">
     <span class='ocr_line' id='line_1_42' title="bbox 614 2742 2212 2811; baseline -0.003 -10"><span class='ocrx_word' id='word_1_295' title='bbox 614 2746 789 2801; x_wconf 81' lang='lat' dir='ltr'><strong>ruinis</strong></span> <span class='ocrx_word' id='word_1_296' title='bbox 820 2746 1027 2799; x_wconf 89' lang='lat' dir='ltr'><strong>nullum</strong></span> <span class='ocrx_word' id='word_1_297' title='bbox 1054 2743 1336 2799; x_wconf 80' lang='lat' dir='ltr'><strong>aediﬁcium</strong></span> <span class='ocrx_word' id='word_1_298' title='bbox 1363 2742 1710 2811; x_wconf 89' lang='lat' dir='ltr'><strong>habentibus,</strong></span> <span class='ocrx_word' id='word_1_299' title='bbox 1739 2756 1913 2811; x_wconf 87' lang='lat' dir='ltr'><strong>neque</strong></span> <span class='ocrx_word' id='word_1_300' title='bbox 1935 2742 2212 2797; x_wconf 89' lang='lat' dir='ltr'><strong>materiam</strong></span> 
     </span>
    </p>
   </div>
   <div class='ocr_carea' id='block_1_43' title="bbox 615 2834 2213 2907">
    <p class='ocr_par' dir='ltr' id='par_1_43' title="bbox 615 2834 2213 2907">
     <span class='ocr_line' id='line_1_43' title="bbox 615 2834 2213 2907; baseline -0.002 -15"><span class='ocrx_word' id='word_1_301' title='bbox 615 2837 906 2907; x_wconf 84' lang='lat' dir='ltr'><strong>iacentem.</strong></span> <span class='ocrx_word' id='word_1_302' title='bbox 936 2836 1054 2892; x_wconf 83' lang='lat' dir='ltr'><strong>Non</strong></span> <span class='ocrx_word' id='word_1_303' title='bbox 1103 2836 1246 2892; x_wconf 91' lang='lat' dir='ltr'><strong>enim</strong></span> <span class='ocrx_word' id='word_1_304' title='bbox 1300 2837 1353 2889; x_wconf 92' lang='lat' dir='ltr'><strong>in</strong></span> <span class='ocrx_word' id='word_1_305' title='bbox 1385 2835 1490 2890; x_wconf 92' lang='lat' dir='ltr'><strong>illis</strong></span> <span class='ocrx_word' id='word_1_306' title='bbox 1522 2836 1900 2891; x_wconf 87' lang='lat' dir='ltr'><strong>alienationem</strong></span> <span class='ocrx_word' id='word_1_307' title='bbox 1940 2834 2055 2891; x_wconf 85' lang='lat' dir='ltr'><strong>fieri</strong></span> <span class='ocrx_word' id='word_1_308' title='bbox 2085 2850 2213 2905; x_wconf 91' lang='lat' dir='ltr'><strong>per-</strong></span> 
     </span>
    </p>
   </div>
   <div class='ocr_carea' id='block_1_44' title="bbox 616 2928 2212 3000">
    <p class='ocr_par' dir='ltr' id='par_1_44' title="bbox 616 2928 2212 3000">
     <span class='ocr_line' id='line_1_44' title="bbox 616 2928 2212 3000; baseline 0 -17"><span class='ocrx_word' id='word_1_309' title='bbox 616 2930 902 2997; x_wconf 86' lang='lat' dir='ltr'><strong>mittimus,</strong></span> <span class='ocrx_word' id='word_1_310' title='bbox 933 2930 1035 2985; x_wconf 90' lang='lat' dir='ltr'><strong>nisi</strong></span> <span class='ocrx_word' id='word_1_311' title='bbox 1064 2928 1118 2984; x_wconf 92' lang='lat' dir='ltr'><strong>in</strong></span> <span class='ocrx_word' id='word_1_312' title='bbox 1149 2930 1262 2984; x_wconf 91' lang='lat' dir='ltr'><strong>sola</strong></span> <span class='ocrx_word' id='word_1_313' title='bbox 1307 2928 1644 3000; x_wconf 86' lang='lat' dir='ltr'><strong>emphyteusi</strong></span> <span class='ocrx_word' id='word_1_314' title='bbox 1680 2930 1979 3000; x_wconf 89' lang='lat' dir='ltr'><strong>temporali,</strong></span> <span class='ocrx_word' id='word_1_315' title='bbox 2012 2945 2212 2986; x_wconf 88' lang='lat' dir='ltr'><strong>secun-</strong></span> 
     </span>
    </p>
   </div>
   <div class='ocr_carea' id='block_1_45' title="bbox 614 3020 2212 3092">
    <p class='ocr_par' dir='ltr' id='par_1_45' title="bbox 614 3020 2212 3092">
     <span class='ocr_line' id='line_1_45' title="bbox 614 3020 2212 3092; baseline 0.003 -17"><span class='ocrx_word' id='word_1_316' title='bbox 614 3021 742 3075; x_wconf 90' lang='lat' dir='ltr'><strong>dum</strong></span> <span class='ocrx_word' id='word_1_317' title='bbox 772 3022 915 3092; x_wconf 90' lang='lat' dir='ltr'><strong>quod</strong></span> <span class='ocrx_word' id='word_1_318' title='bbox 948 3020 1149 3077; x_wconf 92' lang='lat' dir='ltr'><strong>dudum</strong></span> <span class='ocrx_word' id='word_1_319' title='bbox 1180 3036 1211 3074; x_wconf 91' lang='lat' dir='ltr'><strong>a</strong></span> <span class='ocrx_word' id='word_1_320' title='bbox 1260 3022 1418 3078; x_wconf 89' lang='lat' dir='ltr'><strong>nobis</strong></span> <span class='ocrx_word' id='word_1_321' title='bbox 1470 3021 1671 3077; x_wconf 92' lang='lat' dir='ltr'><strong>dictum</strong></span> <span class='ocrx_word' id='word_1_322' title='bbox 1699 3033 1805 3090; x_wconf 92' lang='lat' dir='ltr'><strong>est,</strong></span> <span class='ocrx_word' id='word_1_323' title='bbox 1834 3032 1889 3079; x_wconf 92' lang='lat' dir='ltr'><strong>et</strong></span> <span class='ocrx_word' id='word_1_324' title='bbox 1936 3024 1990 3079; x_wconf 89' lang='lat' dir='ltr'><strong>in</strong></span> <span class='ocrx_word' id='word_1_325' title='bbox 2040 3023 2212 3079; x_wconf 89' lang='lat' dir='ltr'><strong>tribus</strong></span> 
     </span>
    </p>
   </div>
   <div class='ocr_carea' id='block_1_46' title="bbox 616 3112 1713 3183">
    <p class='ocr_par' dir='ltr' id='par_1_46' title="bbox 616 3112 1713 3183">
     <span class='ocr_line' id='line_1_46' title="bbox 616 3112 1713 3183; baseline 0 -16"><span class='ocrx_word' id='word_1_326' title='bbox 616 3114 863 3181; x_wconf 77' lang='lat' dir='ltr'><strong>personis</strong></span> <span class='ocrx_word' id='word_1_327' title='bbox 888 3113 1100 3181; x_wconf 78' lang='lat' dir='ltr'><strong>talibus,</strong></span> <span class='ocrx_word' id='word_1_328' title='bbox 1134 3113 1319 3183; x_wconf 90' lang='lat' dir='ltr'><strong>quales</strong></span> <span class='ocrx_word' id='word_1_329' title='bbox 1345 3112 1713 3183; x_wconf 65' lang='lat' dir='ltr'><strong>praediximus.</strong></span> 
     </span>
    </p>
   </div>
   <div class='ocr_carea' id='block_1_47' title="bbox 686 3200 2283 3276">
    <p class='ocr_par' dir='ltr' id='par_1_47' title="bbox 686 3200 2283 3276">
     <span class='ocr_line' id='line_1_47' title="bbox 686 3200 2283 3276; baseline 0.001 -17"><span class='ocrx_word' id='word_1_330' title='bbox 686 3206 754 3259; x_wconf 78' lang='lat' dir='ltr'><strong>Et</strong></span> <span class='ocrx_word' id='word_1_331' title='bbox 786 3216 843 3259; x_wconf 89' lang='lat' dir='ltr'><strong>ut</strong></span> <span class='ocrx_word' id='word_1_332' title='bbox 877 3221 1049 3273; x_wconf 90' lang='lat' dir='ltr'><strong>neque</strong></span> <span class='ocrx_word' id='word_1_333' title='bbox 1081 3206 1185 3259; x_wconf 91' lang='lat' dir='ltr'><strong>ulla</strong></span> <span class='ocrx_word' id='word_1_334' title='bbox 1206 3206 1637 3276; x_wconf 73' lang='lat' dir='ltr'><strong>circumscriptio</strong></span> <span class='ocrx_word' id='word_1_335' title='bbox 1663 3208 1716 3261; x_wconf 94' lang='lat' dir='ltr'><strong>in</strong></span> <span class='ocrx_word' id='word_1_336' title='bbox 1745 3222 1857 3263; x_wconf 90' lang='lat' dir='ltr'><strong>rem</strong></span> <span class='ocrx_word' id='word_1_337' title='bbox 1880 3208 2211 3264; x_wconf 88' lang='lat' dir='ltr'><strong>ecclesiasti-</strong></span> <span class='ocrx_word' id='word_1_338' title='bbox 2236 3200 2283 3261; x_wconf 87' lang='lat' dir='ltr'>C</span> 
     </span>
    </p>
   </div>
   <div class='ocr_carea' id='block_1_48' title="bbox 614 3298 2212 3372">
    <p class='ocr_par' dir='ltr' id='par_1_48' title="bbox 614 3298 2212 3372">
     <span class='ocr_line' id='line_1_48' title="bbox 614 3298 2212 3372; baseline 0.004 -18"><span class='ocrx_word' id='word_1_339' title='bbox 614 3314 731 3354; x_wconf 88' lang='lat' dir='ltr'><strong>cam</strong></span> <span class='ocrx_word' id='word_1_340' title='bbox 764 3299 818 3353; x_wconf 88' lang='lat' dir='ltr'><strong>in</strong></span> <span class='ocrx_word' id='word_1_341' title='bbox 850 3298 1043 3353; x_wconf 85' lang='lat' dir='ltr'><strong>talibus</strong></span> <span class='ocrx_word' id='word_1_342' title='bbox 1088 3300 1200 3365; x_wconf 83' lang='lat' dir='ltr'><strong>liat,</strong></span> <span class='ocrx_word' id='word_1_343' title='bbox 1234 3298 1443 3355; x_wconf 88' lang='lat' dir='ltr'><strong>duobus</strong></span> <span class='ocrx_word' id='word_1_344' title='bbox 1476 3315 1572 3371; x_wconf 89' lang='lat' dir='ltr'><strong>per</strong></span> <span class='ocrx_word' id='word_1_345' title='bbox 1617 3310 1856 3371; x_wconf 90' lang='lat' dir='ltr'><strong>tempora</strong></span> <span class='ocrx_word' id='word_1_346' title='bbox 1897 3304 2212 3372; x_wconf 90' lang='lat' dir='ltr'><strong>primatibus</strong></span> 
     </span>
    </p>
   </div>
   <div class='ocr_carea' id='block_1_49' title="bbox 614 3394 2214 3467">
    <p class='ocr_par' dir='ltr' id='par_1_49' title="bbox 614 3394 2214 3467">
     <span class='ocr_line' id='line_1_49' title="bbox 614 3394 2214 3467; baseline 0.001 -17"><span class='ocrx_word' id='word_1_347' title='bbox 614 3395 963 3459; x_wconf 89' lang='lat' dir='ltr'><strong>mechanicis,</strong></span> <span class='ocrx_word' id='word_1_348' title='bbox 1014 3403 1109 3449; x_wconf 90' lang='lat' dir='ltr'><strong>aut</strong></span> <span class='ocrx_word' id='word_1_349' title='bbox 1165 3394 1503 3459; x_wconf 87' lang='lat' dir='ltr'><strong>architectis,</strong></span> <span class='ocrx_word' id='word_1_350' title='bbox 1559 3394 1672 3449; x_wconf 84' lang='lat' dir='ltr'><strong>sive</strong></span> <span class='ocrx_word' id='word_1_351' title='bbox 1704 3396 1755 3448; x_wconf 92' lang='lat' dir='ltr'><strong>in</strong></span> <span class='ocrx_word' id='word_1_352' title='bbox 1812 3399 1913 3450; x_wconf 90' lang='lat' dir='ltr'><strong>hac</strong></span> <span class='ocrx_word' id='word_1_353' title='bbox 1964 3398 2111 3467; x_wconf 83' lang='lat' dir='ltr'><strong>regia</strong></span> <span class='ocrx_word' id='word_1_354' title='bbox 2158 3406 2214 3451; x_wconf 88' lang='lat' dir='ltr'><strong>et</strong></span> 
     </span>
    </p>
   </div>
   <div class='ocr_carea' id='block_1_50' title="bbox 614 3486 2210 3556">
    <p class='ocr_par' dir='ltr' id='par_1_50' title="bbox 614 3486 2210 3556">
     <span class='ocr_line' id='line_1_50' title="bbox 614 3486 2210 3556; baseline 0.002 -15"><span class='ocrx_word' id='word_1_355' title='bbox 614 3488 845 3541; x_wconf 83' lang='lat' dir='ltr'><strong>maxima</strong></span> <span class='ocrx_word' id='word_1_356' title='bbox 876 3486 1093 3541; x_wconf 89' lang='lat' dir='ltr'><strong>civitate</strong></span> <span class='ocrx_word' id='word_1_357' title='bbox 1122 3503 1225 3542; x_wconf 89' lang='lat' dir='ltr'><strong>una</strong></span> <span class='ocrx_word' id='word_1_358' title='bbox 1251 3502 1373 3541; x_wconf 93' lang='lat' dir='ltr'><strong>cum</strong></span> <span class='ocrx_word' id='word_1_359' title='bbox 1417 3486 1527 3541; x_wconf 90' lang='lat' dir='ltr'><strong>Deo</strong></span> <span class='ocrx_word' id='word_1_360' title='bbox 1557 3486 1872 3542; x_wconf 89' lang='lat' dir='ltr'><strong>amabilibus</strong></span> <span class='ocrx_word' id='word_1_361' title='bbox 1894 3489 2210 3556; x_wconf 66' lang='lat' dir='ltr'><strong>oeconomia,</strong></span> 
     </span>
    </p>
   </div>
   <div class='ocr_carea' id='block_1_51' title="bbox 615 3577 2212 3649">
    <p class='ocr_par' dir='ltr' id='par_1_51' title="bbox 615 3577 2212 3649">
     <span class='ocr_line' id='line_1_51' title="bbox 615 3577 2212 3649; baseline 0.002 -17"><span class='ocrx_word' id='word_1_362' title='bbox 615 3589 671 3632; x_wconf 92' lang='lat' dir='ltr'><strong>et</strong></span> <span class='ocrx_word' id='word_1_363' title='bbox 728 3579 962 3649; x_wconf 89' lang='lat' dir='ltr'><strong>quinque</strong></span> <span class='ocrx_word' id='word_1_364' title='bbox 1010 3577 1475 3633; x_wconf 86' lang='lat' dir='ltr'><strong>reverendissimis</strong></span> <span class='ocrx_word' id='word_1_365' title='bbox 1531 3577 1975 3647; x_wconf 83' lang='lat' dir='ltr'><strong>presbyteris,et</strong></span> <span class='ocrx_word' id='word_1_366' title='bbox 2002 3579 2212 3635; x_wconf 91' lang='lat' dir='ltr'><strong>duobus</strong></span> 
     </span>
    </p>
   </div>
   <div class='ocr_carea' id='block_1_52' title="bbox 614 3668 2212 3740">
    <p class='ocr_par' dir='ltr' id='par_1_52' title="bbox 614 3668 2212 3740">
     <span class='ocr_line' id='line_1_52' title="bbox 614 3668 2212 3740; baseline 0.001 -16"><span class='ocrx_word' id='word_1_367' title='bbox 614 3670 893 3736; x_wconf 86' lang='lat' dir='ltr'><strong>diaconis,</strong></span> <span class='ocrx_word' id='word_1_368' title='bbox 947 3680 1213 3740; x_wconf 71' lang='lat' dir='ltr'><strong>praesente</strong></span> <span class='ocrx_word' id='word_1_369' title='bbox 1257 3685 1471 3740; x_wconf 90' lang='lat' dir='ltr'><strong>quoque</strong></span> <span class='ocrx_word' id='word_1_370' title='bbox 1510 3668 1620 3725; x_wconf 91' lang='lat' dir='ltr'><strong>Deo</strong></span> <span class='ocrx_word' id='word_1_371' title='bbox 1675 3670 1892 3724; x_wconf 89' lang='lat' dir='ltr'><strong>amabili</strong></span> <span class='ocrx_word' id='word_1_372' title='bbox 1935 3672 2212 3740; x_wconf 82' lang='lat' dir='ltr'><strong>episcopo,</strong></span> 
     </span>
    </p>
   </div>
   <div class='ocr_carea' id='block_1_53' title="bbox 614 3762 2213 3832">
    <p class='ocr_par' dir='ltr' id='par_1_53' title="bbox 614 3762 2213 3832">
     <span class='ocr_line' id='line_1_53' title="bbox 614 3762 2213 3832; baseline 0.001 -14"><span class='ocrx_word' id='word_1_373' title='bbox 614 3763 730 3819; x_wconf 87' lang='lat' dir='ltr'><strong>sive</strong></span> <span class='ocrx_word' id='word_1_374' title='bbox 769 3763 930 3819; x_wconf 88' lang='lat' dir='ltr'><strong>etiam</strong></span> <span class='ocrx_word' id='word_1_375' title='bbox 979 3763 1034 3818; x_wconf 92' lang='lat' dir='ltr'><strong>in</strong></span> <span class='ocrx_word' id='word_1_376' title='bbox 1086 3763 1358 3832; x_wconf 78' lang='lat' dir='ltr'><strong>provincia</strong></span> <span class='ocrx_word' id='word_1_377' title='bbox 1404 3762 1612 3818; x_wconf 90' lang='lat' dir='ltr'><strong>duobus</strong></span> <span class='ocrx_word' id='word_1_378' title='bbox 1671 3763 1966 3831; x_wconf 89' lang='lat' dir='ltr'><strong>insignibus</strong></span> <span class='ocrx_word' id='word_1_379' title='bbox 1998 3764 2213 3819; x_wconf 85' lang='lat' dir='ltr'><strong>mecha-</strong></span> 
     </span>
    </p>
   </div>
   <div class='ocr_carea' id='block_1_54' title="bbox 615 3854 2211 3931">
    <p class='ocr_par' dir='ltr' id='par_1_54' title="bbox 615 3854 2211 3931">
     <span class='ocr_line' id='line_1_54' title="bbox 615 3854 2211 3931; baseline 0.003 -23"><span class='ocrx_word' id='word_1_380' title='bbox 615 3854 749 3909; x_wconf 87' lang='lat' dir='ltr'><strong>nicis</strong></span> <span class='ocrx_word' id='word_1_381' title='bbox 776 3863 870 3909; x_wconf 92' lang='lat' dir='ltr'><strong>aut</strong></span> <span class='ocrx_word' id='word_1_382' title='bbox 914 3854 1254 3931; x_wconf 88' lang='lat' dir='ltr'><strong>architectis,</strong></span> <span class='ocrx_word' id='word_1_383' title='bbox 1284 3862 1377 3909; x_wconf 91' lang='lat' dir='ltr'><strong>aut</strong></span> <span class='ocrx_word' id='word_1_384' title='bbox 1397 3856 1558 3909; x_wconf 88' lang='lat' dir='ltr'><strong>etiam</strong></span> <span class='ocrx_word' id='word_1_385' title='bbox 1608 3870 1714 3909; x_wconf 91' lang='lat' dir='ltr'><strong>uno</strong></span> <span class='ocrx_word' id='word_1_386' title='bbox 1744 3854 1812 3927; x_wconf 89' lang='lat' dir='ltr'><strong>(si</strong></span> <span class='ocrx_word' id='word_1_387' title='bbox 1846 3872 2005 3911; x_wconf 88' lang='lat' dir='ltr'><strong>unum</strong></span> <span class='ocrx_word' id='word_1_388' title='bbox 2037 3855 2211 3912; x_wconf 89' lang='lat' dir='ltr'><strong>solum</strong></span> 
     </span>
    </p>
   </div>
   <div class='ocr_carea' id='block_1_55' title="bbox 622 3946 2217 4016">
    <p class='ocr_par' dir='ltr' id='par_1_55' title="bbox 622 3946 2217 4016">
     <span class='ocr_line' id='line_1_55' title="bbox 622 3946 2217 4016; baseline 0.002 -16"><span class='ocrx_word' id='word_1_389' title='bbox 622 3947 814 4001; x_wconf 86' lang='lat' dir='ltr'><strong>civitas</strong></span> <span class='ocrx_word' id='word_1_390' title='bbox 846 3946 1075 4016; x_wconf 90' lang='lat' dir='ltr'><strong>habeat)</strong></span> <span class='ocrx_word' id='word_1_391' title='bbox 1100 3947 1585 4002; x_wconf 88' lang='lat' dir='ltr'><strong>intervenientibus</strong></span> <span class='ocrx_word' id='word_1_392' title='bbox 1634 3948 1689 4001; x_wconf 91' lang='lat' dir='ltr'><strong>in</strong></span> <span class='ocrx_word' id='word_1_393' title='bbox 1718 3946 1824 4000; x_wconf 86' lang='lat' dir='ltr'><strong>illis</strong></span> <span class='ocrx_word' id='word_1_394' title='bbox 1858 3947 2008 4012; x_wconf 89' lang='lat' dir='ltr'><strong>locis,</strong></span> <span class='ocrx_word' id='word_1_395' title='bbox 2034 3962 2217 4003; x_wconf 85' lang='lat' dir='ltr'><strong>sacro-</strong></span> 
     </span>
    </p>
   </div>
   <div class='ocr_carea' id='block_1_56' title="bbox 616 4037 2212 4113">
    <p class='ocr_par' dir='ltr' id='par_1_56' title="bbox 616 4037 2212 4113">
     <span class='ocr_line' id='line_1_56' title="bbox 616 4037 2212 4113; baseline 0.003 -22"><span class='ocrx_word' id='word_1_396' title='bbox 616 4038 821 4091; x_wconf 87' lang='lat' dir='ltr'><strong>sanctis</strong></span> <span class='ocrx_word' id='word_1_397' title='bbox 845 4037 1146 4106; x_wconf 80' lang='lat' dir='ltr'><strong>Evangeliis</strong></span> <span class='ocrx_word' id='word_1_398' title='bbox 1171 4039 1479 4108; x_wconf 71' lang='lat' dir='ltr'><strong>pronositis,</strong></span> <span class='ocrx_word' id='word_1_399' title='bbox 1503 4038 1786 4094; x_wconf 80' lang='lat' dir='ltr'><strong>deﬁniatur</strong></span> <span class='ocrx_word' id='word_1_400' title='bbox 1803 4040 1870 4093; x_wconf 93' lang='lat' dir='ltr'><strong>ab</strong></span> <span class='ocrx_word' id='word_1_401' title='bbox 1884 4040 2212 4113; x_wconf 89' lang='lat' dir='ltr'><strong>architectis,</strong></span> 
     </span>
    </p>
   </div>
   <div class='ocr_carea' id='block_1_57' title="bbox 617 4129 2213 4197">
    <p class='ocr_par' dir='ltr' id='par_1_57' title="bbox 617 4129 2213 4197">
     <span class='ocr_line' id='line_1_57' title="bbox 617 4129 2213 4197; baseline 0.006 -17"><span class='ocrx_word' id='word_1_402' title='bbox 617 4136 880 4196; x_wconf 87' lang='lat' dir='ltr'><strong>quantum</strong></span> <span class='ocrx_word' id='word_1_403' title='bbox 912 4136 1181 4196; x_wconf 89' lang='lat' dir='ltr'><strong>competat</strong></span> <span class='ocrx_word' id='word_1_404' title='bbox 1214 4144 1312 4197; x_wconf 92' lang='lat' dir='ltr'><strong>pro</strong></span> <span class='ocrx_word' id='word_1_405' title='bbox 1352 4129 1452 4184; x_wconf 91' lang='lat' dir='ltr'><strong>hoc</strong></span> <span class='ocrx_word' id='word_1_406' title='bbox 1479 4132 1611 4185; x_wconf 90' lang='lat' dir='ltr'><strong>solvi</strong></span> <span class='ocrx_word' id='word_1_407' title='bbox 1660 4131 2013 4186; x_wconf 81' lang='lat' dir='ltr'><strong>sanctissimae</strong></span> <span class='ocrx_word' id='word_1_408' title='bbox 2037 4132 2213 4189; x_wconf 90' lang='lat' dir='ltr'><strong>eccle-</strong></span> 
     </span>
    </p>
   </div>
   <div class='ocr_carea' id='block_1_58' title="bbox 616 4219 2214 4294">
    <p class='ocr_par' dir='ltr' id='par_1_58' title="bbox 616 4219 2214 4294">
     <span class='ocr_line' id='line_1_58' title="bbox 616 4219 2214 4294; baseline 0.004 -19"><span class='ocrx_word' id='word_1_409' title='bbox 616 4221 710 4275; x_wconf 73' lang='lat' dir='ltr'><strong>siae</strong></span> <span class='ocrx_word' id='word_1_410' title='bbox 738 4219 1031 4275; x_wconf 90' lang='lat' dir='ltr'><strong>secundum</strong></span> <span class='ocrx_word' id='word_1_411' title='bbox 1063 4220 1279 4276; x_wconf 88' lang='lat' dir='ltr'><strong>modum</strong></span> <span class='ocrx_word' id='word_1_412' title='bbox 1304 4223 1739 4294; x_wconf 86' lang='lat' dir='ltr'><strong>emphyteuseos,</strong></span> <span class='ocrx_word' id='word_1_413' title='bbox 1770 4233 1825 4278; x_wconf 91' lang='lat' dir='ltr'><strong>et</strong></span> <span class='ocrx_word' id='word_1_414' title='bbox 1855 4224 1955 4279; x_wconf 91' lang='lat' dir='ltr'><strong>sub</strong></span> <span class='ocrx_word' id='word_1_415' title='bbox 1984 4224 2067 4279; x_wconf 84' lang='lat' dir='ltr'><strong>his</strong></span> <span class='ocrx_word' id='word_1_416' title='bbox 2096 4240 2214 4280; x_wconf 92' lang='lat' dir='ltr'><strong>em-</strong></span> 
     </span>
    </p>
   </div>
   <div class='ocr_carea' id='block_1_59' title="bbox 582 4314 2209 4385">
    <p class='ocr_par' dir='ltr' id='par_1_59' title="bbox 582 4314 2209 4385">
     <span class='ocr_line' id='line_1_59' title="bbox 582 4314 2209 4385; baseline 0.003 -17"><span class='ocrx_word' id='word_1_417' title='bbox 582 4340 587 4346; x_wconf 83' lang='grc'><strong>·</strong></span> <span class='ocrx_word' id='word_1_418' title='bbox 615 4314 925 4384; x_wconf 87' lang='lat' dir='ltr'><strong>phyteutica</strong></span> <span class='ocrx_word' id='word_1_419' title='bbox 957 4315 1283 4385; x_wconf 90' lang='lat' dir='ltr'><strong>conscriptio</strong></span> <span class='ocrx_word' id='word_1_420' title='bbox 1304 4316 1357 4371; x_wconf 91' lang='lat' dir='ltr'><strong>in</strong></span> <span class='ocrx_word' id='word_1_421' title='bbox 1382 4330 1445 4371; x_wconf 89' lang='lat' dir='ltr'><strong>eo</strong></span> <span class='ocrx_word' id='word_1_422' title='bbox 1493 4317 1796 4372; x_wconf 89' lang='lat' dir='ltr'><strong>celebretur</strong></span> <span class='ocrx_word' id='word_1_423' title='bbox 1818 4319 2110 4373; x_wconf 90' lang='lat' dir='ltr'><strong>secundum</strong></span> <span class='ocrx_word' id='word_1_424' title='bbox 2141 4320 2209 4373; x_wconf 84' lang='lat' dir='ltr'><strong>ll-</strong></span> 
     </span>
    </p>
   </div>
   <div class='ocr_carea' id='block_1_60' title="bbox 615 4407 2211 4477">
    <p class='ocr_par' dir='ltr' id='par_1_60' title="bbox 615 4407 2211 4477">
     <span class='ocr_line' id='line_1_60' title="bbox 615 4407 2211 4477; baseline 0.003 -15"><span class='ocrx_word' id='word_1_425' title='bbox 615 4423 799 4477; x_wconf 90' lang='lat' dir='ltr'><strong>guram</strong></span> <span class='ocrx_word' id='word_1_426' title='bbox 832 4407 977 4477; x_wconf 85' lang='lat' dir='ltr'><strong>prius</strong></span> <span class='ocrx_word' id='word_1_427' title='bbox 1002 4407 1197 4463; x_wconf 85' lang='lat' dir='ltr'><strong>dictam</strong></span> <span class='ocrx_word' id='word_1_428' title='bbox 1226 4425 1243 4463; x_wconf 87' lang='lat'><strong>:</strong></span> <span class='ocrx_word' id='word_1_429' title='bbox 1276 4409 1366 4463; x_wconf 90' lang='lat' dir='ltr'><strong>ille</strong></span> <span class='ocrx_word' id='word_1_430' title='bbox 1395 4422 1523 4463; x_wconf 90' lang='lat' dir='ltr'><strong>vero</strong></span> <span class='ocrx_word' id='word_1_431' title='bbox 1569 4419 1621 4463; x_wconf 91' lang='lat' dir='ltr'><strong>ct</strong></span> <span class='ocrx_word' id='word_1_432' title='bbox 1650 4408 1881 4465; x_wconf 65' lang='lat' dir='ltr'><strong>aedificet</strong></span> <span class='ocrx_word' id='word_1_433' title='bbox 1904 4452 1919 4476; x_wconf 98' lang='lat'><strong>,</strong></span> <span class='ocrx_word' id='word_1_434' title='bbox 1949 4421 2003 4465; x_wconf 89' lang='lat' dir='ltr'><strong>et</strong></span> <span class='ocrx_word' id='word_1_435' title='bbox 2033 4421 2211 4466; x_wconf 90' lang='lat' dir='ltr'><strong>utatur</strong></span> 
     </span>
    </p>
   </div>
   <div class='ocr_carea' id='block_1_61' title="bbox 617 4499 2208 4572">
    <p class='ocr_par' dir='ltr' id='par_1_61' title="bbox 617 4499 2208 4572">
     <span class='ocr_line' id='line_1_61' title="bbox 617 4499 2208 4572; baseline 0.003 -20"><span class='ocrx_word' id='word_1_436' title='bbox 617 4501 946 4557; x_wconf 89' lang='lat' dir='ltr'><strong>materiebus</strong></span> <span class='ocrx_word' id='word_1_437' title='bbox 975 4502 1043 4572; x_wconf 90' lang='lat' dir='ltr'><strong>(si</strong></span> <span class='ocrx_word' id='word_1_438' title='bbox 1087 4502 1340 4556; x_wconf 86' lang='lat' dir='ltr'><strong>materias</strong></span> <span class='ocrx_word' id='word_1_439' title='bbox 1372 4499 1587 4570; x_wconf 89' lang='lat' dir='ltr'><strong>habeat)</strong></span> <span class='ocrx_word' id='word_1_440' title='bbox 1635 4509 1691 4557; x_wconf 91' lang='lat' dir='ltr'><strong>et</strong></span> <span class='ocrx_word' id='word_1_441' title='bbox 1737 4502 2066 4556; x_wconf 86' lang='lat' dir='ltr'><strong>transmittat</strong></span> <span class='ocrx_word' id='word_1_442' title='bbox 2092 4518 2208 4556; x_wconf 81' lang='lat' dir='ltr'><strong>etn-</strong></span> 
     </span>
    </p>
   </div>
   <div class='ocr_carea' id='block_1_62' title="bbox 2316 1898 3827 1976">
    <p class='ocr_par' dir='ltr' id='par_1_62' title="bbox 2316 1898 3827 1976">
     <span class='ocr_line' id='line_1_62' title="bbox 2316 1898 3827 1976; baseline -0.001 -19"><span class='ocrx_word' id='word_1_443' title='bbox 2316 1898 2383 1957; x_wconf 83' lang='lat' dir='ltr'><strong>ad</strong></span> <span class='ocrx_word' id='word_1_444' title='bbox 2402 1902 2764 1958; x_wconf 87' lang='lat' dir='ltr'><strong>venerabilem</strong></span> <span class='ocrx_word' id='word_1_445' title='bbox 2802 1904 3020 1959; x_wconf 87' lang='lat' dir='ltr'><strong>domum</strong></span> <span class='ocrx_word' id='word_1_446' title='bbox 3049 1920 3171 1961; x_wconf 91' lang='lat' dir='ltr'><strong>cum</strong></span> <span class='ocrx_word' id='word_1_447' title='bbox 3215 1922 3338 1973; x_wconf 85' lang='lat' dir='ltr'><strong>usu,</strong></span> <span class='ocrx_word' id='word_1_448' title='bbox 3374 1907 3467 1976; x_wconf 93' lang='lat' dir='ltr'><strong>qui</strong></span> <span class='ocrx_word' id='word_1_449' title='bbox 3494 1905 3639 1960; x_wconf 85' lang='lat' dir='ltr'><strong>datus</strong></span> <span class='ocrx_word' id='word_1_450' title='bbox 3662 1913 3827 1967; x_wconf 75' lang='lat' dir='ltr'><strong>esl,noe</strong></span> 
     </span>
    </p>
   </div>
   <div class='ocr_carea' id='block_1_63' title="bbox 2317 1992 3829 2067">
    <p class='ocr_par' dir='ltr' id='par_1_63' title="bbox 2317 1992 3829 2067">
     <span class='ocr_line' id='line_1_63' title="bbox 2317 1992 3829 2067; baseline 0.001 -23"><span class='ocrx_word' id='word_1_451' title='bbox 2317 1992 2731 2048; x_wconf 89' lang='lat' dir='ltr'><strong>transcendente</strong></span> <span class='ocrx_word' id='word_1_452' title='bbox 2752 2004 2962 2065; x_wconf 90' lang='lat' dir='ltr'><strong>tempus</strong></span> <span class='ocrx_word' id='word_1_453' title='bbox 2991 1996 3109 2051; x_wconf 72' lang='lat' dir='ltr'><strong>vitae</strong></span> <span class='ocrx_word' id='word_1_454' title='bbox 3154 1997 3525 2067; x_wconf 86' lang='lat' dir='ltr'><strong>percipientis,</strong></span> <span class='ocrx_word' id='word_1_455' title='bbox 3556 1994 3746 2063; x_wconf 84' lang='lat' dir='ltr'><strong>accipiat</strong></span> <span class='ocrx_word' id='word_1_456' title='bbox 3765 2009 3829 2045; x_wconf 79' lang='lat' dir='ltr'><strong>au-</strong></span> 
     </span>
    </p>
   </div>
   <div class='ocr_carea' id='block_1_64' title="bbox 2318 2087 3825 2161">
    <p class='ocr_par' dir='ltr' id='par_1_64' title="bbox 2318 2087 3825 2161">
     <span class='ocr_line' id='line_1_64' title="bbox 2318 2087 3825 2161; baseline 0.002 -22"><span class='ocrx_word' id='word_1_457' title='bbox 2318 2094 2423 2141; x_wconf 90' lang='lat' dir='ltr'><strong>tem</strong></span> <span class='ocrx_word' id='word_1_458' title='bbox 2458 2087 2710 2142; x_wconf 88' lang='lat' dir='ltr'><strong>similiter</strong></span> <span class='ocrx_word' id='word_1_459' title='bbox 2739 2099 2792 2144; x_wconf 89' lang='lat' dir='ltr'><strong>et</strong></span> <span class='ocrx_word' id='word_1_460' title='bbox 2822 2090 2902 2145; x_wconf 91' lang='lat' dir='ltr'><strong>rei</strong></span> <span class='ocrx_word' id='word_1_461' title='bbox 2936 2090 2989 2144; x_wconf 92' lang='lat' dir='ltr'><strong>in</strong></span> <span class='ocrx_word' id='word_1_462' title='bbox 3034 2093 3535 2161; x_wconf 82' lang='lat' dir='ltr'><strong>compensationem</strong></span> <span class='ocrx_word' id='word_1_463' title='bbox 3564 2092 3687 2145; x_wconf 81' lang='lat' dir='ltr'><strong>datae</strong></span> <span class='ocrx_word' id='word_1_464' title='bbox 3708 2104 3825 2153; x_wconf 79' lang='lat' dir='ltr'><strong>usum,</strong></span> 
     </span>
    </p>
   </div>
   <div class='ocr_carea' id='block_1_65' title="bbox 2318 2180 3827 2253">
    <p class='ocr_par' dir='ltr' id='par_1_65' title="bbox 2318 2180 3827 2253">
     <span class='ocr_line' id='line_1_65' title="bbox 2318 2180 3827 2253; baseline -0.001 -19"><span class='ocrx_word' id='word_1_465' title='bbox 2318 2188 2582 2251; x_wconf 89' lang='lat' dir='ltr'><strong>quatenus</strong></span> <span class='ocrx_word' id='word_1_466' title='bbox 2628 2191 2751 2251; x_wconf 91' lang='lat' dir='ltr'><strong>post</strong></span> <span class='ocrx_word' id='word_1_467' title='bbox 2805 2183 3150 2253; x_wconf 85' lang='lat' dir='ltr'><strong>percipientis</strong></span> <span class='ocrx_word' id='word_1_468' title='bbox 3202 2184 3412 2239; x_wconf 90' lang='lat' dir='ltr'><strong>obitum</strong></span> <span class='ocrx_word' id='word_1_469' title='bbox 3460 2194 3549 2238; x_wconf 90' lang='lat' dir='ltr'><strong>aut</strong></span> <span class='ocrx_word' id='word_1_470' title='bbox 3596 2192 3777 2251; x_wconf 84' lang='lat' dir='ltr'><strong>tempus,</strong></span> <span class='ocrx_word' id='word_1_471' title='bbox 3795 2180 3827 2233; x_wconf 77' lang='lat' dir='ltr'><strong>in</strong></span> 
     </span>
    </p>
   </div>
   <div class='ocr_carea' id='block_1_66' title="bbox 2316 2274 3825 2345">
    <p class='ocr_par' dir='ltr' id='par_1_66' title="bbox 2316 2274 3825 2345">
     <span class='ocr_line' id='line_1_66' title="bbox 2316 2274 3825 2345; baseline 0 -18"><span class='ocrx_word' id='word_1_472' title='bbox 2316 2288 2421 2343; x_wconf 91' lang='lat' dir='ltr'><strong>quo</strong></span> <span class='ocrx_word' id='word_1_473' title='bbox 2450 2274 2668 2329; x_wconf 88' lang='lat' dir='ltr'><strong>donatio</strong></span> <span class='ocrx_word' id='word_1_474' title='bbox 2723 2291 2851 2332; x_wconf 90' lang='lat' dir='ltr'><strong>usus</strong></span> <span class='ocrx_word' id='word_1_475' title='bbox 2881 2278 3159 2345; x_wconf 84' lang='lat' dir='ltr'><strong>convenit,</strong></span> <span class='ocrx_word' id='word_1_476' title='bbox 3210 2292 3319 2333; x_wconf 88' lang='lat' dir='ltr'><strong>non</strong></span> <span class='ocrx_word' id='word_1_477' title='bbox 3361 2274 3825 2333; x_wconf 76' lang='lat' dir='ltr'><strong>trauscendeusvide-</strong></span> 
     </span>
    </p>
   </div>
   <div class='ocr_carea' id='block_1_67' title="bbox 2316 2364 3826 2441">
    <p class='ocr_par' dir='ltr' id='par_1_67' title="bbox 2316 2364 3826 2441">
     <span class='ocr_line' id='line_1_67' title="bbox 2316 2364 3826 2441; baseline 0 -22"><span class='ocrx_word' id='word_1_478' title='bbox 2316 2364 2441 2421; x_wconf 90' lang='lat' dir='ltr'><strong>licet</strong></span> <span class='ocrx_word' id='word_1_479' title='bbox 2471 2366 2816 2436; x_wconf 89' lang='lat' dir='ltr'><strong>percipientis</strong></span> <span class='ocrx_word' id='word_1_480' title='bbox 2847 2369 3029 2436; x_wconf 83' lang='lat' dir='ltr'><strong>vitam,</strong></span> <span class='ocrx_word' id='word_1_481' title='bbox 3064 2378 3353 2441; x_wconf 89' lang='lat' dir='ltr'><strong>utrumque</strong></span> <span class='ocrx_word' id='word_1_482' title='bbox 3382 2388 3451 2428; x_wconf 79' lang='lat' dir='ltr'><strong>ex</strong></span> <span class='ocrx_word' id='word_1_483' title='bbox 3482 2381 3588 2426; x_wconf 91' lang='lat' dir='ltr'><strong>toto</strong></span> <span class='ocrx_word' id='word_1_484' title='bbox 3633 2378 3679 2423; x_wconf 90' lang='lat' dir='ltr'><strong>et</strong></span> <span class='ocrx_word' id='word_1_485' title='bbox 3701 2381 3826 2422; x_wconf 78' lang='lat' dir='ltr'><strong>secun-</strong></span> 
     </span>
    </p>
   </div>
   <div class='ocr_carea' id='block_1_68' title="bbox 2316 2455 3823 2532">
    <p class='ocr_par' dir='ltr' id='par_1_68' title="bbox 2316 2455 3823 2532">
     <span class='ocr_line' id='line_1_68' title="bbox 2316 2455 3823 2532; baseline 0.003 -21"><span class='ocrx_word' id='word_1_486' title='bbox 2316 2455 2444 2511; x_wconf 90' lang='lat' dir='ltr'><strong>dum</strong></span> <span class='ocrx_word' id='word_1_487' title='bbox 2503 2460 2886 2527; x_wconf 89' lang='lat' dir='ltr'><strong>proprietatem</strong></span> <span class='ocrx_word' id='word_1_488' title='bbox 2928 2470 2984 2515; x_wconf 91' lang='lat' dir='ltr'><strong>et</strong></span> <span class='ocrx_word' id='word_1_489' title='bbox 3013 2461 3309 2517; x_wconf 85' lang='lat' dir='ltr'><strong>secundum</strong></span> <span class='ocrx_word' id='word_1_490' title='bbox 3341 2478 3496 2519; x_wconf 90' lang='lat' dir='ltr'><strong>usum</strong></span> <span class='ocrx_word' id='word_1_491' title='bbox 3523 2461 3648 2532; x_wconf 85' lang='lat' dir='ltr'><strong>apud</strong></span> <span class='ocrx_word' id='word_1_492' title='bbox 3672 2460 3823 2515; x_wconf 77' lang='lat' dir='ltr'><strong>sanctis-</strong></span> 
     </span>
    </p>
   </div>
   <div class='ocr_carea' id='block_1_69' title="bbox 2316 2550 3348 2610">
    <p class='ocr_par' dir='ltr' id='par_1_69' title="bbox 2316 2550 3348 2610">
     <span class='ocr_line' id='line_1_69' title="bbox 2316 2550 3348 2610; baseline 0.006 -6"><span class='ocrx_word' id='word_1_493' title='bbox 2316 2550 2505 2606; x_wconf 87' lang='lat' dir='ltr'><strong>simam</strong></span> <span class='ocrx_word' id='word_1_494' title='bbox 2534 2550 2819 2607; x_wconf 89' lang='lat' dir='ltr'><strong>ecclesiam</strong></span> <span class='ocrx_word' id='word_1_495' title='bbox 2852 2567 3228 2609; x_wconf 88' lang='lat' dir='ltr'><strong>remansurum</strong></span> <span class='ocrx_word' id='word_1_496' title='bbox 3258 2554 3348 2610; x_wconf 89' lang='lat' dir='ltr'><strong>sit.</strong></span> 
     </span>
    </p>
   </div>
   <div class='ocr_carea' id='block_1_70' title="bbox 2386 2663 3819 2737">
    <p class='ocr_par' dir='ltr' id='par_1_70' title="bbox 2386 2663 3819 2737">
     <span class='ocr_line' id='line_1_70' title="bbox 2386 2663 3819 2737; baseline -0.001 -19"><span class='ocrx_word' id='word_1_497' title='bbox 2386 2663 2522 2731; x_wconf 83' lang='lat' dir='ltr'><strong>Quia</strong></span> <span class='ocrx_word' id='word_1_498' title='bbox 2544 2679 2675 2719; x_wconf 90' lang='lat' dir='ltr'><strong>vero</strong></span> <span class='ocrx_word' id='word_1_499' title='bbox 2706 2665 2904 2721; x_wconf 90' lang='lat' dir='ltr'><strong>Leonis</strong></span> <span class='ocrx_word' id='word_1_500' title='bbox 2947 2668 3050 2737; x_wconf 77' lang='lat' dir='ltr'><strong>piae</strong></span> <span class='ocrx_word' id='word_1_501' title='bbox 3078 2669 3359 2724; x_wconf 83' lang='lat' dir='ltr'><strong>memoriae</strong></span> <span class='ocrx_word' id='word_1_502' title='bbox 3387 2668 3677 2724; x_wconf 86' lang='lat' dir='ltr'><strong>constitutio</strong></span> <span class='ocrx_word' id='word_1_503' title='bbox 3698 2676 3819 2734; x_wconf 73' lang='lat' dir='ltr'><strong>ponas</strong></span> 
     </span>
    </p>
   </div>
   <div class='ocr_carea' id='block_1_71' title="bbox 2320 2758 3819 2831">
    <p class='ocr_par' dir='ltr' id='par_1_71' title="bbox 2320 2758 3819 2831">
     <span class='ocr_line' id='line_1_71' title="bbox 2320 2758 3819 2831; baseline 0 -21"><span class='ocrx_word' id='word_1_504' title='bbox 2320 2770 2454 2824; x_wconf 88' lang='lat' dir='ltr'><strong>pene</strong></span> <span class='ocrx_word' id='word_1_505' title='bbox 2478 2758 2820 2813; x_wconf 90' lang='lat' dir='ltr'><strong>solummodo</strong></span> <span class='ocrx_word' id='word_1_506' title='bbox 2848 2759 2900 2813; x_wconf 92' lang='lat' dir='ltr'><strong>in</strong></span> <span class='ocrx_word' id='word_1_507' title='bbox 2932 2760 3274 2817; x_wconf 86' lang='lat' dir='ltr'><strong>venditiones</strong></span> <span class='ocrx_word' id='word_1_508' title='bbox 3312 2762 3573 2831; x_wconf 81' lang='lat' dir='ltr'><strong>decrevit,</strong></span> <span class='ocrx_word' id='word_1_509' title='bbox 3605 2767 3819 2815; x_wconf 80' lang='lat' dir='ltr'><strong>nosauten</strong></span> 
     </span>
    </p>
   </div>
   <div class='ocr_carea' id='block_1_72' title="bbox 2319 2848 3818 2922">
    <p class='ocr_par' dir='ltr' id='par_1_72' title="bbox 2319 2848 3818 2922">
     <span class='ocr_line' id='line_1_72' title="bbox 2319 2848 3818 2922; baseline 0.001 -21"><span class='ocrx_word' id='word_1_510' title='bbox 2319 2848 2692 2905; x_wconf 79' lang='lat' dir='ltr'><strong>interdiximus</strong></span> <span class='ocrx_word' id='word_1_511' title='bbox 2714 2866 2820 2907; x_wconf 93' lang='lat' dir='ltr'><strong>non</strong></span> <span class='ocrx_word' id='word_1_512' title='bbox 2844 2853 3180 2911; x_wconf 88' lang='lat' dir='ltr'><strong>venditiones</strong></span> <span class='ocrx_word' id='word_1_513' title='bbox 3205 2857 3407 2922; x_wconf 90' lang='lat' dir='ltr'><strong>solum,</strong></span> <span class='ocrx_word' id='word_1_514' title='bbox 3436 2857 3527 2912; x_wconf 89' lang='lat' dir='ltr'><strong>sed</strong></span> <span class='ocrx_word' id='word_1_515' title='bbox 3554 2856 3688 2911; x_wconf 88' lang='lat' dir='ltr'><strong>etiam</strong></span> <span class='ocrx_word' id='word_1_516' title='bbox 3708 2853 3818 2905; x_wconf 84' lang='lat' dir='ltr'><strong>dom-</strong></span> 
     </span>
    </p>
   </div>
   <div class='ocr_carea' id='block_1_73' title="bbox 2317 2939 3817 3018">
    <p class='ocr_par' dir='ltr' id='par_1_73' title="bbox 2317 2939 3817 3018">
     <span class='ocr_line' id='line_1_73' title="bbox 2317 2939 3817 3018; baseline 0.007 -24"><span class='ocrx_word' id='word_1_517' title='bbox 2317 2939 2511 3007; x_wconf 91' lang='lat' dir='ltr'><strong>tiones,</strong></span> <span class='ocrx_word' id='word_1_518' title='bbox 2541 2952 2597 2997; x_wconf 93' lang='lat' dir='ltr'><strong>et</strong></span> <span class='ocrx_word' id='word_1_519' title='bbox 2628 2946 3073 3014; x_wconf 89' lang='lat' dir='ltr'><strong>permutationes,</strong></span> <span class='ocrx_word' id='word_1_520' title='bbox 3106 2957 3161 3002; x_wconf 90' lang='lat' dir='ltr'><strong>et</strong></span> <span class='ocrx_word' id='word_1_521' title='bbox 3189 2960 3480 3018; x_wconf 88' lang='lat' dir='ltr'><strong>perpetuas</strong></span> <span class='ocrx_word' id='word_1_522' title='bbox 3508 2946 3817 3017; x_wconf 58' lang='lat' dir='ltr'><strong>emphyteusﬁ.</strong></span> 
     </span>
    </p>
   </div>
   <div class='ocr_carea' id='block_1_74' title="bbox 2318 3036 3811 3105">
    <p class='ocr_par' dir='ltr' id='par_1_74' title="bbox 2318 3036 3811 3105">
     <span class='ocr_line' id='line_1_74' title="bbox 2318 3036 3811 3105; baseline -0.011 -2"><span class='ocrx_word' id='word_1_523' title='bbox 2318 3045 2371 3088; x_wconf 71' lang='grc' dir='ltr'><strong>ει</strong></span> <span class='ocrx_word' id='word_1_524' title='bbox 2401 3036 2685 3105; x_wconf 76' lang='lat' dir='ltr'><strong>Pignorum</strong></span> <span class='ocrx_word' id='word_1_525' title='bbox 2710 3036 2955 3096; x_wconf 87' lang='lat' dir='ltr'><strong>dationes</strong></span> <span class='ocrx_word' id='word_1_526' title='bbox 3013 3041 3066 3095; x_wconf 94' lang='lat' dir='ltr'><strong>in</strong></span> <span class='ocrx_word' id='word_1_527' title='bbox 3122 3042 3283 3097; x_wconf 87' lang='lat' dir='ltr'><strong>rebus</strong></span> <span class='ocrx_word' id='word_1_528' title='bbox 3344 3042 3694 3101; x_wconf 87' lang='lat' dir='ltr'><strong>immobilibus,</strong></span> <span class='ocrx_word' id='word_1_529' title='bbox 3712 3036 3811 3089; x_wconf 82' lang='lat' dir='ltr'><strong>vide-</strong></span> 
     </span>
    </p>
   </div>
   <div class='ocr_carea' id='block_1_75' title="bbox 2317 3130 3811 3209">
    <p class='ocr_par' dir='ltr' id='par_1_75' title="bbox 2317 3130 3811 3209">
     <span class='ocr_line' id='line_1_75' title="bbox 2317 3130 3811 3209; baseline -0.002 -29"><span class='ocrx_word' id='word_1_530' title='bbox 2317 3142 2438 3181; x_wconf 89' lang='lat' dir='ltr'><strong>mus</strong></span> <span class='ocrx_word' id='word_1_531' title='bbox 2449 3138 2624 3184; x_wconf 85' lang='lat' dir='ltr'><strong>autem</strong></span> <span class='ocrx_word' id='word_1_532' title='bbox 2646 3130 2907 3209; x_wconf 74' lang='lat' dir='ltr'><strong>quqsdam</strong></span> <span class='ocrx_word' id='word_1_533' title='bbox 2931 3133 3008 3188; x_wconf 90' lang='lat' dir='ltr'><strong>sic</strong></span> <span class='ocrx_word' id='word_1_534' title='bbox 3030 3143 3297 3191; x_wconf 89' lang='lat' dir='ltr'><strong>amatores</strong></span> <span class='ocrx_word' id='word_1_535' title='bbox 3317 3135 3537 3205; x_wconf 86' lang='lat' dir='ltr'><strong>periculi</strong></span> <span class='ocrx_word' id='word_1_536' title='bbox 3558 3131 3811 3188; x_wconf 80' lang='lat' dir='ltr'><strong>constitutos,</strong></span> 
     </span>
    </p>
   </div>
   <div class='ocr_carea' id='block_1_76' title="bbox 2315 3220 3813 3295">
    <p class='ocr_par' dir='ltr' id='par_1_76' title="bbox 2315 3220 3813 3295">
     <span class='ocr_line' id='line_1_76' title="bbox 2315 3220 3813 3295; baseline 0.006 -23"><span class='ocrx_word' id='word_1_537' title='bbox 2315 3227 2372 3273; x_wconf 93' lang='lat' dir='ltr'><strong>ut</strong></span> <span class='ocrx_word' id='word_1_538' title='bbox 2402 3230 2729 3288; x_wconf 77' lang='lat' dir='ltr'><strong>praesumant</strong></span> <span class='ocrx_word' id='word_1_539' title='bbox 2760 3224 2827 3277; x_wconf 85' lang='lat' dir='ltr'><strong>ad</strong></span> <span class='ocrx_word' id='word_1_540' title='bbox 2874 3238 2936 3278; x_wconf 87' lang='lat' dir='ltr'><strong>ea</strong></span> <span class='ocrx_word' id='word_1_541' title='bbox 2990 3240 3109 3295; x_wconf 68' lang='lat' dir='ltr'><strong>qua</strong></span> <span class='ocrx_word' id='word_1_542' title='bbox 3135 3226 3424 3283; x_wconf 89' lang='lat' dir='ltr'><strong>interdicta</strong></span> <span class='ocrx_word' id='word_1_543' title='bbox 3483 3233 3597 3282; x_wconf 90' lang='lat' dir='ltr'><strong>sunt</strong></span> <span class='ocrx_word' id='word_1_544' title='bbox 3618 3220 3813 3281; x_wconf 72' lang='lat' dir='ltr'><strong>accedere.</strong></span> 
     </span>
    </p>
   </div>
   <div class='ocr_carea' id='block_1_77' title="bbox 2314 3313 3814 3391">
    <p class='ocr_par' dir='ltr' id='par_1_77' title="bbox 2314 3313 3814 3391">
     <span class='ocr_line' id='line_1_77' title="bbox 2314 3313 3814 3391; baseline -0.003 -24"><span class='ocrx_word' id='word_1_545' title='bbox 2314 3320 2368 3368; x_wconf 89' lang='lat' dir='ltr'><strong>et</strong></span> <span class='ocrx_word' id='word_1_546' title='bbox 2396 3313 2908 3371; x_wconf 87' lang='lat' dir='ltr'><strong>circumventionem</strong></span> <span class='ocrx_word' id='word_1_547' title='bbox 2966 3316 3142 3373; x_wconf 85' lang='lat' dir='ltr'><strong>facere</strong></span> <span class='ocrx_word' id='word_1_548' title='bbox 3195 3320 3407 3391; x_wconf 88' lang='lat' dir='ltr'><strong>legibus</strong></span> <span class='ocrx_word' id='word_1_549' title='bbox 3450 3335 3514 3375; x_wconf 83' lang='lat' dir='ltr'><strong>ex</strong></span> <span class='ocrx_word' id='word_1_550' title='bbox 3551 3316 3814 3371; x_wconf 66' lang='lat' dir='ltr'><strong>voluntates</strong></span> 
     </span>
    </p>
   </div>
   <div class='ocr_carea' id='block_1_78' title="bbox 2316 3400 3812 3485">
    <p class='ocr_par' dir='ltr' id='par_1_78' title="bbox 2316 3400 3812 3485">
     <span class='ocr_line' id='line_1_78' title="bbox 2316 3400 3812 3485; baseline -0.008 -20"><span class='ocrx_word' id='word_1_551' title='bbox 2316 3408 2731 3476; x_wconf 65' lang='lat' dir='ltr'><strong>prmumptione</strong></span> <span class='ocrx_word' id='word_1_552' title='bbox 2753 3424 2915 3478; x_wconf 90' lang='lat' dir='ltr'><strong>quam</strong></span> <span class='ocrx_word' id='word_1_553' title='bbox 2944 3409 3183 3481; x_wconf 89' lang='lat' dir='ltr'><strong>habent,</strong></span> <span class='ocrx_word' id='word_1_554' title='bbox 3215 3422 3418 3485; x_wconf 75' lang='lat' dir='ltr'><strong>etquae</strong></span> <span class='ocrx_word' id='word_1_555' title='bbox 3463 3412 3680 3470; x_wconf 89' lang='lat' dir='ltr'><strong>omnibus</strong></span> <span class='ocrx_word' id='word_1_556' title='bbox 3701 3400 3812 3459; x_wconf 85' lang='lat' dir='ltr'><strong>modis</strong></span> 
     </span>
    </p>
   </div>
   <div class='ocr_carea' id='block_1_79' title="bbox 2316 3496 3813 3573">
    <p class='ocr_par' dir='ltr' id='par_1_79' title="bbox 2316 3496 3813 3573">
     <span class='ocr_line' id='line_1_79' title="bbox 2316 3496 3813 3573; baseline -0.001 -22"><span class='ocrx_word' id='word_1_557' title='bbox 2316 3496 2604 3553; x_wconf 88' lang='lat' dir='ltr'><strong>interdicta</strong></span> <span class='ocrx_word' id='word_1_558' title='bbox 2632 3509 2776 3566; x_wconf 90' lang='lat' dir='ltr'><strong>sunt,</strong></span> <span class='ocrx_word' id='word_1_559' title='bbox 2807 3511 2863 3556; x_wconf 83' lang='lat' dir='ltr'><strong>et</strong></span> <span class='ocrx_word' id='word_1_560' title='bbox 2901 3517 3023 3573; x_wconf 72' lang='lat' dir='ltr'><strong>qua:</strong></span> <span class='ocrx_word' id='word_1_561' title='bbox 3064 3503 3291 3559; x_wconf 80' lang='lat' dir='ltr'><strong>forsitan</strong></span> <span class='ocrx_word' id='word_1_562' title='bbox 3345 3506 3604 3562; x_wconf 90' lang='lat' dir='ltr'><strong>deducunt</strong></span> <span class='ocrx_word' id='word_1_563' title='bbox 3645 3496 3813 3554; x_wconf 77' lang='lat' dir='ltr'><strong>homines</strong></span> 
     </span>
    </p>
   </div>
   <div class='ocr_carea' id='block_1_80' title="bbox 2316 3588 3809 3668">
    <p class='ocr_par' dir='ltr' id='par_1_80' title="bbox 2316 3588 3809 3668">
     <span class='ocr_line' id='line_1_80' title="bbox 2316 3588 3809 3668; baseline 0.003 -26"><span class='ocrx_word' id='word_1_564' title='bbox 2316 3588 2385 3642; x_wconf 91' lang='lat' dir='ltr'><strong>ad</strong></span> <span class='ocrx_word' id='word_1_565' title='bbox 2447 3593 2827 3663; x_wconf 89' lang='lat' dir='ltr'><strong>mortem,qui</strong></span> <span class='ocrx_word' id='word_1_566' title='bbox 2880 3593 2933 3648; x_wconf 91' lang='lat' dir='ltr'><strong>id</strong></span> <span class='ocrx_word' id='word_1_567' title='bbox 2980 3605 3165 3666; x_wconf 84' lang='lat' dir='ltr'><strong>agunt,</strong></span> <span class='ocrx_word' id='word_1_568' title='bbox 3220 3607 3502 3668; x_wconf 88' lang='lat' dir='ltr'><strong>propterea</strong></span> <span class='ocrx_word' id='word_1_569' title='bbox 3543 3588 3809 3650; x_wconf 76' lang='lat' dir='ltr'><strong>necessarium</strong></span> 
     </span>
    </p>
   </div>
   <div class='ocr_carea' id='block_1_81' title="bbox 2319 3680 3810 3757">
    <p class='ocr_par' dir='ltr' id='par_1_81' title="bbox 2319 3680 3810 3757">
     <span class='ocr_line' id='line_1_81' title="bbox 2319 3680 3810 3757; baseline -0.001 -22"><span class='ocrx_word' id='word_1_570' title='bbox 2319 3680 2745 3739; x_wconf 82' lang='lat' dir='ltr'><strong>existimavimus</strong></span> <span class='ocrx_word' id='word_1_571' title='bbox 2775 3684 2830 3739; x_wconf 93' lang='lat' dir='ltr'><strong>in</strong></span> <span class='ocrx_word' id='word_1_572' title='bbox 2854 3700 3174 3757; x_wconf 90' lang='lat' dir='ltr'><strong>unoquoque</strong></span> <span class='ocrx_word' id='word_1_573' title='bbox 3199 3698 3481 3746; x_wconf 87' lang='lat' dir='ltr'><strong>contractu</strong></span> <span class='ocrx_word' id='word_1_574' title='bbox 3518 3685 3656 3743; x_wconf 87' lang='lat' dir='ltr'><strong>etiam</strong></span> <span class='ocrx_word' id='word_1_575' title='bbox 3678 3686 3810 3735; x_wconf 82' lang='lat' dir='ltr'><strong>certam</strong></span> 
     </span>
    </p>
   </div>
   <div class='ocr_carea' id='block_1_82' title="bbox 2317 3772 3809 3851">
    <p class='ocr_par' dir='ltr' id='par_1_82' title="bbox 2317 3772 3809 3851">
     <span class='ocr_line' id='line_1_82' title="bbox 2317 3772 3809 3851; baseline 0.001 -26"><span class='ocrx_word' id='word_1_576' title='bbox 2317 3779 2553 3827; x_wconf 90' lang='lat' dir='ltr'><strong>statuere</strong></span> <span class='ocrx_word' id='word_1_577' title='bbox 2582 3788 2819 3841; x_wconf 68' lang='lat' dir='ltr'><strong>penam.</strong></span> <span class='ocrx_word' id='word_1_578' title='bbox 2848 3775 2942 3832; x_wconf 84' lang='lat' dir='ltr'><strong>His</strong></span> <span class='ocrx_word' id='word_1_579' title='bbox 2964 3778 3171 3834; x_wconf 90' lang='lat' dir='ltr'><strong>scilicet</strong></span> <span class='ocrx_word' id='word_1_580' title='bbox 3200 3781 3398 3850; x_wconf 69' lang='lat' dir='ltr'><strong>pinnis,</strong></span> <span class='ocrx_word' id='word_1_581' title='bbox 3427 3794 3540 3851; x_wconf 79' lang='lat' dir='ltr'><strong>quae</strong></span> <span class='ocrx_word' id='word_1_582' title='bbox 3563 3774 3712 3847; x_wconf 75' lang='lat' dir='ltr'><strong>posita:</strong></span> <span class='ocrx_word' id='word_1_583' title='bbox 3732 3772 3809 3820; x_wconf 73' lang='lat' dir='ltr'><strong>sunt</strong></span> 
     </span>
    </p>
   </div>
   <div class='ocr_carea' id='block_1_83' title="bbox 2318 3855 3809 3941">
    <p class='ocr_par' dir='ltr' id='par_1_83' title="bbox 2318 3855 3809 3941">
     <span class='ocr_line' id='line_1_83' title="bbox 2318 3855 3809 3941; baseline 0.007 -25"><span class='ocrx_word' id='word_1_584' title='bbox 2318 3864 2575 3921; x_wconf 86' lang='lat' dir='ltr'><strong>adversus</strong></span> <span class='ocrx_word' id='word_1_585' title='bbox 2614 3880 2930 3923; x_wconf 75' lang='lat' dir='ltr'><strong>(economos</strong></span> <span class='ocrx_word' id='word_1_586' title='bbox 2956 3885 3022 3923; x_wconf 77' lang='lat' dir='ltr'><strong>ex</strong></span> <span class='ocrx_word' id='word_1_587' title='bbox 3073 3872 3461 3927; x_wconf 87' lang='lat' dir='ltr'><strong>constitutione</strong></span> <span class='ocrx_word' id='word_1_588' title='bbox 3511 3865 3716 3941; x_wconf 65' lang='lat' dir='ltr'><strong>prmdicta</strong></span> <span class='ocrx_word' id='word_1_589' title='bbox 3747 3855 3809 3927; x_wconf 67' lang='grc' dir='ltr'><strong>Ρίε</strong></span> 
     </span>
    </p>
   </div>
   <div class='ocr_carea' id='block_1_84' title="bbox 2320 3946 3807 4033">
    <p class='ocr_par' dir='ltr' id='par_1_84' title="bbox 2320 3946 3807 4033">
     <span class='ocr_line' id='line_1_84' title="bbox 2320 3946 3807 4033; baseline -0.002 -24"><span class='ocrx_word' id='word_1_590' title='bbox 2320 3956 2597 4012; x_wconf 64' lang='lat' dir='ltr'><strong>memoria</strong></span> <span class='ocrx_word' id='word_1_591' title='bbox 2650 3957 2870 4028; x_wconf 85' lang='lat' dir='ltr'><strong>Leonis,</strong></span> <span class='ocrx_word' id='word_1_592' title='bbox 2916 3960 3167 4033; x_wconf 19' lang='lat' dir='ltr'><strong>isimiliter</strong></span> <span class='ocrx_word' id='word_1_593' title='bbox 3218 3970 3275 4017; x_wconf 91' lang='lat' dir='ltr'><strong>et</strong></span> <span class='ocrx_word' id='word_1_594' title='bbox 3323 3977 3465 4017; x_wconf 89' lang='lat' dir='ltr'><strong>nunc</strong></span> <span class='ocrx_word' id='word_1_595' title='bbox 3510 3946 3807 4014; x_wconf 73' lang='lat' dir='ltr'><strong>imminentibus</strong></span> 
     </span>
    </p>
   </div>
   <div class='ocr_carea' id='block_1_85' title="bbox 2318 4038 3807 4117">
    <p class='ocr_par' dir='ltr' id='par_1_85' title="bbox 2318 4038 3807 4117">
     <span class='ocr_line' id='line_1_85' title="bbox 2318 4038 3807 4117; baseline -0.008 -13"><span class='ocrx_word' id='word_1_596' title='bbox 2318 4061 2624 4117; x_wconf 66' lang='lat' dir='ltr'><strong>mcouomo,</strong></span> <span class='ocrx_word' id='word_1_597' title='bbox 2656 4059 2748 4105; x_wconf 86' lang='lat' dir='ltr'><strong>aut</strong></span> <span class='ocrx_word' id='word_1_598' title='bbox 2801 4050 3116 4109; x_wconf 81' lang='lat' dir='ltr'><strong>xenodocho</strong></span> <span class='ocrx_word' id='word_1_599' title='bbox 3138 4093 3154 4117; x_wconf 98' lang='lat'><strong>,</strong></span> <span class='ocrx_word' id='word_1_600' title='bbox 3186 4063 3277 4108; x_wconf 90' lang='lat' dir='ltr'><strong>aut</strong></span> <span class='ocrx_word' id='word_1_601' title='bbox 3334 4063 3625 4112; x_wconf 85' lang='lat' dir='ltr'><strong>nosocomo,</strong></span> <span class='ocrx_word' id='word_1_602' title='bbox 3647 4050 3713 4096; x_wconf 83' lang='lat' dir='ltr'><strong>aut</strong></span> <span class='ocrx_word' id='word_1_603' title='bbox 3730 4038 3807 4091; x_wconf 73' lang='grc' dir='ltr'><strong>ιπεο</strong></span> 
     </span>
    </p>
   </div>
   <div class='ocr_carea' id='block_1_86' title="bbox 2319 4129 3801 4214">
    <p class='ocr_par' dir='ltr' id='par_1_86' title="bbox 2319 4129 3801 4214">
     <span class='ocr_line' id='line_1_86' title="bbox 2319 4129 3801 4214; baseline -0.004 -18"><span class='ocrx_word' id='word_1_604' title='bbox 2319 4142 2644 4213; x_wconf 90' lang='lat' dir='ltr'><strong>photropho,</strong></span> <span class='ocrx_word' id='word_1_605' title='bbox 2698 4154 2792 4200; x_wconf 90' lang='lat' dir='ltr'><strong>aut</strong></span> <span class='ocrx_word' id='word_1_606' title='bbox 2840 4146 3053 4214; x_wconf 87' lang='lat' dir='ltr'><strong>abbati,</strong></span> <span class='ocrx_word' id='word_1_607' title='bbox 3098 4158 3190 4203; x_wconf 89' lang='lat' dir='ltr'><strong>aut</strong></span> <span class='ocrx_word' id='word_1_608' title='bbox 3241 4146 3521 4203; x_wconf 80' lang='lat' dir='ltr'><strong>abbatissae</strong></span> <span class='ocrx_word' id='word_1_609' title='bbox 3564 4129 3801 4198; x_wconf 69' lang='lat' dir='ltr'><strong>monasterii.</strong></span> 
     </span>
    </p>
   </div>
   <div class='ocr_carea' id='block_1_87' title="bbox 2327 4233 3785 4322">
    <p class='ocr_par' dir='ltr' id='par_1_87' title="bbox 2327 4233 3785 4322">
     <span class='ocr_line' id='line_1_87' title="bbox 2327 4233 3785 4322; baseline -0.002 -33"><span class='ocrx_word' id='word_1_610' title='bbox 2327 4243 2421 4291; x_wconf 91' lang='lat' dir='ltr'><strong>aut</strong></span> <span class='ocrx_word' id='word_1_611' title='bbox 2444 4240 2692 4295; x_wconf 88' lang='lat' dir='ltr'><strong>asceterii</strong></span> <span class='ocrx_word' id='word_1_612' title='bbox 2718 4240 3011 4295; x_wconf 89' lang='lat' dir='ltr'><strong>secundum</strong></span> <span class='ocrx_word' id='word_1_613' title='bbox 3048 4241 3187 4311; x_wconf 90' lang='lat' dir='ltr'><strong>quod</strong></span> <span class='ocrx_word' id='word_1_614' title='bbox 3218 4242 3369 4310; x_wconf 88' lang='lat' dir='ltr'><strong>prius</strong></span> <span class='ocrx_word' id='word_1_615' title='bbox 3398 4237 3674 4307; x_wconf 88' lang='lat' dir='ltr'><strong>dispositum</strong></span> <span class='ocrx_word' id='word_1_616' title='bbox 3690 4233 3785 4322; x_wconf 34' lang='lat' dir='ltr'><strong>est.</strong></span> 
     </span>
    </p>
   </div>
   <div class='ocr_carea' id='block_1_88' title="bbox 2392 4320 3802 4412">
    <p class='ocr_par' dir='ltr' id='par_1_88' title="bbox 2392 4320 3802 4412">
     <span class='ocr_line' id='line_1_88' title="bbox 2392 4320 3802 4412; baseline -0.013 -26"><span class='ocrx_word' id='word_1_617' title='bbox 2392 4329 2451 4386; x_wconf 93' lang='lat' dir='ltr'><strong>Si</strong></span> <span class='ocrx_word' id='word_1_618' title='bbox 2480 4332 2599 4401; x_wconf 89' lang='lat' dir='ltr'><strong>quis</strong></span> <span class='ocrx_word' id='word_1_619' title='bbox 2619 4331 2780 4403; x_wconf 90' lang='lat' dir='ltr'><strong>igitur</strong></span> <span class='ocrx_word' id='word_1_620' title='bbox 2805 4348 2985 4390; x_wconf 89' lang='lat' dir='ltr'><strong>emere</strong></span> <span class='ocrx_word' id='word_1_621' title='bbox 3007 4335 3412 4404; x_wconf 69' lang='lat' dir='ltr'><strong>praesumpserit</strong></span> <span class='ocrx_word' id='word_1_622' title='bbox 3437 4346 3540 4388; x_wconf 78' lang='lat' dir='ltr'><strong>rem</strong></span> <span class='ocrx_word' id='word_1_623' title='bbox 3566 4320 3802 4412; x_wconf 71' lang='lat' dir='ltr'><strong>ecclesiasti-</strong></span> 
     </span>
    </p>
   </div>
   <div class='ocr_carea' id='block_1_89' title="bbox 2319 4414 3802 4497">
    <p class='ocr_par' dir='ltr' id='par_1_89' title="bbox 2319 4414 3802 4497">
     <span class='ocr_line' id='line_1_89' title="bbox 2319 4414 3802 4497; baseline -0.018 -5"><span class='ocrx_word' id='word_1_624' title='bbox 2319 4436 2463 4490; x_wconf 61' lang='lat' dir='ltr'><strong>cam:</strong></span> <span class='ocrx_word' id='word_1_625' title='bbox 2486 4434 2578 4479; x_wconf 71' lang='lat' dir='ltr'><strong>aut</strong></span> <span class='ocrx_word' id='word_1_626' title='bbox 2623 4425 2949 4494; x_wconf 90' lang='lat' dir='ltr'><strong>ptochicam,</strong></span> <span class='ocrx_word' id='word_1_627' title='bbox 2996 4426 3153 4481; x_wconf 87' lang='lat' dir='ltr'><strong>cadat</strong></span> <span class='ocrx_word' id='word_1_628' title='bbox 3180 4427 3395 4497; x_wconf 90' lang='lat' dir='ltr'><strong>quidem</strong></span> <span class='ocrx_word' id='word_1_629' title='bbox 3425 4439 3538 4481; x_wconf 78' lang='lat' dir='ltr'><strong>mox</strong></span> <span class='ocrx_word' id='word_1_630' title='bbox 3566 4414 3715 4491; x_wconf 89' lang='lat' dir='ltr'><strong>pretio,</strong></span> <span class='ocrx_word' id='word_1_631' title='bbox 3734 4419 3802 4461; x_wconf 73' lang='grc' dir='ltr'><strong>ειι·</strong></span> 
     </span>
    </p>
   </div>
   <div class='ocr_carea' id='block_1_90' title="bbox 2319 4502 3801 4587">
    <p class='ocr_par' dir='ltr' id='par_1_90' title="bbox 2319 4502 3801 4587">
     <span class='ocr_line' id='line_1_90' title="bbox 2319 4502 3801 4587; baseline -0.018 -2"><span class='ocrx_word' id='word_1_632' title='bbox 2319 4524 2476 4585; x_wconf 68' lang='grc' dir='ltr'><strong>εθιυτ</strong></span> <span class='ocrx_word' id='word_1_633' title='bbox 2503 4524 2678 4577; x_wconf 61' lang='lat' dir='ltr'><strong>almam</strong></span> <span class='ocrx_word' id='word_1_634' title='bbox 2710 4531 2797 4573; x_wconf 87' lang='lat' dir='ltr'><strong>res</strong></span> <span class='ocrx_word' id='word_1_635' title='bbox 2827 4533 2984 4587; x_wconf 87' lang='lat' dir='ltr'><strong>quam</strong></span> <span class='ocrx_word' id='word_1_636' title='bbox 3007 4520 3232 4586; x_wconf 87' lang='lat' dir='ltr'><strong>accepit,</strong></span> <span class='ocrx_word' id='word_1_637' title='bbox 3260 4533 3383 4573; x_wconf 89' lang='lat' dir='ltr'><strong>cum</strong></span> <span class='ocrx_word' id='word_1_638' title='bbox 3410 4513 3544 4572; x_wconf 91' lang='lat' dir='ltr'><strong>omni</strong></span> <span class='ocrx_word' id='word_1_639' title='bbox 3569 4502 3695 4565; x_wconf 83' lang='lat' dir='ltr'><strong>medii</strong></span> <span class='ocrx_word' id='word_1_640' title='bbox 3717 4506 3801 4551; x_wconf 60' lang='lat' dir='ltr'><strong>tu&quot;</strong></span> 
     </span>
    </p>
   </div>
   <div class='ocr_carea' id='block_1_91' title="bbox 616 4579 3797 4680">
    <p class='ocr_par' dir='ltr' id='par_1_91' title="bbox 616 4579 3797 4680">
     <span class='ocr_line' id='line_1_91' title="bbox 616 4579 3797 4680; baseline 0.002 -37"><span class='ocrx_word' id='word_1_641' title='bbox 616 4590 904 4661; x_wconf 85' lang='lat' dir='ltr'><strong>phyteusin</strong></span> <span class='ocrx_word' id='word_1_642' title='bbox 935 4606 1102 4661; x_wconf 90' lang='lat' dir='ltr'><strong>usque</strong></span> <span class='ocrx_word' id='word_1_643' title='bbox 1131 4592 1198 4646; x_wconf 85' lang='lat' dir='ltr'><strong>ad</strong></span> <span class='ocrx_word' id='word_1_644' title='bbox 1243 4593 1374 4647; x_wconf 88' lang='lat' dir='ltr'><strong>duas</strong></span> <span class='ocrx_word' id='word_1_645' title='bbox 1419 4593 1794 4648; x_wconf 77' lang='lat' dir='ltr'><strong>successiones</strong></span> <span class='ocrx_word' id='word_1_646' title='bbox 1824 4592 1984 4665; x_wconf 91' lang='lat' dir='ltr'><strong>(sicut</strong></span> <span class='ocrx_word' id='word_1_647' title='bbox 2004 4593 2205 4650; x_wconf 92' lang='lat' dir='ltr'><strong>dictum</strong></span> <span class='ocrx_word' id='word_1_648' title='bbox 2231 4579 2287 4642; x_wconf 79' lang='grc' dir='ltr'><strong>Ῐ)</strong></span> <span class='ocrx_word' id='word_1_649' title='bbox 2311 4579 2461 4680; x_wconf 55' lang='grc' dir='ltr'><strong>ᾖσι-ξε</strong></span> <span class='ocrx_word' id='word_1_650' title='bbox 2488 4579 2856 4676; x_wconf 51' lang='lat' dir='ltr'><strong>incremento;</strong></span> <span class='ocrx_word' id='word_1_651' title='bbox 2888 4616 2945 4666; x_wconf 68' lang='grc' dir='ltr'><strong>εί</strong></span> <span class='ocrx_word' id='word_1_652' title='bbox 2983 4579 3171 4666; x_wconf 40' lang='lat' dir='ltr'><strong>con&quot;;</strong></span> <span class='ocrx_word' id='word_1_653' title='bbox 3207 4579 3579 4666; x_wconf 53' lang='lat' dir='ltr'><strong>gancﬁssimam</strong></span> <span class='ocrx_word' id='word_1_654' title='bbox 3601 4590 3797 4655; x_wconf 67' lang='lat' dir='ltr'><strong>ecclestlﬂ</strong></span> 
     </span>
    </p>
   </div>
   <div class='ocr_carea' id='block_1_92' title="bbox 616 4688 2207 4758">
    <p class='ocr_par' dir='ltr' id='par_1_92' title="bbox 616 4688 2207 4758">
     <span class='ocr_line' id='line_1_92' title="bbox 616 4688 2207 4758; baseline 0.005 -19"><span class='ocrx_word' id='word_1_655' title='bbox 616 4688 719 4755; x_wconf 91' lang='lat' dir='ltr'><strong>est)</strong></span> <span class='ocrx_word' id='word_1_656' title='bbox 756 4695 810 4741; x_wconf 91' lang='lat' dir='ltr'><strong>et</strong></span> <span class='ocrx_word' id='word_1_657' title='bbox 834 4688 912 4741; x_wconf 91' lang='lat' dir='ltr'><strong>sic</strong></span> <span class='ocrx_word' id='word_1_658' title='bbox 944 4696 1247 4743; x_wconf 83' lang='lat' dir='ltr'><strong>revertatur</strong></span> <span class='ocrx_word' id='word_1_659' title='bbox 1270 4697 1391 4758; x_wconf 88' lang='lat' dir='ltr'><strong>post</strong></span> <span class='ocrx_word' id='word_1_660' title='bbox 1420 4689 1576 4744; x_wconf 91' lang='lat' dir='ltr'><strong>trium</strong></span> <span class='ocrx_word' id='word_1_661' title='bbox 1602 4704 1950 4758; x_wconf 88' lang='lat' dir='ltr'><strong>personarum</strong></span> <span class='ocrx_word' id='word_1_662' title='bbox 1982 4700 2207 4747; x_wconf 90' lang='lat' dir='ltr'><strong>mortem</strong></span> 
     </span>
    </p>
   </div>
   <div class='ocr_carea' id='block_1_93' title="bbox 620 4777 2208 4839">
    <p class='ocr_par' dir='ltr' id='par_1_93' title="bbox 620 4777 2208 4839">
     <span class='ocr_line' id='line_1_93' title="bbox 620 4777 2208 4839; baseline 0.006 -9"><span class='ocrx_word' id='word_1_663' title='bbox 620 4777 687 4831; x_wconf 89' lang='lat' dir='ltr'><strong>ad</strong></span> <span class='ocrx_word' id='word_1_664' title='bbox 736 4781 1130 4835; x_wconf 89' lang='lat' dir='ltr'><strong>sanctissimam</strong></span> <span class='ocrx_word' id='word_1_665' title='bbox 1190 4781 1473 4834; x_wconf 87' lang='lat' dir='ltr'><strong>ecclesiam</strong></span> <span class='ocrx_word' id='word_1_666' title='bbox 1544 4790 1637 4834; x_wconf 91' lang='lat' dir='ltr'><strong>aut</strong></span> <span class='ocrx_word' id='word_1_667' title='bbox 1689 4781 2045 4838; x_wconf 88' lang='lat' dir='ltr'><strong>venerabilem</strong></span> <span class='ocrx_word' id='word_1_668' title='bbox 2108 4784 2208 4839; x_wconf 86' lang='lat' dir='ltr'><strong>do-</strong></span> 
     </span>
    </p>
   </div>
   <div class='ocr_carea' id='block_1_94' title="bbox 618 4872 2208 4944">
    <p class='ocr_par' dir='ltr' id='par_1_94' title="bbox 618 4872 2208 4944">
     <span class='ocr_line' id='line_1_94' title="bbox 618 4872 2208 4944; baseline 0.003 -17"><span class='ocrx_word' id='word_1_669' title='bbox 618 4887 790 4937; x_wconf 88' lang='lat' dir='ltr'><strong>mum,</strong></span> <span class='ocrx_word' id='word_1_670' title='bbox 822 4888 886 4926; x_wconf 79' lang='lat' dir='ltr'><strong>ex</strong></span> <span class='ocrx_word' id='word_1_671' title='bbox 910 4889 1011 4943; x_wconf 90' lang='lat' dir='ltr'><strong>qua</strong></span> <span class='ocrx_word' id='word_1_672' title='bbox 1036 4872 1171 4927; x_wconf 87' lang='lat' dir='ltr'><strong>facta</strong></span> <span class='ocrx_word' id='word_1_673' title='bbox 1213 4881 1296 4927; x_wconf 91' lang='lat' dir='ltr'><strong>cst</strong></span> <span class='ocrx_word' id='word_1_674' title='bbox 1343 4873 1728 4944; x_wconf 78' lang='lat' dir='ltr'><strong>emphyteusis,</strong></span> <span class='ocrx_word' id='word_1_675' title='bbox 1760 4888 1814 4930; x_wconf 91' lang='lat' dir='ltr'><strong>et</strong></span> <span class='ocrx_word' id='word_1_676' title='bbox 1843 4876 2019 4932; x_wconf 82' lang='lat' dir='ltr'><strong>valeat</strong></span> <span class='ocrx_word' id='word_1_677' title='bbox 2047 4877 2208 4931; x_wconf 88' lang='lat' dir='ltr'><strong>etiam</strong></span> 
     </span>
    </p>
   </div>
   <div class='ocr_carea' id='block_1_95' title="bbox 618 4962 2205 5037">
    <p class='ocr_par' dir='ltr' id='par_1_95' title="bbox 618 4962 2205 5037">
     <span class='ocr_line' id='line_1_95' title="bbox 618 4962 2205 5037; baseline 0.004 -21"><span class='ocrx_word' id='word_1_678' title='bbox 618 4962 742 5018; x_wconf 87' lang='lat' dir='ltr'><strong>talis</strong></span> <span class='ocrx_word' id='word_1_679' title='bbox 788 4972 1093 5018; x_wconf 89' lang='lat' dir='ltr'><strong>contractus</strong></span> <span class='ocrx_word' id='word_1_680' title='bbox 1116 4982 1141 5029; x_wconf 68' lang='grc' dir='ltr'><strong>,ι</strong></span> <span class='ocrx_word' id='word_1_681' title='bbox 1200 4970 1380 5031; x_wconf 89' lang='lat' dir='ltr'><strong>utpote</strong></span> <span class='ocrx_word' id='word_1_682' title='bbox 1431 4964 1676 5031; x_wconf 79' lang='lat' dir='ltr'><strong>praesenti</strong></span> <span class='ocrx_word' id='word_1_683' title='bbox 1726 4980 1834 5019; x_wconf 93' lang='lat' dir='ltr'><strong>non</strong></span> <span class='ocrx_word' id='word_1_684' title='bbox 1901 4981 2205 5037; x_wconf 87' lang='lat' dir='ltr'><strong>repugnans</strong></span> 
     </span>
    </p>
   </div>
   <div class='ocr_carea' id='block_1_96' title="bbox 616 5056 744 5129">
    <p class='ocr_par' dir='ltr' id='par_1_96' title="bbox 616 5056 744 5129">
     <span class='ocr_line' id='line_1_96' title="bbox 616 5056 744 5129; baseline -0.008 -18"><span class='ocrx_word' id='word_1_685' title='bbox 616 5056 744 5129; x_wconf 90' lang='lat' dir='ltr'><strong>legi.</strong></span> 
     </span>
    </p>
   </div>
   <div class='ocr_carea' id='block_1_97' title="bbox 687 5166 2212 5239">
    <p class='ocr_par' dir='ltr' id='par_1_97' title="bbox 687 5166 2212 5239">
     <span class='ocr_line' id='line_1_97' title="bbox 687 5166 2212 5239; baseline 0.003 -14"><span class='ocrx_word' id='word_1_686' title='bbox 687 5168 876 5239; x_wconf 83' lang='lat' dir='ltr'><strong>Neque</strong></span> <span class='ocrx_word' id='word_1_687' title='bbox 905 5167 1031 5223; x_wconf 91' lang='lat' dir='ltr'><strong>illud</strong></span> <span class='ocrx_word' id='word_1_688' title='bbox 1063 5166 1207 5238; x_wconf 90' lang='lat' dir='ltr'><strong>quod</strong></span> <span class='ocrx_word' id='word_1_689' title='bbox 1235 5168 1497 5223; x_wconf 86' lang='lat' dir='ltr'><strong>hactenus</strong></span> <span class='ocrx_word' id='word_1_690' title='bbox 1522 5179 1708 5225; x_wconf 90' lang='lat' dir='ltr'><strong>contra</strong></span> <span class='ocrx_word' id='word_1_691' title='bbox 1741 5171 1873 5227; x_wconf 90' lang='lat' dir='ltr'><strong>tales</strong></span> <span class='ocrx_word' id='word_1_692' title='bbox 1903 5180 2212 5229; x_wconf 82' lang='lat' dir='ltr'><strong>contractus</strong></span> 
     </span>
    </p>
   </div>
   <div class='ocr_carea' id='block_1_98' title="bbox 619 5259 2211 5332">
    <p class='ocr_par' dir='ltr' id='par_1_98' title="bbox 619 5259 2211 5332">
     <span class='ocr_line' id='line_1_98' title="bbox 619 5259 2211 5332; baseline 0.002 -17"><span class='ocrx_word' id='word_1_693' title='bbox 619 5261 895 5332; x_wconf 87' lang='lat' dir='ltr'><strong>agebatur,</strong></span> <span class='ocrx_word' id='word_1_694' title='bbox 926 5260 1106 5316; x_wconf 89' lang='lat' dir='ltr'><strong>valere</strong></span> <span class='ocrx_word' id='word_1_695' title='bbox 1148 5259 1561 5328; x_wconf 84' lang='lat' dir='ltr'><strong>permittendum</strong></span> <span class='ocrx_word' id='word_1_696' title='bbox 1591 5272 1673 5315; x_wconf 89' lang='lat' dir='ltr'><strong>est</strong></span> <span class='ocrx_word' id='word_1_697' title='bbox 1705 5261 1774 5317; x_wconf 86' lang='lat' dir='ltr'><strong>de</strong></span> <span class='ocrx_word' id='word_1_698' title='bbox 1804 5262 2128 5331; x_wconf 89' lang='lat' dir='ltr'><strong>adjectione,</strong></span> <span class='ocrx_word' id='word_1_699' title='bbox 2157 5273 2211 5318; x_wconf 91' lang='lat' dir='ltr'><strong>ut</strong></span> 
     </span>
    </p>
   </div>
   <div class='ocr_carea' id='block_1_99' title="bbox 618 5352 2209 5423">
    <p class='ocr_par' dir='ltr' id='par_1_99' title="bbox 618 5352 2209 5423">
     <span class='ocr_line' id='line_1_99' title="bbox 618 5352 2209 5423; baseline 0.002 -16"><span class='ocrx_word' id='word_1_700' title='bbox 618 5353 665 5407; x_wconf 90' lang='lat' dir='ltr'><strong>si</strong></span> <span class='ocrx_word' id='word_1_701' title='bbox 707 5352 936 5408; x_wconf 90' lang='lat' dir='ltr'><strong>duorum</strong></span> <span class='ocrx_word' id='word_1_702' title='bbox 992 5353 1269 5407; x_wconf 63' lang='lat' dir='ltr'><strong>haeredum</strong></span> <span class='ocrx_word' id='word_1_703' title='bbox 1322 5355 1651 5423; x_wconf 89' lang='lat' dir='ltr'><strong>compleatur</strong></span> <span class='ocrx_word' id='word_1_704' title='bbox 1707 5363 1938 5423; x_wconf 89' lang='lat' dir='ltr'><strong>tempus,</strong></span> <span class='ocrx_word' id='word_1_705' title='bbox 1995 5356 2209 5410; x_wconf 85' lang='lat' dir='ltr'><strong>licentia</strong></span> 
     </span>
    </p>
   </div>
   <div class='ocr_carea' id='block_1_100' title="bbox 620 5446 2243 5519">
    <p class='ocr_par' dir='ltr' id='par_1_100' title="bbox 620 5446 2243 5519">
     <span class='ocr_line' id='line_1_100' title="bbox 620 5446 2243 5519; baseline 0.001 -19"><span class='ocrx_word' id='word_1_706' title='bbox 620 5446 692 5501; x_wconf 91' lang='lat' dir='ltr'><strong>sit</strong></span> <span class='ocrx_word' id='word_1_707' title='bbox 718 5447 818 5511; x_wconf 87' lang='lat' dir='ltr'><strong>eis,</strong></span> <span class='ocrx_word' id='word_1_708' title='bbox 848 5446 940 5515; x_wconf 92' lang='lat' dir='ltr'><strong>qui</strong></span> <span class='ocrx_word' id='word_1_709' title='bbox 964 5454 1087 5515; x_wconf 91' lang='lat' dir='ltr'><strong>post</strong></span> <span class='ocrx_word' id='word_1_710' title='bbox 1107 5446 1257 5499; x_wconf 88' lang='lat' dir='ltr'><strong>illum</strong></span> <span class='ocrx_word' id='word_1_711' title='bbox 1289 5454 1441 5513; x_wconf 87' lang='lat' dir='ltr'><strong>sunt,</strong></span> <span class='ocrx_word' id='word_1_712' title='bbox 1472 5446 1525 5500; x_wconf 90' lang='lat' dir='ltr'><strong>in</strong></span> <span class='ocrx_word' id='word_1_713' title='bbox 1568 5446 1948 5516; x_wconf 84' lang='lat' dir='ltr'><strong>empliyteusin</strong></span> <span class='ocrx_word' id='word_1_714' title='bbox 1973 5446 2101 5503; x_wconf 90' lang='lat' dir='ltr'><strong>dare</strong></span> <span class='ocrx_word' id='word_1_715' title='bbox 2129 5448 2206 5517; x_wconf 90' lang='lat' dir='ltr'><strong>id,</strong></span> <span class='ocrx_word' id='word_1_716' title='bbox 2240 5514 2243 5519; x_wconf 19' lang='grc' dir='ltr'><strong><em>ί</em></strong></span> 
     </span>
    </p>
   </div>
   <div class='ocr_carea' id='block_1_101' title="bbox 619 5535 2206 5605">
    <p class='ocr_par' dir='ltr' id='par_1_101' title="bbox 619 5535 2206 5605">
     <span class='ocr_line' id='line_1_101' title="bbox 619 5535 2206 5605; baseline 0.003 -16"><span class='ocrx_word' id='word_1_717' title='bbox 619 5536 687 5591; x_wconf 91' lang='lat' dir='ltr'><strong>de</strong></span> <span class='ocrx_word' id='word_1_718' title='bbox 708 5550 816 5604; x_wconf 90' lang='lat' dir='ltr'><strong>quo</strong></span> <span class='ocrx_word' id='word_1_719' title='bbox 836 5536 1030 5605; x_wconf 89' lang='lat' dir='ltr'><strong>agitur,</strong></span> <span class='ocrx_word' id='word_1_720' title='bbox 1065 5544 1119 5591; x_wconf 89' lang='lat' dir='ltr'><strong>et</strong></span> <span class='ocrx_word' id='word_1_721' title='bbox 1140 5549 1353 5605; x_wconf 81' lang='lat' dir='ltr'><strong>semper</strong></span> <span class='ocrx_word' id='word_1_722' title='bbox 1382 5550 1476 5591; x_wconf 89' lang='lat' dir='ltr'><strong>eos</strong></span> <span class='ocrx_word' id='word_1_723' title='bbox 1503 5535 1743 5604; x_wconf 82' lang='lat' dir='ltr'><strong>praeponi</strong></span> <span class='ocrx_word' id='word_1_724' title='bbox 1764 5537 1903 5593; x_wconf 89' lang='lat' dir='ltr'><strong>aliis.</strong></span> <span class='ocrx_word' id='word_1_725' title='bbox 1930 5538 2041 5593; x_wconf 89' lang='lat' dir='ltr'><strong>lloc</strong></span> <span class='ocrx_word' id='word_1_726' title='bbox 2067 5542 2206 5594; x_wconf 91' lang='lat' dir='ltr'><strong>enim</strong></span> 
     </span>
    </p>
   </div>
   <div class='ocr_carea' id='block_1_102' title="bbox 619 5626 2209 5697">
    <p class='ocr_par' dir='ltr' id='par_1_102' title="bbox 619 5626 2209 5697">
     <span class='ocr_line' id='line_1_102' title="bbox 619 5626 2209 5697; baseline 0.003 -16"><span class='ocrx_word' id='word_1_727' title='bbox 619 5626 759 5681; x_wconf 88' lang='lat' dir='ltr'><strong>nihil</strong></span> <span class='ocrx_word' id='word_1_728' title='bbox 788 5627 933 5682; x_wconf 89' lang='lat' dir='ltr'><strong>aliud</strong></span> <span class='ocrx_word' id='word_1_729' title='bbox 965 5635 1051 5681; x_wconf 88' lang='lat' dir='ltr'><strong>est</strong></span> <span class='ocrx_word' id='word_1_730' title='bbox 1081 5642 1240 5697; x_wconf 90' lang='lat' dir='ltr'><strong>quam</strong></span> <span class='ocrx_word' id='word_1_731' title='bbox 1273 5642 1370 5697; x_wconf 86' lang='lat' dir='ltr'><strong>per</strong></span> <span class='ocrx_word' id='word_1_732' title='bbox 1396 5628 1783 5683; x_wconf 86' lang='lat' dir='ltr'><strong>revolutionem</strong></span> <span class='ocrx_word' id='word_1_733' title='bbox 1827 5637 1881 5683; x_wconf 90' lang='lat' dir='ltr'><strong>et</strong></span> <span class='ocrx_word' id='word_1_734' title='bbox 1935 5632 2209 5686; x_wconf 90' lang='lat' dir='ltr'><strong>machina-</strong></span> 
     </span>
    </p>
   </div>
   <div class='ocr_carea' id='block_1_103' title="bbox 622 5717 2209 5790">
    <p class='ocr_par' dir='ltr' id='par_1_103' title="bbox 622 5717 2209 5790">
     <span class='ocr_line' id='line_1_103' title="bbox 622 5717 2209 5790; baseline 0.004 -19"><span class='ocrx_word' id='word_1_735' title='bbox 622 5717 797 5771; x_wconf 91' lang='lat' dir='ltr'><strong>tiones</strong></span> <span class='ocrx_word' id='word_1_736' title='bbox 836 5726 1122 5786; x_wconf 85' lang='lat' dir='ltr'><strong>perpetuas</strong></span> <span class='ocrx_word' id='word_1_737' title='bbox 1148 5719 1227 5773; x_wconf 88' lang='lat' dir='ltr'><strong>eis</strong></span> <span class='ocrx_word' id='word_1_738' title='bbox 1250 5719 1664 5788; x_wconf 71' lang='lat' dir='ltr'><strong>emphyteuses,</strong></span> <span class='ocrx_word' id='word_1_739' title='bbox 1694 5719 1863 5789; x_wconf 90' lang='lat' dir='ltr'><strong>magis</strong></span> <span class='ocrx_word' id='word_1_740' title='bbox 1888 5732 2065 5778; x_wconf 89' lang='lat' dir='ltr'><strong>autem</strong></span> <span class='ocrx_word' id='word_1_741' title='bbox 2101 5723 2209 5790; x_wconf 64' lang='lat' dir='ltr'><strong>prio</strong></span> 
     </span>
    </p>
   </div>
   <div class='ocr_carea' id='block_1_104' title="bbox 626 5807 2204 5885">
    <p class='ocr_par' dir='ltr' id='par_1_104' title="bbox 626 5807 2204 5885">
     <span class='ocr_line' id='line_1_104' title="bbox 626 5807 2204 5885; baseline 0.006 -24"><span class='ocrx_word' id='word_1_742' title='bbox 626 5807 867 5863; x_wconf 89' lang='lat' dir='ltr'><strong>vationes</strong></span> <span class='ocrx_word' id='word_1_743' title='bbox 906 5808 1388 5863; x_wconf 86' lang='lat' dir='ltr'><strong>ecclesiasticarum</strong></span> <span class='ocrx_word' id='word_1_744' title='bbox 1417 5811 1500 5878; x_wconf 91' lang='lat' dir='ltr'><strong>agi</strong></span> <span class='ocrx_word' id='word_1_745' title='bbox 1544 5826 1743 5866; x_wconf 88' lang='lat' dir='ltr'><strong>rerum.</strong></span> <span class='ocrx_word' id='word_1_746' title='bbox 1774 5812 1880 5869; x_wconf 84' lang='lat' dir='ltr'><strong>Sed</strong></span> <span class='ocrx_word' id='word_1_747' title='bbox 1923 5822 1977 5869; x_wconf 91' lang='lat' dir='ltr'><strong>et</strong></span> <span class='ocrx_word' id='word_1_748' title='bbox 2004 5814 2051 5869; x_wconf 89' lang='lat' dir='ltr'><strong>si</strong></span> <span class='ocrx_word' id='word_1_749' title='bbox 2082 5815 2204 5885; x_wconf 82' lang='lat' dir='ltr'><strong>quid</strong></span> 
     </span>
    </p>
   </div>
   <div class='ocr_carea' id='block_1_105' title="bbox 2310 4682 3797 4772">
    <p class='ocr_par' dir='ltr' id='par_1_105' title="bbox 2310 4682 3797 4772">
     <span class='ocr_line' id='line_1_105' title="bbox 2310 4682 3797 4772; baseline -0.015 -14"><span class='ocrx_word' id='word_1_750' title='bbox 2310 4700 2551 4772; x_wconf 92' lang='lat' dir='ltr'><strong>quidem,</strong></span> <span class='ocrx_word' id='word_1_751' title='bbox 2574 4712 2665 4756; x_wconf 91' lang='lat' dir='ltr'><strong>aut</strong></span> <span class='ocrx_word' id='word_1_752' title='bbox 2693 4703 3055 4759; x_wconf 86' lang='lat' dir='ltr'><strong>venerabilem</strong></span> <span class='ocrx_word' id='word_1_753' title='bbox 3088 4703 3307 4758; x_wconf 89' lang='lat' dir='ltr'><strong>domum</strong></span> <span class='ocrx_word' id='word_1_754' title='bbox 3330 4704 3524 4759; x_wconf 84' lang='lat' dir='ltr'><strong>nullam</strong></span> <span class='ocrx_word' id='word_1_755' title='bbox 3546 4690 3719 4752; x_wconf 89' lang='lat' dir='ltr'><strong>omnino</strong></span> <span class='ocrx_word' id='word_1_756' title='bbox 3737 4682 3797 4733; x_wconf 77' lang='lat' dir='ltr'><strong>hl-</strong></span> 
     </span>
    </p>
   </div>
   <div class='ocr_carea' id='block_1_106' title="bbox 2313 4783 3793 4861">
    <p class='ocr_par' dir='ltr' id='par_1_106' title="bbox 2313 4783 3793 4861">
     <span class='ocr_line' id='line_1_106' title="bbox 2313 4783 3793 4861; baseline 0 -13"><span class='ocrx_word' id='word_1_757' title='bbox 2313 4794 2439 4849; x_wconf 69' lang='lat' dir='ltr'><strong>beat</strong></span> <span class='ocrx_word' id='word_1_758' title='bbox 2467 4795 2755 4861; x_wconf 92' lang='lat' dir='ltr'><strong>actionem,</strong></span> <span class='ocrx_word' id='word_1_759' title='bbox 2782 4804 2971 4851; x_wconf 89' lang='lat' dir='ltr'><strong>contra</strong></span> <span class='ocrx_word' id='word_1_760' title='bbox 3013 4796 3350 4853; x_wconf 88' lang='lat' dir='ltr'><strong>venerabiles</strong></span> <span class='ocrx_word' id='word_1_761' title='bbox 3394 4808 3516 4851; x_wconf 90' lang='lat' dir='ltr'><strong>vero</strong></span> <span class='ocrx_word' id='word_1_762' title='bbox 3554 4783 3793 4843; x_wconf 61' lang='lat' dir='ltr'><strong>Momm&quot;</strong></span> 
     </span>
    </p>
   </div>
   <div class='ocr_carea' id='block_1_107' title="bbox 2315 4861 3795 4970">
    <p class='ocr_par' dir='ltr' id='par_1_107' title="bbox 2315 4861 3795 4970">
     <span class='ocr_line' id='line_1_107' title="bbox 2315 4861 3795 4970; baseline -0.004 -30"><span class='ocrx_word' id='word_1_763' title='bbox 2315 4897 2405 4941; x_wconf 91' lang='lat' dir='ltr'><strong>aut</strong></span> <span class='ocrx_word' id='word_1_764' title='bbox 2427 4888 2516 4956; x_wconf 87' lang='lat' dir='ltr'><strong>qui</strong></span> <span class='ocrx_word' id='word_1_765' title='bbox 2543 4887 2765 4941; x_wconf 90' lang='lat' dir='ltr'><strong>omnino</strong></span> <span class='ocrx_word' id='word_1_766' title='bbox 2795 4887 3187 4958; x_wconf 89' lang='lat' dir='ltr'><strong>vendiderunt,</strong></span> <span class='ocrx_word' id='word_1_767' title='bbox 3217 4889 3272 4943; x_wconf 91' lang='lat' dir='ltr'><strong>in</strong></span> <span class='ocrx_word' id='word_1_768' title='bbox 3304 4886 3525 4959; x_wconf 89' lang='lat' dir='ltr'><strong>propriis</strong></span> <span class='ocrx_word' id='word_1_769' title='bbox 3552 4861 3795 4970; x_wconf 47' lang='lat' dir='ltr'><strong>eorum”:</strong></span> 
     </span>
    </p>
   </div>
   <div class='ocr_carea' id='block_1_108' title="bbox 2314 4965 3790 5053">
    <p class='ocr_par' dir='ltr' id='par_1_108' title="bbox 2314 4965 3790 5053">
     <span class='ocr_line' id='line_1_108' title="bbox 2314 4965 3790 5053; baseline -0.01 -19"><span class='ocrx_word' id='word_1_770' title='bbox 2314 4982 2523 5035; x_wconf 86' lang='lat' dir='ltr'><strong>slantiis</strong></span> <span class='ocrx_word' id='word_1_771' title='bbox 2564 4997 2630 5037; x_wconf 77' lang='lat' dir='ltr'><strong>ex</strong></span> <span class='ocrx_word' id='word_1_772' title='bbox 2674 4990 2955 5037; x_wconf 90' lang='lat' dir='ltr'><strong>contractu</strong></span> <span class='ocrx_word' id='word_1_773' title='bbox 2989 4982 3223 5038; x_wconf 90' lang='lat' dir='ltr'><strong>habeant</strong></span> <span class='ocrx_word' id='word_1_774' title='bbox 3256 4983 3539 5044; x_wconf 75' lang='lat' dir='ltr'><strong>actionem,</strong></span> <span class='ocrx_word' id='word_1_775' title='bbox 3564 4980 3611 5027; x_wconf 88' lang='lat' dir='ltr'><strong>ut</strong></span> <span class='ocrx_word' id='word_1_776' title='bbox 3633 4965 3707 5021; x_wconf 73' lang='lat' dir='ltr'><strong>etii</strong></span> <span class='ocrx_word' id='word_1_777' title='bbox 3726 4965 3790 5053; x_wconf 54' lang='lat' dir='ltr'><strong>ﬁt?&quot;</strong></span> 
     </span>
    </p>
   </div>
   <div class='ocr_carea' id='block_1_109' title="bbox 2317 5056 3791 5144">
    <p class='ocr_par' dir='ltr' id='par_1_109' title="bbox 2317 5056 3791 5144">
     <span class='ocr_line' id='line_1_109' title="bbox 2317 5056 3791 5144; baseline -0.013 -16"><span class='ocrx_word' id='word_1_778' title='bbox 2317 5082 2538 5143; x_wconf 86' lang='lat' dir='ltr'><strong>propter</strong></span> <span class='ocrx_word' id='word_1_779' title='bbox 2566 5073 2658 5127; x_wconf 89' lang='lat' dir='ltr'><strong>Dei</strong></span> <span class='ocrx_word' id='word_1_780' title='bbox 2704 5073 2985 5144; x_wconf 90' lang='lat' dir='ltr'><strong>timorem,</strong></span> <span class='ocrx_word' id='word_1_781' title='bbox 3018 5084 3197 5130; x_wconf 90' lang='lat' dir='ltr'><strong>tamen</strong></span> <span class='ocrx_word' id='word_1_782' title='bbox 3241 5084 3386 5130; x_wconf 90' lang='lat' dir='ltr'><strong>metu</strong></span> <span class='ocrx_word' id='word_1_783' title='bbox 3432 5085 3531 5129; x_wconf 82' lang='lat' dir='ltr'><strong>suae</strong></span> <span class='ocrx_word' id='word_1_784' title='bbox 3572 5056 3791 5119; x_wconf 52' lang='lat' dir='ltr'><strong>subsunt“</strong></span> 
     </span>
    </p>
   </div>
   <div class='ocr_carea' id='block_1_110' title="bbox 2315 5149 3788 5241">
    <p class='ocr_par' dir='ltr' id='par_1_110' title="bbox 2315 5149 3788 5241">
     <span class='ocr_line' id='line_1_110' title="bbox 2315 5149 3788 5241; baseline -0.013 -20"><span class='ocrx_word' id='word_1_785' title='bbox 2315 5170 2589 5237; x_wconf 88' lang='lat' dir='ltr'><strong>segniores</strong></span> <span class='ocrx_word' id='word_1_786' title='bbox 2618 5170 2757 5224; x_wconf 90' lang='lat' dir='ltr'><strong>circa</strong></span> <span class='ocrx_word' id='word_1_787' title='bbox 2789 5170 3154 5225; x_wconf 87' lang='lat' dir='ltr'><strong>venditionem</strong></span> <span class='ocrx_word' id='word_1_788' title='bbox 3186 5170 3335 5226; x_wconf 88' lang='lat' dir='ltr'><strong>ﬁant.</strong></span> <span class='ocrx_word' id='word_1_789' title='bbox 3365 5170 3421 5227; x_wconf 91' lang='lat' dir='ltr'><strong>Si</strong></span> <span class='ocrx_word' id='word_1_790' title='bbox 3449 5165 3553 5238; x_wconf 85' lang='lat' dir='ltr'><strong>quis</strong></span> <span class='ocrx_word' id='word_1_791' title='bbox 3576 5149 3788 5241; x_wconf 84' lang='lat' dir='ltr'><strong>autem</strong></span> 
     </span>
    </p>
   </div>
   <div class='ocr_carea' id='block_1_111' title="bbox 2314 5243 3787 5337">
    <p class='ocr_par' dir='ltr' id='par_1_111' title="bbox 2314 5243 3787 5337">
     <span class='ocr_line' id='line_1_111' title="bbox 2314 5243 3787 5337; baseline -0.009 -21"><span class='ocrx_word' id='word_1_792' title='bbox 2314 5261 2662 5318; x_wconf 89' lang='lat' dir='ltr'><strong>donationem</strong></span> <span class='ocrx_word' id='word_1_793' title='bbox 2708 5265 2952 5334; x_wconf 83' lang='lat' dir='ltr'><strong>accipere</strong></span> <span class='ocrx_word' id='word_1_794' title='bbox 2982 5267 3391 5337; x_wconf 62' lang='lat' dir='ltr'><strong>prasumpserit</strong></span> <span class='ocrx_word' id='word_1_795' title='bbox 3420 5277 3519 5321; x_wconf 85' lang='lat' dir='ltr'><strong>rem</strong></span> <span class='ocrx_word' id='word_1_796' title='bbox 3555 5243 3787 5311; x_wconf 45' lang='lat' dir='ltr'><strong>ecclesiis”</strong></span> 
     </span>
    </p>
   </div>
   <div class='ocr_carea' id='block_1_112' title="bbox 2314 5338 3781 5428">
    <p class='ocr_par' dir='ltr' id='par_1_112' title="bbox 2314 5338 3781 5428">
     <span class='ocr_line' id='line_1_112' title="bbox 2314 5338 3781 5428; baseline 0.002 -19"><span class='ocrx_word' id='word_1_797' title='bbox 2314 5368 2462 5417; x_wconf 91' lang='lat' dir='ltr'><strong>cam,</strong></span> <span class='ocrx_word' id='word_1_798' title='bbox 2491 5366 2581 5409; x_wconf 89' lang='lat' dir='ltr'><strong>aut</strong></span> <span class='ocrx_word' id='word_1_799' title='bbox 2609 5358 2941 5426; x_wconf 86' lang='lat' dir='ltr'><strong>ptochicam,</strong></span> <span class='ocrx_word' id='word_1_800' title='bbox 2970 5367 3024 5412; x_wconf 91' lang='lat' dir='ltr'><strong>et</strong></span> <span class='ocrx_word' id='word_1_801' title='bbox 3066 5359 3199 5427; x_wconf 82' lang='lat' dir='ltr'><strong>ipso,</strong></span> <span class='ocrx_word' id='word_1_802' title='bbox 3232 5361 3372 5428; x_wconf 86' lang='lat' dir='ltr'><strong>quod</strong></span> <span class='ocrx_word' id='word_1_803' title='bbox 3418 5360 3576 5411; x_wconf 84' lang='lat' dir='ltr'><strong>datum</strong></span> <span class='ocrx_word' id='word_1_804' title='bbox 3608 5346 3693 5397; x_wconf 64' lang='lat' dir='ltr'><strong>es&quot;</strong></span> <span class='ocrx_word' id='word_1_805' title='bbox 3713 5338 3781 5423; x_wconf 55' lang='grc' dir='ltr'><strong><em>Ψ</em></strong></span> 
     </span>
    </p>
   </div>
   <div class='ocr_carea' id='block_1_113' title="bbox 2316 5428 3783 5515">
    <p class='ocr_par' dir='ltr' id='par_1_113' title="bbox 2316 5428 3783 5515">
     <span class='ocr_line' id='line_1_113' title="bbox 2316 5428 3783 5515; baseline 0.01 -14"><span class='ocrx_word' id='word_1_806' title='bbox 2316 5448 2442 5502; x_wconf 91' lang='lat' dir='ltr'><strong>nino</strong></span> <span class='ocrx_word' id='word_1_807' title='bbox 2486 5450 2673 5515; x_wconf 87' lang='lat' dir='ltr'><strong>cadat,</strong></span> <span class='ocrx_word' id='word_1_808' title='bbox 2703 5459 2759 5504; x_wconf 89' lang='lat' dir='ltr'><strong>et</strong></span> <span class='ocrx_word' id='word_1_809' title='bbox 2797 5450 2945 5505; x_wconf 90' lang='lat' dir='ltr'><strong>aliud</strong></span> <span class='ocrx_word' id='word_1_810' title='bbox 2995 5452 3328 5507; x_wconf 90' lang='lat' dir='ltr'><strong>tantumdem</strong></span> <span class='ocrx_word' id='word_1_811' title='bbox 3360 5468 3421 5508; x_wconf 78' lang='lat' dir='ltr'><strong>ex</strong></span> <span class='ocrx_word' id='word_1_812' title='bbox 3462 5461 3541 5504; x_wconf 81' lang='lat' dir='ltr'><strong>Sua</strong></span> <span class='ocrx_word' id='word_1_813' title='bbox 3581 5428 3783 5514; x_wconf 35' lang='lat' dir='ltr'><strong>subiungi</strong></span> 
     </span>
    </p>
   </div>
   <div class='ocr_carea' id='block_1_114' title="bbox 2315 5522 3776 5609">
    <p class='ocr_par' dir='ltr' id='par_1_114' title="bbox 2315 5522 3776 5609">
     <span class='ocr_line' id='line_1_114' title="bbox 2315 5522 3776 5609; baseline -0.014 -11"><span class='ocrx_word' id='word_1_814' title='bbox 2315 5549 2565 5609; x_wconf 85' lang='lat' dir='ltr'><strong>repenset</strong></span> <span class='ocrx_word' id='word_1_815' title='bbox 2587 5542 2940 5597; x_wconf 65' lang='lat' dir='ltr'><strong>sanctissimae</strong></span> <span class='ocrx_word' id='word_1_816' title='bbox 2964 5544 3227 5607; x_wconf 76' lang='lat' dir='ltr'><strong>ecclesiae,</strong></span> <span class='ocrx_word' id='word_1_817' title='bbox 3255 5553 3347 5598; x_wconf 89' lang='lat' dir='ltr'><strong>aut</strong></span> <span class='ocrx_word' id='word_1_818' title='bbox 3374 5529 3624 5599; x_wconf 85' lang='lat' dir='ltr'><strong>venerabili</strong></span> <span class='ocrx_word' id='word_1_819' title='bbox 3646 5522 3776 5575; x_wconf 55' lang='lat' dir='ltr'><strong>dom“)</strong></span> 
     </span>
    </p>
   </div>
   <div class='ocr_carea' id='block_1_115' title="bbox 2314 5609 3780 5705">
    <p class='ocr_par' dir='ltr' id='par_1_115' title="bbox 2314 5609 3780 5705">
     <span class='ocr_line' id='line_1_115' title="bbox 2314 5609 3780 5705; baseline -0.023 -21"><span class='ocrx_word' id='word_1_820' title='bbox 2314 5646 2378 5685; x_wconf 76' lang='lat' dir='ltr'><strong>ex</strong></span> <span class='ocrx_word' id='word_1_821' title='bbox 2418 5647 2517 5701; x_wconf 88' lang='lat' dir='ltr'><strong>qua</strong></span> <span class='ocrx_word' id='word_1_822' title='bbox 2569 5632 2670 5687; x_wconf 92' lang='lat' dir='ltr'><strong>hoc</strong></span> <span class='ocrx_word' id='word_1_823' title='bbox 2714 5635 2986 5703; x_wconf 81' lang='lat' dir='ltr'><strong>suscepit,</strong></span> <span class='ocrx_word' id='word_1_824' title='bbox 3017 5645 3076 5688; x_wconf 91' lang='lat' dir='ltr'><strong>ut</strong></span> <span class='ocrx_word' id='word_1_825' title='bbox 3124 5652 3281 5705; x_wconf 88' lang='lat' dir='ltr'><strong>quam</strong></span> <span class='ocrx_word' id='word_1_826' title='bbox 3336 5638 3475 5691; x_wconf 78' lang='lat' dir='ltr'><strong>nisus</strong></span> <span class='ocrx_word' id='word_1_827' title='bbox 3514 5633 3581 5682; x_wconf 80' lang='lat' dir='ltr'><strong>est</strong></span> <span class='ocrx_word' id='word_1_828' title='bbox 3618 5609 3780 5682; x_wconf 76' lang='lat' dir='ltr'><strong>ingerere</strong></span> 
     </span>
    </p>
   </div>
   <div class='ocr_carea' id='block_1_116' title="bbox 2314 5706 3774 5794">
    <p class='ocr_par' dir='ltr' id='par_1_116' title="bbox 2314 5706 3774 5794">
     <span class='ocr_line' id='line_1_116' title="bbox 2314 5706 3774 5794; baseline -0.011 -16"><span class='ocrx_word' id='word_1_829' title='bbox 2314 5735 2498 5778; x_wconf 86' lang='lat' dir='ltr'><strong>contra</strong></span> <span class='ocrx_word' id='word_1_830' title='bbox 2521 5740 2639 5780; x_wconf 87' lang='lat' dir='ltr'><strong>eam</strong></span> <span class='ocrx_word' id='word_1_831' title='bbox 2672 5728 2959 5783; x_wconf 86' lang='lat' dir='ltr'><strong>novitatem</strong></span> <span class='ocrx_word' id='word_1_832' title='bbox 2979 5770 2995 5794; x_wconf 93' lang='lat'><strong>,</strong></span> <span class='ocrx_word' id='word_1_833' title='bbox 3026 5744 3177 5784; x_wconf 90' lang='lat' dir='ltr'><strong>suam</strong></span> <span class='ocrx_word' id='word_1_834' title='bbox 3205 5744 3458 5787; x_wconf 78' lang='lat' dir='ltr'><strong>exercens</strong></span> <span class='ocrx_word' id='word_1_835' title='bbox 3482 5706 3774 5783; x_wconf 50' lang='lat' dir='ltr'><strong>malignitate&quot;)</strong></span> 
     </span>
    </p>
   </div>
   <div class='ocr_carea' id='block_1_117' title="bbox 2315 5795 3776 5891">
    <p class='ocr_par' dir='ltr' id='par_1_117' title="bbox 2315 5795 3776 5891">
     <span class='ocr_line' id='line_1_117' title="bbox 2315 5795 3776 5891; baseline 0.001 -18"><span class='ocrx_word' id='word_1_836' title='bbox 2315 5831 2431 5873; x_wconf 85' lang='lat' dir='ltr'><strong>eam</strong></span> <span class='ocrx_word' id='word_1_837' title='bbox 2464 5817 2693 5886; x_wconf 87' lang='lat' dir='ltr'><strong>ipsemet</strong></span> <span class='ocrx_word' id='word_1_838' title='bbox 2722 5820 2776 5875; x_wconf 91' lang='lat' dir='ltr'><strong>in</strong></span> <span class='ocrx_word' id='word_1_839' title='bbox 2806 5822 3035 5891; x_wconf 88' lang='lat' dir='ltr'><strong>propriis</strong></span> <span class='ocrx_word' id='word_1_840' title='bbox 3067 5822 3222 5881; x_wconf 88' lang='lat' dir='ltr'><strong>bonis</strong></span> <span class='ocrx_word' id='word_1_841' title='bbox 3249 5823 3458 5880; x_wconf 84' lang='lat' dir='ltr'><strong>sentiat.</strong></span> <span class='ocrx_word' id='word_1_842' title='bbox 3484 5815 3531 5874; x_wconf 84' lang='lat' dir='ltr'><strong>Si</strong></span> <span class='ocrx_word' id='word_1_843' title='bbox 3549 5795 3776 5866; x_wconf 44' lang='lat' dir='ltr'><strong>animi”</strong></span> 
     </span>
    </p>
   </div>
  </div>
