  <div class='ocr_page' id='page_1' title='image "/cluster/home/n/w/nwhite01/storage/ocr_20150623/72/hvd.32044015469364/480.png"; bbox 0 0 4042 6348; ppageno 0'>
   <div class='ocr_carea' id='block_1_1' title="bbox 224 315 333 373">
    <p class='ocr_par' dir='ltr' id='par_1_1' title="bbox 224 315 333 373">
     <span class='ocr_line' id='line_1_1' title="bbox 224 315 333 373; baseline -0.028 0"><span class='ocrx_word' id='word_1_1' title='bbox 224 315 333 373; x_wconf 61' lang='grc' dir='ltr'><strong>οδε</strong></span> 
     </span>
    </p>
   </div>
   <div class='ocr_carea' id='block_1_2' title="bbox 1011 295 2692 370">
    <p class='ocr_par' dir='ltr' id='par_1_2' title="bbox 1011 295 2692 370">
     <span class='ocr_line' id='line_1_2' title="bbox 1011 295 2692 370; baseline -0.012 -1"><span class='ocrx_word' id='word_1_2' title='bbox 1011 311 1387 370; x_wconf 75' lang='grc' dir='ltr'><strong>,ιυδτιΝιΑΝι</strong></span> <span class='ocrx_word' id='word_1_3' title='bbox 1426 304 1773 366; x_wconf 67' lang='lat' dir='ltr'><strong>NOVELL£</strong></span> <span class='ocrx_word' id='word_1_4' title='bbox 1813 301 2177 360; x_wconf 66' lang='lat' dir='ltr'><strong>SELECTIE.</strong></span> <span class='ocrx_word' id='word_1_5' title='bbox 2218 297 2539 356; x_wconf 81' lang='lat' dir='ltr'><strong>NOVELLA</strong></span> <span class='ocrx_word' id='word_1_6' title='bbox 2577 295 2692 351; x_wconf 77' lang='grc' dir='ltr'><strong>νη.</strong></span> 
     </span>
    </p>
   </div>
   <div class='ocr_carea' id='block_1_3' title="bbox 3380 286 3513 363">
    <p class='ocr_par' dir='ltr' id='par_1_3' title="bbox 3380 286 3513 363">
     <span class='ocr_line' id='line_1_3' title="bbox 3380 286 3513 363; baseline 0.015 -24"><span class='ocrx_word' id='word_1_7' title='bbox 3380 286 3487 341; x_wconf 72' lang='lat' dir='ltr'><strong>ate</strong></span> <span class='ocrx_word' id='word_1_8' title='bbox 3510 358 3513 363; x_wconf 18' lang='grc' dir='ltr'><em>Α</em></span> 
     </span>
    </p>
   </div>
   <div class='ocr_carea' id='block_1_4' title="bbox 226 403 3487 502">
    <p class='ocr_par' dir='ltr' id='par_1_4' title="bbox 226 403 3487 502">
     <span class='ocr_line' id='line_1_4' title="bbox 226 403 3487 502; baseline -0.01 -12"><span class='ocrx_word' id='word_1_9' title='bbox 226 432 456 489; x_wconf 89' lang='lat' dir='ltr'><strong>mutatio</strong></span> <span class='ocrx_word' id='word_1_10' title='bbox 485 432 538 486; x_wconf 92' lang='lat' dir='ltr'><strong>in</strong></span> <span class='ocrx_word' id='word_1_11' title='bbox 582 430 894 502; x_wconf 87' lang='lat' dir='ltr'><strong>quibusdam</strong></span> <span class='ocrx_word' id='word_1_12' title='bbox 939 431 1183 498; x_wconf 78' lang='lat' dir='ltr'><strong>personis</strong></span> <span class='ocrx_word' id='word_1_13' title='bbox 1212 429 1337 495; x_wconf 83' lang='lat' dir='ltr'><strong>ﬁat,</strong></span> <span class='ocrx_word' id='word_1_14' title='bbox 1384 434 1577 497; x_wconf 63' lang='lat' dir='ltr'><strong>praeter</strong></span> <span class='ocrx_word' id='word_1_15' title='bbox 1621 421 1798 478; x_wconf 87' lang='lat' dir='ltr'><strong>solum</strong></span> <span class='ocrx_word' id='word_1_16' title='bbox 1829 419 1885 479; x_wconf 78' lang='grc' dir='ltr'><strong>Α</strong></span> <span class='ocrx_word' id='word_1_17' title='bbox 1910 430 2081 475; x_wconf 89' lang='lat' dir='ltr'><strong>torum</strong></span> <span class='ocrx_word' id='word_1_18' title='bbox 2120 415 2423 472; x_wconf 72' lang='lat' dir='ltr'><strong>venditione</strong></span> <span class='ocrx_word' id='word_1_19' title='bbox 2450 423 2721 468; x_wconf 84' lang='lat' dir='ltr'><strong>vasorum.</strong></span> <span class='ocrx_word' id='word_1_20' title='bbox 2751 405 2923 463; x_wconf 89' lang='lat' dir='ltr'><strong>Simili</strong></span> <span class='ocrx_word' id='word_1_21' title='bbox 2954 403 3199 459; x_wconf 73' lang='lat' dir='ltr'><strong>videlicet</strong></span> <span class='ocrx_word' id='word_1_22' title='bbox 3228 403 3487 460; x_wconf 84' lang='lat' dir='ltr'><strong>observa-</strong></span> 
     </span>
    </p>
   </div>
   <div class='ocr_carea' id='block_1_5' title="bbox 226 515 1808 597">
    <p class='ocr_par' dir='ltr' id='par_1_5' title="bbox 226 515 1808 597">
     <span class='ocr_line' id='line_1_5' title="bbox 226 515 1808 597; baseline -0.011 -13"><span class='ocrx_word' id='word_1_23' title='bbox 226 528 550 597; x_wconf 81' lang='lat' dir='ltr'><strong>imperium,</strong></span> <span class='ocrx_word' id='word_1_24' title='bbox 582 526 718 580; x_wconf 93' lang='lat' dir='ltr'><strong>sicut</strong></span> <span class='ocrx_word' id='word_1_25' title='bbox 751 523 1119 594; x_wconf 71' lang='lat' dir='ltr'><strong>praediximus,</strong></span> <span class='ocrx_word' id='word_1_26' title='bbox 1148 532 1202 577; x_wconf 90' lang='lat' dir='ltr'><strong>et</strong></span> <span class='ocrx_word' id='word_1_27' title='bbox 1242 522 1334 593; x_wconf 87' lang='lat' dir='ltr'><strong>qui</strong></span> <span class='ocrx_word' id='word_1_28' title='bbox 1360 515 1808 590; x_wconf 84' lang='lat' dir='ltr'><strong>permutationem</strong></span> 
     </span>
    </p>
   </div>
   <div class='ocr_carea' id='block_1_6' title="bbox 224 606 1821 686">
    <p class='ocr_par' dir='ltr' id='par_1_6' title="bbox 224 606 1821 686">
     <span class='ocr_line' id='line_1_6' title="bbox 224 606 1821 686; baseline -0.011 -12"><span class='ocrx_word' id='word_1_29' title='bbox 224 619 466 686; x_wconf 84' lang='lat' dir='ltr'><strong>accepit,</strong></span> <span class='ocrx_word' id='word_1_30' title='bbox 494 616 764 685; x_wconf 89' lang='lat' dir='ltr'><strong>subiaceat</strong></span> <span class='ocrx_word' id='word_1_31' title='bbox 794 628 965 682; x_wconf 64' lang='lat' dir='ltr'><strong>paenae</strong></span> <span class='ocrx_word' id='word_1_32' title='bbox 992 623 1049 669; x_wconf 92' lang='lat' dir='ltr'><strong>et</strong></span> <span class='ocrx_word' id='word_1_33' title='bbox 1077 613 1254 667; x_wconf 81' lang='lat' dir='ltr'><strong>datam</strong></span> <span class='ocrx_word' id='word_1_34' title='bbox 1280 611 1383 665; x_wconf 89' lang='lat' dir='ltr'><strong>sibi</strong></span> <span class='ocrx_word' id='word_1_35' title='bbox 1412 624 1524 665; x_wconf 90' lang='lat' dir='ltr'><strong>rem</strong></span> <span class='ocrx_word' id='word_1_36' title='bbox 1566 606 1821 670; x_wconf 80' lang='lat' dir='ltr'><strong>amittat,</strong></span> 
     </span>
    </p>
   </div>
   <div class='ocr_carea' id='block_1_7' title="bbox 225 694 1811 765">
    <p class='ocr_par' dir='ltr' id='par_1_7' title="bbox 225 694 1811 765">
     <span class='ocr_line' id='line_1_7' title="bbox 225 694 1811 765; baseline -0.011 0"><span class='ocrx_word' id='word_1_37' title='bbox 225 716 285 765; x_wconf 88' lang='lat' dir='ltr'><strong>et</strong></span> <span class='ocrx_word' id='word_1_38' title='bbox 312 714 551 763; x_wconf 83' lang='lat' dir='ltr'><strong>recurrat</strong></span> <span class='ocrx_word' id='word_1_39' title='bbox 579 719 766 760; x_wconf 81' lang='lat' dir='ltr'><strong>rursus</strong></span> <span class='ocrx_word' id='word_1_40' title='bbox 788 704 901 760; x_wconf 63' lang='lat' dir='ltr'><strong>haec</strong></span> <span class='ocrx_word' id='word_1_41' title='bbox 920 704 986 758; x_wconf 91' lang='lat' dir='ltr'><strong>ad</strong></span> <span class='ocrx_word' id='word_1_42' title='bbox 1013 702 1376 759; x_wconf 84' lang='lat' dir='ltr'><strong>venerabilem</strong></span> <span class='ocrx_word' id='word_1_43' title='bbox 1400 700 1639 762; x_wconf 90' lang='lat' dir='ltr'><strong>domum,</strong></span> <span class='ocrx_word' id='word_1_44' title='bbox 1667 694 1811 751; x_wconf 90' lang='lat' dir='ltr'><strong>unde</strong></span> 
     </span>
    </p>
   </div>
   <div class='ocr_carea' id='block_1_8' title="bbox 224 786 1808 868">
    <p class='ocr_par' dir='ltr' id='par_1_8' title="bbox 224 786 1808 868">
     <span class='ocr_line' id='line_1_8' title="bbox 224 786 1808 868; baseline -0.008 -16"><span class='ocrx_word' id='word_1_45' title='bbox 224 810 514 868; x_wconf 76' lang='lat' dir='ltr'><strong>progressa</strong></span> <span class='ocrx_word' id='word_1_46' title='bbox 562 802 677 863; x_wconf 91' lang='lat' dir='ltr'><strong>est,</strong></span> <span class='ocrx_word' id='word_1_47' title='bbox 713 803 768 850; x_wconf 91' lang='lat' dir='ltr'><strong>et</strong></span> <span class='ocrx_word' id='word_1_48' title='bbox 812 795 956 864; x_wconf 89' lang='lat' dir='ltr'><strong>quod</strong></span> <span class='ocrx_word' id='word_1_49' title='bbox 1005 808 1101 863; x_wconf 92' lang='lat' dir='ltr'><strong>pro</strong></span> <span class='ocrx_word' id='word_1_50' title='bbox 1149 790 1587 861; x_wconf 78' lang='lat' dir='ltr'><strong>compensatione</strong></span> <span class='ocrx_word' id='word_1_51' title='bbox 1632 786 1808 850; x_wconf 86' lang='lat' dir='ltr'><strong>dedit,</strong></span> 
     </span>
    </p>
   </div>
   <div class='ocr_carea' id='block_1_9' title="bbox 224 878 1813 959">
    <p class='ocr_par' dir='ltr' id='par_1_9' title="bbox 224 878 1813 959">
     <span class='ocr_line' id='line_1_9' title="bbox 224 878 1813 959; baseline -0.009 -12"><span class='ocrx_word' id='word_1_52' title='bbox 224 900 445 947; x_wconf 81' lang='lat' dir='ltr'><strong>maneat</strong></span> <span class='ocrx_word' id='word_1_53' title='bbox 474 889 615 959; x_wconf 86' lang='lat' dir='ltr'><strong>apud</strong></span> <span class='ocrx_word' id='word_1_54' title='bbox 643 888 1000 945; x_wconf 80' lang='lat' dir='ltr'><strong>venerabilem</strong></span> <span class='ocrx_word' id='word_1_55' title='bbox 1031 888 1246 942; x_wconf 91' lang='lat' dir='ltr'><strong>domum</strong></span> <span class='ocrx_word' id='word_1_56' title='bbox 1266 929 1281 954; x_wconf 94' lang='lat'><strong>,</strong></span> <span class='ocrx_word' id='word_1_57' title='bbox 1314 894 1369 941; x_wconf 92' lang='lat' dir='ltr'><strong>et</strong></span> <span class='ocrx_word' id='word_1_58' title='bbox 1407 885 1498 953; x_wconf 88' lang='lat' dir='ltr'><strong>qui</strong></span> <span class='ocrx_word' id='word_1_59' title='bbox 1525 878 1813 938; x_wconf 90' lang='lat' dir='ltr'><strong>accesserit</strong></span> 
     </span>
    </p>
   </div>
   <div class='ocr_carea' id='block_1_10' title="bbox 225 975 1812 1051">
    <p class='ocr_par' dir='ltr' id='par_1_10' title="bbox 225 975 1812 1051">
     <span class='ocr_line' id='line_1_10' title="bbox 225 975 1812 1051; baseline -0.008 -14"><span class='ocrx_word' id='word_1_60' title='bbox 225 982 297 1037; x_wconf 80' lang='lat' dir='ltr'><strong>ad</strong></span> <span class='ocrx_word' id='word_1_61' title='bbox 323 996 537 1038; x_wconf 84' lang='lat' dir='ltr'><strong>causam</strong></span> <span class='ocrx_word' id='word_1_62' title='bbox 568 981 671 1051; x_wconf 92' lang='lat' dir='ltr'><strong>legi</strong></span> <span class='ocrx_word' id='word_1_63' title='bbox 713 981 1064 1047; x_wconf 81' lang='lat' dir='ltr'><strong>contrariam,</strong></span> <span class='ocrx_word' id='word_1_64' title='bbox 1095 978 1251 1034; x_wconf 85' lang='lat' dir='ltr'><strong>cadat</strong></span> <span class='ocrx_word' id='word_1_65' title='bbox 1288 986 1516 1045; x_wconf 89' lang='lat' dir='ltr'><strong>utroque</strong></span> <span class='ocrx_word' id='word_1_66' title='bbox 1555 975 1722 1044; x_wconf 90' lang='lat' dir='ltr'><strong>iuste,</strong></span> <span class='ocrx_word' id='word_1_67' title='bbox 1758 980 1812 1027; x_wconf 89' lang='lat' dir='ltr'><strong>et</strong></span> 
     </span>
    </p>
   </div>
   <div class='ocr_carea' id='block_1_11' title="bbox 220 1070 1812 1145">
    <p class='ocr_par' dir='ltr' id='par_1_11' title="bbox 220 1070 1812 1145">
     <span class='ocr_line' id='line_1_11' title="bbox 220 1070 1812 1145; baseline -0.009 -14"><span class='ocrx_word' id='word_1_68' title='bbox 220 1075 522 1131; x_wconf 82' lang='lat' dir='ltr'><strong>secundum</strong></span> <span class='ocrx_word' id='word_1_69' title='bbox 563 1074 665 1130; x_wconf 87' lang='lat' dir='ltr'><strong>hoc</strong></span> <span class='ocrx_word' id='word_1_70' title='bbox 706 1088 881 1145; x_wconf 66' lang='lat' dir='ltr'><strong>pinnat</strong></span> <span class='ocrx_word' id='word_1_71' title='bbox 909 1073 1187 1139; x_wconf 87' lang='lat' dir='ltr'><strong>subdatur,</strong></span> <span class='ocrx_word' id='word_1_72' title='bbox 1230 1070 1525 1126; x_wconf 86' lang='lat' dir='ltr'><strong>secundum</strong></span> <span class='ocrx_word' id='word_1_73' title='bbox 1569 1080 1727 1137; x_wconf 91' lang='lat' dir='ltr'><strong>quam</strong></span> <span class='ocrx_word' id='word_1_74' title='bbox 1758 1072 1812 1118; x_wconf 90' lang='lat' dir='ltr'><strong>et</strong></span> 
     </span>
    </p>
   </div>
   <div class='ocr_carea' id='block_1_12' title="bbox 223 1156 1814 1238">
    <p class='ocr_par' dir='ltr' id='par_1_12' title="bbox 223 1156 1814 1238">
     <span class='ocr_line' id='line_1_12' title="bbox 223 1156 1814 1238; baseline -0.009 -15"><span class='ocrx_word' id='word_1_75' title='bbox 223 1167 458 1238; x_wconf 83' lang='lat' dir='ltr'><strong>propriis</strong></span> <span class='ocrx_word' id='word_1_76' title='bbox 486 1166 663 1232; x_wconf 88' lang='lat' dir='ltr'><strong>cadat,</strong></span> <span class='ocrx_word' id='word_1_77' title='bbox 686 1176 742 1221; x_wconf 92' lang='lat' dir='ltr'><strong>et</strong></span> <span class='ocrx_word' id='word_1_78' title='bbox 770 1165 911 1236; x_wconf 90' lang='lat' dir='ltr'><strong>quod</strong></span> <span class='ocrx_word' id='word_1_79' title='bbox 938 1166 1203 1235; x_wconf 85' lang='lat' dir='ltr'><strong>speravit,</strong></span> <span class='ocrx_word' id='word_1_80' title='bbox 1228 1177 1335 1217; x_wconf 92' lang='lat' dir='ltr'><strong>non</strong></span> <span class='ocrx_word' id='word_1_81' title='bbox 1354 1160 1625 1228; x_wconf 85' lang='lat' dir='ltr'><strong>acquirat,</strong></span> <span class='ocrx_word' id='word_1_82' title='bbox 1650 1156 1814 1212; x_wconf 90' lang='lat' dir='ltr'><strong>etiam</strong></span> 
     </span>
    </p>
   </div>
   <div class='ocr_carea' id='block_1_13' title="bbox 224 1252 1811 1326">
    <p class='ocr_par' dir='ltr' id='par_1_13' title="bbox 224 1252 1811 1326">
     <span class='ocr_line' id='line_1_13' title="bbox 224 1252 1811 1326; baseline -0.008 -12"><span class='ocrx_word' id='word_1_83' title='bbox 224 1259 316 1315; x_wconf 84' lang='lat' dir='ltr'><strong>hic</strong></span> <span class='ocrx_word' id='word_1_84' title='bbox 344 1260 556 1315; x_wconf 88' lang='lat' dir='ltr'><strong>actione</strong></span> <span class='ocrx_word' id='word_1_85' title='bbox 581 1259 631 1314; x_wconf 90' lang='lat' dir='ltr'><strong>ei</strong></span> <span class='ocrx_word' id='word_1_86' title='bbox 659 1266 869 1314; x_wconf 87' lang='lat' dir='ltr'><strong>servata</strong></span> <span class='ocrx_word' id='word_1_87' title='bbox 902 1258 955 1312; x_wconf 90' lang='lat' dir='ltr'><strong>in</strong></span> <span class='ocrx_word' id='word_1_88' title='bbox 1001 1256 1212 1326; x_wconf 87' lang='lat' dir='ltr'><strong>propria</strong></span> <span class='ocrx_word' id='word_1_89' title='bbox 1258 1252 1554 1310; x_wconf 83' lang='lat' dir='ltr'><strong>substantia</strong></span> <span class='ocrx_word' id='word_1_90' title='bbox 1594 1264 1811 1313; x_wconf 91' lang='lat' dir='ltr'><strong>eorum,</strong></span> 
     </span>
    </p>
   </div>
   <div class='ocr_carea' id='block_1_14' title="bbox 222 1351 1368 1423">
    <p class='ocr_par' dir='ltr' id='par_1_14' title="bbox 222 1351 1368 1423">
     <span class='ocr_line' id='line_1_14' title="bbox 222 1351 1368 1423; baseline -0.008 -15"><span class='ocrx_word' id='word_1_91' title='bbox 222 1354 316 1423; x_wconf 90' lang='lat' dir='ltr'><strong>qui</strong></span> <span class='ocrx_word' id='word_1_92' title='bbox 342 1361 675 1408; x_wconf 91' lang='lat' dir='ltr'><strong>contractum</strong></span> <span class='ocrx_word' id='word_1_93' title='bbox 703 1366 825 1406; x_wconf 89' lang='lat' dir='ltr'><strong>cum</strong></span> <span class='ocrx_word' id='word_1_94' title='bbox 851 1366 917 1407; x_wconf 90' lang='lat' dir='ltr'><strong>eo</strong></span> <span class='ocrx_word' id='word_1_95' title='bbox 945 1351 1368 1406; x_wconf 79' lang='lat' dir='ltr'><strong>celebraverunt.</strong></span> 
     </span>
    </p>
   </div>
   <div class='ocr_carea' id='block_1_15' title="bbox 232 1436 1815 1512">
    <p class='ocr_par' dir='ltr' id='par_1_15' title="bbox 232 1436 1815 1512">
     <span class='ocr_line' id='line_1_15' title="bbox 232 1436 1815 1512; baseline -0.006 -12"><span class='ocrx_word' id='word_1_96' title='bbox 232 1436 237 1440; x_wconf 20' lang='lat'><em>7</em></span> <span class='ocrx_word' id='word_1_97' title='bbox 295 1445 355 1501; x_wconf 88' lang='lat' dir='ltr'><strong>Si</strong></span> <span class='ocrx_word' id='word_1_98' title='bbox 384 1452 564 1499; x_wconf 90' lang='lat' dir='ltr'><strong>autem</strong></span> <span class='ocrx_word' id='word_1_99' title='bbox 589 1444 825 1499; x_wconf 90' lang='lat' dir='ltr'><strong>creditor</strong></span> <span class='ocrx_word' id='word_1_100' title='bbox 850 1444 903 1498; x_wconf 90' lang='lat' dir='ltr'><strong>in</strong></span> <span class='ocrx_word' id='word_1_101' title='bbox 932 1444 1153 1512; x_wconf 85' lang='lat' dir='ltr'><strong>pignore</strong></span> <span class='ocrx_word' id='word_1_102' title='bbox 1180 1439 1448 1508; x_wconf 83' lang='lat' dir='ltr'><strong>corporali</strong></span> <span class='ocrx_word' id='word_1_103' title='bbox 1476 1437 1699 1506; x_wconf 80' lang='lat' dir='ltr'><strong>elegerit</strong></span> <span class='ocrx_word' id='word_1_104' title='bbox 1724 1448 1815 1490; x_wconf 91' lang='lat' dir='ltr'><strong>ac-</strong></span> 
     </span>
    </p>
   </div>
   <div class='ocr_carea' id='block_1_16' title="bbox 219 1521 1814 1606">
    <p class='ocr_par' dir='ltr' id='par_1_16' title="bbox 219 1521 1814 1606">
     <span class='ocr_line' id='line_1_16' title="bbox 219 1521 1814 1606; baseline -0.009 -13"><span class='ocrx_word' id='word_1_105' title='bbox 219 1536 409 1606; x_wconf 84' lang='lat' dir='ltr'><strong>cipere</strong></span> <span class='ocrx_word' id='word_1_106' title='bbox 435 1550 547 1591; x_wconf 90' lang='lat' dir='ltr'><strong>rem</strong></span> <span class='ocrx_word' id='word_1_107' title='bbox 574 1534 900 1590; x_wconf 88' lang='lat' dir='ltr'><strong>immobilem</strong></span> <span class='ocrx_word' id='word_1_108' title='bbox 924 1531 1364 1595; x_wconf 87' lang='lat' dir='ltr'><strong>ecclesiasticam,</strong></span> <span class='ocrx_word' id='word_1_109' title='bbox 1392 1538 1485 1585; x_wconf 91' lang='lat' dir='ltr'><strong>aut</strong></span> <span class='ocrx_word' id='word_1_110' title='bbox 1507 1521 1814 1599; x_wconf 87' lang='lat' dir='ltr'><strong>ptocbicain</strong></span> 
     </span>
    </p>
   </div>
   <div class='ocr_carea' id='block_1_17' title="bbox 219 1621 1816 1697">
    <p class='ocr_par' dir='ltr' id='par_1_17' title="bbox 219 1621 1816 1697">
     <span class='ocr_line' id='line_1_17' title="bbox 219 1621 1816 1697; baseline -0.007 -14"><span class='ocrx_word' id='word_1_111' title='bbox 219 1626 280 1683; x_wconf 89' lang='lat' dir='ltr'><strong>in</strong></span> <span class='ocrx_word' id='word_1_112' title='bbox 321 1625 831 1697; x_wconf 82' lang='lat' dir='ltr'><strong>domibus,forsan,</strong></span> <span class='ocrx_word' id='word_1_113' title='bbox 875 1635 969 1680; x_wconf 92' lang='lat' dir='ltr'><strong>aut</strong></span> <span class='ocrx_word' id='word_1_114' title='bbox 1012 1625 1351 1689; x_wconf 85' lang='lat' dir='ltr'><strong>suburbanis,</strong></span> <span class='ocrx_word' id='word_1_115' title='bbox 1385 1631 1476 1678; x_wconf 89' lang='lat' dir='ltr'><strong>aut</strong></span> <span class='ocrx_word' id='word_1_116' title='bbox 1525 1621 1689 1691; x_wconf 86' lang='lat' dir='ltr'><strong>agris,</strong></span> <span class='ocrx_word' id='word_1_117' title='bbox 1723 1625 1816 1672; x_wconf 89' lang='lat' dir='ltr'><strong>aut</strong></span> 
     </span>
    </p>
   </div>
   <div class='ocr_carea' id='block_1_18' title="bbox 219 1712 1809 1788">
    <p class='ocr_par' dir='ltr' id='par_1_18' title="bbox 219 1712 1809 1788">
     <span class='ocr_line' id='line_1_18' title="bbox 219 1712 1809 1788; baseline -0.007 -11"><span class='ocrx_word' id='word_1_118' title='bbox 219 1720 418 1787; x_wconf 81' lang='lat' dir='ltr'><strong>hortis,</strong></span> <span class='ocrx_word' id='word_1_119' title='bbox 450 1729 545 1777; x_wconf 92' lang='lat' dir='ltr'><strong>aut</strong></span> <span class='ocrx_word' id='word_1_120' title='bbox 571 1720 813 1776; x_wconf 85' lang='lat' dir='ltr'><strong>civilibus</strong></span> <span class='ocrx_word' id='word_1_121' title='bbox 839 1720 1088 1788; x_wconf 90' lang='lat' dir='ltr'><strong>panibus,</strong></span> <span class='ocrx_word' id='word_1_122' title='bbox 1121 1729 1213 1772; x_wconf 91' lang='lat' dir='ltr'><strong>aut</strong></span> <span class='ocrx_word' id='word_1_123' title='bbox 1253 1717 1465 1772; x_wconf 88' lang='lat' dir='ltr'><strong>rusticis</strong></span> <span class='ocrx_word' id='word_1_124' title='bbox 1509 1712 1809 1783; x_wconf 89' lang='lat' dir='ltr'><strong>mancipiis,</strong></span> 
     </span>
    </p>
   </div>
   <div class='ocr_carea' id='block_1_19' title="bbox 1914 498 3485 577">
    <p class='ocr_par' dir='ltr' id='par_1_19' title="bbox 1914 498 3485 577">
     <span class='ocr_line' id='line_1_19' title="bbox 1914 498 3485 577; baseline -0.011 -11"><span class='ocrx_word' id='word_1_125' title='bbox 1914 514 2059 566; x_wconf 87' lang='lat' dir='ltr'><strong>tione</strong></span> <span class='ocrx_word' id='word_1_126' title='bbox 2100 518 2155 565; x_wconf 91' lang='lat' dir='ltr'><strong>et</strong></span> <span class='ocrx_word' id='word_1_127' title='bbox 2200 522 2360 577; x_wconf 86' lang='lat' dir='ltr'><strong>super</strong></span> <span class='ocrx_word' id='word_1_128' title='bbox 2410 502 2724 559; x_wconf 85' lang='lat' dir='ltr'><strong>alienatione</strong></span> <span class='ocrx_word' id='word_1_129' title='bbox 2776 498 3011 553; x_wconf 87' lang='lat' dir='ltr'><strong>civilium</strong></span> <span class='ocrx_word' id='word_1_130' title='bbox 3056 511 3252 564; x_wconf 88' lang='lat' dir='ltr'><strong>panum</strong></span> <span class='ocrx_word' id='word_1_131' title='bbox 3299 502 3485 549; x_wconf 90' lang='lat' dir='ltr'><strong>custo-</strong></span> 
     </span>
    </p>
   </div>
   <div class='ocr_carea' id='block_1_20' title="bbox 1913 587 3489 669">
    <p class='ocr_par' dir='ltr' id='par_1_20' title="bbox 1913 587 3489 669">
     <span class='ocr_line' id='line_1_20' title="bbox 1913 587 3489 669; baseline -0.013 -11"><span class='ocrx_word' id='word_1_132' title='bbox 1913 601 2128 669; x_wconf 88' lang='lat' dir='ltr'><strong>dienda,</strong></span> <span class='ocrx_word' id='word_1_133' title='bbox 2152 600 2290 655; x_wconf 86' lang='lat' dir='ltr'><strong>sicut</strong></span> <span class='ocrx_word' id='word_1_134' title='bbox 2319 610 2460 666; x_wconf 63' lang='lat' dir='ltr'><strong>saepe</strong></span> <span class='ocrx_word' id='word_1_135' title='bbox 2482 593 2732 656; x_wconf 80' lang='lat' dir='ltr'><strong>diximus,</strong></span> <span class='ocrx_word' id='word_1_136' title='bbox 2759 606 2826 646; x_wconf 91' lang='lat' dir='ltr'><strong>eo</strong></span> <span class='ocrx_word' id='word_1_137' title='bbox 2851 587 2992 658; x_wconf 88' lang='lat' dir='ltr'><strong>quod</strong></span> <span class='ocrx_word' id='word_1_138' title='bbox 3023 587 3157 641; x_wconf 86' lang='lat' dir='ltr'><strong>tales</strong></span> <span class='ocrx_word' id='word_1_139' title='bbox 3179 599 3297 640; x_wconf 89' lang='lat' dir='ltr'><strong>esse</strong></span> <span class='ocrx_word' id='word_1_140' title='bbox 3320 598 3489 654; x_wconf 88' lang='lat' dir='ltr'><strong>panes</strong></span> 
     </span>
    </p>
   </div>
   <div class='ocr_carea' id='block_1_21' title="bbox 1915 676 3486 749">
    <p class='ocr_par' dir='ltr' id='par_1_21' title="bbox 1915 676 3486 749">
     <span class='ocr_line' id='line_1_21' title="bbox 1915 676 3486 749; baseline -0.013 0"><span class='ocrx_word' id='word_1_141' title='bbox 1915 708 2020 749; x_wconf 91' lang='lat' dir='ltr'><strong>non</strong></span> <span class='ocrx_word' id='word_1_142' title='bbox 2064 692 2235 747; x_wconf 91' lang='lat' dir='ltr'><strong>solum</strong></span> <span class='ocrx_word' id='word_1_143' title='bbox 2275 690 2328 744; x_wconf 92' lang='lat' dir='ltr'><strong>in</strong></span> <span class='ocrx_word' id='word_1_144' title='bbox 2360 689 2459 743; x_wconf 86' lang='lat' dir='ltr'><strong>hac</strong></span> <span class='ocrx_word' id='word_1_145' title='bbox 2489 684 2795 741; x_wconf 88' lang='lat' dir='ltr'><strong>felicissima</strong></span> <span class='ocrx_word' id='word_1_146' title='bbox 2836 681 3073 745; x_wconf 87' lang='lat' dir='ltr'><strong>civitate,</strong></span> <span class='ocrx_word' id='word_1_147' title='bbox 3103 678 3199 733; x_wconf 88' lang='lat' dir='ltr'><strong>sed</strong></span> <span class='ocrx_word' id='word_1_148' title='bbox 3240 677 3399 731; x_wconf 90' lang='lat' dir='ltr'><strong>etiam</strong></span> <span class='ocrx_word' id='word_1_149' title='bbox 3433 676 3486 730; x_wconf 91' lang='lat' dir='ltr'><strong>in</strong></span> 
     </span>
    </p>
   </div>
   <div class='ocr_carea' id='block_1_22' title="bbox 1914 767 3488 855">
    <p class='ocr_par' dir='ltr' id='par_1_22' title="bbox 1914 767 3488 855">
     <span class='ocr_line' id='line_1_22' title="bbox 1914 767 3488 855; baseline -0.014 -15"><span class='ocrx_word' id='word_1_150' title='bbox 1914 800 2103 855; x_wconf 88' lang='lat' dir='ltr'><strong>magna</strong></span> <span class='ocrx_word' id='word_1_151' title='bbox 2138 780 2480 846; x_wconf 81' lang='lat' dir='ltr'><strong>Alexandria,</strong></span> <span class='ocrx_word' id='word_1_152' title='bbox 2520 787 2572 833; x_wconf 91' lang='lat' dir='ltr'><strong>et</strong></span> <span class='ocrx_word' id='word_1_153' title='bbox 2623 776 2678 830; x_wconf 92' lang='lat' dir='ltr'><strong>in</strong></span> <span class='ocrx_word' id='word_1_154' title='bbox 2725 772 2981 841; x_wconf 86' lang='lat' dir='ltr'><strong>Theopoli</strong></span> <span class='ocrx_word' id='word_1_155' title='bbox 3024 784 3143 823; x_wconf 87' lang='lat' dir='ltr'><strong>esse</strong></span> <span class='ocrx_word' id='word_1_156' title='bbox 3184 767 3488 830; x_wconf 85' lang='lat' dir='ltr'><strong>didicimus,</strong></span> 
     </span>
    </p>
   </div>
   <div class='ocr_carea' id='block_1_23' title="bbox 1914 857 3487 937">
    <p class='ocr_par' dir='ltr' id='par_1_23' title="bbox 1914 857 3487 937">
     <span class='ocr_line' id='line_1_23' title="bbox 1914 857 3487 937; baseline -0.014 -5"><span class='ocrx_word' id='word_1_157' title='bbox 1914 877 2133 932; x_wconf 77' lang='lat' dir='ltr'><strong>lorsitan</strong></span> <span class='ocrx_word' id='word_1_158' title='bbox 2174 882 2349 928; x_wconf 91' lang='lat' dir='ltr'><strong>autem</strong></span> <span class='ocrx_word' id='word_1_159' title='bbox 2382 871 2489 925; x_wconf 86' lang='lat' dir='ltr'><strong>tale</strong></span> <span class='ocrx_word' id='word_1_160' title='bbox 2536 866 2732 937; x_wconf 86' lang='lat' dir='ltr'><strong>aliquid</strong></span> <span class='ocrx_word' id='word_1_161' title='bbox 2763 868 2926 919; x_wconf 90' lang='lat' dir='ltr'><strong>etiam</strong></span> <span class='ocrx_word' id='word_1_162' title='bbox 2968 862 3020 916; x_wconf 90' lang='lat' dir='ltr'><strong>in</strong></span> <span class='ocrx_word' id='word_1_163' title='bbox 3051 861 3166 914; x_wconf 89' lang='lat' dir='ltr'><strong>aliis</strong></span> <span class='ocrx_word' id='word_1_164' title='bbox 3198 857 3487 928; x_wconf 87' lang='lat' dir='ltr'><strong>provinciis</strong></span> 
     </span>
    </p>
   </div>
   <div class='ocr_carea' id='block_1_24' title="bbox 1914 950 3489 1043">
    <p class='ocr_par' dir='ltr' id='par_1_24' title="bbox 1914 950 3489 1043">
     <span class='ocr_line' id='line_1_24' title="bbox 1914 950 3489 1043; baseline -0.014 -17"><span class='ocrx_word' id='word_1_165' title='bbox 1914 969 2229 1043; x_wconf 84' lang='lat' dir='ltr'><strong>quibusdam</strong></span> <span class='ocrx_word' id='word_1_166' title='bbox 2254 974 2355 1024; x_wconf 88' lang='lat' dir='ltr'><strong>est.</strong></span> <span class='ocrx_word' id='word_1_167' title='bbox 2382 964 2534 1021; x_wconf 87' lang='lat' dir='ltr'><strong>Unde</strong></span> <span class='ocrx_word' id='word_1_168' title='bbox 2559 960 2767 1015; x_wconf 87' lang='lat' dir='ltr'><strong>tametsi</strong></span> <span class='ocrx_word' id='word_1_169' title='bbox 2795 958 2919 1012; x_wconf 84' lang='lat' dir='ltr'><strong>alibi</strong></span> <span class='ocrx_word' id='word_1_170' title='bbox 2946 969 3156 1025; x_wconf 89' lang='lat' dir='ltr'><strong>quoque</strong></span> <span class='ocrx_word' id='word_1_171' title='bbox 3185 950 3489 1021; x_wconf 89' lang='lat' dir='ltr'><strong>huiusmodi</strong></span> 
     </span>
    </p>
   </div>
   <div class='ocr_carea' id='block_1_25' title="bbox 1916 1050 3492 1137">
    <p class='ocr_par' dir='ltr' id='par_1_25' title="bbox 1916 1050 3492 1137">
     <span class='ocr_line' id='line_1_25' title="bbox 1916 1050 3492 1137; baseline -0.014 -18"><span class='ocrx_word' id='word_1_172' title='bbox 1916 1061 2157 1132; x_wconf 75' lang='lat' dir='ltr'><strong>quaedam</strong></span> <span class='ocrx_word' id='word_1_173' title='bbox 2183 1068 2267 1116; x_wconf 90' lang='lat' dir='ltr'><strong>est</strong></span> <span class='ocrx_word' id='word_1_174' title='bbox 2290 1056 2582 1137; x_wconf 83' lang='lat' dir='ltr'><strong>possessio,</strong></span> <span class='ocrx_word' id='word_1_175' title='bbox 2604 1063 2659 1109; x_wconf 94' lang='lat' dir='ltr'><strong>et</strong></span> <span class='ocrx_word' id='word_1_176' title='bbox 2679 1054 2730 1108; x_wconf 94' lang='lat' dir='ltr'><strong>in</strong></span> <span class='ocrx_word' id='word_1_177' title='bbox 2754 1052 2839 1107; x_wconf 87' lang='lat' dir='ltr'><strong>illa</strong></span> <span class='ocrx_word' id='word_1_178' title='bbox 2868 1050 2955 1114; x_wconf 81' lang='lat' dir='ltr'><strong>lex</strong></span> <span class='ocrx_word' id='word_1_179' title='bbox 2981 1056 3241 1112; x_wconf 89' lang='lat' dir='ltr'><strong>servetur,</strong></span> <span class='ocrx_word' id='word_1_180' title='bbox 3267 1054 3320 1100; x_wconf 91' lang='lat' dir='ltr'><strong>et</strong></span> <span class='ocrx_word' id='word_1_181' title='bbox 3338 1057 3492 1099; x_wconf 87' lang='lat' dir='ltr'><strong>suam</strong></span> 
     </span>
    </p>
   </div>
   <div class='ocr_carea' id='block_1_26' title="bbox 1916 1148 2646 1212">
    <p class='ocr_par' dir='ltr' id='par_1_26' title="bbox 1916 1148 2646 1212">
     <span class='ocr_line' id='line_1_26' title="bbox 1916 1148 2646 1212; baseline -0.014 -1"><span class='ocrx_word' id='word_1_182' title='bbox 1916 1153 2345 1212; x_wconf 87' lang='lat' dir='ltr'><strong>observationem</strong></span> <span class='ocrx_word' id='word_1_183' title='bbox 2377 1148 2646 1204; x_wconf 82' lang='lat' dir='ltr'><strong>extendat.</strong></span> 
     </span>
    </p>
   </div>
   <div class='ocr_carea' id='block_1_27' title="bbox 1986 1248 3501 1335">
    <p class='ocr_par' dir='ltr' id='par_1_27' title="bbox 1986 1248 3501 1335">
     <span class='ocr_line' id='line_1_27' title="bbox 1986 1248 3501 1335; baseline -0.013 -13"><span class='ocrx_word' id='word_1_184' title='bbox 1986 1267 2116 1335; x_wconf 88' lang='lat' dir='ltr'><strong>Quia</strong></span> <span class='ocrx_word' id='word_1_185' title='bbox 2148 1280 2277 1320; x_wconf 90' lang='lat' dir='ltr'><strong>vero</strong></span> <span class='ocrx_word' id='word_1_186' title='bbox 2306 1261 2597 1318; x_wconf 88' lang='lat' dir='ltr'><strong>verisimile</strong></span> <span class='ocrx_word' id='word_1_187' title='bbox 2638 1266 2724 1314; x_wconf 89' lang='lat' dir='ltr'><strong>est</strong></span> <span class='ocrx_word' id='word_1_188' title='bbox 2750 1256 3051 1327; x_wconf 88' lang='lat' dir='ltr'><strong>quempiam</strong></span> <span class='ocrx_word' id='word_1_189' title='bbox 3080 1253 3241 1308; x_wconf 90' lang='lat' dir='ltr'><strong>etiam</strong></span> <span class='ocrx_word' id='word_1_190' title='bbox 3271 1251 3327 1305; x_wconf 91' lang='lat' dir='ltr'><strong>in</strong></span> <span class='ocrx_word' id='word_1_191' title='bbox 3372 1248 3501 1319; x_wconf 16' lang='lat' dir='ltr'><strong>cir-A</strong></span> 
     </span>
    </p>
   </div>
   <div class='ocr_carea' id='block_1_28' title="bbox 1816 1343 3499 1423">
    <p class='ocr_par' dir='ltr' id='par_1_28' title="bbox 1816 1343 3499 1423">
     <span class='ocr_line' id='line_1_28' title="bbox 1816 1343 3499 1423; baseline -0.014 -6"><span class='ocrx_word' id='word_1_192' title='bbox 1816 1390 1817 1393; x_wconf 57' lang='grc' dir='ltr'><strong>η</strong></span> <span class='ocrx_word' id='word_1_193' title='bbox 1915 1357 2343 1416; x_wconf 90' lang='lat' dir='ltr'><strong>cumventlonem</strong></span> <span class='ocrx_word' id='word_1_194' title='bbox 2395 1351 2553 1423; x_wconf 91' lang='lat' dir='ltr'><strong>huius</strong></span> <span class='ocrx_word' id='word_1_195' title='bbox 2595 1351 2728 1420; x_wconf 80' lang='lat' dir='ltr'><strong>legis</strong></span> <span class='ocrx_word' id='word_1_196' title='bbox 2759 1358 2967 1405; x_wconf 89' lang='lat' dir='ltr'><strong>tentare</strong></span> <span class='ocrx_word' id='word_1_197' title='bbox 3012 1343 3365 1416; x_wconf 83' lang='lat' dir='ltr'><strong>pragmaticas</strong></span> <span class='ocrx_word' id='word_1_198' title='bbox 3409 1354 3499 1394; x_wconf 87' lang='lat' dir='ltr'><strong>sa-</strong></span> 
     </span>
    </p>
   </div>
   <div class='ocr_carea' id='block_1_29' title="bbox 1917 1433 3501 1515">
    <p class='ocr_par' dir='ltr' id='par_1_29' title="bbox 1917 1433 3501 1515">
     <span class='ocr_line' id='line_1_29' title="bbox 1917 1433 3501 1515; baseline -0.013 -9"><span class='ocrx_word' id='word_1_199' title='bbox 1917 1464 2037 1507; x_wconf 91' lang='lat' dir='ltr'><strong>cras</strong></span> <span class='ocrx_word' id='word_1_200' title='bbox 2063 1450 2262 1504; x_wconf 78' lang='lat' dir='ltr'><strong>formas</strong></span> <span class='ocrx_word' id='word_1_201' title='bbox 2289 1447 2554 1515; x_wconf 89' lang='lat' dir='ltr'><strong>accipere,</strong></span> <span class='ocrx_word' id='word_1_202' title='bbox 2587 1445 2690 1498; x_wconf 88' lang='lat' dir='ltr'><strong>tale</strong></span> <span class='ocrx_word' id='word_1_203' title='bbox 2732 1440 2930 1511; x_wconf 90' lang='lat' dir='ltr'><strong>aliquid</strong></span> <span class='ocrx_word' id='word_1_204' title='bbox 2969 1440 3050 1495; x_wconf 90' lang='lat' dir='ltr'><strong>eis</strong></span> <span class='ocrx_word' id='word_1_205' title='bbox 3091 1452 3251 1506; x_wconf 88' lang='lat' dir='ltr'><strong>agere</strong></span> <span class='ocrx_word' id='word_1_206' title='bbox 3281 1433 3501 1504; x_wconf 89' lang='lat' dir='ltr'><strong>permit-</strong></span> 
     </span>
    </p>
   </div>
   <div class='ocr_carea' id='block_1_30' title="bbox 1917 1528 3498 1608">
    <p class='ocr_par' dir='ltr' id='par_1_30' title="bbox 1917 1528 3498 1608">
     <span class='ocr_line' id='line_1_30' title="bbox 1917 1528 3498 1608; baseline -0.011 -9"><span class='ocrx_word' id='word_1_207' title='bbox 1917 1551 2111 1605; x_wconf 78' lang='lat' dir='ltr'><strong>tentes,</strong></span> <span class='ocrx_word' id='word_1_208' title='bbox 2137 1551 2191 1596; x_wconf 91' lang='lat' dir='ltr'><strong>et</strong></span> <span class='ocrx_word' id='word_1_209' title='bbox 2218 1540 2319 1595; x_wconf 89' lang='lat' dir='ltr'><strong>hoc</strong></span> <span class='ocrx_word' id='word_1_210' title='bbox 2347 1540 2689 1608; x_wconf 88' lang='lat' dir='ltr'><strong>prohibemus</strong></span> <span class='ocrx_word' id='word_1_211' title='bbox 2719 1536 2772 1591; x_wconf 89' lang='lat' dir='ltr'><strong>in</strong></span> <span class='ocrx_word' id='word_1_212' title='bbox 2812 1533 2958 1590; x_wconf 91' lang='lat' dir='ltr'><strong>omni</strong></span> <span class='ocrx_word' id='word_1_213' title='bbox 3000 1545 3225 1602; x_wconf 89' lang='lat' dir='ltr'><strong>persona</strong></span> <span class='ocrx_word' id='word_1_214' title='bbox 3272 1528 3498 1595; x_wconf 85' lang='lat' dir='ltr'><strong>maiore,</strong></span> 
     </span>
    </p>
   </div>
   <div class='ocr_carea' id='block_1_31' title="bbox 1916 1624 3501 1703">
    <p class='ocr_par' dir='ltr' id='par_1_31' title="bbox 1916 1624 3501 1703">
     <span class='ocr_line' id='line_1_31' title="bbox 1916 1624 3501 1703; baseline -0.01 -10"><span class='ocrx_word' id='word_1_215' title='bbox 1916 1639 2000 1693; x_wconf 83' lang='lat' dir='ltr'><strong>vel</strong></span> <span class='ocrx_word' id='word_1_216' title='bbox 2029 1637 2255 1703; x_wconf 92' lang='lat' dir='ltr'><strong>minore,</strong></span> <span class='ocrx_word' id='word_1_217' title='bbox 2304 1636 2417 1690; x_wconf 88' lang='lat' dir='ltr'><strong>sive</strong></span> <span class='ocrx_word' id='word_1_218' title='bbox 2457 1633 2511 1689; x_wconf 91' lang='lat' dir='ltr'><strong>in</strong></span> <span class='ocrx_word' id='word_1_219' title='bbox 2562 1631 2773 1701; x_wconf 88' lang='lat' dir='ltr'><strong>cingulo</strong></span> <span class='ocrx_word' id='word_1_220' title='bbox 2812 1630 3120 1692; x_wconf 86' lang='lat' dir='ltr'><strong>constituta,</strong></span> <span class='ocrx_word' id='word_1_221' title='bbox 3150 1625 3262 1679; x_wconf 90' lang='lat' dir='ltr'><strong>sive</strong></span> <span class='ocrx_word' id='word_1_222' title='bbox 3306 1624 3501 1677; x_wconf 85' lang='lat' dir='ltr'><strong>horum</strong></span> 
     </span>
    </p>
   </div>
   <div class='ocr_carea' id='block_1_32' title="bbox 1917 1717 3498 1799">
    <p class='ocr_par' dir='ltr' id='par_1_32' title="bbox 1917 1717 3498 1799">
     <span class='ocr_line' id='line_1_32' title="bbox 1917 1717 3498 1799; baseline -0.011 -15"><span class='ocrx_word' id='word_1_223' title='bbox 1917 1730 2009 1799; x_wconf 88' lang='lat' dir='ltr'><strong>qui</strong></span> <span class='ocrx_word' id='word_1_224' title='bbox 2036 1731 2177 1785; x_wconf 91' lang='lat' dir='ltr'><strong>circa</strong></span> <span class='ocrx_word' id='word_1_225' title='bbox 2207 1743 2304 1783; x_wconf 91' lang='lat' dir='ltr'><strong>nos</strong></span> <span class='ocrx_word' id='word_1_226' title='bbox 2333 1735 2488 1791; x_wconf 89' lang='lat' dir='ltr'><strong>sunt,</strong></span> <span class='ocrx_word' id='word_1_227' title='bbox 2520 1727 2634 1781; x_wconf 88' lang='lat' dir='ltr'><strong>sive</strong></span> <span class='ocrx_word' id='word_1_228' title='bbox 2663 1724 2889 1780; x_wconf 90' lang='lat' dir='ltr'><strong>aliorum</strong></span> <span class='ocrx_word' id='word_1_229' title='bbox 2933 1720 3195 1791; x_wconf 89' lang='lat' dir='ltr'><strong>quispiam</strong></span> <span class='ocrx_word' id='word_1_230' title='bbox 3232 1717 3371 1770; x_wconf 89' lang='lat' dir='ltr'><strong>inter</strong></span> <span class='ocrx_word' id='word_1_231' title='bbox 3402 1726 3498 1783; x_wconf 92' lang='lat' dir='ltr'><strong>po-</strong></span> 
     </span>
    </p>
   </div>
   <div class='ocr_carea' id='block_1_33' title="bbox 218 1807 3501 1893">
    <p class='ocr_par' dir='ltr' id='par_1_33' title="bbox 218 1807 3501 1893">
     <span class='ocr_line' id='line_1_33' title="bbox 218 1807 3501 1893; baseline -0.012 4"><span class='ocrx_word' id='word_1_232' title='bbox 218 1820 279 1870; x_wconf 67' lang='grc' dir='ltr'>θί</span> <span class='ocrx_word' id='word_1_233' title='bbox 303 1812 513 1868; x_wconf 59' lang='lat' dir='ltr'><strong>deder“</strong></span> <span class='ocrx_word' id='word_1_234' title='bbox 537 1827 753 1877; x_wconf 53' lang='lat' dir='ltr'><strong>“mm,</strong></span> <span class='ocrx_word' id='word_1_235' title='bbox 782 1811 851 1865; x_wconf 62' lang='lat' dir='ltr'><strong>ab</strong></span> <span class='ocrx_word' id='word_1_236' title='bbox 877 1811 980 1866; x_wconf 59' lang='lat' dir='ltr'><strong>hoc</strong></span> <span class='ocrx_word' id='word_1_237' title='bbox 1000 1810 1155 1865; x_wconf 56' lang='lat' dir='ltr'><strong>cadat</strong></span> <span class='ocrx_word' id='word_1_238' title='bbox 1182 1809 1438 1872; x_wconf 64' lang='grc' dir='ltr'><strong>θνθάίίοτν</strong></span> <span class='ocrx_word' id='word_1_239' title='bbox 1472 1815 1526 1861; x_wconf 53' lang='lat' dir='ltr'><strong>et</strong></span> <span class='ocrx_word' id='word_1_240' title='bbox 1552 1821 1670 1875; x_wconf 59' lang='lat' dir='ltr'><strong>qui“</strong></span> <span class='ocrx_word' id='word_1_241' title='bbox 1694 1819 1813 1858; x_wconf 74' lang='lat' dir='ltr'><strong>mu‘</strong></span> <span class='ocrx_word' id='word_1_242' title='bbox 1844 1812 1894 1871; x_wconf 85' lang='grc' dir='ltr'><strong>Β</strong></span> <span class='ocrx_word' id='word_1_243' title='bbox 1919 1824 2073 1893; x_wconf 90' lang='lat' dir='ltr'><strong>pulos</strong></span> <span class='ocrx_word' id='word_1_244' title='bbox 2103 1821 2476 1878; x_wconf 88' lang='lat' dir='ltr'><strong>habitantium.</strong></span> <span class='ocrx_word' id='word_1_245' title='bbox 2506 1819 2572 1875; x_wconf 89' lang='lat' dir='ltr'><strong>Et</strong></span> <span class='ocrx_word' id='word_1_246' title='bbox 2601 1817 2892 1883; x_wconf 89' lang='lat' dir='ltr'><strong>sancimus,</strong></span> <span class='ocrx_word' id='word_1_247' title='bbox 2925 1813 3055 1869; x_wconf 89' lang='lat' dir='ltr'><strong>nulli</strong></span> <span class='ocrx_word' id='word_1_248' title='bbox 3086 1811 3297 1880; x_wconf 90' lang='lat' dir='ltr'><strong>penitus</strong></span> <span class='ocrx_word' id='word_1_249' title='bbox 3334 1807 3501 1862; x_wconf 88' lang='lat' dir='ltr'><strong>licen-</strong></span> 
     </span>
    </p>
   </div>
   <div class='ocr_carea' id='block_1_34' title="bbox 217 1894 1814 1974">
    <p class='ocr_par' dir='ltr' id='par_1_34' title="bbox 217 1894 1814 1974">
     <span class='ocr_line' id='line_1_34' title="bbox 217 1894 1814 1974; baseline -0.006 -15"><span class='ocrx_word' id='word_1_250' title='bbox 217 1912 373 1959; x_wconf 90' lang='lat' dir='ltr'><strong>tuum</strong></span> <span class='ocrx_word' id='word_1_251' title='bbox 416 1905 685 1974; x_wconf 87' lang='lat' dir='ltr'><strong>acceperit</strong></span> <span class='ocrx_word' id='word_1_252' title='bbox 728 1902 1067 1958; x_wconf 89' lang='lat' dir='ltr'><strong>sanctissima</strong></span> <span class='ocrx_word' id='word_1_253' title='bbox 1106 1901 1331 1956; x_wconf 91' lang='lat' dir='ltr'><strong>ecclesia</strong></span> <span class='ocrx_word' id='word_1_254' title='bbox 1374 1908 1466 1953; x_wconf 90' lang='lat' dir='ltr'><strong>ant</strong></span> <span class='ocrx_word' id='word_1_255' title='bbox 1496 1894 1814 1952; x_wconf 89' lang='lat' dir='ltr'><strong>venerabilis</strong></span> 
     </span>
    </p>
   </div>
   <div class='ocr_carea' id='block_1_35' title="bbox 216 1988 1810 2068">
    <p class='ocr_par' dir='ltr' id='par_1_35' title="bbox 216 1988 1810 2068">
     <span class='ocr_line' id='line_1_35' title="bbox 216 1988 1810 2068; baseline -0.008 -14"><span class='ocrx_word' id='word_1_256' title='bbox 216 1998 438 2060; x_wconf 85' lang='lat' dir='ltr'><strong>domus.</strong></span> <span class='ocrx_word' id='word_1_257' title='bbox 481 1998 624 2068; x_wconf 90' lang='lat' dir='ltr'><strong>quod</strong></span> <span class='ocrx_word' id='word_1_258' title='bbox 674 2004 971 2052; x_wconf 89' lang='lat' dir='ltr'><strong>mutuatum</strong></span> <span class='ocrx_word' id='word_1_259' title='bbox 1002 2005 1086 2051; x_wconf 87' lang='lat' dir='ltr'><strong>est</strong></span> <span class='ocrx_word' id='word_1_260' title='bbox 1132 2008 1352 2055; x_wconf 89' lang='lat' dir='ltr'><strong>aurum,</strong></span> <span class='ocrx_word' id='word_1_261' title='bbox 1384 1994 1535 2046; x_wconf 91' lang='lat' dir='ltr'><strong>lucro</strong></span> <span class='ocrx_word' id='word_1_262' title='bbox 1580 1988 1810 2054; x_wconf 84' lang='lat' dir='ltr'><strong>habeat,</strong></span> 
     </span>
    </p>
   </div>
   <div class='ocr_carea' id='block_1_36' title="bbox 218 2088 1813 2146">
    <p class='ocr_par' dir='ltr' id='par_1_36' title="bbox 218 2088 1813 2146">
     <span class='ocr_line' id='line_1_36' title="bbox 218 2088 1813 2146; baseline -0.009 0"><span class='ocrx_word' id='word_1_263' title='bbox 218 2090 384 2146; x_wconf 88' lang='lat' dir='ltr'><strong>etiam</strong></span> <span class='ocrx_word' id='word_1_264' title='bbox 416 2089 505 2144; x_wconf 89' lang='lat' dir='ltr'><strong>hic</strong></span> <span class='ocrx_word' id='word_1_265' title='bbox 530 2097 718 2144; x_wconf 91' lang='lat' dir='ltr'><strong>contra</strong></span> <span class='ocrx_word' id='word_1_266' title='bbox 758 2088 1117 2143; x_wconf 76' lang='lat' dir='ltr'><strong>celebrantem</strong></span> <span class='ocrx_word' id='word_1_267' title='bbox 1153 2092 1396 2139; x_wconf 91' lang='lat' dir='ltr'><strong>mutuum</strong></span> <span class='ocrx_word' id='word_1_268' title='bbox 1439 2094 1813 2144; x_wconf 73' lang='lat' dir='ltr'><strong>(economum,</strong></span> 
     </span>
    </p>
   </div>
   <div class='ocr_carea' id='block_1_37' title="bbox 218 2170 1812 2247">
    <p class='ocr_par' dir='ltr' id='par_1_37' title="bbox 218 2170 1812 2247">
     <span class='ocr_line' id='line_1_37' title="bbox 218 2170 1812 2247; baseline -0.008 -11"><span class='ocrx_word' id='word_1_269' title='bbox 218 2189 315 2236; x_wconf 87' lang='lat' dir='ltr'><strong>aut</strong></span> <span class='ocrx_word' id='word_1_270' title='bbox 339 2181 707 2237; x_wconf 81' lang='lat' dir='ltr'><strong>xenodocltum</strong></span> <span class='ocrx_word' id='word_1_271' title='bbox 726 2220 740 2245; x_wconf 93' lang='lat'><strong>,</strong></span> <span class='ocrx_word' id='word_1_272' title='bbox 769 2188 862 2233; x_wconf 90' lang='lat' dir='ltr'><strong>aut</strong></span> <span class='ocrx_word' id='word_1_273' title='bbox 887 2176 1378 2247; x_wconf 87' lang='lat' dir='ltr'><strong>brephotrophum,</strong></span> <span class='ocrx_word' id='word_1_274' title='bbox 1406 2181 1499 2227; x_wconf 87' lang='lat' dir='ltr'><strong>aut</strong></span> <span class='ocrx_word' id='word_1_275' title='bbox 1530 2170 1812 2239; x_wconf 69' lang='lat' dir='ltr'><strong>praesulem</strong></span> 
     </span>
    </p>
   </div>
   <div class='ocr_carea' id='block_1_38' title="bbox 216 2262 1815 2340">
    <p class='ocr_par' dir='ltr' id='par_1_38' title="bbox 216 2262 1815 2340">
     <span class='ocr_line' id='line_1_38' title="bbox 216 2262 1815 2340; baseline -0.009 -12"><span class='ocrx_word' id='word_1_276' title='bbox 216 2273 567 2340; x_wconf 81' lang='lat' dir='ltr'><strong>monasterii,</strong></span> <span class='ocrx_word' id='word_1_277' title='bbox 598 2279 693 2326; x_wconf 86' lang='lat' dir='ltr'><strong>aut</strong></span> <span class='ocrx_word' id='word_1_278' title='bbox 721 2269 970 2326; x_wconf 91' lang='lat' dir='ltr'><strong>asceterii</strong></span> <span class='ocrx_word' id='word_1_279' title='bbox 991 2310 1007 2335; x_wconf 95' lang='lat'><strong>,</strong></span> <span class='ocrx_word' id='word_1_280' title='bbox 1042 2277 1134 2323; x_wconf 92' lang='lat' dir='ltr'><strong>aut</strong></span> <span class='ocrx_word' id='word_1_281' title='bbox 1164 2268 1393 2321; x_wconf 91' lang='lat' dir='ltr'><strong>aliorum</strong></span> <span class='ocrx_word' id='word_1_282' title='bbox 1423 2262 1815 2319; x_wconf 87' lang='lat' dir='ltr'><strong>venerabilium</strong></span> 
     </span>
    </p>
   </div>
   <div class='ocr_carea' id='block_1_39' title="bbox 216 2352 1815 2434">
    <p class='ocr_par' dir='ltr' id='par_1_39' title="bbox 216 2352 1815 2434">
     <span class='ocr_line' id='line_1_39' title="bbox 216 2352 1815 2434; baseline -0.009 -14"><span class='ocrx_word' id='word_1_283' title='bbox 216 2364 569 2434; x_wconf 77' lang='lat' dir='ltr'><strong>collegiorum</strong></span> <span class='ocrx_word' id='word_1_284' title='bbox 597 2362 855 2419; x_wconf 87' lang='lat' dir='ltr'><strong>creditori</strong></span> <span class='ocrx_word' id='word_1_285' title='bbox 896 2362 1108 2415; x_wconf 90' lang='lat' dir='ltr'><strong>actione</strong></span> <span class='ocrx_word' id='word_1_286' title='bbox 1142 2365 1415 2420; x_wconf 88' lang='lat' dir='ltr'><strong>manente,</strong></span> <span class='ocrx_word' id='word_1_287' title='bbox 1450 2355 1533 2410; x_wconf 82' lang='lat' dir='ltr'><strong>Itis</strong></span> <span class='ocrx_word' id='word_1_288' title='bbox 1564 2352 1815 2408; x_wconf 89' lang='lat' dir='ltr'><strong>omnibus</strong></span> 
     </span>
    </p>
   </div>
   <div class='ocr_carea' id='block_1_40' title="bbox 218 2450 1815 2514">
    <p class='ocr_par' dir='ltr' id='par_1_40' title="bbox 218 2450 1815 2514">
     <span class='ocr_line' id='line_1_40' title="bbox 218 2450 1815 2514; baseline -0.009 -1"><span class='ocrx_word' id='word_1_289' title='bbox 218 2457 383 2514; x_wconf 82' lang='lat' dir='ltr'><strong>etiam</strong></span> <span class='ocrx_word' id='word_1_290' title='bbox 405 2456 460 2511; x_wconf 91' lang='lat' dir='ltr'><strong>in</strong></span> <span class='ocrx_word' id='word_1_291' title='bbox 490 2456 773 2511; x_wconf 86' lang='lat' dir='ltr'><strong>abbatissis</strong></span> <span class='ocrx_word' id='word_1_292' title='bbox 803 2453 1144 2509; x_wconf 86' lang='lat' dir='ltr'><strong>muliebrium</strong></span> <span class='ocrx_word' id='word_1_293' title='bbox 1173 2450 1556 2505; x_wconf 88' lang='lat' dir='ltr'><strong>asceteriorum</strong></span> <span class='ocrx_word' id='word_1_294' title='bbox 1585 2458 1677 2500; x_wconf 85' lang='lat' dir='ltr'><strong>aut</strong></span> <span class='ocrx_word' id='word_1_295' title='bbox 1706 2459 1815 2499; x_wconf 91' lang='lat' dir='ltr'><strong>mo-</strong></span> 
     </span>
    </p>
   </div>
   <div class='ocr_carea' id='block_1_41' title="bbox 219 2536 1817 2605">
    <p class='ocr_par' dir='ltr' id='par_1_41' title="bbox 219 2536 1817 2605">
     <span class='ocr_line' id='line_1_41' title="bbox 219 2536 1817 2605; baseline -0.009 -1"><span class='ocrx_word' id='word_1_296' title='bbox 219 2549 587 2605; x_wconf 87' lang='lat' dir='ltr'><strong>nasteriorum</strong></span> <span class='ocrx_word' id='word_1_297' title='bbox 616 2547 937 2602; x_wconf 85' lang='lat' dir='ltr'><strong>valentibus.</strong></span> <span class='ocrx_word' id='word_1_298' title='bbox 960 2544 1015 2599; x_wconf 88' lang='lat' dir='ltr'><strong>Si</strong></span> <span class='ocrx_word' id='word_1_299' title='bbox 1046 2543 1184 2599; x_wconf 88' lang='lat' dir='ltr'><strong>enim</strong></span> <span class='ocrx_word' id='word_1_300' title='bbox 1210 2541 1430 2596; x_wconf 90' lang='lat' dir='ltr'><strong>omnino</strong></span> <span class='ocrx_word' id='word_1_301' title='bbox 1458 2536 1817 2593; x_wconf 87' lang='lat' dir='ltr'><strong>sanctissimis</strong></span> 
     </span>
    </p>
   </div>
   <div class='ocr_carea' id='block_1_42' title="bbox 216 2629 1816 2697">
    <p class='ocr_par' dir='ltr' id='par_1_42' title="bbox 216 2629 1816 2697">
     <span class='ocr_line' id='line_1_42' title="bbox 216 2629 1816 2697; baseline -0.008 -1"><span class='ocrx_word' id='word_1_302' title='bbox 216 2640 472 2696; x_wconf 86' lang='lat' dir='ltr'><strong>ecclesiis</strong></span> <span class='ocrx_word' id='word_1_303' title='bbox 494 2647 585 2693; x_wconf 89' lang='lat' dir='ltr'><strong>aut</strong></span> <span class='ocrx_word' id='word_1_304' title='bbox 611 2638 729 2691; x_wconf 91' lang='lat' dir='ltr'><strong>aliis</strong></span> <span class='ocrx_word' id='word_1_305' title='bbox 752 2635 1154 2692; x_wconf 88' lang='lat' dir='ltr'><strong>venerabilibus</strong></span> <span class='ocrx_word' id='word_1_306' title='bbox 1182 2632 1433 2688; x_wconf 91' lang='lat' dir='ltr'><strong>domibus</strong></span> <span class='ocrx_word' id='word_1_307' title='bbox 1454 2629 1661 2686; x_wconf 89' lang='lat' dir='ltr'><strong>credito</strong></span> <span class='ocrx_word' id='word_1_308' title='bbox 1682 2643 1816 2697; x_wconf 91' lang='lat' dir='ltr'><strong>opus</strong></span> 
     </span>
    </p>
   </div>
   <div class='ocr_carea' id='block_1_43' title="bbox 215 2722 1818 2798">
    <p class='ocr_par' dir='ltr' id='par_1_43' title="bbox 215 2722 1818 2798">
     <span class='ocr_line' id='line_1_43' title="bbox 215 2722 1818 2798; baseline -0.007 -12"><span class='ocrx_word' id='word_1_309' title='bbox 215 2733 323 2798; x_wconf 89' lang='lat' dir='ltr'><strong>sit,</strong></span> <span class='ocrx_word' id='word_1_310' title='bbox 349 2730 514 2798; x_wconf 90' lang='lat' dir='ltr'><strong>idque</strong></span> <span class='ocrx_word' id='word_1_311' title='bbox 540 2730 676 2783; x_wconf 80' lang='lat' dir='ltr'><strong>forte</strong></span> <span class='ocrx_word' id='word_1_312' title='bbox 704 2737 797 2783; x_wconf 91' lang='lat' dir='ltr'><strong>aut</strong></span> <span class='ocrx_word' id='word_1_313' title='bbox 828 2728 880 2781; x_wconf 92' lang='lat' dir='ltr'><strong>in</strong></span> <span class='ocrx_word' id='word_1_314' title='bbox 915 2727 1273 2781; x_wconf 88' lang='lat' dir='ltr'><strong>necessariam</strong></span> <span class='ocrx_word' id='word_1_315' title='bbox 1303 2722 1588 2792; x_wconf 80' lang='lat' dir='ltr'><strong>quamdam</strong></span> <span class='ocrx_word' id='word_1_316' title='bbox 1621 2728 1677 2775; x_wconf 93' lang='lat' dir='ltr'><strong>et</strong></span> <span class='ocrx_word' id='word_1_317' title='bbox 1706 2722 1818 2774; x_wconf 88' lang='lat' dir='ltr'><strong>ine-</strong></span> 
     </span>
    </p>
   </div>
   <div class='ocr_carea' id='block_1_44' title="bbox 220 2812 1815 2888">
    <p class='ocr_par' dir='ltr' id='par_1_44' title="bbox 220 2812 1815 2888">
     <span class='ocr_line' id='line_1_44' title="bbox 220 2812 1815 2888; baseline -0.008 -11"><span class='ocrx_word' id='word_1_318' title='bbox 220 2822 501 2877; x_wconf 83' lang='lat' dir='ltr'><strong>vitabilem</strong></span> <span class='ocrx_word' id='word_1_319' title='bbox 549 2821 883 2874; x_wconf 88' lang='lat' dir='ltr'><strong>occasionem</strong></span> <span class='ocrx_word' id='word_1_320' title='bbox 903 2861 918 2886; x_wconf 94' lang='lat'><strong>,</strong></span> <span class='ocrx_word' id='word_1_321' title='bbox 948 2829 1002 2874; x_wconf 89' lang='lat' dir='ltr'><strong>et</strong></span> <span class='ocrx_word' id='word_1_322' title='bbox 1034 2827 1227 2888; x_wconf 72' lang='lat' dir='ltr'><strong>prteter</strong></span> <span class='ocrx_word' id='word_1_323' title='bbox 1256 2830 1415 2883; x_wconf 90' lang='lat' dir='ltr'><strong>quam</strong></span> <span class='ocrx_word' id='word_1_324' title='bbox 1446 2829 1552 2868; x_wconf 90' lang='lat' dir='ltr'><strong>non</strong></span> <span class='ocrx_word' id='word_1_325' title='bbox 1582 2812 1815 2883; x_wconf 85' lang='lat' dir='ltr'><strong>poterit,</strong></span> 
     </span>
    </p>
   </div>
   <div class='ocr_carea' id='block_1_45' title="bbox 219 2904 1820 2986">
    <p class='ocr_par' dir='ltr' id='par_1_45' title="bbox 219 2904 1820 2986">
     <span class='ocr_line' id='line_1_45' title="bbox 219 2904 1820 2986; baseline -0.009 -17"><span class='ocrx_word' id='word_1_326' title='bbox 219 2915 367 2986; x_wconf 87' lang='lat' dir='ltr'><strong>quod</strong></span> <span class='ocrx_word' id='word_1_327' title='bbox 415 2910 657 2966; x_wconf 87' lang='lat' dir='ltr'><strong>imminet</strong></span> <span class='ocrx_word' id='word_1_328' title='bbox 706 2909 1018 2979; x_wconf 89' lang='lat' dir='ltr'><strong>adimpleri,</strong></span> <span class='ocrx_word' id='word_1_329' title='bbox 1053 2918 1144 2962; x_wconf 89' lang='lat' dir='ltr'><strong>aut</strong></span> <span class='ocrx_word' id='word_1_330' title='bbox 1185 2908 1239 2961; x_wconf 94' lang='lat' dir='ltr'><strong>in</strong></span> <span class='ocrx_word' id='word_1_331' title='bbox 1278 2906 1436 2960; x_wconf 90' lang='lat' dir='ltr'><strong>aliam</strong></span> <span class='ocrx_word' id='word_1_332' title='bbox 1468 2918 1683 2958; x_wconf 82' lang='lat' dir='ltr'><strong>causam</strong></span> <span class='ocrx_word' id='word_1_333' title='bbox 1714 2904 1820 2958; x_wconf 90' lang='lat' dir='ltr'><strong>uti-</strong></span> 
     </span>
    </p>
   </div>
   <div class='ocr_carea' id='block_1_46' title="bbox 227 2992 1820 3059">
    <p class='ocr_par' dir='ltr' id='par_1_46' title="bbox 227 2992 1820 3059">
     <span class='ocr_line' id='line_1_46' title="bbox 227 2992 1820 3059; baseline -0.008 -1"><span class='ocrx_word' id='word_1_334' title='bbox 227 3003 495 3059; x_wconf 82' lang='lat' dir='ltr'><strong>lissimam</strong></span> <span class='ocrx_word' id='word_1_335' title='bbox 538 2999 891 3054; x_wconf 71' lang='lat' dir='ltr'><strong>sanctissima:</strong></span> <span class='ocrx_word' id='word_1_336' title='bbox 931 2996 1173 3053; x_wconf 62' lang='lat' dir='ltr'><strong>ecclesiae</strong></span> <span class='ocrx_word' id='word_1_337' title='bbox 1199 2994 1611 3057; x_wconf 86' lang='lat' dir='ltr'><strong>consistentem,</strong></span> <span class='ocrx_word' id='word_1_338' title='bbox 1642 2992 1820 3047; x_wconf 89' lang='lat' dir='ltr'><strong>licebit</strong></span> 
     </span>
    </p>
   </div>
   <div class='ocr_carea' id='block_1_47' title="bbox 222 3083 1815 3164">
    <p class='ocr_par' dir='ltr' id='par_1_47' title="bbox 222 3083 1815 3164">
     <span class='ocr_line' id='line_1_47' title="bbox 222 3083 1815 3164; baseline -0.009 -15"><span class='ocrx_word' id='word_1_339' title='bbox 222 3092 532 3164; x_wconf 59' lang='lat' dir='ltr'><strong>prapositis</strong></span> <span class='ocrx_word' id='word_1_340' title='bbox 562 3105 746 3145; x_wconf 90' lang='lat' dir='ltr'><strong>earum</strong></span> <span class='ocrx_word' id='word_1_341' title='bbox 788 3103 955 3159; x_wconf 85' lang='lat' dir='ltr'><strong>usque</strong></span> <span class='ocrx_word' id='word_1_342' title='bbox 984 3087 1052 3142; x_wconf 88' lang='lat' dir='ltr'><strong>ad</strong></span> <span class='ocrx_word' id='word_1_343' title='bbox 1096 3084 1403 3157; x_wconf 84' lang='lat' dir='ltr'><strong>generalem</strong></span> <span class='ocrx_word' id='word_1_344' title='bbox 1456 3083 1815 3153; x_wconf 87' lang='lat' dir='ltr'><strong>hypothecam</strong></span> 
     </span>
    </p>
   </div>
   <div class='ocr_carea' id='block_1_48' title="bbox 1921 1898 3502 1981">
    <p class='ocr_par' dir='ltr' id='par_1_48' title="bbox 1921 1898 3502 1981">
     <span class='ocr_line' id='line_1_48' title="bbox 1921 1898 3502 1981; baseline -0.009 -13"><span class='ocrx_word' id='word_1_345' title='bbox 1921 1913 2051 1968; x_wconf 89' lang='lat' dir='ltr'><strong>tiam</strong></span> <span class='ocrx_word' id='word_1_346' title='bbox 2099 1928 2218 1968; x_wconf 90' lang='lat' dir='ltr'><strong>esse</strong></span> <span class='ocrx_word' id='word_1_347' title='bbox 2269 1913 2424 1968; x_wconf 86' lang='lat' dir='ltr'><strong>talem</strong></span> <span class='ocrx_word' id='word_1_348' title='bbox 2476 1910 2779 1981; x_wconf 89' lang='lat' dir='ltr'><strong>quempiam</strong></span> <span class='ocrx_word' id='word_1_349' title='bbox 2825 1904 3210 1977; x_wconf 88' lang='lat' dir='ltr'><strong>pragmaticum</strong></span> <span class='ocrx_word' id='word_1_350' title='bbox 3260 1898 3502 1970; x_wconf 83' lang='lat' dir='ltr'><strong>proferre</strong></span> 
     </span>
    </p>
   </div>
   <div class='ocr_carea' id='block_1_49' title="bbox 1920 1991 3507 2079">
    <p class='ocr_par' dir='ltr' id='par_1_49' title="bbox 1920 1991 3507 2079">
     <span class='ocr_line' id='line_1_49' title="bbox 1920 1991 3507 2079; baseline -0.011 -17"><span class='ocrx_word' id='word_1_351' title='bbox 1920 2016 2137 2079; x_wconf 84' lang='lat' dir='ltr'><strong>typum,</strong></span> <span class='ocrx_word' id='word_1_352' title='bbox 2168 2020 2341 2076; x_wconf 89' lang='lat' dir='ltr'><strong>neque</strong></span> <span class='ocrx_word' id='word_1_353' title='bbox 2372 2020 2443 2060; x_wconf 85' lang='lat' dir='ltr'><strong>ex</strong></span> <span class='ocrx_word' id='word_1_354' title='bbox 2475 2003 2575 2059; x_wconf 87' lang='lat' dir='ltr'><strong>hoc</strong></span> <span class='ocrx_word' id='word_1_355' title='bbox 2616 2002 2861 2071; x_wconf 85' lang='lat' dir='ltr'><strong>accipere</strong></span> <span class='ocrx_word' id='word_1_356' title='bbox 2888 1996 3105 2067; x_wconf 90' lang='lat' dir='ltr'><strong>aliquod</strong></span> <span class='ocrx_word' id='word_1_357' title='bbox 3133 1996 3201 2051; x_wconf 92' lang='lat' dir='ltr'><strong>de</strong></span> <span class='ocrx_word' id='word_1_358' title='bbox 3228 1991 3507 2049; x_wconf 88' lang='lat' dir='ltr'><strong>sanctissi-</strong></span> 
     </span>
    </p>
   </div>
   <div class='ocr_carea' id='block_1_50' title="bbox 1919 2087 3501 2166">
    <p class='ocr_par' dir='ltr' id='par_1_50' title="bbox 1919 2087 3501 2166">
     <span class='ocr_line' id='line_1_50' title="bbox 1919 2087 3501 2166; baseline -0.011 -10"><span class='ocrx_word' id='word_1_359' title='bbox 1919 2099 2022 2156; x_wconf 89' lang='lat' dir='ltr'><strong>mis</strong></span> <span class='ocrx_word' id='word_1_360' title='bbox 2060 2099 2302 2155; x_wconf 89' lang='lat' dir='ltr'><strong>ecclcsiis</strong></span> <span class='ocrx_word' id='word_1_361' title='bbox 2330 2096 2738 2166; x_wconf 90' lang='lat' dir='ltr'><strong>compendium,</strong></span> <span class='ocrx_word' id='word_1_362' title='bbox 2782 2103 2874 2147; x_wconf 93' lang='lat' dir='ltr'><strong>aut</strong></span> <span class='ocrx_word' id='word_1_363' title='bbox 2910 2092 2979 2146; x_wconf 88' lang='lat' dir='ltr'><strong>de</strong></span> <span class='ocrx_word' id='word_1_364' title='bbox 3026 2087 3365 2144; x_wconf 88' lang='lat' dir='ltr'><strong>monasteriis</strong></span> <span class='ocrx_word' id='word_1_365' title='bbox 3406 2088 3501 2139; x_wconf 79' lang='lat' dir='ltr'><strong>aut</strong></span> 
     </span>
    </p>
   </div>
   <div class='ocr_carea' id='block_1_51' title="bbox 1919 2180 3499 2262">
    <p class='ocr_par' dir='ltr' id='par_1_51' title="bbox 1919 2180 3499 2262">
     <span class='ocr_line' id='line_1_51' title="bbox 1919 2180 3499 2262; baseline -0.008 -15"><span class='ocrx_word' id='word_1_366' title='bbox 1919 2190 2174 2262; x_wconf 89' lang='lat' dir='ltr'><strong>ptochiis,</strong></span> <span class='ocrx_word' id='word_1_367' title='bbox 2196 2201 2286 2245; x_wconf 88' lang='lat' dir='ltr'><strong>aut</strong></span> <span class='ocrx_word' id='word_1_368' title='bbox 2308 2191 2427 2245; x_wconf 90' lang='lat' dir='ltr'><strong>aliis</strong></span> <span class='ocrx_word' id='word_1_369' title='bbox 2456 2187 2850 2245; x_wconf 90' lang='lat' dir='ltr'><strong>venerabilibus</strong></span> <span class='ocrx_word' id='word_1_370' title='bbox 2878 2184 3122 2256; x_wconf 86' lang='lat' dir='ltr'><strong>collegiis</strong></span> <span class='ocrx_word' id='word_1_371' title='bbox 3143 2180 3499 2236; x_wconf 85' lang='lat' dir='ltr'><strong>immobilium</strong></span> 
     </span>
    </p>
   </div>
   <div class='ocr_carea' id='block_1_52' title="bbox 1919 2269 3502 2352">
    <p class='ocr_par' dir='ltr' id='par_1_52' title="bbox 1919 2269 3502 2352">
     <span class='ocr_line' id='line_1_52' title="bbox 1919 2269 3502 2352; baseline -0.011 -12"><span class='ocrx_word' id='word_1_372' title='bbox 1919 2299 2122 2341; x_wconf 90' lang='lat' dir='ltr'><strong>rerum.</strong></span> <span class='ocrx_word' id='word_1_373' title='bbox 2153 2282 2258 2339; x_wconf 88' lang='lat' dir='ltr'><strong>Sed</strong></span> <span class='ocrx_word' id='word_1_374' title='bbox 2287 2293 2341 2337; x_wconf 89' lang='lat' dir='ltr'><strong>et</strong></span> <span class='ocrx_word' id='word_1_375' title='bbox 2365 2281 2751 2352; x_wconf 87' lang='lat' dir='ltr'><strong>gloriosissimo</strong></span> <span class='ocrx_word' id='word_1_376' title='bbox 2780 2275 3034 2347; x_wconf 86' lang='lat' dir='ltr'><strong>quaestori</strong></span> <span class='ocrx_word' id='word_1_377' title='bbox 3068 2287 3282 2343; x_wconf 74' lang='lat' dir='ltr'><strong>pmnam</strong></span> <span class='ocrx_word' id='word_1_378' title='bbox 3321 2269 3502 2326; x_wconf 86' lang='lat' dir='ltr'><strong>immi-</strong></span> 
     </span>
    </p>
   </div>
   <div class='ocr_carea' id='block_1_53' title="bbox 1920 2363 3501 2440">
    <p class='ocr_par' dir='ltr' id='par_1_53' title="bbox 1920 2363 3501 2440">
     <span class='ocr_line' id='line_1_53' title="bbox 1920 2363 3501 2440; baseline -0.011 -6"><span class='ocrx_word' id='word_1_379' title='bbox 1920 2393 2052 2434; x_wconf 89' lang='lat' dir='ltr'><strong>nere</strong></span> <span class='ocrx_word' id='word_1_380' title='bbox 2093 2385 2307 2433; x_wconf 91' lang='lat' dir='ltr'><strong>centum</strong></span> <span class='ocrx_word' id='word_1_381' title='bbox 2339 2375 2593 2429; x_wconf 85' lang='lat' dir='ltr'><strong>librarum</strong></span> <span class='ocrx_word' id='word_1_382' title='bbox 2622 2373 2772 2436; x_wconf 91' lang='lat' dir='ltr'><strong>auri,</strong></span> <span class='ocrx_word' id='word_1_383' title='bbox 2804 2371 2849 2425; x_wconf 89' lang='lat' dir='ltr'><strong>si</strong></span> <span class='ocrx_word' id='word_1_384' title='bbox 2878 2368 3005 2440; x_wconf 90' lang='lat' dir='ltr'><strong>quid</strong></span> <span class='ocrx_word' id='word_1_385' title='bbox 3036 2367 3143 2421; x_wconf 91' lang='lat' dir='ltr'><strong>tale</strong></span> <span class='ocrx_word' id='word_1_386' title='bbox 3186 2363 3501 2429; x_wconf 89' lang='lat' dir='ltr'><strong>dictaverit,</strong></span> 
     </span>
    </p>
   </div>
   <div class='ocr_carea' id='block_1_54' title="bbox 1920 2453 3503 2538">
    <p class='ocr_par' dir='ltr' id='par_1_54' title="bbox 1920 2453 3503 2538">
     <span class='ocr_line' id='line_1_54' title="bbox 1920 2453 3503 2538; baseline -0.013 -8"><span class='ocrx_word' id='word_1_387' title='bbox 1920 2473 2078 2529; x_wconf 83' lang='lat' dir='ltr'><strong>simul</strong></span> <span class='ocrx_word' id='word_1_388' title='bbox 2122 2482 2175 2527; x_wconf 91' lang='lat' dir='ltr'><strong>et</strong></span> <span class='ocrx_word' id='word_1_389' title='bbox 2216 2468 2630 2538; x_wconf 89' lang='lat' dir='ltr'><strong>suscipientibus</strong></span> <span class='ocrx_word' id='word_1_390' title='bbox 2688 2464 3100 2519; x_wconf 88' lang='lat' dir='ltr'><strong>insinuationem</strong></span> <span class='ocrx_word' id='word_1_391' title='bbox 3150 2458 3272 2512; x_wconf 85' lang='lat' dir='ltr'><strong>talis</strong></span> <span class='ocrx_word' id='word_1_392' title='bbox 3322 2453 3503 2525; x_wconf 86' lang='lat' dir='ltr'><strong>cuius-</strong></span> 
     </span>
    </p>
   </div>
   <div class='ocr_carea' id='block_1_55' title="bbox 1925 2546 3507 2636">
    <p class='ocr_par' dir='ltr' id='par_1_55' title="bbox 1925 2546 3507 2636">
     <span class='ocr_line' id='line_1_55' title="bbox 1925 2546 3507 2636; baseline -0.011 -16"><span class='ocrx_word' id='word_1_393' title='bbox 1925 2566 2063 2636; x_wconf 91' lang='lat' dir='ltr'><strong>piam</strong></span> <span class='ocrx_word' id='word_1_394' title='bbox 2092 2578 2260 2619; x_wconf 65' lang='lat' dir='ltr'><strong>sacrae</strong></span> <span class='ocrx_word' id='word_1_395' title='bbox 2291 2562 2476 2617; x_wconf 72' lang='lat' dir='ltr'><strong>forma:</strong></span> <span class='ocrx_word' id='word_1_396' title='bbox 2503 2556 2903 2629; x_wconf 88' lang='lat' dir='ltr'><strong>gloriosissimis</strong></span> <span class='ocrx_word' id='word_1_397' title='bbox 2930 2552 3217 2622; x_wconf 87' lang='lat' dir='ltr'><strong>iudicibus,</strong></span> <span class='ocrx_word' id='word_1_398' title='bbox 3250 2557 3341 2602; x_wconf 88' lang='lat' dir='ltr'><strong>aut</strong></span> <span class='ocrx_word' id='word_1_399' title='bbox 3382 2546 3507 2602; x_wconf 87' lang='lat' dir='ltr'><strong>aliis</strong></span> 
     </span>
    </p>
   </div>
   <div class='ocr_carea' id='block_1_56' title="bbox 1921 2640 3505 2727">
    <p class='ocr_par' dir='ltr' id='par_1_56' title="bbox 1921 2640 3505 2727">
     <span class='ocr_line' id='line_1_56' title="bbox 1921 2640 3505 2727; baseline -0.011 -17"><span class='ocrx_word' id='word_1_400' title='bbox 1921 2656 2237 2727; x_wconf 91' lang='lat' dir='ltr'><strong>quibusdam</strong></span> <span class='ocrx_word' id='word_1_401' title='bbox 2259 2653 2500 2708; x_wconf 88' lang='lat' dir='ltr'><strong>eamdem</strong></span> <span class='ocrx_word' id='word_1_402' title='bbox 2533 2649 2810 2704; x_wconf 90' lang='lat' dir='ltr'><strong>imminere</strong></span> <span class='ocrx_word' id='word_1_403' title='bbox 2836 2659 3074 2716; x_wconf 63' lang='lat' dir='ltr'><strong>poenam,</strong></span> <span class='ocrx_word' id='word_1_404' title='bbox 3098 2650 3154 2698; x_wconf 89' lang='lat' dir='ltr'><strong>et</strong></span> <span class='ocrx_word' id='word_1_405' title='bbox 3183 2640 3505 2696; x_wconf 88' lang='lat' dir='ltr'><strong>tabelliones</strong></span> 
     </span>
    </p>
   </div>
   <div class='ocr_carea' id='block_1_57' title="bbox 1921 2730 3508 2811">
    <p class='ocr_par' dir='ltr' id='par_1_57' title="bbox 1921 2730 3508 2811">
     <span class='ocr_line' id='line_1_57' title="bbox 1921 2730 3508 2811; baseline -0.011 -8"><span class='ocrx_word' id='word_1_406' title='bbox 1921 2747 2273 2803; x_wconf 89' lang='lat' dir='ltr'><strong>succumbere</strong></span> <span class='ocrx_word' id='word_1_407' title='bbox 2319 2744 2514 2800; x_wconf 88' lang='lat' dir='ltr'><strong>Leonis</strong></span> <span class='ocrx_word' id='word_1_408' title='bbox 2557 2742 2659 2811; x_wconf 65' lang='lat' dir='ltr'><strong>piae</strong></span> <span class='ocrx_word' id='word_1_409' title='bbox 2697 2739 2972 2794; x_wconf 66' lang='lat' dir='ltr'><strong>memoriae</strong></span> <span class='ocrx_word' id='word_1_410' title='bbox 3020 2732 3425 2798; x_wconf 86' lang='lat' dir='ltr'><strong>constitutioni,</strong></span> <span class='ocrx_word' id='word_1_411' title='bbox 3457 2730 3508 2786; x_wconf 84' lang='lat' dir='ltr'><strong>si</strong></span> 
     </span>
    </p>
   </div>
   <div class='ocr_carea' id='block_1_58' title="bbox 1922 2826 3506 2903">
    <p class='ocr_par' dir='ltr' id='par_1_58' title="bbox 1922 2826 3506 2903">
     <span class='ocr_line' id='line_1_58' title="bbox 1922 2826 3506 2903; baseline -0.012 -8"><span class='ocrx_word' id='word_1_412' title='bbox 1922 2839 2250 2896; x_wconf 82' lang='lat' dir='ltr'><strong>confecerint</strong></span> <span class='ocrx_word' id='word_1_413' title='bbox 2278 2837 2382 2891; x_wconf 92' lang='lat' dir='ltr'><strong>tale</strong></span> <span class='ocrx_word' id='word_1_414' title='bbox 2423 2832 2636 2903; x_wconf 91' lang='lat' dir='ltr'><strong>aliquod</strong></span> <span class='ocrx_word' id='word_1_415' title='bbox 2667 2835 3101 2893; x_wconf 87' lang='lat' dir='ltr'><strong>instrumentum,</strong></span> <span class='ocrx_word' id='word_1_416' title='bbox 3133 2835 3187 2881; x_wconf 91' lang='lat' dir='ltr'><strong>et</strong></span> <span class='ocrx_word' id='word_1_417' title='bbox 3216 2826 3324 2882; x_wconf 91' lang='lat' dir='ltr'><strong>Deo</strong></span> <span class='ocrx_word' id='word_1_418' title='bbox 3354 2839 3506 2877; x_wconf 90' lang='lat' dir='ltr'><strong>ama-</strong></span> 
     </span>
    </p>
   </div>
   <div class='ocr_carea' id='block_1_59' title="bbox 1922 2916 3507 2998">
    <p class='ocr_par' dir='ltr' id='par_1_59' title="bbox 1922 2916 3507 2998">
     <span class='ocr_line' id='line_1_59' title="bbox 1922 2916 3507 2998; baseline -0.011 -12"><span class='ocrx_word' id='word_1_419' title='bbox 1922 2930 2056 2986; x_wconf 86' lang='lat' dir='ltr'><strong>biles</strong></span> <span class='ocrx_word' id='word_1_420' title='bbox 2085 2930 2388 2998; x_wconf 87' lang='lat' dir='ltr'><strong>episcopos,</strong></span> <span class='ocrx_word' id='word_1_421' title='bbox 2420 2934 2511 2979; x_wconf 90' lang='lat' dir='ltr'><strong>aut</strong></span> <span class='ocrx_word' id='word_1_422' title='bbox 2555 2922 2892 2978; x_wconf 89' lang='lat' dir='ltr'><strong>venerabiles</strong></span> <span class='ocrx_word' id='word_1_423' title='bbox 2921 2932 3234 2976; x_wconf 82' lang='lat' dir='ltr'><strong>(economos</strong></span> <span class='ocrx_word' id='word_1_424' title='bbox 3266 2916 3382 2970; x_wconf 90' lang='lat' dir='ltr'><strong>sine</strong></span> <span class='ocrx_word' id='word_1_425' title='bbox 3411 2928 3507 2982; x_wconf 90' lang='lat' dir='ltr'><strong>pe-</strong></span> 
     </span>
    </p>
   </div>
   <div class='ocr_carea' id='block_1_60' title="bbox 1924 3006 3506 3089">
    <p class='ocr_par' dir='ltr' id='par_1_60' title="bbox 1924 3006 3506 3089">
     <span class='ocr_line' id='line_1_60' title="bbox 1924 3006 3506 3089; baseline -0.014 -11"><span class='ocrx_word' id='word_1_426' title='bbox 1924 3023 2092 3078; x_wconf 87' lang='lat' dir='ltr'><strong>riculo</strong></span> <span class='ocrx_word' id='word_1_427' title='bbox 2108 3019 2347 3075; x_wconf 81' lang='lat' dir='ltr'><strong>refutare</strong></span> <span class='ocrx_word' id='word_1_428' title='bbox 2371 3013 2680 3083; x_wconf 90' lang='lat' dir='ltr'><strong>huiusmodi</strong></span> <span class='ocrx_word' id='word_1_429' title='bbox 2702 3026 2883 3089; x_wconf 83' lang='lat' dir='ltr'><strong>sacras</strong></span> <span class='ocrx_word' id='word_1_430' title='bbox 2906 3008 3263 3079; x_wconf 82' lang='lat' dir='ltr'><strong>pragmaticus</strong></span> <span class='ocrx_word' id='word_1_431' title='bbox 3282 3006 3506 3070; x_wconf 82' lang='lat' dir='ltr'><strong>formas,</strong></span> 
     </span>
    </p>
   </div>
   <div class='ocr_carea' id='block_1_61' title="bbox 1929 3104 3506 3184">
    <p class='ocr_par' dir='ltr' id='par_1_61' title="bbox 1929 3104 3506 3184">
     <span class='ocr_line' id='line_1_61' title="bbox 1929 3104 3506 3184; baseline -0.014 -13"><span class='ocrx_word' id='word_1_432' title='bbox 1929 3114 2100 3184; x_wconf 91' lang='lat' dir='ltr'><strong>magis</strong></span> <span class='ocrx_word' id='word_1_433' title='bbox 2138 3120 2317 3168; x_wconf 90' lang='lat' dir='ltr'><strong>autem</strong></span> <span class='ocrx_word' id='word_1_434' title='bbox 2362 3123 2483 3164; x_wconf 91' lang='lat' dir='ltr'><strong>cum</strong></span> <span class='ocrx_word' id='word_1_435' title='bbox 2516 3105 2755 3177; x_wconf 89' lang='lat' dir='ltr'><strong>periculo</strong></span> <span class='ocrx_word' id='word_1_436' title='bbox 2797 3104 3069 3171; x_wconf 88' lang='lat' dir='ltr'><strong>suscipere</strong></span> <span class='ocrx_word' id='word_1_437' title='bbox 3108 3108 3162 3155; x_wconf 92' lang='lat' dir='ltr'><strong>et</strong></span> <span class='ocrx_word' id='word_1_438' title='bbox 3191 3110 3506 3168; x_wconf 82' lang='lat' dir='ltr'><strong>agnoscere,</strong></span> 
     </span>
    </p>
   </div>
   <div class='ocr_carea' id='block_1_62' title="bbox 225 3176 3505 3277">
    <p class='ocr_par' dir='ltr' id='par_1_62' title="bbox 225 3176 3505 3277">
     <span class='ocr_line' id='line_1_62' title="bbox 225 3176 3505 3277; baseline -0.013 3"><span class='ocrx_word' id='word_1_439' title='bbox 225 3198 399 3255; x_wconf 49' lang='grc' dir='ltr'><strong>⁵⁸³τῆ</strong></span> <span class='ocrx_word' id='word_1_440' title='bbox 432 3196 487 3241; x_wconf 60' lang='grc' dir='ltr'><strong>δ”</strong></span> <span class='ocrx_word' id='word_1_441' title='bbox 530 3185 737 3240; x_wconf 66' lang='lat' dir='ltr'><strong>&quot;unum</strong></span> <span class='ocrx_word' id='word_1_442' title='bbox 782 3182 1016 3251; x_wconf 66' lang='lat' dir='ltr'><strong>speCiale</strong></span> <span class='ocrx_word' id='word_1_443' title='bbox 1062 3181 1250 3251; x_wconf 64' lang='lat' dir='ltr'><strong>pignus</strong></span> <span class='ocrx_word' id='word_1_444' title='bbox 1295 3176 1653 3233; x_wconf 58' lang='lat' dir='ltr'><strong>crediwribus</strong></span> <span class='ocrx_word' id='word_1_445' title='bbox 1681 3190 1818 3245; x_wconf 62' lang='lat' dir='ltr'><strong>pm&#39;</strong></span> <span class='ocrx_word' id='word_1_446' title='bbox 1845 3186 1893 3250; x_wconf 65' lang='grc' dir='ltr'><strong>(ἶ</strong></span> <span class='ocrx_word' id='word_1_447' title='bbox 1922 3176 2048 3277; x_wconf 73' lang='lat' dir='ltr'><strong>quia</strong></span> <span class='ocrx_word' id='word_1_448' title='bbox 2075 3204 2217 3259; x_wconf 90' lang='lat' dir='ltr'><strong>circa</strong></span> <span class='ocrx_word' id='word_1_449' title='bbox 2241 3203 2415 3271; x_wconf 90' lang='lat' dir='ltr'><strong>ipsum</strong></span> <span class='ocrx_word' id='word_1_450' title='bbox 2438 3176 2798 3253; x_wconf 89' lang='lat' dir='ltr'><strong>sacerdotium</strong></span> <span class='ocrx_word' id='word_1_451' title='bbox 2826 3191 3123 3262; x_wconf 91' lang='lat' dir='ltr'><strong>periculum</strong></span> <span class='ocrx_word' id='word_1_452' title='bbox 3146 3184 3505 3253; x_wconf 87' lang='lat' dir='ltr'><strong>sustinebunt,</strong></span> 
     </span>
    </p>
   </div>
   <div class='ocr_carea' id='block_1_63' title="bbox 223 3283 381 3338">
    <p class='ocr_par' dir='ltr' id='par_1_63' title="bbox 223 3283 381 3338">
     <span class='ocr_line' id='line_1_63' title="bbox 223 3283 381 3338; baseline -0.019 1"><span class='ocrx_word' id='word_1_453' title='bbox 223 3283 381 3338; x_wconf 84' lang='lat' dir='ltr'><strong>bere.</strong></span> 
     </span>
    </p>
   </div>
   <div class='ocr_carea' id='block_1_64' title="bbox 304 3358 1819 3436">
    <p class='ocr_par' dir='ltr' id='par_1_64' title="bbox 304 3358 1819 3436">
     <span class='ocr_line' id='line_1_64' title="bbox 304 3358 1819 3436; baseline -0.009 -9"><span class='ocrx_word' id='word_1_454' title='bbox 304 3369 363 3427; x_wconf 88' lang='lat' dir='ltr'><strong>Si</strong></span> <span class='ocrx_word' id='word_1_455' title='bbox 410 3382 540 3424; x_wconf 88' lang='lat' dir='ltr'><strong>vero</strong></span> <span class='ocrx_word' id='word_1_456' title='bbox 568 3367 729 3423; x_wconf 89' lang='lat' dir='ltr'><strong>etiam</strong></span> <span class='ocrx_word' id='word_1_457' title='bbox 775 3372 1085 3436; x_wconf 91' lang='lat' dir='ltr'><strong>perpetuam</strong></span> <span class='ocrx_word' id='word_1_458' title='bbox 1134 3362 1397 3433; x_wconf 89' lang='lat' dir='ltr'><strong>quispiam</strong></span> <span class='ocrx_word' id='word_1_459' title='bbox 1443 3358 1819 3429; x_wconf 83' lang='lat' dir='ltr'><strong>empbyteusin</strong></span> 
     </span>
    </p>
   </div>
   <div class='ocr_carea' id='block_1_65' title="bbox 227 3455 1819 3534">
    <p class='ocr_par' dir='ltr' id='par_1_65' title="bbox 227 3455 1819 3534">
     <span class='ocr_line' id='line_1_65' title="bbox 227 3455 1819 3534; baseline -0.009 -14"><span class='ocrx_word' id='word_1_460' title='bbox 227 3464 476 3534; x_wconf 90' lang='lat' dir='ltr'><strong>accipere</strong></span> <span class='ocrx_word' id='word_1_461' title='bbox 504 3462 933 3532; x_wconf 83' lang='lat' dir='ltr'><strong>praesumpserit,</strong></span> <span class='ocrx_word' id='word_1_462' title='bbox 960 3456 1100 3527; x_wconf 89' lang='lat' dir='ltr'><strong>quod</strong></span> <span class='ocrx_word' id='word_1_463' title='bbox 1132 3471 1237 3510; x_wconf 92' lang='lat' dir='ltr'><strong>non</strong></span> <span class='ocrx_word' id='word_1_464' title='bbox 1266 3455 1411 3519; x_wconf 89' lang='lat' dir='ltr'><strong>licet,</strong></span> <span class='ocrx_word' id='word_1_465' title='bbox 1434 3461 1526 3507; x_wconf 88' lang='lat' dir='ltr'><strong>aut</strong></span> <span class='ocrx_word' id='word_1_466' title='bbox 1549 3461 1819 3520; x_wconf 90' lang='lat' dir='ltr'><strong>tempora-</strong></span> 
     </span>
    </p>
   </div>
   <div class='ocr_carea' id='block_1_66' title="bbox 226 3545 1818 3626">
    <p class='ocr_par' dir='ltr' id='par_1_66' title="bbox 226 3545 1818 3626">
     <span class='ocr_line' id='line_1_66' title="bbox 226 3545 1818 3626; baseline -0.01 -12"><span class='ocrx_word' id='word_1_467' title='bbox 226 3559 339 3614; x_wconf 87' lang='lat' dir='ltr'><strong>lem</strong></span> <span class='ocrx_word' id='word_1_468' title='bbox 369 3555 610 3626; x_wconf 79' lang='lat' dir='ltr'><strong>quidem,</strong></span> <span class='ocrx_word' id='word_1_469' title='bbox 646 3568 751 3608; x_wconf 89' lang='lat' dir='ltr'><strong>non</strong></span> <span class='ocrx_word' id='word_1_470' title='bbox 789 3562 966 3606; x_wconf 91' lang='lat' dir='ltr'><strong>tamen</strong></span> <span class='ocrx_word' id='word_1_471' title='bbox 996 3550 1287 3605; x_wconf 90' lang='lat' dir='ltr'><strong>secundum</strong></span> <span class='ocrx_word' id='word_1_472' title='bbox 1321 3547 1479 3614; x_wconf 88' lang='lat' dir='ltr'><strong>hujus</strong></span> <span class='ocrx_word' id='word_1_473' title='bbox 1510 3556 1711 3600; x_wconf 83' lang='lat' dir='ltr'><strong>nostrae</strong></span> <span class='ocrx_word' id='word_1_474' title='bbox 1739 3545 1818 3599; x_wconf 91' lang='lat' dir='ltr'><strong>le-</strong></span> 
     </span>
    </p>
   </div>
   <div class='ocr_carea' id='block_1_67' title="bbox 230 3630 1820 3721">
    <p class='ocr_par' dir='ltr' id='par_1_67' title="bbox 230 3630 1820 3721">
     <span class='ocr_line' id='line_1_67' title="bbox 230 3630 1820 3721; baseline -0.008 -16"><span class='ocrx_word' id='word_1_475' title='bbox 230 3652 313 3721; x_wconf 90' lang='lat' dir='ltr'><strong>gis</strong></span> <span class='ocrx_word' id='word_1_476' title='bbox 340 3647 807 3710; x_wconf 86' lang='lat' dir='ltr'><strong>observationem,</strong></span> <span class='ocrx_word' id='word_1_477' title='bbox 844 3630 1003 3700; x_wconf 74' lang='lat' dir='ltr'><strong>etiam</strong></span> <span class='ocrx_word' id='word_1_478' title='bbox 1050 3644 1129 3698; x_wconf 90' lang='lat' dir='ltr'><strong>sic</strong></span> <span class='ocrx_word' id='word_1_479' title='bbox 1155 3643 1311 3698; x_wconf 90' lang='lat' dir='ltr'><strong>cadat</strong></span> <span class='ocrx_word' id='word_1_480' title='bbox 1354 3641 1568 3711; x_wconf 89' lang='lat' dir='ltr'><strong>quidem</strong></span> <span class='ocrx_word' id='word_1_481' title='bbox 1597 3640 1663 3693; x_wconf 91' lang='lat' dir='ltr'><strong>de</strong></span> <span class='ocrx_word' id='word_1_482' title='bbox 1703 3654 1820 3694; x_wconf 89' lang='lat' dir='ltr'><strong>em-</strong></span> 
     </span>
    </p>
   </div>
   <div class='ocr_carea' id='block_1_68' title="bbox 231 3731 1815 3813">
    <p class='ocr_par' dir='ltr' id='par_1_68' title="bbox 231 3731 1815 3813">
     <span class='ocr_line' id='line_1_68' title="bbox 231 3731 1815 3813; baseline -0.008 -16"><span class='ocrx_word' id='word_1_483' title='bbox 231 3740 479 3813; x_wconf 84' lang='lat' dir='ltr'><strong>pbyteusi</strong></span> <span class='ocrx_word' id='word_1_484' title='bbox 500 3780 514 3804; x_wconf 93' lang='lat'><strong>,</strong></span> <span class='ocrx_word' id='word_1_485' title='bbox 546 3748 597 3793; x_wconf 91' lang='lat' dir='ltr'><strong>et</strong></span> <span class='ocrx_word' id='word_1_486' title='bbox 626 3737 769 3807; x_wconf 92' lang='lat' dir='ltr'><strong>quod</strong></span> <span class='ocrx_word' id='word_1_487' title='bbox 797 3737 976 3790; x_wconf 90' lang='lat' dir='ltr'><strong>datum</strong></span> <span class='ocrx_word' id='word_1_488' title='bbox 1004 3743 1088 3790; x_wconf 85' lang='lat' dir='ltr'><strong>est</strong></span> <span class='ocrx_word' id='word_1_489' title='bbox 1116 3742 1331 3789; x_wconf 89' lang='lat' dir='ltr'><strong>maneat</strong></span> <span class='ocrx_word' id='word_1_490' title='bbox 1370 3733 1507 3802; x_wconf 92' lang='lat' dir='ltr'><strong>apud</strong></span> <span class='ocrx_word' id='word_1_491' title='bbox 1536 3731 1815 3786; x_wconf 89' lang='lat' dir='ltr'><strong>venerabi-</strong></span> 
     </span>
    </p>
   </div>
   <div class='ocr_carea' id='block_1_69' title="bbox 234 3824 1820 3891">
    <p class='ocr_par' dir='ltr' id='par_1_69' title="bbox 234 3824 1820 3891">
     <span class='ocr_line' id='line_1_69' title="bbox 234 3824 1820 3891; baseline -0.009 -2"><span class='ocrx_word' id='word_1_492' title='bbox 234 3832 345 3889; x_wconf 88' lang='lat' dir='ltr'><strong>lem</strong></span> <span class='ocrx_word' id='word_1_493' title='bbox 374 3832 614 3885; x_wconf 91' lang='lat' dir='ltr'><strong>domum.</strong></span> <span class='ocrx_word' id='word_1_494' title='bbox 645 3827 867 3883; x_wconf 91' lang='lat' dir='ltr'><strong>Debebit</strong></span> <span class='ocrx_word' id='word_1_495' title='bbox 896 3832 1073 3880; x_wconf 90' lang='lat' dir='ltr'><strong>autem</strong></span> <span class='ocrx_word' id='word_1_496' title='bbox 1115 3824 1367 3879; x_wconf 89' lang='lat' dir='ltr'><strong>continuo</strong></span> <span class='ocrx_word' id='word_1_497' title='bbox 1395 3829 1451 3877; x_wconf 86' lang='lat' dir='ltr'><strong>et</strong></span> <span class='ocrx_word' id='word_1_498' title='bbox 1492 3831 1610 3891; x_wconf 90' lang='lat' dir='ltr'><strong>post</strong></span> <span class='ocrx_word' id='word_1_499' title='bbox 1637 3836 1820 3876; x_wconf 90' lang='lat' dir='ltr'><strong>casum</strong></span> 
     </span>
    </p>
   </div>
   <div class='ocr_carea' id='block_1_70' title="bbox 232 3913 1823 3993">
    <p class='ocr_par' dir='ltr' id='par_1_70' title="bbox 232 3913 1823 3993">
     <span class='ocr_line' id='line_1_70' title="bbox 232 3913 1823 3993; baseline -0.009 -12"><span class='ocrx_word' id='word_1_500' title='bbox 232 3921 698 3993; x_wconf 87' lang='lat' dir='ltr'><strong>emphyteumatos</strong></span> <span class='ocrx_word' id='word_1_501' title='bbox 736 3920 969 3981; x_wconf 84' lang='lat' dir='ltr'><strong>solvere,</strong></span> <span class='ocrx_word' id='word_1_502' title='bbox 1001 3925 1258 3986; x_wconf 92' lang='lat' dir='ltr'><strong>quantum</strong></span> <span class='ocrx_word' id='word_1_503' title='bbox 1286 3914 1561 3969; x_wconf 89' lang='lat' dir='ltr'><strong>soluturus</strong></span> <span class='ocrx_word' id='word_1_504' title='bbox 1589 3924 1738 3977; x_wconf 91' lang='lat' dir='ltr'><strong>erat,</strong></span> <span class='ocrx_word' id='word_1_505' title='bbox 1776 3913 1823 3969; x_wconf 92' lang='lat' dir='ltr'><strong>si</strong></span> 
     </span>
    </p>
   </div>
   <div class='ocr_carea' id='block_1_71' title="bbox 232 4005 1825 4087">
    <p class='ocr_par' dir='ltr' id='par_1_71' title="bbox 232 4005 1825 4087">
     <span class='ocr_line' id='line_1_71' title="bbox 232 4005 1825 4087; baseline -0.008 -14"><span class='ocrx_word' id='word_1_506' title='bbox 232 4018 526 4073; x_wconf 86' lang='lat' dir='ltr'><strong>secundum</strong></span> <span class='ocrx_word' id='word_1_507' title='bbox 560 4017 729 4087; x_wconf 86' lang='lat' dir='ltr'><strong>legem</strong></span> <span class='ocrx_word' id='word_1_508' title='bbox 758 4012 1135 4083; x_wconf 79' lang='lat' dir='ltr'><strong>empltyteusin</strong></span> <span class='ocrx_word' id='word_1_509' title='bbox 1175 4009 1459 4073; x_wconf 89' lang='lat' dir='ltr'><strong>subiisset,</strong></span> <span class='ocrx_word' id='word_1_510' title='bbox 1498 4005 1635 4060; x_wconf 84' lang='lat' dir='ltr'><strong>nihil</strong></span> <span class='ocrx_word' id='word_1_511' title='bbox 1684 4005 1825 4075; x_wconf 87' lang='lat' dir='ltr'><strong>apud</strong></span> 
     </span>
    </p>
   </div>
   <div class='ocr_carea' id='block_1_72' title="bbox 233 4098 1824 4173">
    <p class='ocr_par' dir='ltr' id='par_1_72' title="bbox 233 4098 1824 4173">
     <span class='ocr_line' id='line_1_72' title="bbox 233 4098 1824 4173; baseline -0.013 -6"><span class='ocrx_word' id='word_1_512' title='bbox 233 4123 356 4167; x_wconf 80' lang='lat' dir='ltr'><strong>eum</strong></span> <span class='ocrx_word' id='word_1_513' title='bbox 388 4115 637 4164; x_wconf 90' lang='lat' dir='ltr'><strong>manente</strong></span> <span class='ocrx_word' id='word_1_514' title='bbox 681 4122 752 4161; x_wconf 81' lang='lat' dir='ltr'><strong>ex</strong></span> <span class='ocrx_word' id='word_1_515' title='bbox 781 4106 939 4160; x_wconf 86' lang='lat' dir='ltr'><strong>rebus</strong></span> <span class='ocrx_word' id='word_1_516' title='bbox 969 4114 1265 4173; x_wconf 85' lang='lat' dir='ltr'><strong>pauperum</strong></span> <span class='ocrx_word' id='word_1_517' title='bbox 1310 4112 1432 4167; x_wconf 79' lang='lat' dir='ltr'><strong>quae</strong></span> <span class='ocrx_word' id='word_1_518' title='bbox 1482 4098 1674 4151; x_wconf 77' lang='lat' dir='ltr'><strong>frustra</strong></span> <span class='ocrx_word' id='word_1_519' title='bbox 1727 4108 1824 4164; x_wconf 90' lang='lat' dir='ltr'><strong>per</strong></span> 
     </span>
    </p>
   </div>
   <div class='ocr_carea' id='block_1_73' title="bbox 234 4196 949 4270">
    <p class='ocr_par' dir='ltr' id='par_1_73' title="bbox 234 4196 949 4270">
     <span class='ocr_line' id='line_1_73' title="bbox 234 4196 949 4270; baseline -0.013 -15"><span class='ocrx_word' id='word_1_520' title='bbox 234 4198 611 4270; x_wconf 88' lang='lat' dir='ltr'><strong>empbyteusin</strong></span> <span class='ocrx_word' id='word_1_521' title='bbox 639 4196 777 4252; x_wconf 62' lang='lat' dir='ltr'><strong>datin</strong></span> <span class='ocrx_word' id='word_1_522' title='bbox 806 4202 949 4249; x_wconf 88' lang='lat' dir='ltr'><strong>sunt.</strong></span> 
     </span>
    </p>
   </div>
   <div class='ocr_carea' id='block_1_74' title="bbox 307 4298 1823 4380">
    <p class='ocr_par' dir='ltr' id='par_1_74' title="bbox 307 4298 1823 4380">
     <span class='ocr_line' id='line_1_74' title="bbox 307 4298 1823 4380; baseline -0.009 -15"><span class='ocrx_word' id='word_1_523' title='bbox 307 4312 433 4367; x_wconf 67' lang='lat' dir='ltr'><strong>llaec</strong></span> <span class='ocrx_word' id='word_1_524' title='bbox 477 4310 635 4380; x_wconf 88' lang='lat' dir='ltr'><strong>igitur</strong></span> <span class='ocrx_word' id='word_1_525' title='bbox 669 4307 847 4363; x_wconf 87' lang='lat' dir='ltr'><strong>omnia</strong></span> <span class='ocrx_word' id='word_1_526' title='bbox 876 4304 1242 4362; x_wconf 92' lang='lat' dir='ltr'><strong>custodiantur</strong></span> <span class='ocrx_word' id='word_1_527' title='bbox 1279 4300 1549 4370; x_wconf 69' lang='lat' dir='ltr'><strong>prtedictis</strong></span> <span class='ocrx_word' id='word_1_528' title='bbox 1578 4298 1823 4369; x_wconf 90' lang='lat' dir='ltr'><strong>subiecta</strong></span> 
     </span>
    </p>
   </div>
   <div class='ocr_carea' id='block_1_75' title="bbox 236 4393 1823 4477">
    <p class='ocr_par' dir='ltr' id='par_1_75' title="bbox 236 4393 1823 4477">
     <span class='ocr_line' id='line_1_75' title="bbox 236 4393 1823 4477; baseline -0.009 -17"><span class='ocrx_word' id='word_1_529' title='bbox 236 4405 433 4477; x_wconf 65' lang='lat' dir='ltr'><strong>poenis,</strong></span> <span class='ocrx_word' id='word_1_530' title='bbox 476 4417 649 4472; x_wconf 91' lang='lat' dir='ltr'><strong>neque</strong></span> <span class='ocrx_word' id='word_1_531' title='bbox 698 4398 1076 4456; x_wconf 88' lang='lat' dir='ltr'><strong>tabellionibus</strong></span> <span class='ocrx_word' id='word_1_532' title='bbox 1128 4394 1573 4469; x_wconf 64' lang='lat' dir='ltr'><strong>prtesumentibus</strong></span> <span class='ocrx_word' id='word_1_533' title='bbox 1620 4393 1823 4447; x_wconf 87' lang='lat' dir='ltr'><strong>instru-</strong></span> 
     </span>
    </p>
   </div>
   <div class='ocr_carea' id='block_1_76' title="bbox 238 4487 1822 4557">
    <p class='ocr_par' dir='ltr' id='par_1_76' title="bbox 238 4487 1822 4557">
     <span class='ocr_line' id='line_1_76' title="bbox 238 4487 1822 4557; baseline -0.008 -4"><span class='ocrx_word' id='word_1_534' title='bbox 238 4498 435 4553; x_wconf 90' lang='lat' dir='ltr'><strong>mentis</strong></span> <span class='ocrx_word' id='word_1_535' title='bbox 483 4494 678 4550; x_wconf 90' lang='lat' dir='ltr'><strong>talibus</strong></span> <span class='ocrx_word' id='word_1_536' title='bbox 727 4493 1050 4556; x_wconf 89' lang='lat' dir='ltr'><strong>ministrare,</strong></span> <span class='ocrx_word' id='word_1_537' title='bbox 1096 4489 1190 4544; x_wconf 91' lang='lat' dir='ltr'><strong>sed</strong></span> <span class='ocrx_word' id='word_1_538' title='bbox 1239 4502 1407 4557; x_wconf 89' lang='lat' dir='ltr'><strong>usque</strong></span> <span class='ocrx_word' id='word_1_539' title='bbox 1457 4487 1822 4542; x_wconf 85' lang='lat' dir='ltr'><strong>metuentibus</strong></span> 
     </span>
    </p>
   </div>
   <div class='ocr_carea' id='block_1_77' title="bbox 1926 3276 3510 3367">
    <p class='ocr_par' dir='ltr' id='par_1_77' title="bbox 1926 3276 3510 3367">
     <span class='ocr_line' id='line_1_77' title="bbox 1926 3276 3510 3367; baseline -0.013 -14"><span class='ocrx_word' id='word_1_540' title='bbox 1926 3276 1971 3354; x_wconf 83' lang='lat' dir='ltr'><strong>si</strong></span> <span class='ocrx_word' id='word_1_541' title='bbox 2019 3297 2349 3367; x_wconf 86' lang='lat' dir='ltr'><strong>negligentes</strong></span> <span class='ocrx_word' id='word_1_542' title='bbox 2396 3292 2494 3345; x_wconf 88' lang='lat' dir='ltr'><strong>has</strong></span> <span class='ocrx_word' id='word_1_543' title='bbox 2520 3289 2683 3359; x_wconf 90' lang='lat' dir='ltr'><strong>leges,</strong></span> <span class='ocrx_word' id='word_1_544' title='bbox 2711 3301 2831 3355; x_wconf 69' lang='lat' dir='ltr'><strong>qua:</strong></span> <span class='ocrx_word' id='word_1_545' title='bbox 2860 3286 2931 3339; x_wconf 90' lang='lat' dir='ltr'><strong>ita</strong></span> <span class='ocrx_word' id='word_1_546' title='bbox 2958 3283 3123 3347; x_wconf 76' lang='lat' dir='ltr'><strong>(lunt,</strong></span> <span class='ocrx_word' id='word_1_547' title='bbox 3152 3276 3510 3349; x_wconf 76' lang='lat' dir='ltr'><strong>pragmaticas</strong></span> 
     </span>
    </p>
   </div>
   <div class='ocr_carea' id='block_1_78' title="bbox 1926 3372 3510 3461">
    <p class='ocr_par' dir='ltr' id='par_1_78' title="bbox 1926 3372 3510 3461">
     <span class='ocr_line' id='line_1_78' title="bbox 1926 3372 3510 3461; baseline -0.014 -14"><span class='ocrx_word' id='word_1_548' title='bbox 1926 3396 2220 3461; x_wconf 89' lang='lat' dir='ltr'><strong>sequantur</strong></span> <span class='ocrx_word' id='word_1_549' title='bbox 2252 3388 2471 3440; x_wconf 83' lang='lat' dir='ltr'><strong>formas.</strong></span> <span class='ocrx_word' id='word_1_550' title='bbox 2494 3381 2719 3451; x_wconf 79' lang='lat' dir='ltr'><strong>Oportet</strong></span> <span class='ocrx_word' id='word_1_551' title='bbox 2742 3378 2886 3434; x_wconf 91' lang='lat' dir='ltr'><strong>enim</strong></span> <span class='ocrx_word' id='word_1_552' title='bbox 2914 3391 2977 3432; x_wconf 92' lang='lat' dir='ltr'><strong>ea</strong></span> <span class='ocrx_word' id='word_1_553' title='bbox 3005 3390 3124 3445; x_wconf 75' lang='lat' dir='ltr'><strong>qua:</strong></span> <span class='ocrx_word' id='word_1_554' title='bbox 3150 3372 3510 3428; x_wconf 89' lang='lat' dir='ltr'><strong>communiter</strong></span> 
     </span>
    </p>
   </div>
   <div class='ocr_carea' id='block_1_79' title="bbox 1923 3465 3511 3553">
    <p class='ocr_par' dir='ltr' id='par_1_79' title="bbox 1923 3465 3511 3553">
     <span class='ocr_line' id='line_1_79' title="bbox 1923 3465 3511 3553; baseline -0.016 -13"><span class='ocrx_word' id='word_1_555' title='bbox 1923 3493 1977 3541; x_wconf 87' lang='lat' dir='ltr'><strong>et</strong></span> <span class='ocrx_word' id='word_1_556' title='bbox 2005 3479 2329 3553; x_wconf 86' lang='lat' dir='ltr'><strong>generaliter</strong></span> <span class='ocrx_word' id='word_1_557' title='bbox 2356 3476 2424 3531; x_wconf 90' lang='lat' dir='ltr'><strong>ad</strong></span> <span class='ocrx_word' id='word_1_558' title='bbox 2455 3473 2693 3529; x_wconf 91' lang='lat' dir='ltr'><strong>omnium</strong></span> <span class='ocrx_word' id='word_1_559' title='bbox 2723 3470 3008 3525; x_wconf 86' lang='lat' dir='ltr'><strong>utilitatem</strong></span> <span class='ocrx_word' id='word_1_560' title='bbox 3043 3465 3377 3525; x_wconf 87' lang='lat' dir='ltr'><strong>sanciuntur,</strong></span> <span class='ocrx_word' id='word_1_561' title='bbox 3411 3476 3511 3531; x_wconf 90' lang='lat' dir='ltr'><strong>po-</strong></span> 
     </span>
    </p>
   </div>
   <div class='ocr_carea' id='block_1_80' title="bbox 1927 3553 3511 3640">
    <p class='ocr_par' dir='ltr' id='par_1_80' title="bbox 1927 3553 3511 3640">
     <span class='ocr_line' id='line_1_80' title="bbox 1927 3553 3511 3640; baseline -0.015 -9"><span class='ocrx_word' id='word_1_562' title='bbox 1927 3576 2031 3631; x_wconf 87' lang='lat' dir='ltr'><strong>tius</strong></span> <span class='ocrx_word' id='word_1_563' title='bbox 2057 3574 2257 3638; x_wconf 88' lang='lat' dir='ltr'><strong>valere,</strong></span> <span class='ocrx_word' id='word_1_564' title='bbox 2282 3583 2441 3640; x_wconf 88' lang='lat' dir='ltr'><strong>quam</strong></span> <span class='ocrx_word' id='word_1_565' title='bbox 2467 3582 2533 3623; x_wconf 88' lang='lat' dir='ltr'><strong>ea</strong></span> <span class='ocrx_word' id='word_1_566' title='bbox 2558 3580 2677 3637; x_wconf 86' lang='lat' dir='ltr'><strong>quae</strong></span> <span class='ocrx_word' id='word_1_567' title='bbox 2704 3565 2846 3619; x_wconf 85' lang='lat' dir='ltr'><strong>circa</strong></span> <span class='ocrx_word' id='word_1_568' title='bbox 2873 3562 3083 3630; x_wconf 88' lang='lat' dir='ltr'><strong>aliquos</strong></span> <span class='ocrx_word' id='word_1_569' title='bbox 3113 3556 3395 3613; x_wconf 87' lang='lat' dir='ltr'><strong>studentur</strong></span> <span class='ocrx_word' id='word_1_570' title='bbox 3420 3553 3511 3624; x_wconf 89' lang='lat' dir='ltr'><strong>agi</strong></span> 
     </span>
    </p>
   </div>
   <div class='ocr_carea' id='block_1_81' title="bbox 1925 3646 3511 3736">
    <p class='ocr_par' dir='ltr' id='par_1_81' title="bbox 1925 3646 3511 3736">
     <span class='ocr_line' id='line_1_81' title="bbox 1925 3646 3511 3736; baseline -0.015 -13"><span class='ocrx_word' id='word_1_571' title='bbox 1925 3670 1992 3723; x_wconf 89' lang='lat' dir='ltr'><strong>ad</strong></span> <span class='ocrx_word' id='word_1_572' title='bbox 2021 3667 2417 3736; x_wconf 89' lang='lat' dir='ltr'><strong>corruptionem</strong></span> <span class='ocrx_word' id='word_1_573' title='bbox 2445 3657 2807 3716; x_wconf 91' lang='lat' dir='ltr'><strong>communium</strong></span> <span class='ocrx_word' id='word_1_574' title='bbox 2839 3650 3039 3724; x_wconf 83' lang='lat' dir='ltr'><strong>legum.</strong></span> <span class='ocrx_word' id='word_1_575' title='bbox 3067 3652 3161 3706; x_wconf 83' lang='lat' dir='ltr'><strong>His</strong></span> <span class='ocrx_word' id='word_1_576' title='bbox 3201 3648 3333 3704; x_wconf 90' lang='lat' dir='ltr'><strong>solis</strong></span> <span class='ocrx_word' id='word_1_577' title='bbox 3362 3646 3511 3701; x_wconf 84' lang='lat' dir='ltr'><strong>vide-</strong></span> 
     </span>
    </p>
   </div>
   <div class='ocr_carea' id='block_1_82' title="bbox 1926 3743 3513 3821">
    <p class='ocr_par' dir='ltr' id='par_1_82' title="bbox 1926 3743 3513 3821">
     <span class='ocr_line' id='line_1_82' title="bbox 1926 3743 3513 3821; baseline -0.014 -5"><span class='ocrx_word' id='word_1_578' title='bbox 1926 3763 2050 3816; x_wconf 89' lang='lat' dir='ltr'><strong>licet</strong></span> <span class='ocrx_word' id='word_1_579' title='bbox 2092 3755 2456 3814; x_wconf 89' lang='lat' dir='ltr'><strong>conducendis</strong></span> <span class='ocrx_word' id='word_1_580' title='bbox 2485 3763 2539 3808; x_wconf 80' lang='lat' dir='ltr'><strong>et</strong></span> <span class='ocrx_word' id='word_1_581' title='bbox 2577 3754 2631 3807; x_wconf 91' lang='lat' dir='ltr'><strong>in</strong></span> <span class='ocrx_word' id='word_1_582' title='bbox 2674 3748 3048 3821; x_wconf 88' lang='lat' dir='ltr'><strong>emphyteusin</strong></span> <span class='ocrx_word' id='word_1_583' title='bbox 3089 3745 3280 3800; x_wconf 87' lang='lat' dir='ltr'><strong>dandis</strong></span> <span class='ocrx_word' id='word_1_584' title='bbox 3326 3743 3513 3808; x_wconf 90' lang='lat' dir='ltr'><strong>rebus,</strong></span> 
     </span>
    </p>
   </div>
   <div class='ocr_carea' id='block_1_83' title="bbox 1925 3837 3513 3921">
    <p class='ocr_par' dir='ltr' id='par_1_83' title="bbox 1925 3837 3513 3921">
     <span class='ocr_line' id='line_1_83' title="bbox 1925 3837 3513 3921; baseline -0.014 -15"><span class='ocrx_word' id='word_1_585' title='bbox 1925 3864 2271 3921; x_wconf 89' lang='lat' dir='ltr'><strong>quascunque</strong></span> <span class='ocrx_word' id='word_1_586' title='bbox 2299 3855 2485 3916; x_wconf 87' lang='lat' dir='ltr'><strong>putant</strong></span> <span class='ocrx_word' id='word_1_587' title='bbox 2527 3844 2619 3899; x_wconf 89' lang='lat' dir='ltr'><strong>tali</strong></span> <span class='ocrx_word' id='word_1_588' title='bbox 2657 3843 2836 3911; x_wconf 92' lang='lat' dir='ltr'><strong>aliquo</strong></span> <span class='ocrx_word' id='word_1_589' title='bbox 2878 3854 3059 3910; x_wconf 89' lang='lat' dir='ltr'><strong>egere.</strong></span> <span class='ocrx_word' id='word_1_590' title='bbox 3102 3837 3157 3892; x_wconf 92' lang='lat' dir='ltr'><strong>Si</strong></span> <span class='ocrx_word' id='word_1_591' title='bbox 3207 3846 3386 3889; x_wconf 80' lang='lat' dir='ltr'><strong>tamen</strong></span> <span class='ocrx_word' id='word_1_592' title='bbox 3417 3848 3513 3886; x_wconf 86' lang='lat' dir='ltr'><strong>vo-</strong></span> 
     </span>
    </p>
   </div>
   <div class='ocr_carea' id='block_1_84' title="bbox 1929 3923 3515 4008">
    <p class='ocr_par' dir='ltr' id='par_1_84' title="bbox 1929 3923 3515 4008">
     <span class='ocr_line' id='line_1_84' title="bbox 1929 3923 3515 4008; baseline -0.011 -12"><span class='ocrx_word' id='word_1_593' title='bbox 1929 3942 2126 3996; x_wconf 89' lang='lat' dir='ltr'><strong>luerint</strong></span> <span class='ocrx_word' id='word_1_594' title='bbox 2178 3937 2421 4008; x_wconf 65' lang='lat' dir='ltr'><strong>quaedam</strong></span> <span class='ocrx_word' id='word_1_595' title='bbox 2472 3934 2573 3989; x_wconf 92' lang='lat' dir='ltr'><strong>sub</strong></span> <span class='ocrx_word' id='word_1_596' title='bbox 2615 3932 2831 4002; x_wconf 88' lang='lat' dir='ltr'><strong>propria</strong></span> <span class='ocrx_word' id='word_1_597' title='bbox 2878 3927 3267 3999; x_wconf 88' lang='lat' dir='ltr'><strong>gubernatione</strong></span> <span class='ocrx_word' id='word_1_598' title='bbox 3316 3923 3515 3978; x_wconf 87' lang='lat' dir='ltr'><strong>habere</strong></span> 
     </span>
    </p>
   </div>
   <div class='ocr_carea' id='block_1_85' title="bbox 1930 4015 3518 4091">
    <p class='ocr_par' dir='ltr' id='par_1_85' title="bbox 1930 4015 3518 4091">
     <span class='ocr_line' id='line_1_85' title="bbox 1930 4015 3518 4091; baseline -0.01 -5"><span class='ocrx_word' id='word_1_599' title='bbox 1930 4033 2040 4088; x_wconf 88' lang='lat' dir='ltr'><strong>Deo</strong></span> <span class='ocrx_word' id='word_1_600' title='bbox 2067 4030 2325 4086; x_wconf 89' lang='lat' dir='ltr'><strong>amabiles</strong></span> <span class='ocrx_word' id='word_1_601' title='bbox 2354 4027 2651 4091; x_wconf 77' lang='lat' dir='ltr'><strong>teconomi,</strong></span> <span class='ocrx_word' id='word_1_602' title='bbox 2682 4034 2774 4079; x_wconf 90' lang='lat' dir='ltr'><strong>aut</strong></span> <span class='ocrx_word' id='word_1_603' title='bbox 2804 4024 3030 4078; x_wconf 87' lang='lat' dir='ltr'><strong>aliorum</strong></span> <span class='ocrx_word' id='word_1_604' title='bbox 3063 4019 3317 4090; x_wconf 84' lang='lat' dir='ltr'><strong>praesules</strong></span> <span class='ocrx_word' id='word_1_605' title='bbox 3347 4015 3518 4071; x_wconf 57' lang='lat' dir='ltr'><strong>colle«</strong></span> 
     </span>
    </p>
   </div>
   <div class='ocr_carea' id='block_1_86' title="bbox 1928 4119 3515 4200">
    <p class='ocr_par' dir='ltr' id='par_1_86' title="bbox 1928 4119 3515 4200">
     <span class='ocr_line' id='line_1_86' title="bbox 1928 4119 3515 4200; baseline -0.012 -18"><span class='ocrx_word' id='word_1_606' title='bbox 1928 4127 2135 4200; x_wconf 90' lang='lat' dir='ltr'><strong>giorum</strong></span> <span class='ocrx_word' id='word_1_607' title='bbox 2157 4170 2173 4195; x_wconf 86' lang='lat'><strong>,</strong></span> <span class='ocrx_word' id='word_1_608' title='bbox 2206 4124 2338 4180; x_wconf 92' lang='lat' dir='ltr'><strong>nulli</strong></span> <span class='ocrx_word' id='word_1_609' title='bbox 2370 4123 2592 4186; x_wconf 91' lang='lat' dir='ltr'><strong>horum,</strong></span> <span class='ocrx_word' id='word_1_610' title='bbox 2622 4119 2714 4189; x_wconf 90' lang='lat' dir='ltr'><strong>qui</strong></span> <span class='ocrx_word' id='word_1_611' title='bbox 2752 4119 2805 4172; x_wconf 94' lang='lat' dir='ltr'><strong>in</strong></span> <span class='ocrx_word' id='word_1_612' title='bbox 2842 4121 3120 4186; x_wconf 90' lang='lat' dir='ltr'><strong>potentatu</strong></span> <span class='ocrx_word' id='word_1_613' title='bbox 3149 4119 3305 4177; x_wconf 90' lang='lat' dir='ltr'><strong>sunt,</strong></span> <span class='ocrx_word' id='word_1_614' title='bbox 3339 4123 3515 4179; x_wconf 87' lang='lat' dir='ltr'><strong>neque</strong></span> 
     </span>
    </p>
   </div>
   <div class='ocr_carea' id='block_1_87' title="bbox 1927 4204 3512 4285">
    <p class='ocr_par' dir='ltr' id='par_1_87' title="bbox 1927 4204 3512 4285">
     <span class='ocr_line' id='line_1_87' title="bbox 1927 4204 3512 4285; baseline -0.012 -10"><span class='ocrx_word' id='word_1_615' title='bbox 1927 4221 2222 4276; x_wconf 89' lang='lat' dir='ltr'><strong>secundum</strong></span> <span class='ocrx_word' id='word_1_616' title='bbox 2261 4231 2473 4272; x_wconf 90' lang='lat' dir='ltr'><strong>sacram</strong></span> <span class='ocrx_word' id='word_1_617' title='bbox 2520 4213 2897 4285; x_wconf 89' lang='lat' dir='ltr'><strong>pragmaticam</strong></span> <span class='ocrx_word' id='word_1_618' title='bbox 2941 4207 3202 4271; x_wconf 78' lang='lat' dir='ltr'><strong>formam,</strong></span> <span class='ocrx_word' id='word_1_619' title='bbox 3241 4204 3512 4259; x_wconf 88' lang='lat' dir='ltr'><strong>licentiam</strong></span> 
     </span>
    </p>
   </div>
   <div class='ocr_carea' id='block_1_88' title="bbox 1928 4304 3515 4384">
    <p class='ocr_par' dir='ltr' id='par_1_88' title="bbox 1928 4304 3515 4384">
     <span class='ocr_line' id='line_1_88' title="bbox 1928 4304 3515 4384; baseline -0.013 -13"><span class='ocrx_word' id='word_1_620' title='bbox 1928 4331 2050 4371; x_wconf 90' lang='lat' dir='ltr'><strong>esse</strong></span> <span class='ocrx_word' id='word_1_621' title='bbox 2074 4328 2267 4384; x_wconf 90' lang='lat' dir='ltr'><strong>cogere</strong></span> <span class='ocrx_word' id='word_1_622' title='bbox 2296 4326 2409 4375; x_wconf 90' lang='lat' dir='ltr'><strong>eos,</strong></span> <span class='ocrx_word' id='word_1_623' title='bbox 2437 4315 2529 4363; x_wconf 89' lang='lat' dir='ltr'><strong>aut</strong></span> <span class='ocrx_word' id='word_1_624' title='bbox 2558 4322 2651 4378; x_wconf 89' lang='lat' dir='ltr'><strong>per</strong></span> <span class='ocrx_word' id='word_1_625' title='bbox 2675 4304 3086 4360; x_wconf 86' lang='lat' dir='ltr'><strong>conductionem</strong></span> <span class='ocrx_word' id='word_1_626' title='bbox 3105 4345 3119 4370; x_wconf 87' lang='lat'><strong>,</strong></span> <span class='ocrx_word' id='word_1_627' title='bbox 3151 4309 3242 4354; x_wconf 92' lang='lat' dir='ltr'><strong>aut</strong></span> <span class='ocrx_word' id='word_1_628' title='bbox 3271 4314 3367 4367; x_wconf 90' lang='lat' dir='ltr'><strong>per</strong></span> <span class='ocrx_word' id='word_1_629' title='bbox 3402 4312 3515 4351; x_wconf 87' lang='lat' dir='ltr'><strong>em-</strong></span> 
     </span>
    </p>
   </div>
   <div class='ocr_carea' id='block_1_89' title="bbox 1896 4385 3514 4479">
    <p class='ocr_par' dir='ltr' id='par_1_89' title="bbox 1896 4385 3514 4479">
     <span class='ocr_line' id='line_1_89' title="bbox 1896 4385 3514 4479; baseline -0.015 -16"><span class='ocrx_word' id='word_1_630' title='bbox 1896 4452 1901 4457; x_wconf 85' lang='lat'><strong>.</strong></span> <span class='ocrx_word' id='word_1_631' title='bbox 1928 4407 2211 4479; x_wconf 87' lang='lat' dir='ltr'><strong>phyteusin</strong></span> <span class='ocrx_word' id='word_1_632' title='bbox 2240 4404 2354 4458; x_wconf 64' lang='lat' dir='ltr'><strong>haec</strong></span> <span class='ocrx_word' id='word_1_633' title='bbox 2387 4401 2599 4457; x_wconf 88' lang='lat' dir='ltr'><strong>tradere</strong></span> <span class='ocrx_word' id='word_1_634' title='bbox 2614 4400 2671 4453; x_wconf 87' lang='lat' dir='ltr'><strong>&#39;ei</strong></span> <span class='ocrx_word' id='word_1_635' title='bbox 2697 4439 2711 4463; x_wconf 92' lang='lat'><strong>,</strong></span> <span class='ocrx_word' id='word_1_636' title='bbox 2743 4396 2832 4464; x_wconf 90' lang='lat' dir='ltr'><strong>qui</strong></span> <span class='ocrx_word' id='word_1_637' title='bbox 2864 4395 2966 4449; x_wconf 91' lang='lat' dir='ltr'><strong>hoc</strong></span> <span class='ocrx_word' id='word_1_638' title='bbox 2993 4393 3133 4461; x_wconf 91' lang='lat' dir='ltr'><strong>agit,</strong></span> <span class='ocrx_word' id='word_1_639' title='bbox 3165 4398 3220 4443; x_wconf 93' lang='lat' dir='ltr'><strong>et</strong></span> <span class='ocrx_word' id='word_1_640' title='bbox 3243 4385 3514 4455; x_wconf 86' lang='lat' dir='ltr'><strong>sacrilegii</strong></span> 
     </span>
    </p>
   </div>
   <div class='ocr_carea' id='block_1_90' title="bbox 1929 4482 3515 4567">
    <p class='ocr_par' dir='ltr' id='par_1_90' title="bbox 1929 4482 3515 4567">
     <span class='ocr_line' id='line_1_90' title="bbox 1929 4482 3515 4567; baseline -0.015 -14"><span class='ocrx_word' id='word_1_641' title='bbox 1929 4499 2209 4567; x_wconf 74' lang='lat' dir='ltr'><strong>subiacere</strong></span> <span class='ocrx_word' id='word_1_642' title='bbox 2240 4508 2411 4564; x_wconf 61' lang='lat' dir='ltr'><strong>ptume</strong></span> <span class='ocrx_word' id='word_1_643' title='bbox 2432 4501 2486 4546; x_wconf 89' lang='lat' dir='ltr'><strong>et</strong></span> <span class='ocrx_word' id='word_1_644' title='bbox 2514 4488 2763 4543; x_wconf 88' lang='lat' dir='ltr'><strong>omnibus</strong></span> <span class='ocrx_word' id='word_1_645' title='bbox 2789 4482 3023 4548; x_wconf 90' lang='lat' dir='ltr'><strong>mulctis,</strong></span> <span class='ocrx_word' id='word_1_646' title='bbox 3055 4495 3173 4550; x_wconf 68' lang='lat' dir='ltr'><strong>qua:</strong></span> <span class='ocrx_word' id='word_1_647' title='bbox 3205 4482 3301 4531; x_wconf 87' lang='lat' dir='ltr'><strong>hac</strong></span> <span class='ocrx_word' id='word_1_648' title='bbox 3328 4485 3515 4530; x_wconf 85' lang='lat' dir='ltr'><strong>nostra</strong></span> 
     </span>
    </p>
   </div>
   <div class='ocr_carea' id='block_1_91' title="bbox 200 4564 3509 4661">
    <p class='ocr_par' dir='ltr' id='par_1_91' title="bbox 200 4564 3509 4661">
     <span class='ocr_line' id='line_1_91' title="bbox 200 4564 3509 4661; baseline -0.011 -6"><span class='ocrx_word' id='word_1_649' title='bbox 200 4648 207 4651; x_wconf 78' lang='lat'><strong>.</strong></span> <span class='ocrx_word' id='word_1_650' title='bbox 239 4587 484 4645; x_wconf 60' lang='lat' dir='ltr'><strong>“Silium</strong></span> <span class='ocrx_word' id='word_1_651' title='bbox 504 4627 520 4653; x_wconf 75' lang='grc' dir='ltr'><strong><em>ο</em></strong></span> <span class='ocrx_word' id='word_1_652' title='bbox 548 4601 614 4641; x_wconf 73' lang='grc' dir='ltr'><strong>ΘΧ</strong></span> <span class='ocrx_word' id='word_1_653' title='bbox 644 4600 748 4655; x_wconf 73' lang='lat' dir='ltr'><strong>quo</strong></span> <span class='ocrx_word' id='word_1_654' title='bbox 776 4597 1044 4653; x_wconf 71' lang='grc' dir='ltr'><strong>ηιιηίιιιτηη</strong></span> <span class='ocrx_word' id='word_1_655' title='bbox 1071 4588 1431 4645; x_wconf 55' lang='lat' dir='ltr'><strong>revertamur.</strong></span> <span class='ocrx_word' id='word_1_656' title='bbox 1462 4594 1564 4634; x_wconf 74' lang='lat' dir='ltr'><strong>nec</strong></span> <span class='ocrx_word' id='word_1_657' title='bbox 1593 4578 1638 4632; x_wconf 76' lang='lat' dir='ltr'><strong>Si</strong></span> <span class='ocrx_word' id='word_1_658' title='bbox 1668 4572 1821 4634; x_wconf 62' lang='grc' dir='ltr'><strong>8³0ῖὸ</strong></span> <span class='ocrx_word' id='word_1_659' title='bbox 1850 4564 1906 4624; x_wconf 80' lang='grc' dir='ltr'><strong>Ῑ)</strong></span> <span class='ocrx_word' id='word_1_660' title='bbox 1930 4564 2048 4661; x_wconf 82' lang='lat' dir='ltr'><strong>lege</strong></span> <span class='ocrx_word' id='word_1_661' title='bbox 2088 4603 2242 4644; x_wconf 86' lang='lat' dir='ltr'><strong>sacra</strong></span> <span class='ocrx_word' id='word_1_662' title='bbox 2286 4585 2627 4641; x_wconf 91' lang='lat' dir='ltr'><strong>continentur</strong></span> <span class='ocrx_word' id='word_1_663' title='bbox 2656 4586 2710 4632; x_wconf 92' lang='lat' dir='ltr'><strong>et</strong></span> <span class='ocrx_word' id='word_1_664' title='bbox 2740 4573 3035 4643; x_wconf 85' lang='lat' dir='ltr'><strong>suppliciis.</strong></span> <span class='ocrx_word' id='word_1_665' title='bbox 3066 4570 3201 4637; x_wconf 84' lang='lat' dir='ltr'><strong>Quia</strong></span> <span class='ocrx_word' id='word_1_666' title='bbox 3243 4584 3372 4623; x_wconf 87' lang='lat' dir='ltr'><strong>vero</strong></span> <span class='ocrx_word' id='word_1_667' title='bbox 3416 4582 3509 4643; x_wconf 71' lang='lat' dir='ltr'><strong>cq-</strong></span> 
     </span>
    </p>
   </div>
   <div class='ocr_carea' id='block_1_92' title="bbox 242 4669 1825 4749">
    <p class='ocr_par' dir='ltr' id='par_1_92' title="bbox 242 4669 1825 4749">
     <span class='ocr_line' id='line_1_92' title="bbox 242 4669 1825 4749; baseline -0.008 -14"><span class='ocrx_word' id='word_1_668' title='bbox 242 4679 344 4735; x_wconf 86' lang='lat' dir='ltr'><strong>hoc</strong></span> <span class='ocrx_word' id='word_1_669' title='bbox 372 4679 606 4749; x_wconf 68' lang='lat' dir='ltr'><strong>praebeat</strong></span> <span class='ocrx_word' id='word_1_670' title='bbox 633 4676 822 4739; x_wconf 81' lang='lat' dir='ltr'><strong>forma,</strong></span> <span class='ocrx_word' id='word_1_671' title='bbox 852 4688 1025 4743; x_wconf 89' lang='lat' dir='ltr'><strong>neque</strong></span> <span class='ocrx_word' id='word_1_672' title='bbox 1048 4673 1316 4741; x_wconf 89' lang='lat' dir='ltr'><strong>iudicibus</strong></span> <span class='ocrx_word' id='word_1_673' title='bbox 1345 4670 1433 4726; x_wconf 90' lang='lat' dir='ltr'><strong>vel</strong></span> <span class='ocrx_word' id='word_1_674' title='bbox 1458 4670 1663 4725; x_wconf 90' lang='lat' dir='ltr'><strong>dictare</strong></span> <span class='ocrx_word' id='word_1_675' title='bbox 1692 4669 1825 4724; x_wconf 88' lang='lat' dir='ltr'><strong>talia</strong></span> 
     </span>
    </p>
   </div>
   <div class='ocr_carea' id='block_1_93' title="bbox 244 4762 1826 4840">
    <p class='ocr_par' dir='ltr' id='par_1_93' title="bbox 244 4762 1826 4840">
     <span class='ocr_line' id='line_1_93' title="bbox 244 4762 1826 4840; baseline -0.009 -12"><span class='ocrx_word' id='word_1_676' title='bbox 244 4773 597 4828; x_wconf 83' lang='lat' dir='ltr'><strong>instrumenta</strong></span> <span class='ocrx_word' id='word_1_677' title='bbox 638 4767 1104 4840; x_wconf 62' lang='lat' dir='ltr'><strong>praesumentibus,</strong></span> <span class='ocrx_word' id='word_1_678' title='bbox 1149 4764 1235 4820; x_wconf 92' lang='lat' dir='ltr'><strong>vel</strong></span> <span class='ocrx_word' id='word_1_679' title='bbox 1282 4763 1420 4818; x_wconf 81' lang='lat' dir='ltr'><strong>facta</strong></span> <span class='ocrx_word' id='word_1_680' title='bbox 1467 4762 1742 4829; x_wconf 85' lang='lat' dir='ltr'><strong>suscipere</strong></span> <span class='ocrx_word' id='word_1_681' title='bbox 1770 4767 1826 4815; x_wconf 87' lang='lat' dir='ltr'><strong>et</strong></span> 
     </span>
    </p>
   </div>
   <div class='ocr_carea' id='block_1_94' title="bbox 246 4854 1827 4939">
    <p class='ocr_par' dir='ltr' id='par_1_94' title="bbox 246 4854 1827 4939">
     <span class='ocr_line' id='line_1_94' title="bbox 246 4854 1827 4939; baseline -0.011 -16"><span class='ocrx_word' id='word_1_682' title='bbox 246 4869 409 4938; x_wconf 88' lang='lat' dir='ltr'><strong>gestis</strong></span> <span class='ocrx_word' id='word_1_683' title='bbox 437 4872 903 4939; x_wconf 87' lang='lat' dir='ltr'><strong>monumentorum</strong></span> <span class='ocrx_word' id='word_1_684' title='bbox 942 4875 1005 4916; x_wconf 88' lang='lat' dir='ltr'><strong>ea</strong></span> <span class='ocrx_word' id='word_1_685' title='bbox 1050 4860 1286 4924; x_wconf 79' lang='lat' dir='ltr'><strong>ﬁrmare,</strong></span> <span class='ocrx_word' id='word_1_686' title='bbox 1316 4872 1385 4911; x_wconf 92' lang='lat' dir='ltr'><strong>ne</strong></span> <span class='ocrx_word' id='word_1_687' title='bbox 1425 4856 1586 4910; x_wconf 90' lang='lat' dir='ltr'><strong>etiam</strong></span> <span class='ocrx_word' id='word_1_688' title='bbox 1628 4854 1729 4923; x_wconf 90' lang='lat' dir='ltr'><strong>ipsi</strong></span> <span class='ocrx_word' id='word_1_689' title='bbox 1771 4862 1827 4908; x_wconf 91' lang='lat' dir='ltr'><strong>et</strong></span> 
     </span>
    </p>
   </div>
   <div class='ocr_carea' id='block_1_95' title="bbox 246 4940 1822 5028">
    <p class='ocr_par' dir='ltr' id='par_1_95' title="bbox 246 4940 1822 5028">
     <span class='ocr_line' id='line_1_95' title="bbox 246 4940 1822 5028; baseline -0.011 -13"><span class='ocrx_word' id='word_1_690' title='bbox 246 4958 440 5028; x_wconf 89' lang='lat' dir='ltr'><strong>ciuguli</strong></span> <span class='ocrx_word' id='word_1_691' title='bbox 470 4970 533 5010; x_wconf 89' lang='lat' dir='ltr'><strong>ac</strong></span> <span class='ocrx_word' id='word_1_692' title='bbox 560 4940 830 5025; x_wconf 83' lang='lat' dir='ltr'><strong>dignitatis</strong></span> <span class='ocrx_word' id='word_1_693' title='bbox 851 4961 907 5008; x_wconf 89' lang='lat' dir='ltr'><strong>et</strong></span> <span class='ocrx_word' id='word_1_694' title='bbox 940 4951 1255 5006; x_wconf 85' lang='lat' dir='ltr'><strong>substantiae</strong></span> <span class='ocrx_word' id='word_1_695' title='bbox 1300 4962 1483 5003; x_wconf 91' lang='lat' dir='ltr'><strong>casum</strong></span> <span class='ocrx_word' id='word_1_696' title='bbox 1528 4944 1822 5002; x_wconf 91' lang='lat' dir='ltr'><strong>secundum</strong></span> 
     </span>
    </p>
   </div>
   <div class='ocr_carea' id='block_1_96' title="bbox 248 5040 1825 5110">
    <p class='ocr_par' dir='ltr' id='par_1_96' title="bbox 248 5040 1825 5110">
     <span class='ocr_line' id='line_1_96' title="bbox 248 5040 1825 5110; baseline -0.01 -4"><span class='ocrx_word' id='word_1_697' title='bbox 248 5051 438 5106; x_wconf 84' lang='lat' dir='ltr'><strong>Leonis</strong></span> <span class='ocrx_word' id='word_1_698' title='bbox 464 5047 899 5103; x_wconf 89' lang='lat' dir='ltr'><strong>constitutionem</strong></span> <span class='ocrx_word' id='word_1_699' title='bbox 938 5045 1253 5099; x_wconf 91' lang='lat' dir='ltr'><strong>sustineant.</strong></span> <span class='ocrx_word' id='word_1_700' title='bbox 1289 5040 1483 5096; x_wconf 86' lang='lat' dir='ltr'><strong>Iisdem</strong></span> <span class='ocrx_word' id='word_1_701' title='bbox 1514 5040 1688 5110; x_wconf 78' lang='lat' dir='ltr'><strong>pomis</strong></span> <span class='ocrx_word' id='word_1_702' title='bbox 1717 5051 1825 5093; x_wconf 85' lang='lat' dir='ltr'><strong>ser-</strong></span> 
     </span>
    </p>
   </div>
   <div class='ocr_carea' id='block_1_97' title="bbox 248 5134 1824 5205">
    <p class='ocr_par' dir='ltr' id='par_1_97' title="bbox 248 5134 1824 5205">
     <span class='ocr_line' id='line_1_97' title="bbox 248 5134 1824 5205; baseline -0.008 -9"><span class='ocrx_word' id='word_1_703' title='bbox 248 5141 432 5196; x_wconf 87' lang='lat' dir='ltr'><strong>vandis</strong></span> <span class='ocrx_word' id='word_1_704' title='bbox 458 5143 617 5195; x_wconf 88' lang='lat' dir='ltr'><strong>etiam</strong></span> <span class='ocrx_word' id='word_1_705' title='bbox 649 5138 904 5193; x_wconf 88' lang='lat' dir='ltr'><strong>adversus</strong></span> <span class='ocrx_word' id='word_1_706' title='bbox 944 5151 1037 5191; x_wconf 90' lang='lat' dir='ltr'><strong>eos</strong></span> <span class='ocrx_word' id='word_1_707' title='bbox 1077 5134 1168 5205; x_wconf 85' lang='lat' dir='ltr'><strong>qui</strong></span> <span class='ocrx_word' id='word_1_708' title='bbox 1217 5140 1428 5188; x_wconf 86' lang='lat' dir='ltr'><strong>sacrata</strong></span> <span class='ocrx_word' id='word_1_709' title='bbox 1474 5145 1597 5185; x_wconf 88' lang='lat' dir='ltr'><strong>vasa</strong></span> <span class='ocrx_word' id='word_1_710' title='bbox 1636 5137 1824 5185; x_wconf 89' lang='lat' dir='ltr'><strong>contra</strong></span> 
     </span>
    </p>
   </div>
   <div class='ocr_carea' id='block_1_98' title="bbox 251 5222 1826 5301">
    <p class='ocr_par' dir='ltr' id='par_1_98' title="bbox 251 5222 1826 5301">
     <span class='ocr_line' id='line_1_98' title="bbox 251 5222 1826 5301; baseline -0.009 -12"><span class='ocrx_word' id='word_1_711' title='bbox 251 5242 483 5289; x_wconf 90' lang='lat' dir='ltr'><strong>nostram</strong></span> <span class='ocrx_word' id='word_1_712' title='bbox 528 5232 699 5301; x_wconf 91' lang='lat' dir='ltr'><strong>legem</strong></span> <span class='ocrx_word' id='word_1_713' title='bbox 745 5238 837 5283; x_wconf 90' lang='lat' dir='ltr'><strong>aut</strong></span> <span class='ocrx_word' id='word_1_714' title='bbox 867 5227 1073 5297; x_wconf 89' lang='lat' dir='ltr'><strong>pignori</strong></span> <span class='ocrx_word' id='word_1_715' title='bbox 1101 5226 1257 5291; x_wconf 91' lang='lat' dir='ltr'><strong>dant,</strong></span> <span class='ocrx_word' id='word_1_716' title='bbox 1290 5232 1382 5279; x_wconf 89' lang='lat' dir='ltr'><strong>aut</strong></span> <span class='ocrx_word' id='word_1_717' title='bbox 1423 5222 1699 5286; x_wconf 92' lang='lat' dir='ltr'><strong>vendunt,</strong></span> <span class='ocrx_word' id='word_1_718' title='bbox 1733 5228 1826 5276; x_wconf 89' lang='lat' dir='ltr'><strong>aut</strong></span> 
     </span>
    </p>
   </div>
   <div class='ocr_carea' id='block_1_99' title="bbox 250 5318 1821 5398">
    <p class='ocr_par' dir='ltr' id='par_1_99' title="bbox 250 5318 1821 5398">
     <span class='ocr_line' id='line_1_99' title="bbox 250 5318 1821 5398; baseline -0.008 -13"><span class='ocrx_word' id='word_1_719' title='bbox 250 5328 481 5385; x_wconf 80' lang='lat' dir='ltr'><strong>conﬂant</strong></span> <span class='ocrx_word' id='word_1_720' title='bbox 520 5335 734 5398; x_wconf 91' lang='lat' dir='ltr'><strong>propter</strong></span> <span class='ocrx_word' id='word_1_721' title='bbox 763 5325 1159 5382; x_wconf 86' lang='lat' dir='ltr'><strong>alienationem.</strong></span> <span class='ocrx_word' id='word_1_722' title='bbox 1190 5322 1321 5377; x_wconf 85' lang='lat' dir='ltr'><strong>Nam</strong></span> <span class='ocrx_word' id='word_1_723' title='bbox 1352 5329 1405 5375; x_wconf 92' lang='lat' dir='ltr'><strong>et</strong></span> <span class='ocrx_word' id='word_1_724' title='bbox 1434 5321 1554 5375; x_wconf 90' lang='lat' dir='ltr'><strong>illos</strong></span> <span class='ocrx_word' id='word_1_725' title='bbox 1596 5318 1821 5388; x_wconf 67' lang='lat' dir='ltr'><strong>arquali,</strong></span> 
     </span>
    </p>
   </div>
   <div class='ocr_carea' id='block_1_100' title="bbox 250 5411 1825 5490">
    <p class='ocr_par' dir='ltr' id='par_1_100' title="bbox 250 5411 1825 5490">
     <span class='ocr_line' id='line_1_100' title="bbox 250 5411 1825 5490; baseline -0.009 -10"><span class='ocrx_word' id='word_1_726' title='bbox 250 5432 341 5480; x_wconf 77' lang='lat' dir='ltr'><strong>aut</strong></span> <span class='ocrx_word' id='word_1_727' title='bbox 396 5421 599 5490; x_wconf 89' lang='lat' dir='ltr'><strong>maiore</strong></span> <span class='ocrx_word' id='word_1_728' title='bbox 652 5433 810 5488; x_wconf 77' lang='lat' dir='ltr'><strong>poena</strong></span> <span class='ocrx_word' id='word_1_729' title='bbox 856 5418 1044 5488; x_wconf 90' lang='lat' dir='ltr'><strong>dignos</strong></span> <span class='ocrx_word' id='word_1_730' title='bbox 1086 5428 1206 5470; x_wconf 89' lang='lat' dir='ltr'><strong>esse</strong></span> <span class='ocrx_word' id='word_1_731' title='bbox 1256 5414 1561 5476; x_wconf 89' lang='lat' dir='ltr'><strong>sancimus,</strong></span> <span class='ocrx_word' id='word_1_732' title='bbox 1610 5411 1825 5482; x_wconf 90' lang='lat' dir='ltr'><strong>quando</strong></span> 
     </span>
    </p>
   </div>
   <div class='ocr_carea' id='block_1_101' title="bbox 253 5504 1828 5573">
    <p class='ocr_par' dir='ltr' id='par_1_101' title="bbox 253 5504 1828 5573">
     <span class='ocr_line' id='line_1_101' title="bbox 253 5504 1828 5573; baseline -0.009 -2"><span class='ocrx_word' id='word_1_733' title='bbox 253 5515 409 5570; x_wconf 85' lang='lat' dir='ltr'><strong>etiam</strong></span> <span class='ocrx_word' id='word_1_734' title='bbox 440 5513 581 5566; x_wconf 91' lang='lat' dir='ltr'><strong>circa</strong></span> <span class='ocrx_word' id='word_1_735' title='bbox 624 5523 804 5564; x_wconf 80' lang='lat' dir='ltr'><strong>sacras</strong></span> <span class='ocrx_word' id='word_1_736' title='bbox 832 5523 920 5563; x_wconf 93' lang='lat' dir='ltr'><strong>res</strong></span> <span class='ocrx_word' id='word_1_737' title='bbox 948 5516 1004 5563; x_wconf 92' lang='lat' dir='ltr'><strong>et</strong></span> <span class='ocrx_word' id='word_1_738' title='bbox 1035 5507 1143 5562; x_wconf 87' lang='lat' dir='ltr'><strong>Deo</strong></span> <span class='ocrx_word' id='word_1_739' title='bbox 1170 5504 1442 5561; x_wconf 83' lang='lat' dir='ltr'><strong>dedicatas</strong></span> <span class='ocrx_word' id='word_1_740' title='bbox 1469 5516 1828 5573; x_wconf 86' lang='lat' dir='ltr'><strong>praesumpse-</strong></span> 
     </span>
    </p>
   </div>
   <div class='ocr_carea' id='block_1_102' title="bbox 256 5595 1828 5675">
    <p class='ocr_par' dir='ltr' id='par_1_102' title="bbox 256 5595 1828 5675">
     <span class='ocr_line' id='line_1_102' title="bbox 256 5595 1828 5675; baseline -0.009 -12"><span class='ocrx_word' id='word_1_741' title='bbox 256 5616 378 5663; x_wconf 89' lang='lat' dir='ltr'><strong>runt</strong></span> <span class='ocrx_word' id='word_1_742' title='bbox 405 5606 567 5675; x_wconf 89' lang='lat' dir='ltr'><strong>impie</strong></span> <span class='ocrx_word' id='word_1_743' title='bbox 596 5617 775 5674; x_wconf 82' lang='lat' dir='ltr'><strong>agere,</strong></span> <span class='ocrx_word' id='word_1_744' title='bbox 809 5601 910 5657; x_wconf 91' lang='lat' dir='ltr'><strong>nisi</strong></span> <span class='ocrx_word' id='word_1_745' title='bbox 941 5609 1118 5655; x_wconf 89' lang='lat' dir='ltr'><strong>tamen</strong></span> <span class='ocrx_word' id='word_1_746' title='bbox 1148 5597 1361 5668; x_wconf 88' lang='lat' dir='ltr'><strong>aliquod</strong></span> <span class='ocrx_word' id='word_1_747' title='bbox 1393 5596 1499 5657; x_wconf 81' lang='lat' dir='ltr'><strong>tale</strong></span> <span class='ocrx_word' id='word_1_748' title='bbox 1529 5596 1653 5661; x_wconf 85' lang='lat' dir='ltr'><strong>ﬁat,</strong></span> <span class='ocrx_word' id='word_1_749' title='bbox 1685 5595 1828 5664; x_wconf 89' lang='lat' dir='ltr'><strong>quod</strong></span> 
     </span>
    </p>
   </div>
   <div class='ocr_carea' id='block_1_103' title="bbox 258 5689 1889 5767">
    <p class='ocr_par' dir='ltr' id='par_1_103' title="bbox 258 5689 1889 5767">
     <span class='ocr_line' id='line_1_103' title="bbox 258 5689 1889 5767; baseline -0.007 -11"><span class='ocrx_word' id='word_1_750' title='bbox 258 5700 507 5767; x_wconf 81' lang='lat' dir='ltr'><strong>diximus,</strong></span> <span class='ocrx_word' id='word_1_751' title='bbox 531 5700 674 5755; x_wconf 89' lang='lat' dir='ltr'><strong>circa</strong></span> <span class='ocrx_word' id='word_1_752' title='bbox 698 5696 1120 5766; x_wconf 87' lang='lat' dir='ltr'><strong>redemptionem</strong></span> <span class='ocrx_word' id='word_1_753' title='bbox 1140 5692 1495 5763; x_wconf 88' lang='lat' dir='ltr'><strong>captivorum,</strong></span> <span class='ocrx_word' id='word_1_754' title='bbox 1520 5690 1609 5743; x_wconf 92' lang='lat' dir='ltr'><strong>ubi</strong></span> <span class='ocrx_word' id='word_1_755' title='bbox 1632 5689 1827 5744; x_wconf 83' lang='lat' dir='ltr'><strong>animae</strong></span> <span class='ocrx_word' id='word_1_756' title='bbox 1885 5739 1889 5743; x_wconf 83' lang='lat'><strong>.</strong></span> 
     </span>
    </p>
   </div>
   <div class='ocr_carea' id='block_1_104' title="bbox 208 5783 1823 5853">
    <p class='ocr_par' dir='ltr' id='par_1_104' title="bbox 208 5783 1823 5853">
     <span class='ocr_line' id='line_1_104' title="bbox 208 5783 1823 5853; baseline -0.008 -4"><span class='ocrx_word' id='word_1_757' title='bbox 208 5846 209 5849; x_wconf 44' lang='grc' dir='ltr'><strong>η</strong></span> <span class='ocrx_word' id='word_1_758' title='bbox 261 5793 530 5853; x_wconf 85' lang='lat' dir='ltr'><strong>hominum</strong></span> <span class='ocrx_word' id='word_1_759' title='bbox 560 5794 849 5853; x_wconf 87' lang='lat' dir='ltr'><strong>liberantur</strong></span> <span class='ocrx_word' id='word_1_760' title='bbox 874 5806 904 5847; x_wconf 88' lang='lat' dir='ltr'><strong>a</strong></span> <span class='ocrx_word' id='word_1_761' title='bbox 937 5788 1197 5851; x_wconf 79' lang='lat' dir='ltr'><strong>mortibus</strong></span> <span class='ocrx_word' id='word_1_762' title='bbox 1223 5796 1277 5843; x_wconf 89' lang='lat' dir='ltr'><strong>et</strong></span> <span class='ocrx_word' id='word_1_763' title='bbox 1303 5784 1528 5843; x_wconf 88' lang='lat' dir='ltr'><strong>vinculis</strong></span> <span class='ocrx_word' id='word_1_764' title='bbox 1560 5783 1823 5843; x_wconf 87' lang='lat' dir='ltr'><strong>inanima-</strong></span> 
     </span>
    </p>
   </div>
   <div class='ocr_carea' id='block_1_105' title="bbox 1928 4661 3512 4754">
    <p class='ocr_par' dir='ltr' id='par_1_105' title="bbox 1928 4661 3512 4754">
     <span class='ocr_line' id='line_1_105' title="bbox 1928 4661 3512 4754; baseline -0.013 -17"><span class='ocrx_word' id='word_1_765' title='bbox 1928 4683 2206 4754; x_wconf 90' lang='lat' dir='ltr'><strong>gnovimus</strong></span> <span class='ocrx_word' id='word_1_766' title='bbox 2240 4675 2453 4746; x_wconf 89' lang='lat' dir='ltr'><strong>aliquod</strong></span> <span class='ocrx_word' id='word_1_767' title='bbox 2482 4672 2768 4741; x_wconf 89' lang='lat' dir='ltr'><strong>pessimum</strong></span> <span class='ocrx_word' id='word_1_768' title='bbox 2798 4667 3050 4723; x_wconf 90' lang='lat' dir='ltr'><strong>delictum</strong></span> <span class='ocrx_word' id='word_1_769' title='bbox 3076 4664 3272 4719; x_wconf 84' lang='lat' dir='ltr'><strong>factum</strong></span> <span class='ocrx_word' id='word_1_770' title='bbox 3296 4671 3348 4717; x_wconf 91' lang='lat' dir='ltr'><strong>ct</strong></span> <span class='ocrx_word' id='word_1_771' title='bbox 3370 4661 3512 4731; x_wconf 87' lang='lat' dir='ltr'><strong>apud</strong></span> 
     </span>
    </p>
   </div>
   <div class='ocr_carea' id='block_1_106' title="bbox 1929 4754 3516 4833">
    <p class='ocr_par' dir='ltr' id='par_1_106' title="bbox 1929 4754 3516 4833">
     <span class='ocr_line' id='line_1_106' title="bbox 1929 4754 3516 4833; baseline -0.012 -6"><span class='ocrx_word' id='word_1_772' title='bbox 1929 4769 2323 4828; x_wconf 84' lang='lat' dir='ltr'><strong>Alexandrinos</strong></span> <span class='ocrx_word' id='word_1_773' title='bbox 2348 4775 2400 4820; x_wconf 92' lang='lat' dir='ltr'><strong>et</strong></span> <span class='ocrx_word' id='word_1_774' title='bbox 2423 4763 2723 4833; x_wconf 63' lang='lat' dir='ltr'><strong>Egyptios,</strong></span> <span class='ocrx_word' id='word_1_775' title='bbox 2748 4759 2857 4829; x_wconf 89' lang='lat' dir='ltr'><strong>iam</strong></span> <span class='ocrx_word' id='word_1_776' title='bbox 2884 4766 3060 4812; x_wconf 91' lang='lat' dir='ltr'><strong>autem</strong></span> <span class='ocrx_word' id='word_1_777' title='bbox 3086 4766 3139 4811; x_wconf 92' lang='lat' dir='ltr'><strong>et</strong></span> <span class='ocrx_word' id='word_1_778' title='bbox 3164 4756 3217 4809; x_wconf 91' lang='lat' dir='ltr'><strong>in</strong></span> <span class='ocrx_word' id='word_1_779' title='bbox 3248 4755 3367 4809; x_wconf 91' lang='lat' dir='ltr'><strong>aliis</strong></span> <span class='ocrx_word' id='word_1_780' title='bbox 3396 4754 3516 4821; x_wconf 87' lang='lat' dir='ltr'><strong>qui-</strong></span> 
     </span>
    </p>
   </div>
   <div class='ocr_carea' id='block_1_107' title="bbox 1929 4847 3515 4927">
    <p class='ocr_par' dir='ltr' id='par_1_107' title="bbox 1929 4847 3515 4927">
     <span class='ocr_line' id='line_1_107' title="bbox 1929 4847 3515 4927; baseline -0.011 -9"><span class='ocrx_word' id='word_1_781' title='bbox 1929 4863 2151 4917; x_wconf 88' lang='lat' dir='ltr'><strong>busdam</strong></span> <span class='ocrx_word' id='word_1_782' title='bbox 2193 4858 2403 4927; x_wconf 83' lang='lat' dir='ltr'><strong>itnperii</strong></span> <span class='ocrx_word' id='word_1_783' title='bbox 2452 4855 2586 4909; x_wconf 89' lang='lat' dir='ltr'><strong>locis</strong></span> <span class='ocrx_word' id='word_1_784' title='bbox 2626 4851 2882 4922; x_wconf 90' lang='lat' dir='ltr'><strong>quosdam</strong></span> <span class='ocrx_word' id='word_1_785' title='bbox 2918 4862 3240 4921; x_wconf 67' lang='lat' dir='ltr'><strong>praesumere</strong></span> <span class='ocrx_word' id='word_1_786' title='bbox 3277 4848 3359 4902; x_wconf 84' lang='lat' dir='ltr'><strong>vel</strong></span> <span class='ocrx_word' id='word_1_787' title='bbox 3398 4847 3515 4915; x_wconf 83' lang='lat' dir='ltr'><strong>ipsa</strong></span> 
     </span>
    </p>
   </div>
   <div class='ocr_carea' id='block_1_108' title="bbox 1928 4944 3518 5011">
    <p class='ocr_par' dir='ltr' id='par_1_108' title="bbox 1928 4944 3518 5011">
     <span class='ocr_line' id='line_1_108' title="bbox 1928 4944 3518 5011; baseline -0.009 -4"><span class='ocrx_word' id='word_1_788' title='bbox 1928 4952 2254 5009; x_wconf 88' lang='lat' dir='ltr'><strong>venerabilia</strong></span> <span class='ocrx_word' id='word_1_789' title='bbox 2295 4947 2622 5005; x_wconf 87' lang='lat' dir='ltr'><strong>monasteria</strong></span> <span class='ocrx_word' id='word_1_790' title='bbox 2655 4944 2910 5009; x_wconf 87' lang='lat' dir='ltr'><strong>vendere,</strong></span> <span class='ocrx_word' id='word_1_791' title='bbox 2943 4951 3031 4998; x_wconf 89' lang='lat' dir='ltr'><strong>aut</strong></span> <span class='ocrx_word' id='word_1_792' title='bbox 3062 4950 3391 5011; x_wconf 87' lang='lat' dir='ltr'><strong>permutare,</strong></span> <span class='ocrx_word' id='word_1_793' title='bbox 3420 4946 3518 4993; x_wconf 89' lang='lat' dir='ltr'><strong>aut</strong></span> 
     </span>
    </p>
   </div>
   <div class='ocr_carea' id='block_1_109' title="bbox 1928 5037 3515 5113">
    <p class='ocr_par' dir='ltr' id='par_1_109' title="bbox 1928 5037 3515 5113">
     <span class='ocr_line' id='line_1_109' title="bbox 1928 5037 3515 5113; baseline -0.01 -13"><span class='ocrx_word' id='word_1_794' title='bbox 1928 5043 2146 5109; x_wconf 90' lang='lat' dir='ltr'><strong>donare,</strong></span> <span class='ocrx_word' id='word_1_795' title='bbox 2183 5045 2234 5100; x_wconf 91' lang='lat' dir='ltr'><strong>in</strong></span> <span class='ocrx_word' id='word_1_796' title='bbox 2273 5042 2464 5113; x_wconf 89' lang='lat' dir='ltr'><strong>quibus</strong></span> <span class='ocrx_word' id='word_1_797' title='bbox 2504 5048 2560 5096; x_wconf 86' lang='lat' dir='ltr'><strong>et</strong></span> <span class='ocrx_word' id='word_1_798' title='bbox 2601 5038 2772 5093; x_wconf 85' lang='lat' dir='ltr'><strong>altare</strong></span> <span class='ocrx_word' id='word_1_799' title='bbox 2813 5037 3133 5093; x_wconf 88' lang='lat' dir='ltr'><strong>collocatum</strong></span> <span class='ocrx_word' id='word_1_800' title='bbox 3166 5042 3276 5097; x_wconf 91' lang='lat' dir='ltr'><strong>est,</strong></span> <span class='ocrx_word' id='word_1_801' title='bbox 3320 5042 3375 5087; x_wconf 89' lang='lat' dir='ltr'><strong>et</strong></span> <span class='ocrx_word' id='word_1_802' title='bbox 3421 5045 3515 5085; x_wconf 84' lang='lat' dir='ltr'><strong>sa-</strong></span> 
     </span>
    </p>
   </div>
   <div class='ocr_carea' id='block_1_110' title="bbox 1930 5123 3512 5200">
    <p class='ocr_par' dir='ltr' id='par_1_110' title="bbox 1930 5123 3512 5200">
     <span class='ocr_line' id='line_1_110' title="bbox 1930 5123 3512 5200; baseline -0.011 -9"><span class='ocrx_word' id='word_1_803' title='bbox 1930 5151 2079 5192; x_wconf 90' lang='lat' dir='ltr'><strong>crum</strong></span> <span class='ocrx_word' id='word_1_804' title='bbox 2129 5134 2428 5193; x_wconf 85' lang='lat' dir='ltr'><strong>exbibitnm</strong></span> <span class='ocrx_word' id='word_1_805' title='bbox 2483 5132 2869 5196; x_wconf 89' lang='lat' dir='ltr'><strong>ministerium,</strong></span> <span class='ocrx_word' id='word_1_806' title='bbox 2913 5128 3070 5200; x_wconf 88' lang='lat' dir='ltr'><strong>quale</strong></span> <span class='ocrx_word' id='word_1_807' title='bbox 3119 5124 3284 5178; x_wconf 88' lang='lat' dir='ltr'><strong>moris</strong></span> <span class='ocrx_word' id='word_1_808' title='bbox 3330 5132 3413 5176; x_wconf 91' lang='lat' dir='ltr'><strong>est</strong></span> <span class='ocrx_word' id='word_1_809' title='bbox 3460 5123 3512 5176; x_wconf 88' lang='lat' dir='ltr'><strong>in</strong></span> 
     </span>
    </p>
   </div>
   <div class='ocr_carea' id='block_1_111' title="bbox 1930 5215 3515 5288">
    <p class='ocr_par' dir='ltr' id='par_1_111' title="bbox 1930 5215 3515 5288">
     <span class='ocr_line' id='line_1_111' title="bbox 1930 5215 3515 5288; baseline -0.01 -6"><span class='ocrx_word' id='word_1_810' title='bbox 1930 5227 2287 5283; x_wconf 89' lang='lat' dir='ltr'><strong>sanctissimis</strong></span> <span class='ocrx_word' id='word_1_811' title='bbox 2324 5225 2567 5282; x_wconf 89' lang='lat' dir='ltr'><strong>ecclesiis</strong></span> <span class='ocrx_word' id='word_1_812' title='bbox 2593 5223 2889 5288; x_wconf 91' lang='lat' dir='ltr'><strong>celebrari,</strong></span> <span class='ocrx_word' id='word_1_813' title='bbox 2918 5220 3114 5288; x_wconf 87' lang='lat' dir='ltr'><strong>quippe</strong></span> <span class='ocrx_word' id='word_1_814' title='bbox 3152 5215 3319 5271; x_wconf 91' lang='lat' dir='ltr'><strong>sacris</strong></span> <span class='ocrx_word' id='word_1_815' title='bbox 3361 5215 3515 5269; x_wconf 85' lang='lat' dir='ltr'><strong>lectis</strong></span> 
     </span>
    </p>
   </div>
   <div class='ocr_carea' id='block_1_112' title="bbox 1929 5307 3515 5392">
    <p class='ocr_par' dir='ltr' id='par_1_112' title="bbox 1929 5307 3515 5392">
     <span class='ocr_line' id='line_1_112' title="bbox 1929 5307 3515 5392; baseline -0.011 -15"><span class='ocrx_word' id='word_1_816' title='bbox 1929 5321 2236 5392; x_wconf 88' lang='lat' dir='ltr'><strong>Scripturis,</strong></span> <span class='ocrx_word' id='word_1_817' title='bbox 2275 5329 2331 5374; x_wconf 91' lang='lat' dir='ltr'><strong>et</strong></span> <span class='ocrx_word' id='word_1_818' title='bbox 2368 5326 2708 5374; x_wconf 84' lang='lat' dir='ltr'><strong>sacrosancta</strong></span> <span class='ocrx_word' id='word_1_819' title='bbox 2755 5323 2810 5369; x_wconf 92' lang='lat' dir='ltr'><strong>et</strong></span> <span class='ocrx_word' id='word_1_820' title='bbox 2851 5311 3104 5367; x_wconf 82' lang='lat' dir='ltr'><strong>ineliabili</strong></span> <span class='ocrx_word' id='word_1_821' title='bbox 3135 5307 3515 5363; x_wconf 90' lang='lat' dir='ltr'><strong>communione</strong></span> 
     </span>
    </p>
   </div>
   <div class='ocr_carea' id='block_1_113' title="bbox 1932 5400 3516 5479">
    <p class='ocr_par' dir='ltr' id='par_1_113' title="bbox 1932 5400 3516 5479">
     <span class='ocr_line' id='line_1_113' title="bbox 1932 5400 3516 5479; baseline -0.011 -11"><span class='ocrx_word' id='word_1_822' title='bbox 1932 5414 2146 5479; x_wconf 89' lang='lat' dir='ltr'><strong>tradita,</strong></span> <span class='ocrx_word' id='word_1_823' title='bbox 2174 5419 2230 5467; x_wconf 90' lang='lat' dir='ltr'><strong>et</strong></span> <span class='ocrx_word' id='word_1_824' title='bbox 2257 5410 2570 5466; x_wconf 84' lang='lat' dir='ltr'><strong>monachica</strong></span> <span class='ocrx_word' id='word_1_825' title='bbox 2620 5408 2728 5462; x_wconf 91' lang='lat' dir='ltr'><strong>illic</strong></span> <span class='ocrx_word' id='word_1_826' title='bbox 2762 5406 2899 5459; x_wconf 79' lang='lat' dir='ltr'><strong>facta</strong></span> <span class='ocrx_word' id='word_1_827' title='bbox 2941 5400 3292 5466; x_wconf 89' lang='lat' dir='ltr'><strong>habitatione,</strong></span> <span class='ocrx_word' id='word_1_828' title='bbox 3339 5400 3409 5452; x_wconf 90' lang='lat' dir='ltr'><strong>ita</strong></span> <span class='ocrx_word' id='word_1_829' title='bbox 3456 5406 3516 5451; x_wconf 82' lang='lat' dir='ltr'><strong>ut</strong></span> 
     </span>
    </p>
   </div>
   <div class='ocr_carea' id='block_1_114' title="bbox 1931 5490 3512 5562">
    <p class='ocr_par' dir='ltr' id='par_1_114' title="bbox 1931 5490 3512 5562">
     <span class='ocr_line' id='line_1_114' title="bbox 1931 5490 3512 5562; baseline -0.012 0"><span class='ocrx_word' id='word_1_830' title='bbox 1931 5506 2044 5562; x_wconf 59' lang='lat' dir='ltr'><strong>haec</strong></span> <span class='ocrx_word' id='word_1_831' title='bbox 2080 5512 2411 5561; x_wconf 90' lang='lat' dir='ltr'><strong>mutarentur</strong></span> <span class='ocrx_word' id='word_1_832' title='bbox 2437 5518 2503 5558; x_wconf 89' lang='lat' dir='ltr'><strong>ex</strong></span> <span class='ocrx_word' id='word_1_833' title='bbox 2546 5514 2696 5555; x_wconf 88' lang='lat' dir='ltr'><strong>sacra</strong></span> <span class='ocrx_word' id='word_1_834' title='bbox 2738 5507 2791 5552; x_wconf 91' lang='lat' dir='ltr'><strong>et</strong></span> <span class='ocrx_word' id='word_1_835' title='bbox 2835 5496 2943 5551; x_wconf 88' lang='lat' dir='ltr'><strong>Deo</strong></span> <span class='ocrx_word' id='word_1_836' title='bbox 2990 5493 3203 5549; x_wconf 88' lang='lat' dir='ltr'><strong>amabili</strong></span> <span class='ocrx_word' id='word_1_837' title='bbox 3247 5494 3412 5562; x_wconf 86' lang='lat' dir='ltr'><strong>tlgura</strong></span> <span class='ocrx_word' id='word_1_838' title='bbox 3444 5490 3512 5543; x_wconf 92' lang='lat' dir='ltr'><strong>ad</strong></span> 
     </span>
    </p>
   </div>
   <div class='ocr_carea' id='block_1_115' title="bbox 1933 5582 3513 5670">
    <p class='ocr_par' dir='ltr' id='par_1_115' title="bbox 1933 5582 3513 5670">
     <span class='ocr_line' id='line_1_115' title="bbox 1933 5582 3513 5670; baseline -0.013 -16"><span class='ocrx_word' id='word_1_839' title='bbox 1933 5600 2197 5670; x_wconf 88' lang='lat' dir='ltr'><strong>privatam</strong></span> <span class='ocrx_word' id='word_1_840' title='bbox 2249 5597 2578 5652; x_wconf 82' lang='lat' dir='ltr'><strong>mansionem</strong></span> <span class='ocrx_word' id='word_1_841' title='bbox 2627 5601 2682 5647; x_wconf 90' lang='lat' dir='ltr'><strong>et</strong></span> <span class='ocrx_word' id='word_1_842' title='bbox 2728 5598 2963 5651; x_wconf 89' lang='lat' dir='ltr'><strong>statum,</strong></span> <span class='ocrx_word' id='word_1_843' title='bbox 3015 5586 3131 5640; x_wconf 66' lang='lat' dir='ltr'><strong>lure</strong></span> <span class='ocrx_word' id='word_1_844' title='bbox 3184 5584 3404 5637; x_wconf 89' lang='lat' dir='ltr'><strong>omnino</strong></span> <span class='ocrx_word' id='word_1_845' title='bbox 3445 5582 3513 5635; x_wconf 88' lang='lat' dir='ltr'><strong>de</strong></span> 
     </span>
    </p>
   </div>
   <div class='ocr_carea' id='block_1_116' title="bbox 1932 5675 3513 5757">
    <p class='ocr_par' dir='ltr' id='par_1_116' title="bbox 1932 5675 3513 5757">
     <span class='ocr_line' id='line_1_116' title="bbox 1932 5675 3513 5757; baseline -0.011 -11"><span class='ocrx_word' id='word_1_846' title='bbox 1932 5699 2127 5746; x_wconf 62' lang='lat' dir='ltr'><strong>caetero</strong></span> <span class='ocrx_word' id='word_1_847' title='bbox 2152 5690 2264 5743; x_wconf 88' lang='lat' dir='ltr'><strong>lieri</strong></span> <span class='ocrx_word' id='word_1_848' title='bbox 2293 5686 2660 5757; x_wconf 89' lang='lat' dir='ltr'><strong>prohibemus,</strong></span> <span class='ocrx_word' id='word_1_849' title='bbox 2686 5679 2813 5735; x_wconf 91' lang='lat' dir='ltr'><strong>nulli</strong></span> <span class='ocrx_word' id='word_1_850' title='bbox 2842 5677 3117 5734; x_wconf 86' lang='lat' dir='ltr'><strong>hominum</strong></span> <span class='ocrx_word' id='word_1_851' title='bbox 3143 5675 3513 5744; x_wconf 86' lang='lat' dir='ltr'><strong>permittentes</strong></span> 
     </span>
    </p>
   </div>
   <div class='ocr_carea' id='block_1_117' title="bbox 1934 5765 3509 5856">
    <p class='ocr_par' dir='ltr' id='par_1_117' title="bbox 1934 5765 3509 5856">
     <span class='ocr_line' id='line_1_117' title="bbox 1934 5765 3509 5856; baseline -0.011 -17"><span class='ocrx_word' id='word_1_852' title='bbox 1934 5783 2048 5847; x_wconf 81' lang='lat' dir='ltr'><strong>haec</strong></span> <span class='ocrx_word' id='word_1_853' title='bbox 2075 5781 2402 5856; x_wconf 78' lang='lat' dir='ltr'><strong>delinquere,</strong></span> <span class='ocrx_word' id='word_1_854' title='bbox 2434 5775 2527 5832; x_wconf 84' lang='lat' dir='ltr'><strong>sed</strong></span> <span class='ocrx_word' id='word_1_855' title='bbox 2556 5776 2717 5831; x_wconf 87' lang='lat' dir='ltr'><strong>etiam</strong></span> <span class='ocrx_word' id='word_1_856' title='bbox 2741 5771 2937 5829; x_wconf 81' lang='lat' dir='ltr'><strong>factum</strong></span> <span class='ocrx_word' id='word_1_857' title='bbox 2971 5769 3235 5828; x_wconf 80' lang='lat' dir='ltr'><strong>inﬁrmum</strong></span> <span class='ocrx_word' id='word_1_858' title='bbox 3261 5765 3509 5829; x_wconf 81' lang='lat' dir='ltr'><strong>omnibus</strong></span> 
     </span>
    </p>
   </div>
  </div>
