4042 6348
597 356 703 415 947

1686 337 1952 399 εδεουιι
1990 328 2199 394 SEX?!
2230 322 2819 388 summm

3716 319 3799 383 ω

598 474 939 529 declaramus
984 466 1180 534 modis,
1207 473 1264 521 et
1307 461 1597 531 pretiorum
1646 470 1828 513 casum
1856 451 2183 523 imponimus
2212 451 2265 507 Α
2286 443 2603 513 simpliciter
2630 453 2795 494 omne
2828 436 3009 534 civile,
3050 433 3307 500 militare,
3329 442 3390 492 es
3683 440 3799 495 mi.

599 562 1009 634 accipientibus,
1038 567 1093 615 et
1122 557 1453 614 venditorem
1491 564 1707 623 quoque
1751 546 2181 634 damniﬁcamus,

506 654 515 705 ἱ
601 667 660 715 ct
688 633 763 713 rei
792 670 922 712 casu
948 663 1002 708 et
1031 650 1190 723 pretii
1218 647 1529 709 amissione,
1563 640 1917 699 sanctissimae
1944 633 2185 693 ecclesiae

511 745 517 797 ἶ
608 749 731 822 ejus
759 749 863 804 loci
885 758 940 803 et
963 743 1356 802 venerabilibus
1381 737 1718 797 monasteriis
1745 737 1847 788 hoc
1869 731 2181 791 tribuentes,

507 836 521 889 ἓ
604 851 869 915 quatenus
897 839 999 907 ipsi
1030 835 1345 907 provideant
1379 842 1437 889 ut
1462 830 1601 902 quod
1631 826 1766 883 male
1796 826 2083 880 alienatum
2106 828 2188 875 est

501 952 515 1005 ;
605 911 799 992 rursus
828 930 893 986 ad
923 928 1285 985 monachicam
1316 933 1566 981 revocent
1613 920 1857 989 ﬁguram,
1889 928 2063 983 neque
2092 911 2193 983 hy-

605 1026 836 1099 potheca
856 1039 1016 1093 super
1044 1023 1127 1078 his
1151 1021 1383 1087 valente,
1404 1018 1495 1073 sed
1518 1017 1676 1073 etiam
1707 1014 1821 1085 ipsa
1847 1008 2186 1074 inﬁrmanda,

609 1128 666 1176 ct
690 1132 875 1174 rursus
899 1130 1055 1172 sacro
1084 1114 1414 1169 monasterio
1438 1108 1778 1181 assignanda.

592 1224 596 1267 Δ
682 1211 830 1267 Sicut
870 1218 1049 1264 autem
1098 1207 1384 1262 damnosas
1430 1204 1777 1258 alienationes
1822 1196 2187 1269 prohibemus,

608 1302 691 1361 sic
721 1310 777 1358 et
823 1301 1113 1356 damnosas
1165 1296 1534 1367 possessiones
1576 1289 1966 1347 interdicimus.
2016 1287 2193 1343 ﬂuitat

610 1394 755 1451 enim
788 1392 927 1462 apud
977 1405 1075 1447 nos
1116 1399 1275 1444 mota:
1316 1397 1442 1443 sunt
1485 1387 1831 1457 quaestiones,
1862 1382 1955 1437 ubi
1980 1378 2197 1450 quidam

609 1489 793 1546 minus
824 1487 1014 1541 idonea
1047 1484 1242 1554 prmdia
1282 1482 1614 1535 donaverunt
1643 1474 1997 1531 sanctissimis
2021 1470 2197 1527 eccle-

611 1579 728 1646 siis,
760 1588 849 1633 aut
890 1575 1285 1633 venerabilibus
1325 1572 1591 1633 domibus,
1618 1578 1708 1622 aut
1749 1567 1909 1622 etiam
1940 1563 2197 1619 vendide-

611 1684 740 1728 runt
771 1678 1022 1741 tanquam
1052 1668 1265 1734 idonea,
1293 1679 1415 1719 cum
1443 1664 1627 1732 utique
1655 1657 1855 1715 sterilia
1878 1670 1913 1711 a

614 1771 827 1827 essent,
859 1770 911 1815 et
939 1774 1005 1815 ex
1039 1760 1141 1813 hoc
1175 1754 1570 1810 venerabilibus
1599 1751 1846 1805 domibus
1876 1756 2196 1803 nocuerunt.

2286 536 2416 592 lium
2466 534 2605 587 hanc
2644 540 2884 586 uestram
2925 527 3103 598 legem
3147 535 3395 594 tamam
3424 523 3491 581 ad
3530 538 3798 587 manu

2291 626 2574 681 utilitatem
2614 631 2675 677 et
2712 636 2810 692 pro
2849 619 3017 674 totius
3059 626 3219 674 terra
3259 615 3457 685 pietate
3498 616 3798 684 positarum.

2288 728 2405 784 vet,
2450 727 2505 773 et
2549 714 2995 786 κεκήδευται
3018 710 3214 768 subdat
3250 710 3435 781 ponis
3458 724 3584 779 quas
3618 711 3800 780 pristim

2289 816 2543 873 diximus.
2590 811 2652 867 Si
2695 806 2823 879 quid
2870 816 3053 863 autem
3100 804 3173 861 de
3217 802 3647 860 conductis-ibi
3676 803 3799 863 setis-

2289 906 2634 963 siasticarusn
2676 914 2897 967 rerum,
2942 907 3036 954 aut
3082 899 3138 953 iu
3186 896 3309 952 aliis
3345 894 3588 966 capitulis
3630 895 3801 953 satisi-

2291 1010 2432 1063 mus,
2471 1006 2563 1050 aut
2595 1008 2629 1048 a
2656 992 2930 1064 prioribus
2974 991 3178 1046 nostris
3220 989 3491 1045 saucium
3515 995 3623 1053 at,
3653 998 3802 1049 mea

2292 1091 2399 1147 hoc
2438 1090 2495 1144 in
2524 1086 2742 1159 propria
2788 1085 3067 1150 ﬁrmitate,
3106 1098 3285 1154 neque
3318 1096 3389 1139 es
3425 1080 3663 1151 pruenti
3697 1094 3803 1139 asin

2295 1193 2481 1240 uesta
2542 1178 2932 1236 constitutione
2983 1175 3331 1241 leva-du;
3373 1173 3480 1231 alia
3516 1173 3647 1229 enim
3684 1173 3803 1235 suis

2296 1288 2523 1334 manere
2548 1276 2603 1330 in
2634 1274 2868 1345 propriis
2898 1271 3143 1327 terminis
3172 1269 3435 1335 sinimus,
3462 1265 3561 1321 nisi
3585 1272 3732 1323 tamen
3750 1264 3805 1321 ali-

2295 1369 2424 1441 quid
2453 1368 2523 1423 de
2554 1368 2638 1423 his
2677 1366 2906 1433 habeat,
2935 1379 3057 1434 qua
3086 1363 3175 1418 hie
3201 1356 3804 1425 cantitant-ml-

2298 1463 2570 1532 iiciatpro
2608 1458 2858 1514 omnibus
2904 1457 3021 1512 hac
3067 1448 3803 1523 lexsuperidqsodslw

2299 1540 3807 1626 pimmemoriat‘actumsstmmuenadversasm

2299 1662 2387 1704 res
2415 1644 2631 1702 auferre
2662 1642 3007 1700 alienationis
3031 1640 3397 1698 occasionem.
3428 1637 3541 1693 ‘l‘aa
3574 1634 3708 1706 igitur
3726 1634 3807 1689 isa-

2300 1736 2494 1802 titudo,
2534 1745 2590 1791 ct
2627 1735 2719 1806 qui
2767 1742 2893 1806 post
2934 1733 3085 1789 illam
3130 1731 3189 1787 in
3236 1728 3625 1801 pontiﬁcalibus
3658 1724 3806 1785 tedii

611 1817 987 1911 interdicimus
1008 1852 1169 1922 igitur
1192 1849 1489 1906 rectoribus
1509 1845 1894 1902 venerabilium
1916 1842 2200 1899 domorum

2344 1835 2531 1897 ierint,
2562 1844 2682 1899 qua
2722 1844 2757 1884 a
2796 1827 2954 1885 nobis
2990 1825 3253 1897 disposita
3281 1833 3451 1889 sunt,
3476 1820 3618 1891 operi
3641 1817 3808 1875 ω

613 1948 721 2003 tale
752 1946 951 2017 aliquid
984 1960 1165 2015 agere,
1200 1948 1291 1997 ant
1319 1954 1468 1996 certe
1496 1954 1841 2012 cognoscere,
1868 1940 1989 2006 quia
2019 1938 2062 1991 si
2092 1948 2203 1991 non

614 2056 739 2096 cum
784 2038 931 2095 omni
975 2037 1268 2095 subtilitate
1312 2034 1535 2090 iecerunt
1565 2042 1889 2098 contractus,
1922 2031 2017 2087 sed
2050 2030 2204 2086 leuca

616 2132 863 2203 quaedam
898 2130 1167 2197 possessio
1195 2136 1288 2184 aut
1325 2127 1583 2184 damnosa
1630 2126 1787 2182 detur
1821 2123 2085 2191 ecclesiis,
2114 2131 2207 2177 aut

614 2225 957 2285 monasteriis
996 2232 1088 2279 aut
1141 2221 1525 2287 xenodocbiis,
1577 2231 1666 2273 aut
1716 2216 2065 2283 nosocomiis,
2115 2222 2207 2270 aut

615 2317 735 2371 aliis
767 2315 1161 2371 venerabilibus
1200 2312 1460 2383 collegiis,
1506 2318 1815 2366 contractus
1845 2307 2061 2379 quidem
2109 2318 2208 2376 pro

615 2424 725 2464 non
766 2408 903 2462 facto
950 2409 1082 2474 erit,
1110 2415 1165 2462 et
1205 2406 1426 2475 recipiet
1466 2403 1707 2467 omnino,
1755 2401 1845 2471 qui
1890 2400 2015 2467 dat,
2063 2397 2208 2469 quod

615 2518 719 2573 per
752 2488 1261 2558 circumventionem
1289 2506 1343 2554 et
1372 2497 1634 2553 fallaciam
1678 2495 1861 2551 datum
1901 2504 2003 2550 est.
2032 2492 2212 2549 (liee-

616 2606 813 2647 nomus
844 2601 1021 2646 autem
1051 2591 1147 2660 qui
1172 2590 1275 2644 tale
1304 2587 1501 2654 aliquid
1541 2588 1746 2656 egerit,
1780 2595 1871 2640 aut
1902 2584 2087 2649 abbas,
2118 2589 2210 2636 aut

618 2684 994 2746 xenotlochus,
1026 2691 1117 2737 aut
1150 2693 1491 2739 nosocomus,
1522 2686 1612 2731 aut
1642 2675 2087 2747 ptochotropltus,
2120 2683 2211 2729 aut

621 2773 1119 2843 orphanotrOplius,
1154 2780 1242 2824 aut
1288 2777 1734 2840 gerontoenmus,
1776 2768 1844 2823 de
1887 2779 1988 2822 suo
2024 2768 2073 2821 ei
2121 2764 2210 2835 qui

622 2866 774 2924 dedit
814 2863 1039 2921 salvabit
1080 2878 1145 2918 ex
1188 2863 1287 2917 hoc
1335 2862 1607 2915 damnum.
1662 2860 1717 2915 Si
1759 2874 1889 2914 vero
1930 2858 2011 2912 sic
2052 2869 2213 2911 causa

622 2959 936 3029 ﬁngeretur,
969 2963 1025 3011 ut
1054 2954 1215 3009 etiam
1262 2952 1474 3021 aliquod
1515 2965 1702 3005 aurum
1746 2965 1844 3021 pro
1887 2949 1991 3005 hoc
2028 2949 2211 3015 detur,

623 3060 680 3107 et
709 3051 812 3107 hoc
842 3049 1136 3105 lucrabitur
1158 3047 1372 3118 quidem
1400 3043 1721 3100 venerabilis
1741 3044 1958 3109 domus,
1986 3056 2109 3110 qua
2136 3042 2213 3097 ie-

621 3157 785 3199 neum
814 3141 1030 3211 aliquod
1061 3140 1347 3211 acceperit.
1376 3137 1477 3205 Qui
1514 3150 1647 3191 vero
1685 3148 1875 3190 aurum
1906 3135 2083 3201 dedit,
2119 3133 2215 3186 ba-

2306 1938 2413 1996 quc
2451 1923 2667 1979 tradere
2701 1920 2937 1978 Μῆδοι.
2975 1919 3099 1974 Dat.
3139 1932 3271 1973 xvm
3305 1915 3430 1973 Kal.
3459 1913 3603 1983 Iaii,
3628 1910 3807 1970 Helisei!

2306 2034 2361 2075 ν.
2384 2033 2433 2075 C.
2455 2030 2569 2075 σοι.

2851 2100 3175 2161 NOVELLA
3212 2100 3351 2158 Vill.

2315 2223 2384 2280 Ut
2429 2223 2672 2295 prmities
2709 2222 2897 2292 absque
2935 2217 3299 2345 uiz‘zs‘tgne
3340 2214 3573 2288 pecunia
3608 2212 3667 2267 ad
3697 2208 3807 2280 ἠὼ

2384 2408 2677 2478 imperator
2720 2404 3053 2464 Justinianus
3082 2403 3356 2477 Augustus
3404 2397 3592 2459 .ioanni
3624 2395 3807 2470 prdem

2313 2502 2549 2583 praetorii
2577 2502 2773 2557 iterum
2801 2497 3097 2557 exconsule
3126 2507 3181 2554 et
3208 2496 3463 2567 patricio.

2374 2592 2550 2651 .Nobis
2577 2591 2861 2662 equidem,
2904 2590 3031 2648 dum
3073 2588 3263 2647 sedulo
3291 2580 3809 2652 consulamus,qu

2313 2685 2490 2743 modis
2534 2684 2657 2741 boni
2698 2682 2934 2757 aliquid,
2968 2691 3025 2739 et
3052 2682 3195 2754 quod
3234 2679 3351 2737 Deo
3393 2680 3619 2751 placeat,
3656 2671 3808 2730 subditi!

2314 2794 2412 2851 per
2439 2794 2536 2834 nos
2564 2778 2848 2845 inferatur,
2872 2792 2972 2832 usu
2998 2775 3149 2833 venit
3175 2772 3510 2845 planissime,
3536 2781 3589 2828 ut
3613 2768 3687 2824 diu
3708 2760 3811 2822 simul

2314 2884 2581 2943 noctuque
2612 2874 2665 2928 in
2703 2870 2848 2928 curis
2877 2880 2932 2927 et
2976 2869 3173 2940 vigiliis
3213 2881 3518 2924 versemur.
3557 2860 3709 2933 Neque
3735 2869 3808 2913 att

2315 2963 2480 3020 animi
2513 2962 2836 3035 vigilantiam
2868 2974 3203 3031 supervacue
3232 2968 3326 3015 aut
3360 2968 3550 3028 praster
3574 2968 3669 3011 rem
3702 2945 3811 3006 susci-

2317 3060 2515 3133 pimus,
2548 3056 2644 3111 sed
2684 3055 2803 3110 sive
2845 3052 3081 3119 interdiu
3110 3052 3239 3123 quid
3270 3063 3537 3123 geramus,
3568 3048 3665 3104 sive
3698 3043 3809 3100 nocti-

2318 3151 2419 3207 bus
2448 3166 2513 3205 cx
2542 3164 2695 3219 atquo
2726 3157 2939 3201 utamur
2965 3160 3085 3200 cum
3124 3143 3215 3199 die
3245 3144 3298 3198 in
3335 3152 3443 3197 tam
3479 3150 3719 3196 numerosa
3738 3144 3812 3189 call

621 3235 773 3293 bebit
802 3243 987 3290 contra
1012 3250 1134 3289 eum
1174 3235 1265 3305 qui
1293 3241 1626 3288 contractum
1668 3229 1961 3286 celebravit
2005 3242 2072 3283 ex
2114 3227 2217 3281 hoc
2242 3225 2289 3293 ε
2318 3243 2543 3301 consilia
2583 3240 2967 3311 impendimus,
3006 3248 3066 3293 ιη
3110 3238 3269 3293 nobis
3310 3252 3414 3308 pro
3451 3234 3671 3291 omnibus
3690 3241 3808 3286 cum

623 3328 923 3394 actionem,
966 3329 1103 3383 sicut
1153 3327 1513 3397 praediximus.
1553 3324 1679 3379 litec
1723 3321 1945 3377 omnino
1981 3336 2012 3377 a
2056 3322 2216 3376 nobis

623 3436 787 3489 super
811 3420 1294 3474 ecclesiasticarum
1334 3424 1426 3471 aut
1456 3414 1825 3487 ptochicarum
1853 3428 2035 3470 rerum
2078 3412 2215 3466 alie-

624 3516 842 3568 natione
874 3514 1042 3581 posita
1070 3513 1139 3565 sit
1172 3511 1286 3577 lex,
1321 3508 1516 3563 Leonis
1546 3507 1758 3577 quidem
1808 3506 1909 3575 pits
1943 3505 2219 3559 «ternarias

626 3620 863 3675 sequens
888 3604 1325 3675 constitutionem
1343 3646 1357 3670 ,
1386 3611 1439 3657 et
1467 3615 1572 3656 non
1595 3599 1736 3654 aliud
1760 3600 1976 3670 quidem
1999 3610 2217 3665 curans,

628 3698 774 3751 aliud
806 3708 982 3751 autem
1017 3694 1319 3749 incnratum
1350 3692 1682 3762 relinquens,
1706 3693 1801 3745 sed
1826 3692 1878 3744 in
1903 3690 2048 3744 omni
2077 3698 2222 3743 terra

628 3806 786 3860 quam
832 3790 1194 3845 Romanorum
1229 3785 1466 3841 continet
1497 3786 1611 3850 lex,
1638 3791 1695 3837 et
1722 3780 2004 3837 catholicas
2047 3782 2220 3836 eccle-

629 3883 727 3937 siae
753 3884 978 3946 sanctio,
1020 3882 1135 3935 inec
1174 3878 1516 3942 extendatur,
1545 3885 1598 3930 et
1628 3874 1948 3930 determinet
1975 3888 2097 3943 quae
2127 3889 2221 3929 sua

632 3985 779 4043 sunt,
802 3986 854 4031 et
872 3976 1047 4031 valeat
1079 3982 1370 4044 perpetuo,
1396 3969 1661 4026 custodita
1689 3985 1720 4024 a
1751 3971 2104 4025 sanctissimis
2134 3984 2225 4039 pa-

635 4067 884 4122 triarcliis
918 4066 1332 4134 uniuscujusque
1371 4062 1691 4125 dimceseos,
1723 4071 1778 4116 et
1808 4076 1837 4114 a
1867 4059 1979 4116 Deo
2022 4062 2227 4115 amabi-

637 4157 776 4213 libus
824 4156 1273 4225 metropolitanis,
1303 4166 1356 4211 et
1386 4158 1454 4212 ab
1489 4156 1609 4210 aliis
1657 4154 1947 4223 episcopis,
1980 4161 2035 4209 et
2071 4152 2227 4207 cleri-

637 4249 749 4319 cis,
794 4257 849 4305 et
892 4248 1212 4314 (nconomls,
1255 4258 1309 4304 et
1354 4248 1633 4304 abbatibus
1675 4254 1731 4303 et
1775 4246 2125 4313 scnodoebis,
2174 4251 2227 4298 et

637 4344 977 4410 nosocomls,
1019 4352 1073 4399 et
1120 4342 1564 4413 brephotrophis,
1603 4350 1657 4397 et
1699 4337 2129 4411 gerontocomis,
2176 4346 2229 4393 et

638 4442 1111 4517 orphanotrophis,
1146 4452 1199 4497 et
1228 4441 1477 4497 omnibus
1519 4439 1767 4494 similiter
1805 4438 2105 4493 rectoribus
2131 4437 2228 4491 ali-

637 4552 870 4608 quorum
920 4542 1228 4590 sanctorum
1259 4533 1631 4601 collegiorum,
1662 4528 1913 4586 omnibus
1945 4529 2226 4598 imponens

2319 3335 2650 3409 gerentibus,
2673 3332 2871 3388 subditi
2902 3331 3073 3387 nostri
3104 3331 3251 3386 omni
3280 3327 3629 3385 sollicitudine
3650 3319 3760 3376 vacui
3780 3320 3810 3371 in

2321 3436 2436 3482 tuto
2459 3435 2513 3481 et
2537 3439 2744 3480 summa
2777 3423 3159 3495 tranquillitate
3188 3422 3539 3479 collocentur.
3568 3415 3698 3474 Omni
3719 3412 3809 3468 enim

2324 3535 2447 3575 cum
2478 3518 2929 3589 pervestigatione
2953 3523 3009 3571 et
3034 3526 3284 3571 accurata
3316 3513 3643 3585 inquisitione
3668 3515 3811 3577 progre-

2324 3610 2524 3679 dimur,
2556 3624 2620 3665 ea
2649 3607 2869 3664 ellicere
2898 3607 3202 3677 cupientes,
3226 3621 3349 3675 quae
3382 3603 3639 3659 utilitatem
3660 3590 3811 3652 subditi

2326 3701 2525 3758 nostris
2547 3697 2816 3767 adierant,
2841 3697 3108 3769 simulque
3128 3696 3275 3753 omni
3297 3711 3395 3752 eos
3419 3709 3571 3750 onere
3591 3704 3645 3745 ac
3665 3689 3809 3747 damno,

2326 3793 2467 3866 quod
2512 3804 2711 3865 praeter
2753 3790 3173 3862 descriptionem
3222 3788 3489 3860 publicam
3529 3795 3577 3843 et
3607 3784 3813 3855 justauat

2326 3886 2543 3941 solitam
2575 3882 2921 3939 collationem
2962 3879 3211 3938 alicunde
3255 3880 3529 3938 inductum
3570 3884 3662 3941 est,
3696 3867 3811 3929 exsol-

2327 3985 2472 4031 vant.
2507 3971 2810 4043 Invenimus
2842 3987 3071 4043 namque
3104 3972 3397 4042 plurimum
3434 3971 3489 4028 in
3521 3962 3807 4036 rempublicam

2328 4066 2625 4138 iniquitatis
2656 4065 2961 4136 irrepsisse,
2994 4054 3118 4135 qua:
3146 4079 3253 4120 non
3297 4064 3452 4120 initio
3479 4061 3567 4120 sed
3593 4054 3736 4130 ρευώ
3762 4047 3813 4103 ιδ

2330 4157 2457 4213 hinc
2485 4157 2640 4212 anuis
2673 4157 2898 4222 intrusa,
2931 4155 3176 4212 subditos
3211 4166 3425 4211 nostros
3451 4152 3514 4210 ad
3544 4152 3811 4224 paupertatem

2330 4249 2537 4321 adigat,
2570 4260 2627 4302 ut
2675 4248 2968 4318 periculum
3016 4248 3118 4312 sit,
3152 4263 3221 4303 ne
3265 4246 3335 4302 ad
3379 4259 3621 4302 summam
3656 4235 3811 4295 omnium

2331 4356 2511 4400 rerum
2544 4340 2779 4412 inopiam
2809 4340 3146 4410 delabantur,
3178 4348 3232 4396 ct
3261 4341 3549 4397 secundum
3589 4327 3812 4398 δωαίριίίν

2332 4448 2458 4490 nem
2496 4432 2794 4503 publicam,
2828 4447 2895 4487 ne
2920 4438 3179 4489 censueta
3224 4432 3440 4501 quidem
3465 4438 3519 4487 et
3548 4428 3698 4488 solita,
3718 4428 3811 4473 καί

2332 4542 2437 4599 que
2466 4527 2549 4597 pia
2591 4525 2789 4582 tributa
2818 4523 3029 4595 publica
3070 4524 3188 4580 sine
3216 4527 3369 4595 gravi
3416 4517 3667 4593 dispendio
3686 4522 3727 4569 st
3753 4519 3810 4563 κ’

638 4604 915 4701 proprium
944 4626 1109 4683 robur
1138 4634 1193 4682 et
1220 4626 1489 4681 licentiam
1526 4621 1770 4691 pra-hens
1800 4619 1998 4676 volenti
2022 4620 2231 4675 denun-
2255 4613 2312 4675 D
2333 4619 2589 4677 cessitate
2613 4626 2813 4691 queant
2842 4616 3171 4688 persolvere.
3194 4618 3274 4673 Ac
3294 4631 3417 4674 cum
3441 4624 3492 4673 et
3516 4612 3599 4682 qui
3620 4604 3813 4677 ἰωρεῆωι

638 4726 777 4781 tiare
804 4738 922 4794 quae
964 4722 1365 4794 delinquuntur.
1400 4719 1708 4775 Laudabilis
1736 4720 1877 4775 enim
1918 4715 2227 4789 hujusmodi

641 4826 760 4882 est,
797 4824 850 4870 et
897 4814 1298 4869 calumniatoris
1345 4812 1561 4882 effugiet
1608 4824 1836 4878 nomen,
1880 4808 1971 4881 qui
2011 4823 2226 4864 causam

641 4917 829 4962 contra
877 4907 1023 4977 leges
1074 4904 1266 4961 factam
1323 4904 1627 4975 redarguit,
1678 4916 1865 4961 auctor
1919 4902 2134 4974 pietatis
2178 4910 2233 4957 et

641 4996 889 5053 utilitatis
936 4995 1106 5051 sacris
1153 4995 1399 5050 domibus
1452 4993 1645 5049 iactus.
1697 4994 1999 5051 Servabunt
2051 5000 2231 5048 autem

643 5104 762 5145 eam
796 5086 1147 5143 nihilominus
1180 5095 1233 5141 et
1276 5096 1472 5142 nostrae
1511 5085 1819 5157 reipublica:
1865 5085 2072 5156 judices
2119 5099 2232 5139 ma-

641 5180 789 5250 jores
829 5186 885 5235 et
926 5177 1186 5244 minores,
1228 5179 1416 5234 civiles
1453 5190 1508 5233 et
1548 5179 1827 5245 militares,
1869 5187 1922 5233 et
1966 5177 2235 5248 praecipue

644 5287 743 5341 per
772 5285 959 5327 omnes
990 5270 1251 5327 dimceses
1283 5272 1557 5327 constituti
1587 5268 1955 5342 gloriosissimi
1994 5268 2233 5340 praefecti

646 5380 923 5421 sacrorum
968 5367 1372 5435 praetoriorum,
1416 5377 1470 5422 et
1510 5366 1712 5420 medias
1761 5364 2020 5420 habentes
2060 5360 2235 5417 admi-

647 5458 1011 5522 nistrationes,
1056 5472 1189 5527 quas
1234 5448 1555 5527 Spectabiles
1604 5465 1796 5510 vocant
1839 5454 2094 5525 (dicimus
2136 5467 2235 5507 au-

648 5558 758 5604 tem
811 5549 1154 5619 Augustalem
1206 5558 1261 5605 et
1311 5548 1751 5619 proconsulares,
1799 5556 1852 5602 et
1893 5546 2236 5617 spectabilem

647 5641 896 5697 comitem
944 5640 1205 5710 Orientis)
1249 5649 1304 5697 et
1342 5640 1509 5709 alios,
1554 5650 1607 5695 et
1653 5641 1741 5710 qui
1792 5648 1911 5708 post
1953 5638 2074 5692 illos
2114 5647 2240 5693 sunt

649 5735 1022 5804 magistratus,
1063 5733 1167 5790 hoc
1205 5745 1287 5790 est
1328 5735 1721 5804 provinciarum
1770 5732 2083 5788 consulares
2128 5732 2241 5787 sive

652 5823 911 5905 praesides
948 5826 1259 5891 constituti,
1294 5833 1455 5897 atque
1492 5826 1805 5883 defensores
1844 5823 2153 5893 civitatum,
2186 5832 2241 5881 et

2332 4709 2552 4781 aliquod
2581 4718 2730 4766 retro
2766 4709 2921 4765 annis
2952 4722 3139 4779 parum
3178 4709 3349 4780 probe
3383 4709 3641 4781 gesserunt
3669 4702 3809 4762 MP“

2330 4800 2528 4874 aliquid
2555 4809 2811 4872 cuperent
2836 4800 2996 4856 rebus
3025 4801 3138 4855 suis
3166 4800 3303 4858 lucri
3342 4814 3437 4871 per
3472 4794 3721 4853 ofﬁciorum
3741 4784 3801 4838 do-

2336 4894 2590 4950 lationein
2613 4894 2889 4960 accedere,
2916 4888 3214 4963 meritoque
3234 4893 3360 4948 illos
3380 4893 3691 4963 sequerentur
3704 4878 3807 4935 etim

2338 4987 2705 5059 gloriosissimi
2734 4985 3106 5056 prastoriorum
3133 4987 3397 5057 praiecti,
3421 4986 3506 5057 qui
3530 4988 3716 5049 unquam
3734 4966 3803 5024 Ιαί

2341 5058 2511 5151 potuit
2542 5089 2599 5134 ut
2625 5078 2914 5135 collatores
2942 5080 3384 5136 extraordinariis
3416 5074 3680 5148 dispendiis
3709 5058 3810 5122 simul

2341 5182 2397 5229 et
2423 5170 2597 5227 solitis
2622 5185 2686 5227 ac
2715 5171 3064 5242 pientissimis
3090 5173 3323 5239 publicis
3362 5164 3732 5245 praestationibtts
3752 5165 3809 5223 βα

2342 5265 2397 5321 id
2438 5279 2607 5336 genus
2652 5264 2950 5335 iniquitatis
2991 5262 3340 5322 sufﬁcerent?
3380 5263 3544 5323 Subiit
3584 5258 3710 5330 igitur
3737 5245 3808 5301 ani'

2343 5372 2490 5414 mum
2536 5356 2807 5429 cogitatio,
2853 5373 2961 5429 quo
2988 5357 3203 5413 tandem
3235 5357 3398 5427 facto,
3427 5350 3653 5427 quidquid
3675 5338 3806 5411 mpii“

2345 5452 2397 5507 in
2432 5452 2726 5522 provinciis
2754 5452 2953 5508 nostris
2982 5452 3201 5509 noxium
3246 5452 3455 5519 existit,
3485 5454 3713 5521 possemus
3745 5439 3807 5522 tl”

2306 5552 2309 5555 λ
2344 5521 2582 5615 generali
2611 5553 2733 5601 actu
2755 5544 2827 5608 ad
2875 5544 3098 5600 meliora
3148 5543 3444 5601 traducere.
3482 5541 3542 5596 Et
3581 5534 3716 5600 reipﬂ
3745 5521 3805 5575 δοθ

2347 5645 2665 5693 eventurum
2732 5635 3225 5706 deprehendimus,
3275 5638 3321 5692 si
3370 5637 3542 5691 demus
3580 5616 3807 5706 OW‘FF‘

2344 5731 2585 5799 gentium
2635 5702 2915 5800 praesides,
2956 5729 3050 5801 qui
3098 5702 3273 5785 civilia
3322 5730 3373 5785 in
3420 5717 3665 5798 provinciis
3695 5702 3805 5801 οῐῧεξί
3906 5780 3907 5791 χ

2348 5789 2757 5891 administrant,
2785 5789 2935 5893 puris
2959 5789 3178 5879 utantur
3204 5789 3463 5887 manibus,
3488 5823 3539 5873 et
3556 5802 3674 5869 omni
3691 5789 3805 5871 FW"
