4042 6348
249 307 360 363 949

1041 301 1416 359 JUSTINIANI
1456 295 1803 357 ΝΟῩΕΜΛΕ
1845 292 2201 351 SELEC'I‘AE.
2244 295 2562 353 NOVELLA
2606 298 2744 354 VIII.

3425 298 3530 356 9'50

243 423 578 491 abstineant,
611 419 696 477 his
722 420 851 476 solis
877 419 1135 484 contenti,
1164 434 1283 489 quae
1310 417 1617 488 praebentur
1645 430 1711 471 ex
1742 429 1841 483 pu-
1867 412 1922 472 Α
1945 418 2025 464 εει
2050 453 2064 476 ,
2109 425 2303 482 nempe
2359 415 2634 469 avaritiam
2684 414 2922 470 omnium
2982 413 3245 468 malorum
3297 421 3529 470 matrem

246 519 415 574 blico.
443 516 596 584 Quod
626 514 838 584 quidem
867 514 1022 568 aliter
1051 528 1156 567 non
1185 511 1307 578 ﬁet,
1354 512 1452 565 nisi
1484 523 1702 580 quoque
1735 507 1836 576 ipsi

244 609 430 667 ofﬁcia
462 607 691 679 gratuita
734 606 1091 675 susceperint,
1124 619 1298 673 neque
1331 608 1593 671 prattextu
1623 600 1709 671 (ut
1739 614 1836 652 vo-

244 704 401 771 cant)
449 699 854 769 suﬂragiorum,
898 712 1073 766 neque
1106 695 1190 760 iis,
1222 695 1311 765 qui
1352 693 1697 762 magistratus
1740 705 1838 760 ge-

250 803 410 858 runt,
446 807 618 862 neque
647 791 893 860 cuiquam
920 788 1010 842 alii
1041 788 1331 858 quidquam
1361 787 1571 840 dantes.
1601 783 1840 839 Tametsi

248 885 395 940 enim
440 898 548 938 non
590 882 814 953 exiguus
863 881 1089 951 imperio
1132 879 1339 934 reditus
1378 893 1440 934 ea
1485 892 1546 933 re
1591 875 1840 942 decedit,

251 976 733 1033 animadvertimus
759 984 935 1029 tamen
957 973 1302 1028 collatoribus
1331 971 1552 1036 nostris,
1576 970 1622 1026 si
1644 969 1842 1024 indem-

251 1081 354 1124 nes
398 1074 560 1137 atque
607 1066 761 1120 illaesi
809 1080 837 1119 a
884 1065 1154 1135 iudicibus
1199 1073 1605 1128 conserventur,
1655 1063 1842 1131 ingens

191 1147 198 1152 ’
252 1159 646 1216 incrementum
696 1157 1108 1228 accipientibus,
1165 1165 1272 1210 tam
1337 1154 1621 1224 imperium
1681 1168 1843 1224 quam

253 1252 530 1324 publicum
561 1251 809 1304 aerarium
849 1258 995 1304 recte
1026 1263 1084 1304 se
1117 1248 1456 1315 habiturum,
1488 1259 1706 1314 semper
1733 1245 1844 1298 nsi—

250 1329 358 1400 bus
379 1345 491 1399 suis
519 1351 736 1412 paratos
762 1341 964 1396 habens
992 1341 1236 1396 subditos
1263 1338 1578 1407 locupletes,
1606 1346 1661 1393 et
1687 1337 1846 1391 unico

255 1438 363 1492 hoc
391 1434 582 1491 ordine
631 1433 959 1499 introducto,
1003 1433 1236 1502 amplam
1280 1440 1336 1487 et
1377 1427 1698 1485 ineffabilem
1730 1444 1848 1483 om-

248 1529 400 1583 nium
428 1541 610 1582 rerum
652 1527 859 1596 copiam
903 1526 1240 1581 exstituram.
1291 1523 1375 1579 An
1422 1537 1554 1578 vero
1594 1521 1848 1577 omnibus

249 1619 593 1677 manifestum
641 1634 748 1674 non
785 1628 903 1685 est,
934 1618 1076 1690 quod
1116 1619 1207 1688 qui
1251 1632 1440 1672 aurum
1481 1615 1609 1682 dat,
1649 1614 1850 1685 quique

253 1726 325 1767 eo
369 1719 528 1782 pacto
577 1710 814 1766 ofﬁcium
863 1710 1115 1775 redimit,
1163 1725 1270 1765 non
1321 1708 1424 1765 hoc
1470 1715 1674 1762 tantum
1719 1706 1848 1773 dat,

248 1805 398 1876 quod
431 1814 689 1874 praetextu
721 1805 804 1879 (ut
832 1803 1130 1874 appellant)
1174 1802 1549 1872 suffragiorum
1578 1802 1850 1871 excogita-

249 1909 367 1956 tum
396 1906 510 1964 est,
541 1896 636 1952 sed
667 1897 828 1952 etiam
855 1895 1000 1950 aliud
1031 1896 1369 1950 extrinsecus
1407 1894 1578 1949 multo
1619 1894 1848 1962 amplius

248 1991 584 2056 accumulat,
617 1999 672 2044 ut
717 1991 861 2058 prius
900 1989 966 2043 ab
1012 1989 1076 2043 iis
1123 1989 1352 2060 gratiam
1397 1989 1574 2054 ineat,
1621 1988 1712 2057 qui
1759 1986 1849 2041 vel

249 2081 501 2137 conferre
550 2079 821 2146 ofﬁcium,
865 2079 949 2133 vel
998 2079 1204 2134 ambire
1252 2079 1465 2134 solent?
1509 2079 1576 2132 Et
1623 2079 1701 2133 sic
1745 2093 1850 2131 uno

252 2173 491 2228 absurdo
541 2171 808 2243 principio
852 2170 1122 2237 admisso,
1173 2169 1369 2224 multas
1416 2168 1614 2224 deinde
1660 2183 1849 2222 manus

257 2265 421 2320 obeat
450 2278 669 2320 necesse
699 2272 814 2331 est,
842 2264 930 2333 qui
968 2262 1136 2318 semel
1174 2262 1355 2331 largiri
1385 2262 1580 2330 coepit,
1610 2270 1665 2315 et
1692 2260 1851 2332 quid-

253 2357 383 2427 quid
415 2357 465 2411 id
497 2356 613 2411 auri
639 2365 749 2423 est,
782 2371 888 2410 non
916 2355 983 2410 de
1014 2370 1110 2410 suo
1138 2352 1279 2410 forte
1308 2355 1575 2423 prtebeat,
1610 2354 1703 2408 sed
1735 2369 1852 2407 tnu-

253 2455 348 2503 tuo
377 2456 682 2517 sumptum,
710 2455 764 2501 et
789 2454 848 2501 ut
875 2452 1119 2500 mutuum
1150 2446 1398 2516 accipere
1428 2445 1625 2515 possit,
1653 2445 1851 2499 damno

258 2539 529 2595 obnoxius
574 2553 862 2609 secumque
910 2539 1280 2605 ratiocinetur,
1329 2537 1471 2608 quod
1521 2536 1852 2592 conveniens

257 2632 352 2698 sit,
383 2640 585 2686 tantum
617 2646 685 2686 ex
729 2631 1002 2701 provincia
1045 2631 1310 2699 recipere,
1356 2640 1616 2700 quantum
1660 2631 1747 2685 vel
1783 2629 1851 2684 ad

260 2723 659 2778 dissolvendum
699 2738 772 2778 tes
811 2723 1044 2778 alienum
1085 2739 1239 2778 suum
1275 2732 1383 2778 tam
1422 2724 1474 2778 in
1510 2733 1654 2780 sorte
1690 2739 1852 2793 quam

260 2813 460 2879 usuris,
494 2829 653 2883 quam
697 2815 856 2868 etiam
896 2814 1114 2880 damno,
1156 2815 1299 2884 quod
1329 2824 1388 2869 ut
1418 2825 1660 2870 mutuum
1706 2818 1851 2870 acci-

256 2914 446 2977 peret,
475 2905 762 2971 sustinuit,
788 2907 918 2960 satis
949 2905 1046 2973 sit,
1078 2907 1161 2961 vel
1191 2905 1678 2961 administrationis
1713 2915 1853 2961 tem-

258 3014 391 3068 pore
424 3007 529 3052 tam
561 2998 762 3068 judici,
786 3015 944 3068 quam
975 3000 1118 3054 circa
1147 3001 1322 3069 ipsum
1355 2999 1712 3066 versantibus,
1749 2999 1850 3052 lar-

260 3093 438 3162 giores
463 3098 711 3161 sumptus
744 3100 905 3161 atque
935 3103 1058 3147 ante
1085 3089 1363 3160 fecerunt,
1397 3093 1732 3162 suppeditet,
1766 3094 1852 3148 vel

1943 504 2196 569 existere,
2225 515 2277 559 et
2307 507 2558 575 maxime,
2589 522 2710 561 cum
2737 507 2790 560 in
2818 507 3012 561 animis
3034 521 3138 559 nun
3171 506 3525 574 privatorum,

1946 595 2040 649 sed
2090 596 2496 667 magistratuum
2561 599 2887 653 innascatur.
2938 599 3069 666 Quis
3125 599 3268 653 enim
3326 599 3529 667 absque

1942 696 2091 742 metu
2124 689 2344 756 periculi
2391 705 2496 744 non
2528 688 2756 757 furetur,
2787 692 2903 761 quis
2934 709 3040 746 non
3077 707 3268 749 secure
3312 693 3529 748 latroci-

1943 789 2123 844 netur,
2166 782 2446 835 conversis
2491 782 2558 836 ad
2598 784 2965 852 magistratum
3010 785 3182 839 oculis
3231 784 3531 855 vidensque

1943 872 2095 928 illum
2129 877 2306 929 omnia
2336 891 2469 930 auro
2500 877 2700 932 habere
2736 878 2968 944 venalia,
2998 878 3273 934 conﬁdens
3304 879 3441 945 fore,
3474 888 3534 935 ut

1946 964 2077 1019 nihil
2120 974 2227 1021 tam
2286 977 2440 1036 turpe
2494 967 2768 1036 admittat,
2802 971 2942 1039 quod
2985 985 3089 1024 non
3121 972 3244 1024 data
3297 971 3529 1040 pecunia

1946 1059 2114 1129 possit
2162 1060 2466 1116 redimere?
2510 1062 2637 1116 Inde
2680 1057 2990 1127 homicidia,
3023 1061 3310 1128 adulteria,
3360 1063 3530 1117 latro-

1948 1168 2074 1207 num
2095 1169 2452 1224 aggressurae,
2478 1155 2721 1222 vulnera,
2751 1165 2933 1223 raptus
2959 1155 3249 1225 virginum,
3281 1155 3536 1209 nundina-

1950 1259 2068 1298 rum
2093 1254 2148 1300 et
2169 1247 2504 1314 publicorum
2528 1256 2885 1302 conventuum
2907 1247 3170 1313 conlusio,
3194 1257 3534 1316 contemptus

1949 1336 2123 1406 legum
2155 1346 2210 1392 et
2242 1340 2683 1409 tnagiStratuum,
2722 1340 2970 1395 omnibus
3001 1348 3254 1407 tanquam
3295 1340 3398 1394 vile
3439 1339 3537 1392 ali-

1949 1430 2090 1500 quod
2122 1430 2444 1497 mancipium
2475 1446 2666 1486 venum
2693 1446 2786 1486 eas
2819 1432 3044 1502 proponi
3085 1431 3535 1485 existimantibus.

1955 1521 2208 1593 Adeoque
2236 1539 2345 1578 non
2393 1523 2712 1592 sufﬁcimus,
2742 1533 2800 1578 ut
2829 1523 2914 1578 vel
2950 1524 3272 1594 cogitatione
3298 1521 3544 1590 comple-'

1951 1626 2182 1683 ctamur,
2210 1617 2295 1672 vel
2338 1632 2730 1688 prosequamur
2770 1617 3017 1686 dicendo,
3053 1632 3210 1686 quam
3257 1616 3422 1669 multa
3471 1630 3540 1672 ex

1953 1709 2358 1779 provincialium
2391 1709 2793 1778 magistratuum
2827 1709 2980 1764 furtis
3022 1711 3223 1763 atrocia
3253 1707 3538 1771 eveniant,

1875 1786 1928 1850 Β
1955 1802 2169 1858 nemine
2196 1802 2425 1857 audente
2454 1818 2548 1858 eos
2587 1802 2760 1858 libere
2801 1804 3097 1872 increpare,
3136 1802 3390 1856 continuo
3433 1799 3542 1854 illis

1955 1895 2432 1951 administrationis
2454 1897 2780 1965 emptionem
2811 1893 3290 1965 praetendentibus.
3315 1892 3407 1946 His
3433 1905 3545 1946 om-

1956 1988 2112 2042 nibus
2141 1987 2283 2055 apud
2315 2001 2413 2041 nos
2453 1986 2601 2053 ipsos
2648 1988 2699 2041 in
2739 1988 3188 2042 consultationem
3233 1983 3542 2054 propositis,

1954 2087 2340 2146 assumptaque
2389 2076 2730 2146 postmodum
2765 2077 2818 2131 in
2861 2075 3267 2132 consultationis
3308 2077 3542 2131 societa-

1957 2181 2062 2225 tem
2100 2169 2434 2240 pientissima
2459 2185 2491 2224 a
2522 2171 2630 2225 Deo
2663 2170 2813 2224 nobis
2856 2170 2978 2224 data
3021 2171 3268 2238 conjuge,
3301 2183 3539 2222 commu-

1956 2268 2133 2319 nicato
2163 2275 2422 2332 praeterea
2463 2279 2582 2319 cum
2629 2265 2945 2320 excellentia
2978 2276 3064 2318 tua
3097 2265 3330 2333 negotio,
3366 2277 3543 2332 quan-

1956 2370 2112 2424 quam
2143 2369 2206 2408 ex
2251 2357 2593 2426 suggestione
2637 2354 2842 2410 consilii
2890 2355 2961 2408 tui
3003 2365 3272 2422 suscepto,
3306 2354 3373 2406 ad
3402 2353 3539 2407 divi-

1959 2462 2078 2500 nam
2109 2447 2244 2501 hanc
2275 2448 2446 2516 legem
2474 2448 2834 2516 pervenimus,
2864 2462 3135 2516 perquam
3168 2445 3456 2510 sancimus,
3487 2453 3544 2500 ut

1958 2553 2134 2605 neque
2165 2539 2274 2592 ulla
2305 2539 2730 2607 proconsularis,
2762 2553 2934 2607 neque
2965 2539 3047 2607 (ut
3077 2538 3337 2592 hactenus
3361 2535 3547 2605 appel-

1957 2627 2157 2697 larunt)
2188 2628 2410 2696 vicaria,
2453 2643 2626 2697 neque
2671 2642 2852 2682 comes
2900 2626 3154 2690 Orientis,
3187 2640 3363 2694 neque
3393 2640 3545 2694 quae-

1958 2721 2304 2788 cunque‘alia
2346 2721 2760 2786 administratio,
2794 2709 2907 2775 sive
2934 2719 3250 2784 consularis,
3284 2718 3398 2773 sive
3424 2733 3546 2773 cor-

1957 2815 2187 2868 rectoria
2237 2815 2485 2883 (quarum
2533 2828 2789 2883 expresse
2834 2813 3162 2867 mentionem
3192 2810 3389 2866 divina:
3419 2810 3546 2866 huic

1957 2915 2155 2960 nostra:
2185 2907 2285 2975 legi
2335 2907 2571 2975 subjecta
2622 2906 2800 2959 tabula
2848 2906 3003 2969 facit,
3036 2921 3168 2974 quas
3207 2905 3368 2959 etiam
3398 2903 3543 2958 solas

1958 3001 2057 3054 sub
2085 2999 2220 3053 hanc
2259 3000 2428 3068 legem
2459 2998 2796 3066 deducimus)
2827 2998 3167 3068 suffragium,
3210 3010 3301 3052 aut
3333 3013 3431 3067 pro
3461 2996 3546 3051 of-

1962 3093 2084 3146 ﬁcio
2113 3092 2311 3162 aliquid
2355 3092 2446 3146 ulli
2476 3092 2828 3160 magistratui,
2863 3091 2949 3145 vel
2976 3092 3039 3145 iis
3082 3092 3170 3160 qui
3202 3093 3344 3144 circa
3377 3089 3547 3161 magi-

260 3191 384 3254 post
414 3181 646 3236 ofﬁcium
672 3182 993 3250 depositum,
1028 3199 1135 3252 quo
1170 3181 1305 3238 forte
1334 3193 1575 3253 tempore
1598 3198 1719 3238 cum
1755 3200 1849 3252 po-
1875 3168 2154 3242 Gstratus
2182 3194 2341 3252 sunt,
2374 3185 2533 3241 aliive
2565 3201 2806 3254 personat
2839 3185 3114 3253 patrocinii
3162 3185 3378 3237 nomine
3409 3198 3547 3252 prae-

264 3282 457 3329 testate
477 3289 586 3328 non
609 3274 712 3328 erit
729 3314 745 3340 ,
771 3274 825 3328 in
853 3274 1122 3344 longiores
1147 3275 1247 3329 sibi
1275 3291 1402 3329 usus
1425 3275 1588 3330 veluti
1618 3276 1848 3330 reditum

259 3379 510 3438 reponat,
545 3379 603 3425 ut
645 3368 785 3440 quod
826 3384 856 3423 a
887 3369 1236 3424 collatorihus
1289 3371 1486 3425 nostris
1519 3371 1768 3439 exigitur,
1798 3371 1851 3426 in

263 3460 424 3530 triplo
450 3468 541 3514 aut
570 3461 746 3530 potius
772 3459 843 3530 (si
871 3475 999 3515 vera
1030 3461 1187 3515 decet
1217 3461 1486 3531 proloqui)
1534 3461 1585 3514 in
1620 3460 1852 3530 dccuplo

262 3561 480 3622 superet
506 3551 590 3618 id,
621 3553 762 3622 quod
805 3552 874 3606 ab
904 3551 1033 3621 ipsis
1073 3552 1324 3614 dabatur,
1356 3568 1459 3622 qua
1497 3567 1554 3606 re
1595 3561 1650 3606 et
1695 3554 1855 3608 ﬁscus

268 3643 652 3699 detrimentum
682 3644 898 3700 sentiet.
932 3643 1062 3697 Nam
1094 3660 1213 3712 quae
1243 3644 1294 3698 in
1327 3643 1515 3698 ﬁscum
1548 3643 1730 3697 inferri
1763 3644 1857 3698 de-

269 3736 494 3801 bebant,
525 3736 569 3790 si
599 3737 747 3805 puris
788 3735 1035 3789 manibus
1064 3744 1305 3789 uteretur
1353 3735 1444 3788 ille
1484 3735 1572 3803 qui
1621 3735 1854 3788 ofﬁcium

267 3832 502 3898 obtinet,
534 3846 598 3886 ea
632 3839 916 3900 postquam
939 3828 1028 3897 qni
1056 3827 1289 3882 ofﬁcium
1321 3829 1458 3898 gerit
1487 3828 1540 3882 in
1572 3840 1698 3881 usus
1730 3842 1855 3882 suos

264 3925 562 3992 convertit,
591 3925 803 3993 penitus
830 3923 897 3977 ad
926 3923 1158 3992 in0piam
1190 3921 1409 3976 redacto
1440 3921 1720 3987 collatore,
1757 3920 1859 3974 hu-

263 4017 352 4092 jus
383 4018 577 4075 deinde
605 4018 841 4088 inopiam
873 4016 942 4072 ab
973 4018 1090 4087 ipso
1132 4017 1402 4070 inductam
1434 4016 1590 4072 nobis
1619 4025 1852 4086 reputat.

267 4110 351 4166 Ad
397 4109 510 4165 haec
550 4125 881 4180 quaecunque
925 4109 1088 4180 impie
1134 4116 1413 4180 geruntur,
1459 4124 1523 4164 ea
1566 4095 1763 4163 merito
1802 4110 1856 4163 in

268 4200 576 4272 hujusmodi
610 4200 912 4256 iutnrorum
943 4201 1282 4257 occasionem
1313 4201 1641 4256 referuntur.
1674 4201 1852 4271 Siqui-

268 4294 393 4350 dem
438 4295 835 4366 provinciarum
884 4293 1252 4350 moderatores
1292 4293 1340 4348 si
1384 4294 1534 4348 lucro
1564 4303 1618 4348 et
1659 4293 1856 4363 prmdae

270 4385 466 4442 intenti
508 4387 649 4453 sint,
691 4387 887 4441 multos
916 4401 1041 4443 reos
1071 4395 1256 4442 sontes
1284 4395 1503 4456 accepta
1532 4401 1632 4456 pro
1660 4385 1857 4441 delicto

270 4478 496 4551 pecunia
537 4479 849 4543 absolvunt,
881 4480 1081 4535 multos
1111 4494 1300 4536 rursus
1331 4479 1600 4546 insontes,
1630 4488 1689 4534 ut
1731 4494 1858 4534 son-

1956 3290 2126 3346 stent,
2158 3280 2252 3334 sed
2300 3295 2422 3335 cum
2477 3280 2642 3349 gratis
2689 3277 2865 3332 oflicia
2913 3277 3298 3345 adipiscantur,
3333 3274 3548 3330 modica

1957 3383 2162 3428 tantum
2192 3373 2436 3443 quaedam
2467 3374 2684 3427 nomine
2712 3371 3082 3428 codicillorum
3126 3379 3180 3424 et
3208 3369 3546 3435 chartarum,

1961 3485 2080 3538 qua}
2119 3483 2283 3537 super
2314 3483 2629 3537 unoquoque
2655 3465 2772 3522 dari
2803 3467 3012 3531 solent,
3044 3463 3337 3534 prtebeant.
3371 3460 3552 3530 Siqui-

1961 3558 2082 3612 dem
2115 3558 2349 3613 tabulam
2393 3558 2516 3612 huic
2555 3556 2751 3611 divinae
2801 3555 2904 3624 legi
2951 3564 3148 3607 nostra:
3191 3549 3540 3620 subiecimus,

1961 3666 2081 3719 quae
2109 3651 2348 3706 declaret
2389 3649 2522 3721 quid
2545 3647 2964 3717 unumquodque
2990 3645 3223 3699 ofﬁcium
3257 3643 3344 3697 vel
3377 3642 3427 3696 in
3462 3655 3549 3694 sa-

1961 3757 2056 3796 cro
2096 3751 2283 3798 nostro
2314 3741 2596 3806 laterculo,
2626 3739 2711 3793 vel
2738 3739 2790 3791 in
2831 3735 3033 3807 judicio
3072 3733 3404 3790 excellentiae
3447 3740 3553 3785 ῑιιίθ

1962 3835 2364 3900 codicillorum,
2409 3834 2525 3887 sive
2567 3833 3083 3894 instrumentorum,
3121 3829 3205 3882 vel
3243 3826 3546 3897 jussionum

1961 3930 2179 3986 nomine
2210 3927 2450 3998 praebere
2477 3925 2791 3989 conveniat,
2822 3931 2880 3977 ut
2909 3923 2964 3978 id
2996 3930 3173 3976 tamen
3203 3921 3272 3974 ad
3306 3921 3553 3974 modera-

1962 4026 2162 4079 tionem
2192 4022 2502 4086 redactum,
2529 4033 2637 4074 non
2668 4031 2921 4087 magnum
2952 4017 3026 4072 illi
3055 4029 3273 4072 sensum
3302 4021 3358 4068 et
3385 4011 3553 4068 detri-

1963 4125 2202 4172 mentum
2227 4112 2453 4167 adferat.

2036 4207 2171 4265 lllud
2201 4220 2332 4262 sane
2358 4204 2716 4267 decernimus,
2749 4215 2819 4257 ne
2843 4201 3056 4256 Asiana:
3081 4198 3374 4270 provinciae
3404 4196 3554 4252 vica-

1963 4303 2095 4369 rius,
2143 4300 2315 4367 quiet
2343 4276 2589 4369 Phrygiae
2625 4295 2922 4350 Pacatianaa
2954 4308 3154 4363 praeses
3190 4301 3296 4359 est,
3326 4291 3557 4358 amplius

1963 4409 2030 4449 eo
2060 4389 2360 4462 appelletur
2388 4389 2627 4454 nomie,
2654 4387 2750 4442 sed
2783 4387 2850 4441 de
2879 4397 3076 4442 caetero
3121 4399 3316 4438 nomen
3361 4382 3559 4438 habeat

1963 4487 2191 4542 Comitis
2231 4483 2532 4538 Pacatianat
2561 4480 2832 4550 Phrygiae,
2865 4479 3162 4546 eademque
3188 4490 3252 4530 ex
3282 4474 3413 4529 ﬁsco
3456 4490 3556 4529 an-

274 4573 413 4629 tibus
456 4574 679 4644 gratiam
719 4572 946 4638 faciant,
975 4572 1356 4628 condemnant.
1400 4574 1579 4642 Neque
1612 4573 1666 4626 in
1698 4587 1860 4641 pecu-
1884 4555 1945 4618 Β
1968 4591 2227 4635 nonarum
2258 4583 2314 4630 et
2337 4575 2570 4644 capitum
2600 4571 2756 4625 titulo
2802 4570 2956 4633 ferat,
3005 4583 3126 4637 quae
3176 4581 3275 4637 pro
3322 4575 3556 4638 utroque

270 4665 457 4719 niariis
503 4671 704 4718 tantum
736 4661 837 4717 hoc
876 4663 1054 4717 causis
1099 4672 1297 4734 agunt,
1328 4663 1424 4718 sed
1456 4662 1617 4717 etiam
1659 4664 1712 4716 in
1756 4664 1862 4718 cri-

271 4756 507 4812 minibus
545 4754 767 4825 publicis
792 4797 806 4819 ,
850 4754 939 4810 ubi
977 4755 1045 4808 de
1083 4755 1189 4808 vita
1240 4755 1536 4824 periculum
1576 4765 1854 4810 versatur.

270 4849 407 4904 Hinc
435 4863 500 4904 ex
533 4847 818 4916 provinciis
855 4846 992 4915 fugae
1024 4847 1287 4910 existunt,
1332 4847 1453 4900 hinc
1492 4861 1559 4900 ex
1603 4846 1861 4902 omnibus

273 4940 472 5010 passim
506 4939 636 4992 locis
666 4949 938 5008 gementes
967 4940 1068 4993 huc
1092 4937 1368 4992 conﬂuunt
1393 4940 1723 5004 sacerdotes,
1756 4938 1858 4994 de-

275 5033 548 5096 curiones,
582 5031 905 5098 cohortales,
940 5042 1120 5101 patres
1150 5029 1470 5085 familiarum
1505 5030 1736 5101 plebeii,
1768 5047 1860 5086 ru-

274 5123 424 5188 stici,
457 5124 660 5193 optimo
684 5121 805 5193 jure
834 5122 1067 5190 iudicum
1107 5127 1417 5177 nostrorum
1449 5123 1652 5192 rapinis
1694 5132 1749 5178 et
1777 5125 1863 5177 in-

275 5214 431 5286 juriis
478 5225 873 5270 succensentes.
920 5213 1103 5282 Neque
1132 5228 1194 5269 ea
1228 5228 1360 5269 sane
1408 5216 1521 5269 sola
1566 5215 1730 5284 ﬁunt,
1767 5216 1862 5270 sed

277 5307 439 5362 etiam
484 5308 536 5361 in
578 5306 883 5361 civitatibus
928 5307 1217 5360 seditiones
1257 5315 1310 5362 et
1356 5308 1643 5377 populares
1683 5317 1864 5363 motus

283 5399 522 5470 pecunias
551 5398 632 5470 (ut
665 5399 979 5468 plurimum)
1008 5413 1164 5454 causa
1194 5409 1246 5454 et
1274 5401 1576 5454 excitantur
1607 5409 1659 5455 et
1691 5401 1862 5468 repri-

281 5500 520 5544 muntur.
549 5488 608 5542 In
643 5503 849 5543 summa
885 5490 998 5542 haec
1027 5497 1110 5542 est
1140 5488 1376 5544 omnium
1410 5491 1671 5544 malorum
1704 5505 1866 5546 causa

282 5589 336 5634 et
361 5580 614 5651 pecunias
638 5595 701 5634 ex
728 5577 915 5635 ofﬁciis
937 5579 1253 5649 conquirere
1279 5579 1517 5632 omnium
1541 5579 1864 5649 flagitiorum

282 5672 598 5742 principium
629 5682 684 5727 et
730 5671 872 5727 ﬁnis.
905 5671 972 5726 Et
1019 5662 1280 5741 profecto,
1311 5671 1454 5741 quod
1486 5686 1637 5726 sacra
1671 5673 1866 5729 docent

283 5763 518 5835 eloquia,
558 5766 912 5821 admiratione
950 5764 1166 5834 dignum
1214 5763 1378 5822 simul
1421 5773 1477 5822 et
1523 5765 1865 5828 verissimum

1969 4669 2150 4724 ofﬁcio
2176 4679 2345 4735 usque
2372 4665 2548 4718 adhuc
2571 4661 2828 4731 percepit,
2857 4660 3007 4715 nullo
3037 4674 3102 4714 ex
3128 4659 3230 4714 hoc
3253 4659 3555 4716 deminuto.

1969 4760 2152 4830 Neque
2173 4758 2376 4812 duabus
2405 4753 2718 4809 cohortibus
2744 4760 2943 4818 utatur,
2975 4751 3069 4806 sed
3099 4766 3165 4808 ex
3193 4760 3418 4820 utraque
3447 4760 3557 4807 tam

1971 4849 2234 4920 praesidis,
2257 4861 2415 4916 quam
2437 4844 2621 4899 vicarii
2647 4843 2806 4898 simul
2828 4843 3102 4912 permista,
3131 4859 3232 4898 una
3255 4839 3557 4898 Comitiana

1969 4956 2028 4997 re
2075 4947 2132 4996 et
2178 4937 2398 4992 nomine
2446 4933 2807 4991 constituatur
2847 4933 3180 5003 publicorum
3235 4934 3558 4987 tributorum

1973 5031 2214 5104 periculo
2260 5029 2359 5100 ipsi
2391 5027 2546 5084 simul
2579 5037 2632 5082 et
2651 5027 2898 5082 omnibus
2932 5027 3270 5088 imminente,
3303 5025 3559 5078 nimirum

1972 5141 2077 5179 una
2099 5124 2320 5177 cohorte
2341 5119 2651 5184 constituta,
2675 5127 2731 5174 et
2751 5120 2805 5173 in
2832 5119 2980 5172 nullo
3003 5121 3213 5187 penitus
3239 5117 3431 5180 divisa,
3463 5116 3559 5171 sed

1974 5213 2239 5272 universis
2272 5213 2325 5266 in
2354 5226 2461 5266 uno
2488 5211 2651 5265 veluti
2682 5209 2909 5279 cohgio
2940 5206 3272 5279 conjunctim
3297 5206 3564 5261 militanti-

1972 5309 2072 5364 bus
2103 5323 2117 5361 :
2149 5307 2327 5361 ferens
2357 5305 2483 5360 item
2525 5319 2592 5360 ex
2623 5303 2838 5372 publico
2876 5315 3117 5356 annonas
3147 5309 3200 5355 et
3227 5299 3400 5369 capita
3432 5312 3561 5366 pro-

1977 5412 2093 5470 pter
2143 5398 2571 5470 congeminatum
2618 5394 2936 5465 periculum,
2964 5407 3082 5462 qua:
3124 5399 3355 5460 utraque
3402 5398 3559 5444 antea

1972 5491 2168 5548 cohors
2198 5490 2422 5546 ferebat.
2451 5489 2568 5543 Non
2595 5495 2773 5542 tamen
2803 5491 2863 5540 ut
2887 5492 3011 5541 ante
3046 5483 3265 5554 quidem
3289 5480 3517 5538 vicarius
3537 5523 3556 5550 ,

1973 5598 2113 5639 nunc
2175 5596 2298 5636 vero
2339 5578 2645 5650 spectabilis
2693 5577 2991 5631 Pacatianae
3034 5575 3280 5646 Phrygia
3327 5587 3510 5627 comes
3538 5616 3556 5643 ,

1971 5675 2136 5731 ullam
2167 5673 2386 5731 omnino
2415 5673 2468 5727 in
2498 5682 2722 5726 cmteras
2770 5669 2954 5725 Asiani
3009 5677 3207 5724 tractus
3258 5665 3560 5737 provincias

1970 5775 2288 5839 potestatem
2331 5763 2436 5819 sibi
2477 5773 2533 5819 et
2559 5763 2841 5833 imperium
2881 5771 3135 5832 usurpet,
3163 5759 3258 5816 sed
3286 5755 3550 5831 quemad-
