  <div class='ocr_page' id='page_1' title='image "/cluster/home/n/w/nwhite01/storage/ocr_20150623/72/hvd.32044015469364/483.png"; bbox 0 0 4042 6348; ppageno 0'>
   <div class='ocr_carea' id='block_1_1' title="bbox 667 285 763 345">
    <p class='ocr_par' dir='ltr' id='par_1_1' title="bbox 667 285 763 345">
     <span class='ocr_line' id='line_1_1' title="bbox 667 285 763 345; baseline -0.052 0"><span class='ocrx_word' id='word_1_1' title='bbox 667 285 763 345; x_wconf 73' lang='grc'><strong>951</strong></span> 
     </span>
    </p>
   </div>
   <div class='ocr_carea' id='block_1_2' title="bbox 1723 281 2238 353">
    <p class='ocr_par' dir='ltr' id='par_1_2' title="bbox 1723 281 2231 340">
     <span class='ocr_line' id='line_1_2' title="bbox 1723 281 2231 340; baseline -0.008 0"><span class='ocrx_word' id='word_1_2' title='bbox 1723 283 1990 340; x_wconf 66' lang='grc' dir='ltr'><strong>ΞᾹΞΟΙΕΙΛ</strong></span> <span class='ocrx_word' id='word_1_3' title='bbox 2030 281 2231 338; x_wconf 85' lang='lat' dir='ltr'><strong>SEXTI</strong></span> 
     </span>
    </p>
   </div>
   <div class='ocr_carea' id='block_1_3' title="bbox 2273 281 3837 353">
    <p class='ocr_par' dir='ltr' id='par_1_3' title="bbox 2273 281 3837 353">
     <span class='ocr_line' id='line_1_3' title="bbox 2273 281 3837 353; baseline 0.012 -18"><span class='ocrx_word' id='word_1_4' title='bbox 2273 281 2854 340; x_wconf 76' lang='lat' dir='ltr'><strong>SUPPLEMENTUM.</strong></span> <span class='ocrx_word' id='word_1_5' title='bbox 3773 297 3837 353; x_wconf 64' lang='lat' dir='ltr'><strong>Si!</strong></span> 
     </span>
    </p>
   </div>
   <div class='ocr_carea' id='block_1_4' title="bbox 667 394 3835 474">
    <p class='ocr_par' dir='ltr' id='par_1_4' title="bbox 667 394 3835 474">
     <span class='ocr_line' id='line_1_4' title="bbox 667 394 3835 474; baseline 0 -18"><span class='ocrx_word' id='word_1_6' title='bbox 667 401 885 456; x_wconf 90' lang='lat' dir='ltr'><strong>modum</strong></span> <span class='ocrx_word' id='word_1_7' title='bbox 910 400 1217 470; x_wconf 78' lang='lat' dir='ltr'><strong>spectabilis</strong></span> <span class='ocrx_word' id='word_1_8' title='bbox 1239 400 1533 454; x_wconf 71' lang='lat' dir='ltr'><strong>Pacatianre</strong></span> <span class='ocrx_word' id='word_1_9' title='bbox 1556 400 1800 469; x_wconf 70' lang='lat' dir='ltr'><strong>Phrygim</strong></span> <span class='ocrx_word' id='word_1_10' title='bbox 1822 399 2032 454; x_wconf 82' lang='lat' dir='ltr'><strong>comitis</strong></span> <span class='ocrx_word' id='word_1_11' title='bbox 2057 395 2242 466; x_wconf 82' lang='lat' dir='ltr'><strong>appel-</strong></span> <span class='ocrx_word' id='word_1_12' title='bbox 2271 396 2328 455; x_wconf 79' lang='grc' dir='ltr'>Α</span> <span class='ocrx_word' id='word_1_13' title='bbox 2352 394 2422 448; x_wconf 89' lang='lat' dir='ltr'><strong>ita</strong></span> <span class='ocrx_word' id='word_1_14' title='bbox 2448 397 2714 452; x_wconf 84' lang='lat' dir='ltr'><strong>sancimus</strong></span> <span class='ocrx_word' id='word_1_15' title='bbox 2736 408 2791 451; x_wconf 93' lang='lat' dir='ltr'><strong>ut</strong></span> <span class='ocrx_word' id='word_1_16' title='bbox 2818 399 2908 466; x_wconf 88' lang='lat' dir='ltr'><strong>qui</strong></span> <span class='ocrx_word' id='word_1_17' title='bbox 2939 400 3146 468; x_wconf 89' lang='lat' dir='ltr'><strong>integre</strong></span> <span class='ocrx_word' id='word_1_18' title='bbox 3165 413 3224 454; x_wconf 88' lang='lat' dir='ltr'><strong>se</strong></span> <span class='ocrx_word' id='word_1_19' title='bbox 3253 400 3302 455; x_wconf 91' lang='lat' dir='ltr'><strong>in</strong></span> <span class='ocrx_word' id='word_1_20' title='bbox 3328 400 3520 457; x_wconf 89' lang='lat' dir='ltr'><strong>ofﬁciis</strong></span> <span class='ocrx_word' id='word_1_21' title='bbox 3540 415 3718 474; x_wconf 77' lang='lat' dir='ltr'><strong>gerunt,</strong></span> <span class='ocrx_word' id='word_1_22' title='bbox 3737 416 3835 468; x_wconf 61' lang='lat' dir='ltr'><strong>omni</strong></span> 
     </span>
    </p>
   </div>
   <div class='ocr_carea' id='block_1_5' title="bbox 665 487 2246 561">
    <p class='ocr_par' dir='ltr' id='par_1_5' title="bbox 665 487 2246 561">
     <span class='ocr_line' id='line_1_5' title="bbox 665 487 2246 561; baseline -0.004 -12"><span class='ocrx_word' id='word_1_23' title='bbox 665 495 923 550; x_wconf 78' lang='lat' dir='ltr'><strong>lationem</strong></span> <span class='ocrx_word' id='word_1_24' title='bbox 971 495 1204 557; x_wconf 91' lang='lat' dir='ltr'><strong>obtinet,</strong></span> <span class='ocrx_word' id='word_1_25' title='bbox 1258 493 1325 546; x_wconf 90' lang='lat' dir='ltr'><strong>ita</strong></span> <span class='ocrx_word' id='word_1_26' title='bbox 1369 493 1525 547; x_wconf 90' lang='lat' dir='ltr'><strong>etiam</strong></span> <span class='ocrx_word' id='word_1_27' title='bbox 1575 493 1685 546; x_wconf 87' lang='lat' dir='ltr'><strong>sola</strong></span> <span class='ocrx_word' id='word_1_28' title='bbox 1737 493 1832 561; x_wconf 87' lang='lat' dir='ltr'><strong>(ut</strong></span> <span class='ocrx_word' id='word_1_29' title='bbox 1876 487 2246 558; x_wconf 80' lang='lat' dir='ltr'><strong>praediximus)</strong></span> 
     </span>
    </p>
   </div>
   <div class='ocr_carea' id='block_1_6' title="bbox 667 584 2250 656">
    <p class='ocr_par' dir='ltr' id='par_1_6' title="bbox 667 584 2250 656">
     <span class='ocr_line' id='line_1_6' title="bbox 667 584 2250 656; baseline -0.001 -15"><span class='ocrx_word' id='word_1_30' title='bbox 667 586 954 641; x_wconf 85' lang='lat' dir='ltr'><strong>Pacatiana</strong></span> <span class='ocrx_word' id='word_1_31' title='bbox 986 584 1215 656; x_wconf 84' lang='lat' dir='ltr'><strong>Phrygia</strong></span> <span class='ocrx_word' id='word_1_32' title='bbox 1245 595 1527 640; x_wconf 90' lang='lat' dir='ltr'><strong>contentus</strong></span> <span class='ocrx_word' id='word_1_33' title='bbox 1559 586 1644 639; x_wconf 88' lang='lat' dir='ltr'><strong>sit.</strong></span> <span class='ocrx_word' id='word_1_34' title='bbox 1680 585 1790 640; x_wconf 85' lang='lat' dir='ltr'><strong>Hoc</strong></span> <span class='ocrx_word' id='word_1_35' title='bbox 1821 586 1989 654; x_wconf 86' lang='lat' dir='ltr'><strong>ipsum</strong></span> <span class='ocrx_word' id='word_1_36' title='bbox 2024 601 2150 639; x_wconf 89' lang='lat' dir='ltr'><strong>vero</strong></span> <span class='ocrx_word' id='word_1_37' title='bbox 2196 594 2250 639; x_wconf 90' lang='lat' dir='ltr'><strong>et</strong></span> 
     </span>
    </p>
   </div>
   <div class='ocr_carea' id='block_1_7' title="bbox 663 677 2246 746">
    <p class='ocr_par' dir='ltr' id='par_1_7' title="bbox 663 677 2246 746">
     <span class='ocr_line' id='line_1_7' title="bbox 663 677 2246 746; baseline -0.001 -14"><span class='ocrx_word' id='word_1_38' title='bbox 663 677 722 732; x_wconf 91' lang='lat' dir='ltr'><strong>in</strong></span> <span class='ocrx_word' id='word_1_39' title='bbox 753 678 920 733; x_wconf 88' lang='lat' dir='ltr'><strong>altero</strong></span> <span class='ocrx_word' id='word_1_40' title='bbox 947 678 1284 740; x_wconf 87' lang='lat' dir='ltr'><strong>vicariorum,</strong></span> <span class='ocrx_word' id='word_1_41' title='bbox 1317 677 1404 745; x_wconf 91' lang='lat' dir='ltr'><strong>qui</strong></span> <span class='ocrx_word' id='word_1_42' title='bbox 1435 685 1557 731; x_wconf 90' lang='lat' dir='ltr'><strong>ante</strong></span> <span class='ocrx_word' id='word_1_43' title='bbox 1588 693 1681 746; x_wconf 87' lang='lat' dir='ltr'><strong>per</strong></span> <span class='ocrx_word' id='word_1_44' title='bbox 1710 677 1986 733; x_wconf 87' lang='lat' dir='ltr'><strong>Ponticum</strong></span> <span class='ocrx_word' id='word_1_45' title='bbox 2022 688 2246 730; x_wconf 82' lang='lat' dir='ltr'><strong>tractum</strong></span> 
     </span>
    </p>
   </div>
   <div class='ocr_carea' id='block_1_8' title="bbox 669 767 2245 838">
    <p class='ocr_par' dir='ltr' id='par_1_8' title="bbox 669 767 2245 838">
     <span class='ocr_line' id='line_1_8' title="bbox 669 767 2245 838; baseline 0.001 -17"><span class='ocrx_word' id='word_1_46' title='bbox 669 778 827 822; x_wconf 91' lang='lat' dir='ltr'><strong>erant</strong></span> <span class='ocrx_word' id='word_1_47' title='bbox 867 769 1165 834; x_wconf 89' lang='lat' dir='ltr'><strong>constituti,</strong></span> <span class='ocrx_word' id='word_1_48' title='bbox 1197 767 1499 834; x_wconf 88' lang='lat' dir='ltr'><strong>deﬁnimus,</strong></span> <span class='ocrx_word' id='word_1_49' title='bbox 1533 777 1589 822; x_wconf 89' lang='lat' dir='ltr'><strong>ut</strong></span> <span class='ocrx_word' id='word_1_50' title='bbox 1622 785 1726 822; x_wconf 89' lang='lat' dir='ltr'><strong>non</strong></span> <span class='ocrx_word' id='word_1_51' title='bbox 1758 771 1861 822; x_wconf 93' lang='lat' dir='ltr'><strong>duo</strong></span> <span class='ocrx_word' id='word_1_52' title='bbox 1891 769 1943 822; x_wconf 93' lang='lat' dir='ltr'><strong>in</strong></span> <span class='ocrx_word' id='word_1_53' title='bbox 1974 779 2245 838; x_wconf 84' lang='lat' dir='ltr'><strong>posterum</strong></span> 
     </span>
    </p>
   </div>
   <div class='ocr_carea' id='block_1_9' title="bbox 670 859 2248 929">
    <p class='ocr_par' dir='ltr' id='par_1_9' title="bbox 670 859 2248 929">
     <span class='ocr_line' id='line_1_9' title="bbox 670 859 2248 929; baseline -0.002 -15"><span class='ocrx_word' id='word_1_54' title='bbox 670 859 930 926; x_wconf 79' lang='lat' dir='ltr'><strong>existant,</strong></span> <span class='ocrx_word' id='word_1_55' title='bbox 965 861 1055 916; x_wconf 86' lang='lat' dir='ltr'><strong>sed</strong></span> <span class='ocrx_word' id='word_1_56' title='bbox 1084 876 1220 914; x_wconf 90' lang='lat' dir='ltr'><strong>unus</strong></span> <span class='ocrx_word' id='word_1_57' title='bbox 1249 870 1449 914; x_wconf 88' lang='lat' dir='ltr'><strong>tantum</strong></span> <span class='ocrx_word' id='word_1_58' title='bbox 1497 861 1583 929; x_wconf 86' lang='lat' dir='ltr'><strong>qui</strong></span> <span class='ocrx_word' id='word_1_59' title='bbox 1616 861 1827 928; x_wconf 83' lang='lat' dir='ltr'><strong>quidem</strong></span> <span class='ocrx_word' id='word_1_60' title='bbox 1857 874 2038 914; x_wconf 92' lang='lat' dir='ltr'><strong>comes</strong></span> <span class='ocrx_word' id='word_1_61' title='bbox 2067 860 2248 928; x_wconf 85' lang='lat' dir='ltr'><strong>appel-</strong></span> 
     </span>
    </p>
   </div>
   <div class='ocr_carea' id='block_1_10' title="bbox 670 948 2246 1022">
    <p class='ocr_par' dir='ltr' id='par_1_10' title="bbox 670 948 2246 1022">
     <span class='ocr_line' id='line_1_10' title="bbox 670 948 2246 1022; baseline 0.002 -20"><span class='ocrx_word' id='word_1_62' title='bbox 670 949 810 1004; x_wconf 89' lang='lat' dir='ltr'><strong>letur</strong></span> <span class='ocrx_word' id='word_1_63' title='bbox 840 948 1058 1004; x_wconf 76' lang='lat' dir='ltr'><strong>Galatia:</strong></span> <span class='ocrx_word' id='word_1_64' title='bbox 1088 952 1299 1019; x_wconf 76' lang='lat' dir='ltr'><strong>primae,</strong></span> <span class='ocrx_word' id='word_1_65' title='bbox 1327 950 1522 1006; x_wconf 87' lang='lat' dir='ltr'><strong>habeat</strong></span> <span class='ocrx_word' id='word_1_66' title='bbox 1550 961 1724 1005; x_wconf 91' lang='lat' dir='ltr'><strong>autem</strong></span> <span class='ocrx_word' id='word_1_67' title='bbox 1750 954 1827 1022; x_wconf 91' lang='lat' dir='ltr'><strong>(ut</strong></span> <span class='ocrx_word' id='word_1_68' title='bbox 1854 951 2010 1006; x_wconf 85' lang='lat' dir='ltr'><strong>hodie</strong></span> <span class='ocrx_word' id='word_1_69' title='bbox 2037 965 2246 1020; x_wconf 90' lang='lat' dir='ltr'><strong>quoque</strong></span> 
     </span>
    </p>
   </div>
   <div class='ocr_carea' id='block_1_11' title="bbox 665 1041 2245 1111">
    <p class='ocr_par' dir='ltr' id='par_1_11' title="bbox 665 1041 2245 1111">
     <span class='ocr_line' id='line_1_11' title="bbox 665 1041 2245 1111; baseline 0 -16"><span class='ocrx_word' id='word_1_70' title='bbox 665 1041 826 1111; x_wconf 83' lang='lat' dir='ltr'><strong>solet)</strong></span> <span class='ocrx_word' id='word_1_71' title='bbox 855 1043 1010 1095; x_wconf 90' lang='lat' dir='ltr'><strong>etiam</strong></span> <span class='ocrx_word' id='word_1_72' title='bbox 1044 1042 1095 1095; x_wconf 89' lang='lat' dir='ltr'><strong>in</strong></span> <span class='ocrx_word' id='word_1_73' title='bbox 1124 1043 1320 1096; x_wconf 83' lang='lat' dir='ltr'><strong>milites</strong></span> <span class='ocrx_word' id='word_1_74' title='bbox 1343 1052 1679 1110; x_wconf 60' lang='lat' dir='ltr'><strong>potestatem,</strong></span> <span class='ocrx_word' id='word_1_75' title='bbox 1714 1051 1767 1096; x_wconf 92' lang='lat' dir='ltr'><strong>et</strong></span> <span class='ocrx_word' id='word_1_76' title='bbox 1818 1045 2094 1111; x_wconf 89' lang='lat' dir='ltr'><strong>utriusque</strong></span> <span class='ocrx_word' id='word_1_77' title='bbox 2121 1041 2245 1096; x_wconf 87' lang='lat' dir='ltr'><strong>ofﬂ-</strong></span> 
     </span>
    </p>
   </div>
   <div class='ocr_carea' id='block_1_12' title="bbox 666 1132 2247 1203">
    <p class='ocr_par' dir='ltr' id='par_1_12' title="bbox 666 1132 2247 1203">
     <span class='ocr_line' id='line_1_12' title="bbox 666 1132 2247 1203; baseline 0.003 -18"><span class='ocrx_word' id='word_1_78' title='bbox 666 1132 733 1186; x_wconf 92' lang='lat' dir='ltr'><strong>cii</strong></span> <span class='ocrx_word' id='word_1_79' title='bbox 761 1147 998 1187; x_wconf 85' lang='lat' dir='ltr'><strong>annonas</strong></span> <span class='ocrx_word' id='word_1_80' title='bbox 1023 1134 1175 1187; x_wconf 82' lang='lat' dir='ltr'><strong>ferat.</strong></span> <span class='ocrx_word' id='word_1_81' title='bbox 1211 1134 1277 1188; x_wconf 73' lang='lat' dir='ltr'><strong>Ut-</strong></span> <span class='ocrx_word' id='word_1_82' title='bbox 1309 1143 1485 1188; x_wconf 90' lang='lat' dir='ltr'><strong>tamen</strong></span> <span class='ocrx_word' id='word_1_83' title='bbox 1515 1147 1661 1188; x_wconf 83' lang='lat' dir='ltr'><strong>extra</strong></span> <span class='ocrx_word' id='word_1_84' title='bbox 1711 1135 1969 1190; x_wconf 84' lang='lat' dir='ltr'><strong>Galatiam</strong></span> <span class='ocrx_word' id='word_1_85' title='bbox 2019 1135 2247 1203; x_wconf 86' lang='lat' dir='ltr'><strong>primam</strong></span> 
     </span>
    </p>
   </div>
   <div class='ocr_carea' id='block_1_13' title="bbox 665 1225 2249 1296">
    <p class='ocr_par' dir='ltr' id='par_1_13' title="bbox 665 1225 2249 1296">
     <span class='ocr_line' id='line_1_13' title="bbox 665 1225 2249 1296; baseline 0.001 -18"><span class='ocrx_word' id='word_1_86' title='bbox 665 1225 888 1293; x_wconf 73' lang='lat' dir='ltr'><strong>(nullam</strong></span> <span class='ocrx_word' id='word_1_87' title='bbox 905 1226 1047 1279; x_wconf 90' lang='lat' dir='ltr'><strong>enim</strong></span> <span class='ocrx_word' id='word_1_88' title='bbox 1073 1228 1290 1280; x_wconf 88' lang='lat' dir='ltr'><strong>omnino</strong></span> <span class='ocrx_word' id='word_1_89' title='bbox 1315 1227 1470 1280; x_wconf 88' lang='lat' dir='ltr'><strong>aliatn</strong></span> <span class='ocrx_word' id='word_1_90' title='bbox 1494 1229 1540 1282; x_wconf 90' lang='lat' dir='ltr'><strong>ei</strong></span> <span class='ocrx_word' id='word_1_91' title='bbox 1566 1226 1941 1296; x_wconf 86' lang='lat' dir='ltr'><strong>permittimus)</strong></span> <span class='ocrx_word' id='word_1_92' title='bbox 1959 1226 2086 1281; x_wconf 90' lang='lat' dir='ltr'><strong>nihil</strong></span> <span class='ocrx_word' id='word_1_93' title='bbox 2109 1227 2249 1280; x_wconf 92' lang='lat' dir='ltr'><strong>obti-</strong></span> 
     </span>
    </p>
   </div>
   <div class='ocr_carea' id='block_1_14' title="bbox 666 1319 2248 1388">
    <p class='ocr_par' dir='ltr' id='par_1_14' title="bbox 666 1319 2248 1388">
     <span class='ocr_line' id='line_1_14' title="bbox 666 1319 2248 1388; baseline 0.001 -16"><span class='ocrx_word' id='word_1_94' title='bbox 666 1328 792 1373; x_wconf 86' lang='lat' dir='ltr'><strong>neat</strong></span> <span class='ocrx_word' id='word_1_95' title='bbox 819 1320 1024 1388; x_wconf 89' lang='lat' dir='ltr'><strong>impcrii</strong></span> <span class='ocrx_word' id='word_1_96' title='bbox 1049 1320 1101 1374; x_wconf 91' lang='lat' dir='ltr'><strong>in</strong></span> <span class='ocrx_word' id='word_1_97' title='bbox 1131 1319 1288 1372; x_wconf 83' lang='lat' dir='ltr'><strong>ullam</strong></span> <span class='ocrx_word' id='word_1_98' title='bbox 1321 1319 1590 1374; x_wconf 86' lang='lat' dir='ltr'><strong>Ponticam</strong></span> <span class='ocrx_word' id='word_1_99' title='bbox 1634 1321 1980 1388; x_wconf 88' lang='lat' dir='ltr'><strong>provinciam,</strong></span> <span class='ocrx_word' id='word_1_100' title='bbox 2031 1319 2124 1372; x_wconf 92' lang='lat' dir='ltr'><strong>sed</strong></span> <span class='ocrx_word' id='word_1_101' title='bbox 2154 1333 2248 1388; x_wconf 92' lang='lat' dir='ltr'><strong>per</strong></span> 
     </span>
    </p>
   </div>
   <div class='ocr_carea' id='block_1_15' title="bbox 665 1410 2244 1481">
    <p class='ocr_par' dir='ltr' id='par_1_15' title="bbox 665 1410 2244 1481">
     <span class='ocr_line' id='line_1_15' title="bbox 665 1410 2244 1481; baseline 0 -13"><span class='ocrx_word' id='word_1_102' title='bbox 665 1412 833 1468; x_wconf 88' lang='lat' dir='ltr'><strong>solam</strong></span> <span class='ocrx_word' id='word_1_103' title='bbox 857 1410 1116 1471; x_wconf 83' lang='lat' dir='ltr'><strong>Galatiam</strong></span> <span class='ocrx_word' id='word_1_104' title='bbox 1149 1413 1372 1481; x_wconf 90' lang='lat' dir='ltr'><strong>primam</strong></span> <span class='ocrx_word' id='word_1_105' title='bbox 1398 1413 1747 1466; x_wconf 89' lang='lat' dir='ltr'><strong>consimiliter</strong></span> <span class='ocrx_word' id='word_1_106' title='bbox 1776 1422 1831 1468; x_wconf 92' lang='lat' dir='ltr'><strong>et</strong></span> <span class='ocrx_word' id='word_1_107' title='bbox 1869 1413 2091 1468; x_wconf 91' lang='lat' dir='ltr'><strong>cohorte</strong></span> <span class='ocrx_word' id='word_1_108' title='bbox 2123 1429 2244 1481; x_wconf 82' lang='lat' dir='ltr'><strong>per-</strong></span> 
     </span>
    </p>
   </div>
   <div class='ocr_carea' id='block_1_16' title="bbox 665 1505 2248 1576">
    <p class='ocr_par' dir='ltr' id='par_1_16' title="bbox 665 1505 2248 1576">
     <span class='ocr_line' id='line_1_16' title="bbox 665 1505 2248 1576; baseline 0.002 -16"><span class='ocrx_word' id='word_1_109' title='bbox 665 1505 844 1570; x_wconf 88' lang='lat' dir='ltr'><strong>mista,</strong></span> <span class='ocrx_word' id='word_1_110' title='bbox 873 1516 926 1560; x_wconf 93' lang='lat' dir='ltr'><strong>et</strong></span> <span class='ocrx_word' id='word_1_111' title='bbox 955 1521 1052 1576; x_wconf 90' lang='lat' dir='ltr'><strong>pro</strong></span> <span class='ocrx_word' id='word_1_112' title='bbox 1084 1521 1187 1560; x_wconf 89' lang='lat' dir='ltr'><strong>uno</strong></span> <span class='ocrx_word' id='word_1_113' title='bbox 1218 1508 1298 1576; x_wconf 94' lang='lat' dir='ltr'><strong>(ut</strong></span> <span class='ocrx_word' id='word_1_114' title='bbox 1325 1506 1578 1574; x_wconf 80' lang='lat' dir='ltr'><strong>diximus)</strong></span> <span class='ocrx_word' id='word_1_115' title='bbox 1607 1506 1908 1562; x_wconf 85' lang='lat' dir='ltr'><strong>Comitiano</strong></span> <span class='ocrx_word' id='word_1_116' title='bbox 1936 1509 2159 1576; x_wconf 86' lang='lat' dir='ltr'><strong>collegio</strong></span> <span class='ocrx_word' id='word_1_117' title='bbox 2189 1523 2248 1563; x_wconf 92' lang='lat' dir='ltr'><strong>re</strong></span> 
     </span>
    </p>
   </div>
   <div class='ocr_carea' id='block_1_17' title="bbox 662 1598 2246 1667">
    <p class='ocr_par' dir='ltr' id='par_1_17' title="bbox 662 1598 2246 1667">
     <span class='ocr_line' id='line_1_17' title="bbox 662 1598 2246 1667; baseline 0 -14"><span class='ocrx_word' id='word_1_118' title='bbox 662 1607 718 1653; x_wconf 87' lang='lat' dir='ltr'><strong>et</strong></span> <span class='ocrx_word' id='word_1_119' title='bbox 746 1600 959 1653; x_wconf 87' lang='lat' dir='ltr'><strong>nomine</strong></span> <span class='ocrx_word' id='word_1_120' title='bbox 979 1598 1248 1653; x_wconf 89' lang='lat' dir='ltr'><strong>intellecta</strong></span> <span class='ocrx_word' id='word_1_121' title='bbox 1270 1608 1325 1653; x_wconf 90' lang='lat' dir='ltr'><strong>et</strong></span> <span class='ocrx_word' id='word_1_122' title='bbox 1350 1608 1647 1664; x_wconf 89' lang='lat' dir='ltr'><strong>numerata,</strong></span> <span class='ocrx_word' id='word_1_123' title='bbox 1681 1600 1892 1653; x_wconf 88' lang='lat' dir='ltr'><strong>nemine</strong></span> <span class='ocrx_word' id='word_1_124' title='bbox 1918 1614 1979 1653; x_wconf 82' lang='lat' dir='ltr'><strong>ex</strong></span> <span class='ocrx_word' id='word_1_125' title='bbox 2010 1599 2138 1667; x_wconf 91' lang='lat' dir='ltr'><strong>ipsis</strong></span> <span class='ocrx_word' id='word_1_126' title='bbox 2161 1599 2246 1653; x_wconf 93' lang='lat' dir='ltr'><strong>ul-</strong></span> 
     </span>
    </p>
   </div>
   <div class='ocr_carea' id='block_1_18' title="bbox 661 1689 2246 1758">
    <p class='ocr_par' dir='ltr' id='par_1_18' title="bbox 661 1689 2246 1758">
     <span class='ocr_line' id='line_1_18' title="bbox 661 1689 2246 1758; baseline 0.002 -15"><span class='ocrx_word' id='word_1_127' title='bbox 661 1689 768 1744; x_wconf 89' lang='lat' dir='ltr'><strong>lam</strong></span> <span class='ocrx_word' id='word_1_128' title='bbox 817 1704 942 1758; x_wconf 89' lang='lat' dir='ltr'><strong>erga</strong></span> <span class='ocrx_word' id='word_1_129' title='bbox 990 1690 1123 1744; x_wconf 92' lang='lat' dir='ltr'><strong>alios</strong></span> <span class='ocrx_word' id='word_1_130' title='bbox 1165 1691 1382 1746; x_wconf 90' lang='lat' dir='ltr'><strong>omnino</strong></span> <span class='ocrx_word' id='word_1_131' title='bbox 1424 1690 1775 1746; x_wconf 77' lang='lat' dir='ltr'><strong>differentiam</strong></span> <span class='ocrx_word' id='word_1_132' title='bbox 1808 1691 2116 1754; x_wconf 87' lang='lat' dir='ltr'><strong>obtinente,</strong></span> <span class='ocrx_word' id='word_1_133' title='bbox 2150 1691 2246 1746; x_wconf 89' lang='lat' dir='ltr'><strong>sed</strong></span> 
     </span>
    </p>
   </div>
   <div class='ocr_carea' id='block_1_19' title="bbox 2355 489 3604 564">
    <p class='ocr_par' dir='ltr' id='par_1_19' title="bbox 2355 489 3604 564">
     <span class='ocr_line' id='line_1_19' title="bbox 2355 489 3604 564; baseline 0.008 -22"><span class='ocrx_word' id='word_1_134' title='bbox 2355 489 2580 556; x_wconf 81' lang='lat' dir='ltr'><strong>honore,</strong></span> <span class='ocrx_word' id='word_1_135' title='bbox 2615 493 2937 556; x_wconf 88' lang='lat' dir='ltr'><strong>reverentia,</strong></span> <span class='ocrx_word' id='word_1_136' title='bbox 2969 494 3284 549; x_wconf 86' lang='lat' dir='ltr'><strong>auctoritate</strong></span> <span class='ocrx_word' id='word_1_137' title='bbox 3323 497 3604 564; x_wconf 85' lang='lat' dir='ltr'><strong>potiantur.</strong></span> 
     </span>
    </p>
   </div>
   <div class='ocr_carea' id='block_1_20' title="bbox 2422 581 3836 661">
    <p class='ocr_par' dir='ltr' id='par_1_20' title="bbox 2422 581 3836 661">
     <span class='ocr_line' id='line_1_20' title="bbox 2422 581 3836 661; baseline 0.004 -27"><span class='ocrx_word' id='word_1_138' title='bbox 2422 581 2502 634; x_wconf 83' lang='lat' dir='ltr'><strong>Ad</strong></span> <span class='ocrx_word' id='word_1_139' title='bbox 2530 597 2650 636; x_wconf 91' lang='lat' dir='ltr'><strong>eum</strong></span> <span class='ocrx_word' id='word_1_140' title='bbox 2683 584 2862 653; x_wconf 88' lang='lat' dir='ltr'><strong>itaque</strong></span> <span class='ocrx_word' id='word_1_141' title='bbox 2889 585 3105 638; x_wconf 90' lang='lat' dir='ltr'><strong>modum</strong></span> <span class='ocrx_word' id='word_1_142' title='bbox 3135 585 3382 641; x_wconf 88' lang='lat' dir='ltr'><strong>discretis</strong></span> <span class='ocrx_word' id='word_1_143' title='bbox 3407 603 3436 640; x_wconf 91' lang='lat' dir='ltr'><strong>a</strong></span> <span class='ocrx_word' id='word_1_144' title='bbox 3467 589 3612 643; x_wconf 90' lang='lat' dir='ltr'><strong>nobis</strong></span> <span class='ocrx_word' id='word_1_145' title='bbox 3637 594 3836 661; x_wconf 75' lang='lat' dir='ltr'><strong>magistra.</strong></span> 
     </span>
    </p>
   </div>
   <div class='ocr_carea' id='block_1_21' title="bbox 2351 673 3835 744">
    <p class='ocr_par' dir='ltr' id='par_1_21' title="bbox 2351 673 3835 744">
     <span class='ocr_line' id='line_1_21' title="bbox 2351 673 3835 744; baseline 0.011 -17"><span class='ocrx_word' id='word_1_146' title='bbox 2351 673 2521 738; x_wconf 90' lang='lat' dir='ltr'><strong>tibus,</strong></span> <span class='ocrx_word' id='word_1_147' title='bbox 2552 680 2799 730; x_wconf 84' lang='lat' dir='ltr'><strong>convenit</strong></span> <span class='ocrx_word' id='word_1_148' title='bbox 2831 688 2890 730; x_wconf 93' lang='lat' dir='ltr'><strong>ut</strong></span> <span class='ocrx_word' id='word_1_149' title='bbox 2921 677 3005 731; x_wconf 90' lang='lat' dir='ltr'><strong>hic</strong></span> <span class='ocrx_word' id='word_1_150' title='bbox 3050 677 3186 732; x_wconf 85' lang='lat' dir='ltr'><strong>facta</strong></span> <span class='ocrx_word' id='word_1_151' title='bbox 3223 679 3287 734; x_wconf 93' lang='lat' dir='ltr'><strong>de</strong></span> <span class='ocrx_word' id='word_1_152' title='bbox 3321 680 3434 735; x_wconf 87' lang='lat' dir='ltr'><strong>Deo</strong></span> <span class='ocrx_word' id='word_1_153' title='bbox 3463 683 3700 739; x_wconf 86' lang='lat' dir='ltr'><strong>mentione</strong></span> <span class='ocrx_word' id='word_1_154' title='bbox 3719 700 3835 744; x_wconf 77' lang='lat' dir='ltr'><strong>coram</strong></span> 
     </span>
    </p>
   </div>
   <div class='ocr_carea' id='block_1_22' title="bbox 2351 765 3836 844">
    <p class='ocr_par' dir='ltr' id='par_1_22' title="bbox 2351 765 3836 844">
     <span class='ocr_line' id='line_1_22' title="bbox 2351 765 3836 844; baseline 0.01 -26"><span class='ocrx_word' id='word_1_155' title='bbox 2351 765 2524 827; x_wconf 85' lang='lat' dir='ltr'><strong>nobis,</strong></span> <span class='ocrx_word' id='word_1_156' title='bbox 2558 775 2648 819; x_wconf 91' lang='lat' dir='ltr'><strong>aut</strong></span> <span class='ocrx_word' id='word_1_157' title='bbox 2679 767 2744 836; x_wconf 91' lang='lat' dir='ltr'><strong>(si</strong></span> <span class='ocrx_word' id='word_1_158' title='bbox 2781 777 2982 822; x_wconf 84' lang='lat' dir='ltr'><strong>tantum</strong></span> <span class='ocrx_word' id='word_1_159' title='bbox 3012 769 3166 824; x_wconf 91' lang='lat' dir='ltr'><strong>nobis</strong></span> <span class='ocrx_word' id='word_1_160' title='bbox 3196 772 3287 824; x_wconf 84' lang='lat' dir='ltr'><strong>ctii</strong></span> <span class='ocrx_word' id='word_1_161' title='bbox 3319 787 3428 826; x_wconf 90' lang='lat' dir='ltr'><strong>non</strong></span> <span class='ocrx_word' id='word_1_162' title='bbox 3457 776 3696 844; x_wconf 80' lang='lat' dir='ltr'><strong>suppetat)</strong></span> <span class='ocrx_word' id='word_1_163' title='bbox 3718 793 3836 833; x_wconf 76' lang='lat' dir='ltr'><strong>conm</strong></span> 
     </span>
    </p>
   </div>
   <div class='ocr_carea' id='block_1_23' title="bbox 2349 856 3836 931">
    <p class='ocr_par' dir='ltr' id='par_1_23' title="bbox 2349 856 3836 931">
     <span class='ocr_line' id='line_1_23' title="bbox 2349 856 3836 931; baseline 0.009 -20"><span class='ocrx_word' id='word_1_164' title='bbox 2349 856 2666 912; x_wconf 85' lang='lat' dir='ltr'><strong>celsitudine</strong></span> <span class='ocrx_word' id='word_1_165' title='bbox 2698 867 2784 912; x_wconf 89' lang='lat' dir='ltr'><strong>tua</strong></span> <span class='ocrx_word' id='word_1_166' title='bbox 2812 868 2864 913; x_wconf 94' lang='lat' dir='ltr'><strong>et</strong></span> <span class='ocrx_word' id='word_1_167' title='bbox 2891 860 2954 914; x_wconf 86' lang='lat' dir='ltr'><strong>iis</strong></span> <span class='ocrx_word' id='word_1_168' title='bbox 2987 862 3073 930; x_wconf 89' lang='lat' dir='ltr'><strong>qui</strong></span> <span class='ocrx_word' id='word_1_169' title='bbox 3101 877 3331 931; x_wconf 88' lang='lat' dir='ltr'><strong>unquam</strong></span> <span class='ocrx_word' id='word_1_170' title='bbox 3356 863 3538 917; x_wconf 88' lang='lat' dir='ltr'><strong>sedem</strong></span> <span class='ocrx_word' id='word_1_171' title='bbox 3567 874 3687 918; x_wconf 89' lang='lat' dir='ltr'><strong>tuam</strong></span> <span class='ocrx_word' id='word_1_172' title='bbox 3705 871 3836 925; x_wconf 83' lang='lat' dir='ltr'><strong>conde-</strong></span> 
     </span>
    </p>
   </div>
   <div class='ocr_carea' id='block_1_24' title="bbox 2349 949 3836 1024">
    <p class='ocr_par' dir='ltr' id='par_1_24' title="bbox 2349 949 3836 1024">
     <span class='ocr_line' id='line_1_24' title="bbox 2349 949 3836 1024; baseline 0.007 -22"><span class='ocrx_word' id='word_1_173' title='bbox 2349 949 2674 1013; x_wconf 88' lang='lat' dir='ltr'><strong>coraverint,</strong></span> <span class='ocrx_word' id='word_1_174' title='bbox 2718 964 3007 1018; x_wconf 90' lang='lat' dir='ltr'><strong>coramque</strong></span> <span class='ocrx_word' id='word_1_175' title='bbox 3053 967 3118 1006; x_wconf 92' lang='lat' dir='ltr'><strong>eo</strong></span> <span class='ocrx_word' id='word_1_176' title='bbox 3147 954 3234 1021; x_wconf 92' lang='lat' dir='ltr'><strong>qui</strong></span> <span class='ocrx_word' id='word_1_177' title='bbox 3270 969 3504 1024; x_wconf 84' lang='lat' dir='ltr'><strong>unquam</strong></span> <span class='ocrx_word' id='word_1_178' title='bbox 3536 970 3759 1011; x_wconf 87' lang='lat' dir='ltr'><strong>sacrarum</strong></span> <span class='ocrx_word' id='word_1_179' title='bbox 3779 977 3836 1012; x_wconf 81' lang='lat' dir='ltr'><strong>no-</strong></span> 
     </span>
    </p>
   </div>
   <div class='ocr_carea' id='block_1_25' title="bbox 2349 1039 3834 1114">
    <p class='ocr_par' dir='ltr' id='par_1_25' title="bbox 2349 1039 3834 1114">
     <span class='ocr_line' id='line_1_25' title="bbox 2349 1039 3834 1114; baseline 0.006 -22"><span class='ocrx_word' id='word_1_180' title='bbox 2349 1047 2578 1092; x_wconf 91' lang='lat' dir='ltr'><strong>strarnm</strong></span> <span class='ocrx_word' id='word_1_181' title='bbox 2604 1039 2940 1108; x_wconf 80' lang='lat' dir='ltr'><strong>largitionum</strong></span> <span class='ocrx_word' id='word_1_182' title='bbox 2965 1042 3380 1108; x_wconf 86' lang='lat' dir='ltr'><strong>gloriosissimus</strong></span> <span class='ocrx_word' id='word_1_183' title='bbox 3401 1059 3578 1098; x_wconf 87' lang='lat' dir='ltr'><strong>comes</strong></span> <span class='ocrx_word' id='word_1_184' title='bbox 3599 1045 3834 1114; x_wconf 81' lang='lat' dir='ltr'><strong>futurusest,</strong></span> 
     </span>
    </p>
   </div>
   <div class='ocr_carea' id='block_1_26' title="bbox 2349 1131 3839 1211">
    <p class='ocr_par' dir='ltr' id='par_1_26' title="bbox 2349 1131 3839 1211">
     <span class='ocr_line' id='line_1_26' title="bbox 2349 1131 3839 1211; baseline 0.007 -25"><span class='ocrx_word' id='word_1_185' title='bbox 2349 1141 2404 1186; x_wconf 91' lang='lat' dir='ltr'><strong>et</strong></span> <span class='ocrx_word' id='word_1_186' title='bbox 2431 1131 2816 1200; x_wconf 83' lang='lat' dir='ltr'><strong>gloriosissimo</strong></span> <span class='ocrx_word' id='word_1_187' title='bbox 2857 1144 3122 1202; x_wconf 64' lang='lat' dir='ltr'><strong>quaestore</strong></span> <span class='ocrx_word' id='word_1_188' title='bbox 3156 1137 3294 1190; x_wconf 89' lang='lat' dir='ltr'><strong>sacri</strong></span> <span class='ocrx_word' id='word_1_189' title='bbox 3333 1139 3501 1190; x_wconf 76' lang='lat' dir='ltr'><strong>nustri</strong></span> <span class='ocrx_word' id='word_1_190' title='bbox 3527 1138 3706 1206; x_wconf 79' lang='lat' dir='ltr'><strong>palatii,</strong></span> <span class='ocrx_word' id='word_1_191' title='bbox 3725 1145 3839 1211; x_wconf 59' lang='lat' dir='ltr'><strong>etpo-</strong></span> 
     </span>
    </p>
   </div>
   <div class='ocr_carea' id='block_1_27' title="bbox 2349 1226 3836 1298">
    <p class='ocr_par' dir='ltr' id='par_1_27' title="bbox 2349 1226 3836 1298">
     <span class='ocr_line' id='line_1_27' title="bbox 2349 1226 3836 1298; baseline 0.005 -20"><span class='ocrx_word' id='word_1_192' title='bbox 2349 1226 2647 1280; x_wconf 89' lang='lat' dir='ltr'><strong>riosissimo</strong></span> <span class='ocrx_word' id='word_1_193' title='bbox 2669 1227 2865 1282; x_wconf 88' lang='lat' dir='ltr'><strong>comite</strong></span> <span class='ocrx_word' id='word_1_194' title='bbox 2897 1227 3195 1298; x_wconf 88' lang='lat' dir='ltr'><strong>ubicunque</strong></span> <span class='ocrx_word' id='word_1_195' title='bbox 3225 1230 3626 1283; x_wconf 88' lang='lat' dir='ltr'><strong>constitutarum</strong></span> <span class='ocrx_word' id='word_1_196' title='bbox 3652 1245 3836 1287; x_wconf 82' lang='lat' dir='ltr'><strong>sacrarum</strong></span> 
     </span>
    </p>
   </div>
   <div class='ocr_carea' id='block_1_28' title="bbox 2351 1323 3836 1394">
    <p class='ocr_par' dir='ltr' id='par_1_28' title="bbox 2351 1323 3836 1394">
     <span class='ocr_line' id='line_1_28' title="bbox 2351 1323 3836 1394; baseline 0.003 -21"><span class='ocrx_word' id='word_1_197' title='bbox 2351 1329 2654 1374; x_wconf 91' lang='lat' dir='ltr'><strong>nostrarum</strong></span> <span class='ocrx_word' id='word_1_198' title='bbox 2703 1335 2882 1374; x_wconf 92' lang='lat' dir='ltr'><strong>rerum</strong></span> <span class='ocrx_word' id='word_1_199' title='bbox 2928 1323 3248 1388; x_wconf 89' lang='lat' dir='ltr'><strong>privatarum</strong></span> <span class='ocrx_word' id='word_1_200' title='bbox 3285 1367 3299 1388; x_wconf 90' lang='lat'><strong>,</strong></span> <span class='ocrx_word' id='word_1_201' title='bbox 3361 1333 3614 1388; x_wconf 69' lang='lat' dir='ltr'><strong>praesente</strong></span> <span class='ocrx_word' id='word_1_202' title='bbox 3653 1326 3750 1379; x_wconf 85' lang='lat' dir='ltr'><strong>item</strong></span> <span class='ocrx_word' id='word_1_203' title='bbox 3782 1343 3836 1394; x_wconf 81' lang='lat' dir='ltr'><strong>pro</strong></span> 
     </span>
    </p>
   </div>
   <div class='ocr_carea' id='block_1_29' title="bbox 2350 1412 3837 1482">
    <p class='ocr_par' dir='ltr' id='par_1_29' title="bbox 2350 1412 3837 1482">
     <span class='ocr_line' id='line_1_29' title="bbox 2350 1412 3837 1482; baseline 0.003 -16"><span class='ocrx_word' id='word_1_204' title='bbox 2350 1421 2592 1482; x_wconf 90' lang='lat' dir='ltr'><strong>tempore</strong></span> <span class='ocrx_word' id='word_1_205' title='bbox 2634 1412 3163 1482; x_wconf 81' lang='lat' dir='ltr'><strong>magnificentissimo</strong></span> <span class='ocrx_word' id='word_1_206' title='bbox 3209 1413 3540 1479; x_wconf 76' lang='lat' dir='ltr'><strong>chartulario</strong></span> <span class='ocrx_word' id='word_1_207' title='bbox 3581 1417 3696 1468; x_wconf 86' lang='lat' dir='ltr'><strong>sacri</strong></span> <span class='ocrx_word' id='word_1_208' title='bbox 3734 1419 3837 1470; x_wconf 79' lang='lat' dir='ltr'><strong>nostri</strong></span> 
     </span>
    </p>
   </div>
   <div class='ocr_carea' id='block_1_30' title="bbox 2351 1505 3837 1577">
    <p class='ocr_par' dir='ltr' id='par_1_30' title="bbox 2351 1505 3837 1577">
     <span class='ocr_line' id='line_1_30' title="bbox 2351 1505 3837 1577; baseline 0.001 -17"><span class='ocrx_word' id='word_1_209' title='bbox 2351 1505 2602 1567; x_wconf 90' lang='lat' dir='ltr'><strong>cubiculi,</strong></span> <span class='ocrx_word' id='word_1_210' title='bbox 2627 1506 2718 1574; x_wconf 90' lang='lat' dir='ltr'><strong>qui</strong></span> <span class='ocrx_word' id='word_1_211' title='bbox 2747 1505 2901 1560; x_wconf 92' lang='lat' dir='ltr'><strong>nobis</strong></span> <span class='ocrx_word' id='word_1_212' title='bbox 2930 1519 2960 1558; x_wconf 88' lang='lat' dir='ltr'><strong>a</strong></span> <span class='ocrx_word' id='word_1_213' title='bbox 2991 1505 3250 1560; x_wconf 88' lang='lat' dir='ltr'><strong>codicillis</strong></span> <span class='ocrx_word' id='word_1_214' title='bbox 3278 1518 3397 1569; x_wconf 90' lang='lat' dir='ltr'><strong>est;</strong></span> <span class='ocrx_word' id='word_1_215' title='bbox 3434 1509 3478 1560; x_wconf 90' lang='lat' dir='ltr'><strong>is</strong></span> <span class='ocrx_word' id='word_1_216' title='bbox 3523 1509 3604 1577; x_wconf 91' lang='lat' dir='ltr'><strong>qui</strong></span> <span class='ocrx_word' id='word_1_217' title='bbox 3649 1511 3837 1576; x_wconf 74' lang='lat' dir='ltr'><strong>magism-</strong></span> 
     </span>
    </p>
   </div>
   <div class='ocr_carea' id='block_1_31' title="bbox 2352 1597 3840 1668">
    <p class='ocr_par' dir='ltr' id='par_1_31' title="bbox 2352 1597 3840 1668">
     <span class='ocr_line' id='line_1_31' title="bbox 2352 1597 3840 1668; baseline 0.001 -17"><span class='ocrx_word' id='word_1_218' title='bbox 2352 1606 2461 1652; x_wconf 93' lang='lat' dir='ltr'><strong>tum</strong></span> <span class='ocrx_word' id='word_1_219' title='bbox 2487 1599 2742 1668; x_wconf 88' lang='lat' dir='ltr'><strong>suscepit,</strong></span> <span class='ocrx_word' id='word_1_220' title='bbox 2773 1597 3150 1666; x_wconf 83' lang='lat' dir='ltr'><strong>jusjurandum</strong></span> <span class='ocrx_word' id='word_1_221' title='bbox 3183 1608 3427 1668; x_wconf 69' lang='lat' dir='ltr'><strong>praestet,</strong></span> <span class='ocrx_word' id='word_1_222' title='bbox 3461 1599 3645 1654; x_wconf 88' lang='lat' dir='ltr'><strong>nemini</strong></span> <span class='ocrx_word' id='word_1_223' title='bbox 3671 1614 3716 1653; x_wconf 88' lang='lat' dir='ltr'><strong>se</strong></span> <span class='ocrx_word' id='word_1_224' title='bbox 3750 1602 3840 1667; x_wconf 80' lang='lat' dir='ltr'><strong>quid-</strong></span> 
     </span>
    </p>
   </div>
   <div class='ocr_carea' id='block_1_32' title="bbox 2350 1691 3836 1761">
    <p class='ocr_par' dir='ltr' id='par_1_32' title="bbox 2350 1691 3836 1761">
     <span class='ocr_line' id='line_1_32' title="bbox 2350 1691 3836 1761; baseline 0.001 -15"><span class='ocrx_word' id='word_1_225' title='bbox 2350 1707 2508 1761; x_wconf 89' lang='lat' dir='ltr'><strong>quam</strong></span> <span class='ocrx_word' id='word_1_226' title='bbox 2527 1691 2747 1746; x_wconf 89' lang='lat' dir='ltr'><strong>omnino</strong></span> <span class='ocrx_word' id='word_1_227' title='bbox 2768 1691 2850 1745; x_wconf 87' lang='lat' dir='ltr'><strong>vel</strong></span> <span class='ocrx_word' id='word_1_228' title='bbox 2873 1692 3109 1746; x_wconf 90' lang='lat' dir='ltr'><strong>muneris</strong></span> <span class='ocrx_word' id='word_1_229' title='bbox 3139 1692 3220 1744; x_wconf 85' lang='lat' dir='ltr'><strong>vel</strong></span> <span class='ocrx_word' id='word_1_230' title='bbox 3245 1691 3529 1759; x_wconf 88' lang='lat' dir='ltr'><strong>patrocinii</strong></span> <span class='ocrx_word' id='word_1_231' title='bbox 3559 1693 3663 1746; x_wconf 92' lang='lat' dir='ltr'><strong>loco</strong></span> <span class='ocrx_word' id='word_1_232' title='bbox 3683 1693 3836 1757; x_wconf 79' lang='lat' dir='ltr'><strong>dedisse,</strong></span> 
     </span>
    </p>
   </div>
   <div class='ocr_carea' id='block_1_33' title="bbox 662 1768 3838 1855">
    <p class='ocr_par' dir='ltr' id='par_1_33' title="bbox 662 1768 3838 1855">
     <span class='ocr_line' id='line_1_33' title="bbox 662 1768 3838 1855; baseline 0.001 -20"><span class='ocrx_word' id='word_1_233' title='bbox 662 1797 766 1836; x_wconf 91' lang='lat' dir='ltr'><strong>una</strong></span> <span class='ocrx_word' id='word_1_234' title='bbox 797 1783 993 1838; x_wconf 88' lang='lat' dir='ltr'><strong>cohors</strong></span> <span class='ocrx_word' id='word_1_235' title='bbox 1021 1785 1090 1838; x_wconf 89' lang='lat' dir='ltr'><strong>sit</strong></span> <span class='ocrx_word' id='word_1_236' title='bbox 1118 1785 1182 1839; x_wconf 91' lang='lat' dir='ltr'><strong>iis</strong></span> <span class='ocrx_word' id='word_1_237' title='bbox 1221 1786 1309 1854; x_wconf 89' lang='lat' dir='ltr'><strong>qui</strong></span> <span class='ocrx_word' id='word_1_238' title='bbox 1357 1786 1447 1838; x_wconf 91' lang='lat' dir='ltr'><strong>uni</strong></span> <span class='ocrx_word' id='word_1_239' title='bbox 1495 1785 1705 1854; x_wconf 79' lang='lat' dir='ltr'><strong>praesidi</strong></span> <span class='ocrx_word' id='word_1_240' title='bbox 1751 1787 1904 1840; x_wconf 90' lang='lat' dir='ltr'><strong>unius</strong></span> <span class='ocrx_word' id='word_1_241' title='bbox 1955 1786 2243 1855; x_wconf 86' lang='lat' dir='ltr'><strong>provinciae</strong></span> <span class='ocrx_word' id='word_1_242' title='bbox 2274 1768 2319 1826; x_wconf 81' lang='grc' dir='ltr'><strong>Β</strong></span> <span class='ocrx_word' id='word_1_243' title='bbox 2349 1783 2755 1852; x_wconf 86' lang='lat' dir='ltr'><strong>promisisseve,</strong></span> <span class='ocrx_word' id='word_1_244' title='bbox 2789 1791 2880 1836; x_wconf 91' lang='lat' dir='ltr'><strong>aut</strong></span> <span class='ocrx_word' id='word_1_245' title='bbox 2909 1797 2970 1836; x_wconf 85' lang='lat' dir='ltr'><strong>cx</strong></span> <span class='ocrx_word' id='word_1_246' title='bbox 3004 1783 3272 1850; x_wconf 80' lang='lat' dir='ltr'><strong>provincia</strong></span> <span class='ocrx_word' id='word_1_247' title='bbox 3306 1784 3521 1838; x_wconf 87' lang='lat' dir='ltr'><strong>mittere</strong></span> <span class='ocrx_word' id='word_1_248' title='bbox 3549 1792 3727 1852; x_wconf 86' lang='lat' dir='ltr'><strong>pactum</strong></span> <span class='ocrx_word' id='word_1_249' title='bbox 3750 1800 3838 1848; x_wconf 76' lang='lat' dir='ltr'><strong>esse,</strong></span> 
     </span>
    </p>
   </div>
   <div class='ocr_carea' id='block_1_34' title="bbox 661 1872 2243 1946">
    <p class='ocr_par' dir='ltr' id='par_1_34' title="bbox 661 1872 2243 1946">
     <span class='ocr_line' id='line_1_34' title="bbox 661 1872 2243 1946; baseline 0.001 -17"><span class='ocrx_word' id='word_1_250' title='bbox 661 1876 856 1930; x_wconf 89' lang='lat' dir='ltr'><strong>rectori</strong></span> <span class='ocrx_word' id='word_1_251' title='bbox 886 1876 1108 1946; x_wconf 84' lang='lat' dir='ltr'><strong>subjecti</strong></span> <span class='ocrx_word' id='word_1_252' title='bbox 1142 1887 1286 1943; x_wconf 88' lang='lat' dir='ltr'><strong>sunt,</strong></span> <span class='ocrx_word' id='word_1_253' title='bbox 1312 1872 1419 1931; x_wconf 83' lang='lat' dir='ltr'><strong>tota</strong></span> <span class='ocrx_word' id='word_1_254' title='bbox 1448 1877 1604 1932; x_wconf 88' lang='lat' dir='ltr'><strong>simul</strong></span> <span class='ocrx_word' id='word_1_255' title='bbox 1627 1878 1848 1933; x_wconf 87' lang='lat' dir='ltr'><strong>cohorte</strong></span> <span class='ocrx_word' id='word_1_256' title='bbox 1873 1891 1975 1931; x_wconf 90' lang='lat' dir='ltr'><strong>una</strong></span> <span class='ocrx_word' id='word_1_257' title='bbox 2000 1891 2121 1932; x_wconf 92' lang='lat' dir='ltr'><strong>cum</strong></span> <span class='ocrx_word' id='word_1_258' title='bbox 2147 1891 2243 1930; x_wconf 89' lang='lat' dir='ltr'><strong>suo</strong></span> 
     </span>
    </p>
   </div>
   <div class='ocr_carea' id='block_1_35' title="bbox 661 1969 1668 2039">
    <p class='ocr_par' dir='ltr' id='par_1_35' title="bbox 661 1969 1668 2039">
     <span class='ocr_line' id='line_1_35' title="bbox 661 1969 1668 2039; baseline 0.001 -16"><span class='ocrx_word' id='word_1_259' title='bbox 661 1970 890 2038; x_wconf 86' lang='lat' dir='ltr'><strong>praeside</strong></span> <span class='ocrx_word' id='word_1_260' title='bbox 919 1971 1058 2025; x_wconf 91' lang='lat' dir='ltr'><strong>circa</strong></span> <span class='ocrx_word' id='word_1_261' title='bbox 1091 1971 1285 2025; x_wconf 92' lang='lat' dir='ltr'><strong>tributa</strong></span> <span class='ocrx_word' id='word_1_262' title='bbox 1318 1969 1668 2039; x_wconf 84' lang='lat' dir='ltr'><strong>periclitante.</strong></span> 
     </span>
    </p>
   </div>
   <div class='ocr_carea' id='block_1_36' title="bbox 733 2060 2241 2133">
    <p class='ocr_par' dir='ltr' id='par_1_36' title="bbox 733 2060 2241 2133">
     <span class='ocr_line' id='line_1_36' title="bbox 733 2060 2241 2133; baseline -0.001 -19"><span class='ocrx_word' id='word_1_263' title='bbox 733 2061 873 2116; x_wconf 86' lang='lat' dir='ltr'><strong>Nulli</strong></span> <span class='ocrx_word' id='word_1_264' title='bbox 897 2077 1108 2131; x_wconf 90' lang='lat' dir='ltr'><strong>quoque</strong></span> <span class='ocrx_word' id='word_1_265' title='bbox 1133 2063 1296 2131; x_wconf 92' lang='lat' dir='ltr'><strong>judici</strong></span> <span class='ocrx_word' id='word_1_266' title='bbox 1329 2064 1539 2133; x_wconf 87' lang='lat' dir='ltr'><strong>penitus</strong></span> <span class='ocrx_word' id='word_1_267' title='bbox 1568 2061 1930 2128; x_wconf 90' lang='lat' dir='ltr'><strong>concedimus,</strong></span> <span class='ocrx_word' id='word_1_268' title='bbox 1963 2075 2134 2130; x_wconf 88' lang='lat' dir='ltr'><strong>neque</strong></span> <span class='ocrx_word' id='word_1_269' title='bbox 2163 2060 2241 2114; x_wconf 85' lang='lat' dir='ltr'><strong>ci-</strong></span> 
     </span>
    </p>
   </div>
   <div class='ocr_carea' id='block_1_37' title="bbox 657 2154 2238 2226">
    <p class='ocr_par' dir='ltr' id='par_1_37' title="bbox 657 2154 2238 2226">
     <span class='ocr_line' id='line_1_37' title="bbox 657 2154 2238 2226; baseline -0.001 -18"><span class='ocrx_word' id='word_1_270' title='bbox 657 2154 769 2220; x_wconf 84' lang='lat' dir='ltr'><strong>vili,</strong></span> <span class='ocrx_word' id='word_1_271' title='bbox 801 2169 972 2225; x_wconf 91' lang='lat' dir='ltr'><strong>neque</strong></span> <span class='ocrx_word' id='word_1_272' title='bbox 1000 2156 1236 2222; x_wconf 90' lang='lat' dir='ltr'><strong>militari,</strong></span> <span class='ocrx_word' id='word_1_273' title='bbox 1266 2157 1479 2212; x_wconf 87' lang='lat' dir='ltr'><strong>mittere</strong></span> <span class='ocrx_word' id='word_1_274' title='bbox 1509 2171 1604 2226; x_wconf 91' lang='lat' dir='ltr'><strong>per</strong></span> <span class='ocrx_word' id='word_1_275' title='bbox 1644 2157 1886 2210; x_wconf 86' lang='lat' dir='ltr'><strong>civitates</strong></span> <span class='ocrx_word' id='word_1_276' title='bbox 1935 2154 2238 2222; x_wconf 72' lang='lat' dir='ltr'><strong>provinciae,</strong></span> 
     </span>
    </p>
   </div>
   <div class='ocr_carea' id='block_1_38' title="bbox 656 2250 2236 2320">
    <p class='ocr_par' dir='ltr' id='par_1_38' title="bbox 656 2250 2236 2320">
     <span class='ocr_line' id='line_1_38' title="bbox 656 2250 2236 2320; baseline -0.002 -16"><span class='ocrx_word' id='word_1_277' title='bbox 656 2251 848 2319; x_wconf 85' lang='lat' dir='ltr'><strong>quibus</strong></span> <span class='ocrx_word' id='word_1_278' title='bbox 878 2250 1161 2320; x_wconf 62' lang='lat' dir='ltr'><strong>praesidet,</strong></span> <span class='ocrx_word' id='word_1_279' title='bbox 1191 2265 1284 2305; x_wconf 90' lang='lat' dir='ltr'><strong>eos</strong></span> <span class='ocrx_word' id='word_1_280' title='bbox 1314 2252 1404 2320; x_wconf 87' lang='lat' dir='ltr'><strong>qui</strong></span> <span class='ocrx_word' id='word_1_281' title='bbox 1455 2259 1712 2305; x_wconf 84' lang='lat' dir='ltr'><strong>vocantur</strong></span> <span class='ocrx_word' id='word_1_282' title='bbox 1743 2251 1843 2304; x_wconf 92' lang='lat' dir='ltr'><strong>loci</strong></span> <span class='ocrx_word' id='word_1_283' title='bbox 1893 2258 2192 2303; x_wconf 77' lang='lat' dir='ltr'><strong>servatores</strong></span> <span class='ocrx_word' id='word_1_284' title='bbox 2224 2266 2236 2301; x_wconf 89' lang='lat'><strong>:</strong></span> 
     </span>
    </p>
   </div>
   <div class='ocr_carea' id='block_1_39' title="bbox 653 2341 2241 2414">
    <p class='ocr_par' dir='ltr' id='par_1_39' title="bbox 653 2341 2241 2414">
     <span class='ocr_line' id='line_1_39' title="bbox 653 2341 2241 2414; baseline -0.001 -17"><span class='ocrx_word' id='word_1_285' title='bbox 653 2343 966 2407; x_wconf 82' lang='lat' dir='ltr'><strong>scientibus,</strong></span> <span class='ocrx_word' id='word_1_286' title='bbox 991 2343 1131 2414; x_wconf 90' lang='lat' dir='ltr'><strong>quod</strong></span> <span class='ocrx_word' id='word_1_287' title='bbox 1160 2343 1203 2397; x_wconf 93' lang='lat' dir='ltr'><strong>si</strong></span> <span class='ocrx_word' id='word_1_288' title='bbox 1232 2343 1357 2414; x_wconf 90' lang='lat' dir='ltr'><strong>quid</strong></span> <span class='ocrx_word' id='word_1_289' title='bbox 1401 2343 1506 2398; x_wconf 84' lang='lat' dir='ltr'><strong>tale</strong></span> <span class='ocrx_word' id='word_1_290' title='bbox 1536 2343 1778 2407; x_wconf 90' lang='lat' dir='ltr'><strong>fecerint,</strong></span> <span class='ocrx_word' id='word_1_291' title='bbox 1810 2343 1908 2411; x_wconf 88' lang='lat' dir='ltr'><strong>ipsi</strong></span> <span class='ocrx_word' id='word_1_292' title='bbox 1933 2341 2123 2396; x_wconf 89' lang='lat' dir='ltr'><strong>cadent</strong></span> <span class='ocrx_word' id='word_1_293' title='bbox 2147 2343 2241 2396; x_wconf 91' lang='lat' dir='ltr'><strong>ad-</strong></span> 
     </span>
    </p>
   </div>
   <div class='ocr_carea' id='block_1_40' title="bbox 654 2435 2239 2506">
    <p class='ocr_par' dir='ltr' id='par_1_40' title="bbox 654 2435 2239 2506">
     <span class='ocr_line' id='line_1_40' title="bbox 654 2435 2239 2506; baseline 0.001 -16"><span class='ocrx_word' id='word_1_294' title='bbox 654 2436 1072 2502; x_wconf 88' lang='lat' dir='ltr'><strong>ministratione,</strong></span> <span class='ocrx_word' id='word_1_295' title='bbox 1120 2447 1502 2506; x_wconf 86' lang='lat' dir='ltr'><strong>praesumentes</strong></span> <span class='ocrx_word' id='word_1_296' title='bbox 1535 2437 1667 2491; x_wconf 89' lang='lat' dir='ltr'><strong>alios</strong></span> <span class='ocrx_word' id='word_1_297' title='bbox 1708 2437 1760 2491; x_wconf 93' lang='lat' dir='ltr'><strong>in</strong></span> <span class='ocrx_word' id='word_1_298' title='bbox 1799 2451 1954 2490; x_wconf 92' lang='lat' dir='ltr'><strong>suum</strong></span> <span class='ocrx_word' id='word_1_299' title='bbox 2004 2435 2239 2492; x_wconf 87' lang='lat' dir='ltr'><strong>ofﬁcium</strong></span> 
     </span>
    </p>
   </div>
   <div class='ocr_carea' id='block_1_41' title="bbox 650 2530 885 2584">
    <p class='ocr_par' dir='ltr' id='par_1_41' title="bbox 650 2530 885 2584">
     <span class='ocr_line' id='line_1_41' title="bbox 650 2530 885 2584; baseline 0.004 -2"><span class='ocrx_word' id='word_1_300' title='bbox 650 2530 885 2584; x_wconf 90' lang='lat' dir='ltr'><strong>elevare.</strong></span> 
     </span>
    </p>
   </div>
   <div class='ocr_carea' id='block_1_42' title="bbox 725 2621 2239 2676">
    <p class='ocr_par' dir='ltr' id='par_1_42' title="bbox 725 2621 2239 2676">
     <span class='ocr_line' id='line_1_42' title="bbox 725 2621 2239 2676; baseline 0.001 -2"><span class='ocrx_word' id='word_1_301' title='bbox 725 2621 869 2675; x_wconf 88' lang='lat' dir='ltr'><strong>Idem</strong></span> <span class='ocrx_word' id='word_1_302' title='bbox 903 2625 1002 2676; x_wconf 90' lang='lat' dir='ltr'><strong>hoc</strong></span> <span class='ocrx_word' id='word_1_303' title='bbox 1027 2623 1257 2676; x_wconf 89' lang='lat' dir='ltr'><strong>dicimus</strong></span> <span class='ocrx_word' id='word_1_304' title='bbox 1283 2631 1336 2676; x_wconf 90' lang='lat' dir='ltr'><strong>et</strong></span> <span class='ocrx_word' id='word_1_305' title='bbox 1369 2621 1420 2676; x_wconf 90' lang='lat' dir='ltr'><strong>in</strong></span> <span class='ocrx_word' id='word_1_306' title='bbox 1449 2623 1750 2676; x_wconf 84' lang='lat' dir='ltr'><strong>clarissimo</strong></span> <span class='ocrx_word' id='word_1_307' title='bbox 1777 2621 1972 2676; x_wconf 89' lang='lat' dir='ltr'><strong>comite</strong></span> <span class='ocrx_word' id='word_1_308' title='bbox 2001 2621 2239 2676; x_wconf 90' lang='lat' dir='ltr'><strong>Orientis</strong></span> 
     </span>
    </p>
   </div>
   <div class='ocr_carea' id='block_1_43' title="bbox 653 2714 2238 2784">
    <p class='ocr_par' dir='ltr' id='par_1_43' title="bbox 653 2714 2238 2784">
     <span class='ocr_line' id='line_1_43' title="bbox 653 2714 2238 2784; baseline -0.003 -13"><span class='ocrx_word' id='word_1_309' title='bbox 653 2724 708 2771; x_wconf 91' lang='lat' dir='ltr'><strong>et</strong></span> <span class='ocrx_word' id='word_1_310' title='bbox 737 2715 1034 2769; x_wconf 91' lang='lat' dir='ltr'><strong>clarissimo</strong></span> <span class='ocrx_word' id='word_1_311' title='bbox 1063 2716 1292 2784; x_wconf 73' lang='lat' dir='ltr'><strong>praeside</strong></span> <span class='ocrx_word' id='word_1_312' title='bbox 1323 2717 1466 2783; x_wconf 93' lang='lat' dir='ltr'><strong>(nam</strong></span> <span class='ocrx_word' id='word_1_313' title='bbox 1511 2724 1566 2770; x_wconf 91' lang='lat' dir='ltr'><strong>et</strong></span> <span class='ocrx_word' id='word_1_314' title='bbox 1596 2714 1702 2768; x_wconf 86' lang='lat' dir='ltr'><strong>illic</strong></span> <span class='ocrx_word' id='word_1_315' title='bbox 1725 2729 1791 2768; x_wconf 84' lang='lat' dir='ltr'><strong>ex</strong></span> <span class='ocrx_word' id='word_1_316' title='bbox 1821 2723 2049 2782; x_wconf 91' lang='lat' dir='ltr'><strong>utraque</strong></span> <span class='ocrx_word' id='word_1_317' title='bbox 2078 2729 2238 2768; x_wconf 91' lang='lat' dir='ltr'><strong>unam</strong></span> 
     </span>
    </p>
   </div>
   <div class='ocr_carea' id='block_1_44' title="bbox 656 2806 2238 2875">
    <p class='ocr_par' dir='ltr' id='par_1_44' title="bbox 656 2806 2238 2875">
     <span class='ocr_line' id='line_1_44' title="bbox 656 2806 2238 2875; baseline -0.001 -15"><span class='ocrx_word' id='word_1_318' title='bbox 656 2807 1171 2862; x_wconf 85' lang='lat' dir='ltr'><strong>administrationem</strong></span> <span class='ocrx_word' id='word_1_319' title='bbox 1200 2807 1440 2875; x_wconf 89' lang='lat' dir='ltr'><strong>facimus)</strong></span> <span class='ocrx_word' id='word_1_320' title='bbox 1472 2816 1529 2860; x_wconf 92' lang='lat' dir='ltr'><strong>ut</strong></span> <span class='ocrx_word' id='word_1_321' title='bbox 1556 2821 1750 2861; x_wconf 92' lang='lat' dir='ltr'><strong>nomen</strong></span> <span class='ocrx_word' id='word_1_322' title='bbox 1779 2806 1993 2872; x_wconf 86' lang='lat' dir='ltr'><strong>quidem</strong></span> <span class='ocrx_word' id='word_1_323' title='bbox 2024 2814 2238 2875; x_wconf 87' lang='lat' dir='ltr'><strong>specta-</strong></span> 
     </span>
    </p>
   </div>
   <div class='ocr_carea' id='block_1_45' title="bbox 654 2897 2242 2963">
    <p class='ocr_par' dir='ltr' id='par_1_45' title="bbox 654 2897 2242 2963">
     <span class='ocr_line' id='line_1_45' title="bbox 654 2897 2242 2963; baseline 0 -11"><span class='ocrx_word' id='word_1_324' title='bbox 654 2898 784 2952; x_wconf 88' lang='lat' dir='ltr'><strong>bilis</strong></span> <span class='ocrx_word' id='word_1_325' title='bbox 810 2897 1022 2952; x_wconf 91' lang='lat' dir='ltr'><strong>comitis</strong></span> <span class='ocrx_word' id='word_1_326' title='bbox 1049 2898 1280 2952; x_wconf 90' lang='lat' dir='ltr'><strong>Orientis</strong></span> <span class='ocrx_word' id='word_1_327' title='bbox 1314 2898 1521 2963; x_wconf 90' lang='lat' dir='ltr'><strong>habeat,</strong></span> <span class='ocrx_word' id='word_1_328' title='bbox 1553 2898 1643 2952; x_wconf 92' lang='lat' dir='ltr'><strong>uni</strong></span> <span class='ocrx_word' id='word_1_329' title='bbox 1673 2913 1800 2953; x_wconf 89' lang='lat' dir='ltr'><strong>vero</strong></span> <span class='ocrx_word' id='word_1_330' title='bbox 1849 2907 2054 2953; x_wconf 86' lang='lat' dir='ltr'><strong>tantum</strong></span> <span class='ocrx_word' id='word_1_331' title='bbox 2085 2913 2142 2952; x_wconf 92' lang='lat' dir='ltr'><strong>re</strong></span> <span class='ocrx_word' id='word_1_332' title='bbox 2185 2906 2242 2953; x_wconf 91' lang='lat' dir='ltr'><strong>et</strong></span> 
     </span>
    </p>
   </div>
   <div class='ocr_carea' id='block_1_46' title="bbox 653 2990 2238 3060">
    <p class='ocr_par' dir='ltr' id='par_1_46' title="bbox 653 2990 2238 3060">
     <span class='ocr_line' id='line_1_46' title="bbox 653 2990 2238 3060; baseline 0.001 -16"><span class='ocrx_word' id='word_1_333' title='bbox 653 2991 872 3045; x_wconf 88' lang='lat' dir='ltr'><strong>nomine</strong></span> <span class='ocrx_word' id='word_1_334' title='bbox 902 2990 1211 3045; x_wconf 85' lang='lat' dir='ltr'><strong>Comitianae</strong></span> <span class='ocrx_word' id='word_1_335' title='bbox 1238 2991 1444 3045; x_wconf 90' lang='lat' dir='ltr'><strong>cohorti</strong></span> <span class='ocrx_word' id='word_1_336' title='bbox 1489 2991 1742 3059; x_wconf 90' lang='lat' dir='ltr'><strong>imperet,</strong></span> <span class='ocrx_word' id='word_1_337' title='bbox 1777 3002 1832 3046; x_wconf 92' lang='lat' dir='ltr'><strong>et</strong></span> <span class='ocrx_word' id='word_1_338' title='bbox 1880 2992 2102 3060; x_wconf 89' lang='lat' dir='ltr'><strong>primam</strong></span> <span class='ocrx_word' id='word_1_339' title='bbox 2147 3006 2238 3045; x_wconf 89' lang='lat' dir='ltr'><strong>so-</strong></span> 
     </span>
    </p>
   </div>
   <div class='ocr_carea' id='block_1_47' title="bbox 653 3084 2234 3156">
    <p class='ocr_par' dir='ltr' id='par_1_47' title="bbox 653 3084 2234 3156">
     <span class='ocr_line' id='line_1_47' title="bbox 653 3084 2234 3156; baseline 0.003 -20"><span class='ocrx_word' id='word_1_340' title='bbox 653 3084 930 3138; x_wconf 88' lang='lat' dir='ltr'><strong>lummodo</strong></span> <span class='ocrx_word' id='word_1_341' title='bbox 961 3085 1169 3156; x_wconf 82' lang='lat' dir='ltr'><strong>Syriam</strong></span> <span class='ocrx_word' id='word_1_342' title='bbox 1200 3093 1253 3140; x_wconf 91' lang='lat' dir='ltr'><strong>et</strong></span> <span class='ocrx_word' id='word_1_343' title='bbox 1283 3085 1651 3155; x_wconf 76' lang='lat' dir='ltr'><strong>Cyrrhesucos</strong></span> <span class='ocrx_word' id='word_1_344' title='bbox 1674 3095 1841 3155; x_wconf 83' lang='lat' dir='ltr'><strong>regat,</strong></span> <span class='ocrx_word' id='word_1_345' title='bbox 1873 3093 1926 3139; x_wconf 91' lang='lat' dir='ltr'><strong>et</strong></span> <span class='ocrx_word' id='word_1_346' title='bbox 1956 3085 2234 3154; x_wconf 90' lang='lat' dir='ltr'><strong>utriusque</strong></span> 
     </span>
    </p>
   </div>
   <div class='ocr_carea' id='block_1_48' title="bbox 2345 1875 3838 1945">
    <p class='ocr_par' dir='ltr' id='par_1_48' title="bbox 2345 1875 3838 1945">
     <span class='ocr_line' id='line_1_48' title="bbox 2345 1875 3838 1945; baseline 0.002 -16"><span class='ocrx_word' id='word_1_347' title='bbox 2345 1875 2457 1930; x_wconf 88' lang='lat' dir='ltr'><strong>sive</strong></span> <span class='ocrx_word' id='word_1_348' title='bbox 2479 1875 2847 1944; x_wconf 87' lang='lat' dir='ltr'><strong>gloriosissimi</strong></span> <span class='ocrx_word' id='word_1_349' title='bbox 2873 1876 3103 1944; x_wconf 72' lang='lat' dir='ltr'><strong>praefecti</strong></span> <span class='ocrx_word' id='word_1_350' title='bbox 3129 1876 3254 1940; x_wconf 92' lang='lat' dir='ltr'><strong>sint,</strong></span> <span class='ocrx_word' id='word_1_351' title='bbox 3280 1877 3398 1931; x_wconf 88' lang='lat' dir='ltr'><strong>sive</strong></span> <span class='ocrx_word' id='word_1_352' title='bbox 3423 1877 3509 1929; x_wconf 90' lang='lat' dir='ltr'><strong>alii</strong></span> <span class='ocrx_word' id='word_1_353' title='bbox 3530 1891 3640 1931; x_wconf 89' lang='lat' dir='ltr'><strong>cum</strong></span> <span class='ocrx_word' id='word_1_354' title='bbox 3662 1887 3838 1945; x_wconf 70' lang='lat' dir='ltr'><strong>potestate</strong></span> 
     </span>
    </p>
   </div>
   <div class='ocr_carea' id='block_1_49' title="bbox 2345 1967 3838 2036">
    <p class='ocr_par' dir='ltr' id='par_1_49' title="bbox 2345 1967 3838 2036">
     <span class='ocr_line' id='line_1_49' title="bbox 2345 1967 3838 2036; baseline -0.001 -17"><span class='ocrx_word' id='word_1_355' title='bbox 2345 1967 2659 2032; x_wconf 81' lang='lat' dir='ltr'><strong>existentes,</strong></span> <span class='ocrx_word' id='word_1_356' title='bbox 2689 1968 2806 2021; x_wconf 85' lang='lat' dir='ltr'><strong>sive</strong></span> <span class='ocrx_word' id='word_1_357' title='bbox 2835 1968 2976 2022; x_wconf 89' lang='lat' dir='ltr'><strong>circa</strong></span> <span class='ocrx_word' id='word_1_358' title='bbox 3001 1967 3117 2022; x_wconf 89' lang='lat' dir='ltr'><strong>illos</strong></span> <span class='ocrx_word' id='word_1_359' title='bbox 3148 1970 3354 2023; x_wconf 88' lang='lat' dir='ltr'><strong>versari</strong></span> <span class='ocrx_word' id='word_1_360' title='bbox 3383 1970 3551 2032; x_wconf 85' lang='lat' dir='ltr'><strong>soliti,</strong></span> <span class='ocrx_word' id='word_1_361' title='bbox 3577 1971 3676 2023; x_wconf 86' lang='lat' dir='ltr'><strong>sive</strong></span> <span class='ocrx_word' id='word_1_362' title='bbox 3697 1972 3838 2036; x_wconf 74' lang='lat' dir='ltr'><strong>quicum.</strong></span> 
     </span>
    </p>
   </div>
   <div class='ocr_carea' id='block_1_50' title="bbox 2343 2060 3836 2130">
    <p class='ocr_par' dir='ltr' id='par_1_50' title="bbox 2343 2060 3836 2130">
     <span class='ocr_line' id='line_1_50' title="bbox 2343 2060 3836 2130; baseline -0.001 -17"><span class='ocrx_word' id='word_1_363' title='bbox 2343 2075 2483 2129; x_wconf 92' lang='lat' dir='ltr'><strong>que,</strong></span> <span class='ocrx_word' id='word_1_364' title='bbox 2517 2060 2668 2114; x_wconf 92' lang='lat' dir='ltr'><strong>titulo</strong></span> <span class='ocrx_word' id='word_1_365' title='bbox 2719 2061 2931 2130; x_wconf 88' lang='lat' dir='ltr'><strong>inquam</strong></span> <span class='ocrx_word' id='word_1_366' title='bbox 2983 2062 3283 2129; x_wconf 89' lang='lat' dir='ltr'><strong>patrocinii,</strong></span> <span class='ocrx_word' id='word_1_367' title='bbox 3337 2063 3434 2116; x_wconf 90' lang='lat' dir='ltr'><strong>sed</strong></span> <span class='ocrx_word' id='word_1_368' title='bbox 3491 2061 3836 2130; x_wconf 77' lang='lat' dir='ltr'><strong>quemadmodum</strong></span> 
     </span>
    </p>
   </div>
   <div class='ocr_carea' id='block_1_51' title="bbox 2343 2151 3837 2221">
    <p class='ocr_par' dir='ltr' id='par_1_51' title="bbox 2343 2151 3837 2221">
     <span class='ocr_line' id='line_1_51' title="bbox 2343 2151 3837 2221; baseline -0.001 -16"><span class='ocrx_word' id='word_1_369' title='bbox 2343 2151 2631 2220; x_wconf 88' lang='lat' dir='ltr'><strong>gratuitum</strong></span> <span class='ocrx_word' id='word_1_370' title='bbox 2666 2152 3031 2219; x_wconf 83' lang='lat' dir='ltr'><strong>magistratum</strong></span> <span class='ocrx_word' id='word_1_371' title='bbox 3076 2152 3248 2220; x_wconf 85' lang='lat' dir='ltr'><strong>capit,</strong></span> <span class='ocrx_word' id='word_1_372' title='bbox 3285 2153 3534 2221; x_wconf 88' lang='lat' dir='ltr'><strong>percipit,</strong></span> <span class='ocrx_word' id='word_1_373' title='bbox 3567 2161 3769 2220; x_wconf 60' lang='lat' dir='ltr'><strong>praeterea</strong></span> <span class='ocrx_word' id='word_1_374' title='bbox 3800 2167 3837 2204; x_wconf 76' lang='grc' dir='ltr'><strong>ει</strong></span> 
     </span>
    </p>
   </div>
   <div class='ocr_carea' id='block_1_52' title="bbox 2346 2244 3835 2316">
    <p class='ocr_par' dir='ltr' id='par_1_52' title="bbox 2346 2244 3835 2316">
     <span class='ocr_line' id='line_1_52' title="bbox 2346 2244 3835 2316; baseline -0.001 -18"><span class='ocrx_word' id='word_1_375' title='bbox 2346 2246 2558 2312; x_wconf 91' lang='lat' dir='ltr'><strong>publico</strong></span> <span class='ocrx_word' id='word_1_376' title='bbox 2585 2261 2826 2300; x_wconf 87' lang='lat' dir='ltr'><strong>annonas</strong></span> <span class='ocrx_word' id='word_1_377' title='bbox 2867 2247 3022 2316; x_wconf 88' lang='lat' dir='ltr'><strong>(quas</strong></span> <span class='ocrx_word' id='word_1_378' title='bbox 3053 2246 3268 2316; x_wconf 91' lang='lat' dir='ltr'><strong>quidem</strong></span> <span class='ocrx_word' id='word_1_379' title='bbox 3300 2255 3356 2300; x_wconf 89' lang='lat' dir='ltr'><strong>et</strong></span> <span class='ocrx_word' id='word_1_380' title='bbox 3384 2248 3529 2300; x_wconf 85' lang='lat' dir='ltr'><strong>solas</strong></span> <span class='ocrx_word' id='word_1_381' title='bbox 3561 2247 3703 2314; x_wconf 82' lang='lat' dir='ltr'><strong>ipsum</strong></span> <span class='ocrx_word' id='word_1_382' title='bbox 3728 2244 3835 2312; x_wconf 76' lang='lat' dir='ltr'><strong>perci-</strong></span> 
     </span>
    </p>
   </div>
   <div class='ocr_carea' id='block_1_53' title="bbox 2343 2337 3835 2405">
    <p class='ocr_par' dir='ltr' id='par_1_53' title="bbox 2343 2337 3835 2405">
     <span class='ocr_line' id='line_1_53' title="bbox 2343 2337 3835 2405; baseline -0.003 -13"><span class='ocrx_word' id='word_1_383' title='bbox 2343 2351 2472 2405; x_wconf 88' lang='lat' dir='ltr'><strong>pere</strong></span> <span class='ocrx_word' id='word_1_384' title='bbox 2496 2337 2769 2403; x_wconf 88' lang='lat' dir='ltr'><strong>sinimus),</strong></span> <span class='ocrx_word' id='word_1_385' title='bbox 2804 2338 2874 2393; x_wconf 90' lang='lat' dir='ltr'><strong>ita</strong></span> <span class='ocrx_word' id='word_1_386' title='bbox 2903 2347 2960 2392; x_wconf 90' lang='lat' dir='ltr'><strong>et</strong></span> <span class='ocrx_word' id='word_1_387' title='bbox 2990 2338 3134 2405; x_wconf 91' lang='lat' dir='ltr'><strong>puris</strong></span> <span class='ocrx_word' id='word_1_388' title='bbox 3166 2339 3340 2405; x_wconf 90' lang='lat' dir='ltr'><strong>ipsum</strong></span> <span class='ocrx_word' id='word_1_389' title='bbox 3373 2339 3611 2392; x_wconf 89' lang='lat' dir='ltr'><strong>manibus</strong></span> <span class='ocrx_word' id='word_1_390' title='bbox 3637 2350 3835 2390; x_wconf 76' lang='lat' dir='ltr'><strong>consent-</strong></span> 
     </span>
    </p>
   </div>
   <div class='ocr_carea' id='block_1_54' title="bbox 2343 2429 3835 2495">
    <p class='ocr_par' dir='ltr' id='par_1_54' title="bbox 2343 2429 3835 2495">
     <span class='ocr_line' id='line_1_54' title="bbox 2343 2429 3835 2495; baseline -0.003 -11"><span class='ocrx_word' id='word_1_391' title='bbox 2343 2429 2440 2495; x_wconf 87' lang='lat' dir='ltr'><strong>bit,</strong></span> <span class='ocrx_word' id='word_1_392' title='bbox 2477 2430 2586 2484; x_wconf 79' lang='lat' dir='ltr'><strong>Deo</strong></span> <span class='ocrx_word' id='word_1_393' title='bbox 2614 2431 2770 2485; x_wconf 89' lang='lat' dir='ltr'><strong>simul</strong></span> <span class='ocrx_word' id='word_1_394' title='bbox 2803 2441 2856 2485; x_wconf 91' lang='lat' dir='ltr'><strong>et</strong></span> <span class='ocrx_word' id='word_1_395' title='bbox 2886 2432 3039 2485; x_wconf 92' lang='lat' dir='ltr'><strong>nobis</strong></span> <span class='ocrx_word' id='word_1_396' title='bbox 3067 2447 3132 2487; x_wconf 92' lang='lat' dir='ltr'><strong>eo</strong></span> <span class='ocrx_word' id='word_1_397' title='bbox 3162 2432 3380 2487; x_wconf 89' lang='lat' dir='ltr'><strong>nomine</strong></span> <span class='ocrx_word' id='word_1_398' title='bbox 3410 2430 3653 2486; x_wconf 90' lang='lat' dir='ltr'><strong>rationem</strong></span> <span class='ocrx_word' id='word_1_399' title='bbox 3682 2429 3835 2485; x_wconf 59' lang='lat' dir='ltr'><strong>redditu.</strong></span> 
     </span>
    </p>
   </div>
   <div class='ocr_carea' id='block_1_55' title="bbox 2343 2521 3836 2592">
    <p class='ocr_par' dir='ltr' id='par_1_55' title="bbox 2343 2521 3836 2592">
     <span class='ocr_line' id='line_1_55' title="bbox 2343 2521 3836 2592; baseline -0.003 -16"><span class='ocrx_word' id='word_1_400' title='bbox 2343 2537 2456 2577; x_wconf 90' lang='lat' dir='ltr'><strong>rus.</strong></span> <span class='ocrx_word' id='word_1_401' title='bbox 2487 2521 2632 2577; x_wconf 89' lang='lat' dir='ltr'><strong>Sciat</strong></span> <span class='ocrx_word' id='word_1_402' title='bbox 2661 2524 2804 2576; x_wconf 91' lang='lat' dir='ltr'><strong>enim</strong></span> <span class='ocrx_word' id='word_1_403' title='bbox 2833 2522 3093 2578; x_wconf 91' lang='lat' dir='ltr'><strong>celsitudo</strong></span> <span class='ocrx_word' id='word_1_404' title='bbox 3123 2532 3233 2584; x_wconf 88' lang='lat' dir='ltr'><strong>tua,</strong></span> <span class='ocrx_word' id='word_1_405' title='bbox 3265 2531 3321 2577; x_wconf 91' lang='lat' dir='ltr'><strong>et</strong></span> <span class='ocrx_word' id='word_1_406' title='bbox 3369 2523 3459 2592; x_wconf 90' lang='lat' dir='ltr'><strong>qui</strong></span> <span class='ocrx_word' id='word_1_407' title='bbox 3509 2522 3721 2577; x_wconf 90' lang='lat' dir='ltr'><strong>eumdem</strong></span> <span class='ocrx_word' id='word_1_408' title='bbox 3745 2521 3836 2572; x_wconf 84' lang='lat' dir='ltr'><strong>thro-</strong></span> 
     </span>
    </p>
   </div>
   <div class='ocr_carea' id='block_1_56' title="bbox 2345 2611 3835 2684">
    <p class='ocr_par' dir='ltr' id='par_1_56' title="bbox 2345 2611 3835 2684">
     <span class='ocr_line' id='line_1_56' title="bbox 2345 2611 3835 2684; baseline -0.003 -16"><span class='ocrx_word' id='word_1_409' title='bbox 2345 2630 2470 2668; x_wconf 92' lang='lat' dir='ltr'><strong>num</strong></span> <span class='ocrx_word' id='word_1_410' title='bbox 2502 2624 2620 2682; x_wconf 91' lang='lat' dir='ltr'><strong>post</strong></span> <span class='ocrx_word' id='word_1_411' title='bbox 2648 2623 2698 2668; x_wconf 93' lang='lat' dir='ltr'><strong>te</strong></span> <span class='ocrx_word' id='word_1_412' title='bbox 2727 2613 3107 2680; x_wconf 88' lang='lat' dir='ltr'><strong>conscendent,</strong></span> <span class='ocrx_word' id='word_1_413' title='bbox 3139 2613 3280 2684; x_wconf 90' lang='lat' dir='ltr'><strong>quod</strong></span> <span class='ocrx_word' id='word_1_414' title='bbox 3305 2615 3422 2668; x_wconf 86' lang='lat' dir='ltr'><strong>sive</strong></span> <span class='ocrx_word' id='word_1_415' title='bbox 3450 2614 3568 2683; x_wconf 81' lang='lat' dir='ltr'><strong>ipsi,</strong></span> <span class='ocrx_word' id='word_1_416' title='bbox 3591 2613 3686 2667; x_wconf 88' lang='lat' dir='ltr'><strong>sive</strong></span> <span class='ocrx_word' id='word_1_417' title='bbox 3703 2611 3835 2678; x_wconf 69' lang='lat' dir='ltr'><strong>hiqua-</strong></span> 
     </span>
    </p>
   </div>
   <div class='ocr_carea' id='block_1_57' title="bbox 2344 2705 3832 2775">
    <p class='ocr_par' dir='ltr' id='par_1_57' title="bbox 2344 2705 3832 2775">
     <span class='ocr_line' id='line_1_57' title="bbox 2344 2705 3832 2775; baseline -0.002 -18"><span class='ocrx_word' id='word_1_418' title='bbox 2344 2719 2462 2758; x_wconf 93' lang='lat' dir='ltr'><strong>rum</strong></span> <span class='ocrx_word' id='word_1_419' title='bbox 2488 2719 2650 2773; x_wconf 89' lang='lat' dir='ltr'><strong>opera</strong></span> <span class='ocrx_word' id='word_1_420' title='bbox 2673 2705 2725 2758; x_wconf 91' lang='lat' dir='ltr'><strong>in</strong></span> <span class='ocrx_word' id='word_1_421' title='bbox 2749 2706 3033 2760; x_wconf 89' lang='lat' dir='ltr'><strong>commissa</strong></span> <span class='ocrx_word' id='word_1_422' title='bbox 3064 2706 3164 2759; x_wconf 88' lang='lat' dir='ltr'><strong>sibi</strong></span> <span class='ocrx_word' id='word_1_423' title='bbox 3191 2716 3342 2775; x_wconf 87' lang='lat' dir='ltr'><strong>parte</strong></span> <span class='ocrx_word' id='word_1_424' title='bbox 3365 2707 3655 2775; x_wconf 76' lang='lat' dir='ltr'><strong>reipublicae</strong></span> <span class='ocrx_word' id='word_1_425' title='bbox 3674 2713 3832 2765; x_wconf 86' lang='lat' dir='ltr'><strong>utuntur,</strong></span> 
     </span>
    </p>
   </div>
   <div class='ocr_carea' id='block_1_58' title="bbox 2344 2793 3834 2866">
    <p class='ocr_par' dir='ltr' id='par_1_58' title="bbox 2344 2793 3834 2866">
     <span class='ocr_line' id='line_1_58' title="bbox 2344 2793 3834 2866; baseline -0.003 -16"><span class='ocrx_word' id='word_1_426' title='bbox 2344 2797 2457 2851; x_wconf 88' lang='lat' dir='ltr'><strong>sive</strong></span> <span class='ocrx_word' id='word_1_427' title='bbox 2497 2796 2692 2851; x_wconf 90' lang='lat' dir='ltr'><strong>cohors</strong></span> <span class='ocrx_word' id='word_1_428' title='bbox 2730 2806 2838 2861; x_wconf 94' lang='lat' dir='ltr'><strong>tua,</strong></span> <span class='ocrx_word' id='word_1_429' title='bbox 2873 2806 2964 2850; x_wconf 89' lang='lat' dir='ltr'><strong>aut</strong></span> <span class='ocrx_word' id='word_1_430' title='bbox 2991 2797 3060 2851; x_wconf 91' lang='lat' dir='ltr'><strong>ab</strong></span> <span class='ocrx_word' id='word_1_431' title='bbox 3103 2798 3166 2850; x_wconf 93' lang='lat' dir='ltr'><strong>iis</strong></span> <span class='ocrx_word' id='word_1_432' title='bbox 3211 2797 3302 2866; x_wconf 90' lang='lat' dir='ltr'><strong>qui</strong></span> <span class='ocrx_word' id='word_1_433' title='bbox 3345 2799 3412 2852; x_wconf 92' lang='lat' dir='ltr'><strong>ad</strong></span> <span class='ocrx_word' id='word_1_434' title='bbox 3455 2798 3682 2866; x_wconf 62' lang='lat' dir='ltr'><strong>prmdicta</strong></span> <span class='ocrx_word' id='word_1_435' title='bbox 3723 2793 3834 2849; x_wconf 80' lang='lat' dir='ltr'><strong>ofﬁcit</strong></span> 
     </span>
    </p>
   </div>
   <div class='ocr_carea' id='block_1_59' title="bbox 2344 2888 3834 2957">
    <p class='ocr_par' dir='ltr' id='par_1_59' title="bbox 2344 2888 3834 2957">
     <span class='ocr_line' id='line_1_59' title="bbox 2344 2888 3834 2957; baseline -0.002 -16"><span class='ocrx_word' id='word_1_436' title='bbox 2344 2888 2793 2956; x_wconf 90' lang='lat' dir='ltr'><strong>proﬁciscuntur,</strong></span> <span class='ocrx_word' id='word_1_437' title='bbox 2843 2897 2935 2942; x_wconf 91' lang='lat' dir='ltr'><strong>aut</strong></span> <span class='ocrx_word' id='word_1_438' title='bbox 2981 2890 3170 2956; x_wconf 92' lang='lat' dir='ltr'><strong>quovis</strong></span> <span class='ocrx_word' id='word_1_439' title='bbox 3219 2889 3348 2952; x_wconf 88' lang='lat' dir='ltr'><strong>alio,</strong></span> <span class='ocrx_word' id='word_1_440' title='bbox 3403 2889 3672 2957; x_wconf 81' lang='lat' dir='ltr'><strong>quidquam</strong></span> <span class='ocrx_word' id='word_1_441' title='bbox 3712 2895 3834 2953; x_wconf 64' lang='lat' dir='ltr'><strong>praeter</strong></span> 
     </span>
    </p>
   </div>
   <div class='ocr_carea' id='block_1_60' title="bbox 2343 2978 3834 3048">
    <p class='ocr_par' dir='ltr' id='par_1_60' title="bbox 2343 2978 3834 3048">
     <span class='ocr_line' id='line_1_60' title="bbox 2343 2978 3834 3048; baseline -0.003 -16"><span class='ocrx_word' id='word_1_442' title='bbox 2343 2980 2759 3034; x_wconf 89' lang='lat' dir='ltr'><strong>consuetudines</strong></span> <span class='ocrx_word' id='word_1_443' title='bbox 2789 2979 2916 3048; x_wconf 89' lang='lat' dir='ltr'><strong>ipsis</strong></span> <span class='ocrx_word' id='word_1_444' title='bbox 2948 2995 2977 3033; x_wconf 93' lang='lat' dir='ltr'><strong>a</strong></span> <span class='ocrx_word' id='word_1_445' title='bbox 3009 2979 3162 3034; x_wconf 90' lang='lat' dir='ltr'><strong>nobis</strong></span> <span class='ocrx_word' id='word_1_446' title='bbox 3193 2979 3447 3033; x_wconf 87' lang='lat' dir='ltr'><strong>deﬁnitas</strong></span> <span class='ocrx_word' id='word_1_447' title='bbox 3482 2981 3624 3048; x_wconf 79' lang='lat' dir='ltr'><strong>(quas</strong></span> <span class='ocrx_word' id='word_1_448' title='bbox 3643 2978 3763 3032; x_wconf 79' lang='lat' dir='ltr'><strong>etiam</strong></span> <span class='ocrx_word' id='word_1_449' title='bbox 3783 2989 3834 3029; x_wconf 80' lang='lat' dir='ltr'><strong>so-</strong></span> 
     </span>
    </p>
   </div>
   <div class='ocr_carea' id='block_1_61' title="bbox 2345 3069 3834 3140">
    <p class='ocr_par' dir='ltr' id='par_1_61' title="bbox 2345 3069 3834 3140">
     <span class='ocr_line' id='line_1_61' title="bbox 2345 3069 3834 3140; baseline -0.003 -17"><span class='ocrx_word' id='word_1_450' title='bbox 2345 3069 2423 3124; x_wconf 87' lang='lat' dir='ltr'><strong>las</strong></span> <span class='ocrx_word' id='word_1_451' title='bbox 2453 3071 2773 3125; x_wconf 87' lang='lat' dir='ltr'><strong>arbitrantes</strong></span> <span class='ocrx_word' id='word_1_452' title='bbox 2819 3071 3087 3138; x_wconf 88' lang='lat' dir='ltr'><strong>sufﬁcere,</strong></span> <span class='ocrx_word' id='word_1_453' title='bbox 3139 3071 3253 3124; x_wconf 90' lang='lat' dir='ltr'><strong>dari</strong></span> <span class='ocrx_word' id='word_1_454' title='bbox 3284 3072 3640 3140; x_wconf 89' lang='lat' dir='ltr'><strong>decrevimus)</strong></span> <span class='ocrx_word' id='word_1_455' title='bbox 3670 3071 3834 3137; x_wconf 70' lang='lat' dir='ltr'><strong>accipere</strong></span> 
     </span>
    </p>
   </div>
   <div class='ocr_carea' id='block_1_62' title="bbox 649 3150 2238 3247">
    <p class='ocr_par' dir='ltr' id='par_1_62' title="bbox 649 3177 2237 3247">
     <span class='ocr_line' id='line_1_62' title="bbox 649 3177 2237 3247; baseline 0.001 -16"><span class='ocrx_word' id='word_1_456' title='bbox 649 3178 850 3246; x_wconf 85' lang='lat' dir='ltr'><strong>pariter</strong></span> <span class='ocrx_word' id='word_1_457' title='bbox 876 3177 1034 3232; x_wconf 88' lang='lat' dir='ltr'><strong>ofﬁcii</strong></span> <span class='ocrx_word' id='word_1_458' title='bbox 1058 3177 1282 3232; x_wconf 86' lang='lat' dir='ltr'><strong>annonis</strong></span> <span class='ocrx_word' id='word_1_459' title='bbox 1313 3177 1631 3247; x_wconf 87' lang='lat' dir='ltr'><strong>perfruatur.</strong></span> <span class='ocrx_word' id='word_1_460' title='bbox 1661 3177 1948 3247; x_wconf 64' lang='lat' dir='ltr'><strong>Equalem</strong></span> <span class='ocrx_word' id='word_1_461' title='bbox 1980 3179 2119 3232; x_wconf 89' lang='lat' dir='ltr'><strong>enim</strong></span> <span class='ocrx_word' id='word_1_462' title='bbox 2152 3179 2237 3232; x_wconf 92' lang='lat' dir='ltr'><strong>vi-</strong></span> 
     </span>
    </p>
   </div>
   <div class='ocr_carea' id='block_1_63' title="bbox 2273 3150 3832 3247">
    <p class='ocr_par' dir='ltr' id='par_1_63' title="bbox 2273 3150 3832 3234">
     <span class='ocr_line' id='line_1_63' title="bbox 2273 3150 3832 3234; baseline -0.002 -20"><span class='ocrx_word' id='word_1_463' title='bbox 2273 3150 2312 3214; x_wconf 83' lang='lat' dir='ltr'>C</span> <span class='ocrx_word' id='word_1_464' title='bbox 2345 3166 2823 3234; x_wconf 77' lang='lat' dir='ltr'><strong>prtesumpserint:</strong></span> <span class='ocrx_word' id='word_1_465' title='bbox 2857 3179 3012 3232; x_wconf 70' lang='lat' dir='ltr'><strong>poena</strong></span> <span class='ocrx_word' id='word_1_466' title='bbox 3041 3165 3453 3233; x_wconf 86' lang='lat' dir='ltr'><strong>haudquaquam</strong></span> <span class='ocrx_word' id='word_1_467' title='bbox 3481 3166 3606 3219; x_wconf 90' lang='lat' dir='ltr'><strong>levis</strong></span> <span class='ocrx_word' id='word_1_468' title='bbox 3632 3164 3832 3231; x_wconf 83' lang='lat' dir='ltr'><strong>inﬂigetur,</strong></span> 
     </span>
    </p>
   </div>
   <div class='ocr_carea' id='block_1_64' title="bbox 650 3269 2236 3340">
    <p class='ocr_par' dir='ltr' id='par_1_64' title="bbox 650 3269 2236 3340">
     <span class='ocr_line' id='line_1_64' title="bbox 650 3269 2236 3340; baseline 0.002 -17"><span class='ocrx_word' id='word_1_469' title='bbox 650 3269 814 3323; x_wconf 89' lang='lat' dir='ltr'><strong>cariis</strong></span> <span class='ocrx_word' id='word_1_470' title='bbox 843 3270 1014 3338; x_wconf 91' lang='lat' dir='ltr'><strong>ipsum</strong></span> <span class='ocrx_word' id='word_1_471' title='bbox 1045 3284 1255 3340; x_wconf 91' lang='lat' dir='ltr'><strong>quoque</strong></span> <span class='ocrx_word' id='word_1_472' title='bbox 1286 3272 1552 3340; x_wconf 85' lang='lat' dir='ltr'><strong>ponimus,</strong></span> <span class='ocrx_word' id='word_1_473' title='bbox 1601 3280 1656 3325; x_wconf 92' lang='lat' dir='ltr'><strong>ut</strong></span> <span class='ocrx_word' id='word_1_474' title='bbox 1705 3281 1759 3324; x_wconf 89' lang='lat' dir='ltr'><strong>et</strong></span> <span class='ocrx_word' id='word_1_475' title='bbox 1811 3273 1922 3339; x_wconf 90' lang='lat' dir='ltr'><strong>ipse</strong></span> <span class='ocrx_word' id='word_1_476' title='bbox 1969 3286 2071 3325; x_wconf 89' lang='lat' dir='ltr'><strong>una</strong></span> <span class='ocrx_word' id='word_1_477' title='bbox 2115 3287 2236 3326; x_wconf 91' lang='lat' dir='ltr'><strong>cum</strong></span> 
     </span>
    </p>
   </div>
   <div class='ocr_carea' id='block_1_65' title="bbox 649 3361 2238 3434">
    <p class='ocr_par' dir='ltr' id='par_1_65' title="bbox 649 3361 2238 3434">
     <span class='ocr_line' id='line_1_65' title="bbox 649 3361 2238 3434; baseline 0.002 -17"><span class='ocrx_word' id='word_1_478' title='bbox 649 3363 871 3417; x_wconf 87' lang='lat' dir='ltr'><strong>cohorte</strong></span> <span class='ocrx_word' id='word_1_479' title='bbox 901 3361 975 3416; x_wconf 91' lang='lat' dir='ltr'><strong>illi</strong></span> <span class='ocrx_word' id='word_1_480' title='bbox 1013 3361 1418 3419; x_wconf 87' lang='lat' dir='ltr'><strong>obsecundante</strong></span> <span class='ocrx_word' id='word_1_481' title='bbox 1445 3379 1542 3434; x_wconf 93' lang='lat' dir='ltr'><strong>pro</strong></span> <span class='ocrx_word' id='word_1_482' title='bbox 1593 3364 1912 3419; x_wconf 84' lang='lat' dir='ltr'><strong>tributorum</strong></span> <span class='ocrx_word' id='word_1_483' title='bbox 1958 3365 2238 3420; x_wconf 85' lang='lat' dir='ltr'><strong>exactione</strong></span> 
     </span>
    </p>
   </div>
   <div class='ocr_carea' id='block_1_66' title="bbox 651 3454 2240 3526">
    <p class='ocr_par' dir='ltr' id='par_1_66' title="bbox 651 3454 2240 3526">
     <span class='ocr_line' id='line_1_66' title="bbox 651 3454 2240 3526; baseline 0.001 -16"><span class='ocrx_word' id='word_1_484' title='bbox 651 3465 706 3510; x_wconf 89' lang='lat' dir='ltr'><strong>et</strong></span> <span class='ocrx_word' id='word_1_485' title='bbox 736 3454 908 3509; x_wconf 88' lang='lat' dir='ltr'><strong>civilis</strong></span> <span class='ocrx_word' id='word_1_486' title='bbox 949 3469 1012 3509; x_wconf 91' lang='lat' dir='ltr'><strong>ac</strong></span> <span class='ocrx_word' id='word_1_487' title='bbox 1041 3456 1268 3524; x_wconf 78' lang='lat' dir='ltr'><strong>publica:</strong></span> <span class='ocrx_word' id='word_1_488' title='bbox 1307 3457 1599 3525; x_wconf 65' lang='lat' dir='ltr'><strong>disciplinae</strong></span> <span class='ocrx_word' id='word_1_489' title='bbox 1641 3459 2051 3513; x_wconf 90' lang='lat' dir='ltr'><strong>conservatione</strong></span> <span class='ocrx_word' id='word_1_490' title='bbox 2091 3457 2240 3526; x_wconf 84' lang='lat' dir='ltr'><strong>peri-</strong></span> 
     </span>
    </p>
   </div>
   <div class='ocr_carea' id='block_1_67' title="bbox 651 3547 885 3603">
    <p class='ocr_par' dir='ltr' id='par_1_67' title="bbox 651 3547 885 3603">
     <span class='ocr_line' id='line_1_67' title="bbox 651 3547 885 3603; baseline 0.004 -1"><span class='ocrx_word' id='word_1_491' title='bbox 651 3547 885 3603; x_wconf 89' lang='lat' dir='ltr'><strong>clitetur.</strong></span> 
     </span>
    </p>
   </div>
   <div class='ocr_carea' id='block_1_68' title="bbox 722 3640 2236 3714">
    <p class='ocr_par' dir='ltr' id='par_1_68' title="bbox 722 3640 2236 3714">
     <span class='ocr_line' id='line_1_68' title="bbox 722 3640 2236 3714; baseline 0.004 -20"><span class='ocrx_word' id='word_1_492' title='bbox 722 3640 891 3696; x_wconf 91' lang='lat' dir='ltr'><strong>Porro</strong></span> <span class='ocrx_word' id='word_1_493' title='bbox 940 3643 1189 3698; x_wconf 87' lang='lat' dir='ltr'><strong>volumus</strong></span> <span class='ocrx_word' id='word_1_494' title='bbox 1235 3653 1292 3698; x_wconf 94' lang='lat' dir='ltr'><strong>ut</strong></span> <span class='ocrx_word' id='word_1_495' title='bbox 1337 3659 1526 3700; x_wconf 91' lang='lat' dir='ltr'><strong>omnes</strong></span> <span class='ocrx_word' id='word_1_496' title='bbox 1571 3647 1791 3700; x_wconf 91' lang='lat' dir='ltr'><strong>omnino</strong></span> <span class='ocrx_word' id='word_1_497' title='bbox 1841 3644 2236 3714; x_wconf 89' lang='lat' dir='ltr'><strong>provinciarum</strong></span> 
     </span>
    </p>
   </div>
   <div class='ocr_carea' id='block_1_69' title="bbox 650 3734 2236 3805">
    <p class='ocr_par' dir='ltr' id='par_1_69' title="bbox 650 3734 2236 3805">
     <span class='ocr_line' id='line_1_69' title="bbox 650 3734 2236 3805; baseline 0.003 -21"><span class='ocrx_word' id='word_1_498' title='bbox 650 3740 951 3786; x_wconf 91' lang='lat' dir='ltr'><strong>nostrarum</strong></span> <span class='ocrx_word' id='word_1_499' title='bbox 1002 3734 1321 3802; x_wconf 74' lang='lat' dir='ltr'><strong>praesidibus</strong></span> <span class='ocrx_word' id='word_1_500' title='bbox 1366 3734 1735 3803; x_wconf 80' lang='lat' dir='ltr'><strong>subiiciantur.</strong></span> <span class='ocrx_word' id='word_1_501' title='bbox 1773 3735 1972 3790; x_wconf 85' lang='lat' dir='ltr'><strong>Plebeii</strong></span> <span class='ocrx_word' id='word_1_502' title='bbox 2019 3735 2236 3805; x_wconf 90' lang='lat' dir='ltr'><strong>quidem</strong></span> 
     </span>
    </p>
   </div>
   <div class='ocr_carea' id='block_1_70' title="bbox 649 3808 2237 3898">
    <p class='ocr_par' dir='ltr' id='par_1_70' title="bbox 649 3808 2237 3898">
     <span class='ocr_line' id='line_1_70' title="bbox 649 3808 2237 3898; baseline 0.002 -21"><span class='ocrx_word' id='word_1_503' title='bbox 649 3822 828 3893; x_wconf 88' lang='lat' dir='ltr'><strong>(prout</strong></span> <span class='ocrx_word' id='word_1_504' title='bbox 852 3825 1236 3894; x_wconf 85' lang='lat' dir='ltr'><strong>jurisdictionis</strong></span> <span class='ocrx_word' id='word_1_505' title='bbox 1265 3827 1538 3896; x_wconf 86' lang='lat' dir='ltr'><strong>prOpriutn</strong></span> <span class='ocrx_word' id='word_1_506' title='bbox 1565 3826 1669 3898; x_wconf 88' lang='lat' dir='ltr'><strong>est)</strong></span> <span class='ocrx_word' id='word_1_507' title='bbox 1694 3828 1743 3882; x_wconf 94' lang='lat' dir='ltr'><strong>in</strong></span> <span class='ocrx_word' id='word_1_508' title='bbox 1766 3808 2016 3881; x_wconf 81' lang='lat' dir='ltr'><strong>omnibus</strong></span> <span class='ocrx_word' id='word_1_509' title='bbox 2037 3827 2237 3894; x_wconf 89' lang='lat' dir='ltr'><strong>causis,</strong></span> 
     </span>
    </p>
   </div>
   <div class='ocr_carea' id='block_1_71' title="bbox 647 3920 2238 3991">
    <p class='ocr_par' dir='ltr' id='par_1_71' title="bbox 647 3920 2238 3991">
     <span class='ocr_line' id='line_1_71' title="bbox 647 3920 2238 3991; baseline 0.004 -23"><span class='ocrx_word' id='word_1_510' title='bbox 647 3923 704 3968; x_wconf 88' lang='lat' dir='ltr'><strong>et</strong></span> <span class='ocrx_word' id='word_1_511' title='bbox 732 3931 1047 3986; x_wconf 86' lang='lat' dir='ltr'><strong>quacunque</strong></span> <span class='ocrx_word' id='word_1_512' title='bbox 1075 3921 1376 3982; x_wconf 87' lang='lat' dir='ltr'><strong>occasione,</strong></span> <span class='ocrx_word' id='word_1_513' title='bbox 1406 3929 1511 3973; x_wconf 92' lang='lat' dir='ltr'><strong>tam</strong></span> <span class='ocrx_word' id='word_1_514' title='bbox 1542 3920 1847 3991; x_wconf 87' lang='lat' dir='ltr'><strong>pecuniaria</strong></span> <span class='ocrx_word' id='word_1_515' title='bbox 1872 3935 2028 3989; x_wconf 89' lang='lat' dir='ltr'><strong>quam</strong></span> <span class='ocrx_word' id='word_1_516' title='bbox 2053 3920 2238 3974; x_wconf 91' lang='lat' dir='ltr'><strong>crimi-</strong></span> 
     </span>
    </p>
   </div>
   <div class='ocr_carea' id='block_1_72' title="bbox 651 4011 2236 4084">
    <p class='ocr_par' dir='ltr' id='par_1_72' title="bbox 651 4011 2236 4084">
     <span class='ocr_line' id='line_1_72' title="bbox 651 4011 2236 4084; baseline 0.006 -22"><span class='ocrx_word' id='word_1_517' title='bbox 651 4011 779 4064; x_wconf 90' lang='lat' dir='ltr'><strong>nali.</strong></span> <span class='ocrx_word' id='word_1_518' title='bbox 814 4013 916 4076; x_wconf 79' lang='lat' dir='ltr'><strong>Qui</strong></span> <span class='ocrx_word' id='word_1_519' title='bbox 951 4028 1075 4068; x_wconf 89' lang='lat' dir='ltr'><strong>vero</strong></span> <span class='ocrx_word' id='word_1_520' title='bbox 1102 4014 1288 4068; x_wconf 90' lang='lat' dir='ltr'><strong>militia</strong></span> <span class='ocrx_word' id='word_1_521' title='bbox 1334 4014 1592 4084; x_wconf 91' lang='lat' dir='ltr'><strong>decorati,</strong></span> <span class='ocrx_word' id='word_1_522' title='bbox 1623 4026 1677 4070; x_wconf 93' lang='lat' dir='ltr'><strong>et</strong></span> <span class='ocrx_word' id='word_1_523' title='bbox 1711 4016 1941 4084; x_wconf 88' lang='lat' dir='ltr'><strong>propriis</strong></span> <span class='ocrx_word' id='word_1_524' title='bbox 1965 4015 2236 4084; x_wconf 90' lang='lat' dir='ltr'><strong>judicibus</strong></span> 
     </span>
    </p>
   </div>
   <div class='ocr_carea' id='block_1_73' title="bbox 649 4102 2237 4177">
    <p class='ocr_par' dir='ltr' id='par_1_73' title="bbox 649 4102 2237 4177">
     <span class='ocr_line' id='line_1_73' title="bbox 649 4102 2237 4177; baseline 0.005 -22"><span class='ocrx_word' id='word_1_525' title='bbox 649 4102 890 4170; x_wconf 90' lang='lat' dir='ltr'><strong>deputati</strong></span> <span class='ocrx_word' id='word_1_526' title='bbox 920 4114 1064 4170; x_wconf 90' lang='lat' dir='ltr'><strong>sunt,</strong></span> <span class='ocrx_word' id='word_1_527' title='bbox 1091 4106 1439 4161; x_wconf 90' lang='lat' dir='ltr'><strong>nihilominus</strong></span> <span class='ocrx_word' id='word_1_528' title='bbox 1468 4109 1630 4162; x_wconf 89' lang='lat' dir='ltr'><strong>etiam</strong></span> <span class='ocrx_word' id='word_1_529' title='bbox 1663 4109 1745 4163; x_wconf 92' lang='lat' dir='ltr'><strong>isti</strong></span> <span class='ocrx_word' id='word_1_530' title='bbox 1779 4125 1872 4177; x_wconf 91' lang='lat' dir='ltr'><strong>per</strong></span> <span class='ocrx_word' id='word_1_531' title='bbox 1903 4110 2081 4165; x_wconf 90' lang='lat' dir='ltr'><strong>omnia</strong></span> <span class='ocrx_word' id='word_1_532' title='bbox 2129 4109 2237 4163; x_wconf 92' lang='lat' dir='ltr'><strong>illis</strong></span> 
     </span>
    </p>
   </div>
   <div class='ocr_carea' id='block_1_74' title="bbox 648 4193 2236 4269">
    <p class='ocr_par' dir='ltr' id='par_1_74' title="bbox 648 4193 2236 4269">
     <span class='ocr_line' id='line_1_74' title="bbox 648 4193 2236 4269; baseline 0.004 -20"><span class='ocrx_word' id='word_1_533' title='bbox 648 4193 970 4249; x_wconf 82' lang='lat' dir='ltr'><strong>tributorum</strong></span> <span class='ocrx_word' id='word_1_534' title='bbox 1005 4205 1060 4249; x_wconf 90' lang='lat' dir='ltr'><strong>et</strong></span> <span class='ocrx_word' id='word_1_535' title='bbox 1095 4196 1376 4251; x_wconf 87' lang='lat' dir='ltr'><strong>criminum</strong></span> <span class='ocrx_word' id='word_1_536' title='bbox 1406 4200 1688 4254; x_wconf 85' lang='lat' dir='ltr'><strong>occasione</strong></span> <span class='ocrx_word' id='word_1_537' title='bbox 1726 4201 2095 4269; x_wconf 86' lang='lat' dir='ltr'><strong>subjiciantur.</strong></span> <span class='ocrx_word' id='word_1_538' title='bbox 2130 4201 2236 4256; x_wconf 86' lang='lat' dir='ltr'><strong>Sed</strong></span> 
     </span>
    </p>
   </div>
   <div class='ocr_carea' id='block_1_75' title="bbox 650 4289 2235 4361">
    <p class='ocr_par' dir='ltr' id='par_1_75' title="bbox 650 4289 2235 4361">
     <span class='ocr_line' id='line_1_75' title="bbox 650 4289 2235 4361; baseline 0.004 -20"><span class='ocrx_word' id='word_1_539' title='bbox 650 4301 824 4355; x_wconf 89' lang='lat' dir='ltr'><strong>neque</strong></span> <span class='ocrx_word' id='word_1_540' title='bbox 851 4302 943 4341; x_wconf 92' lang='lat' dir='ltr'><strong>eos</strong></span> <span class='ocrx_word' id='word_1_541' title='bbox 974 4289 1064 4358; x_wconf 92' lang='lat' dir='ltr'><strong>qui</strong></span> <span class='ocrx_word' id='word_1_542' title='bbox 1094 4303 1157 4344; x_wconf 84' lang='lat' dir='ltr'><strong>ex</strong></span> <span class='ocrx_word' id='word_1_543' title='bbox 1187 4304 1505 4358; x_wconf 90' lang='lat' dir='ltr'><strong>quocunque</strong></span> <span class='ocrx_word' id='word_1_544' title='bbox 1525 4291 1644 4344; x_wconf 90' lang='lat' dir='ltr'><strong>hinc</strong></span> <span class='ocrx_word' id='word_1_545' title='bbox 1662 4291 1867 4358; x_wconf 92' lang='lat' dir='ltr'><strong>judicio</strong></span> <span class='ocrx_word' id='word_1_546' title='bbox 1891 4307 2235 4361; x_wconf 88' lang='lat' dir='ltr'><strong>quascunque</strong></span> 
     </span>
    </p>
   </div>
   <div class='ocr_carea' id='block_1_76' title="bbox 649 4378 2236 4450">
    <p class='ocr_par' dir='ltr' id='par_1_76' title="bbox 649 4378 2236 4450">
     <span class='ocr_line' id='line_1_76' title="bbox 649 4378 2236 4450; baseline 0.003 -18"><span class='ocrx_word' id='word_1_547' title='bbox 649 4379 944 4433; x_wconf 82' lang='lat' dir='ltr'><strong>sententias</strong></span> <span class='ocrx_word' id='word_1_548' title='bbox 972 4378 1249 4432; x_wconf 89' lang='lat' dir='ltr'><strong>executuri</strong></span> <span class='ocrx_word' id='word_1_549' title='bbox 1277 4389 1601 4449; x_wconf 85' lang='lat' dir='ltr'><strong>commeant,</strong></span> <span class='ocrx_word' id='word_1_550' title='bbox 1638 4380 1907 4450; x_wconf 90' lang='lat' dir='ltr'><strong>patiantur</strong></span> <span class='ocrx_word' id='word_1_551' title='bbox 1933 4383 2236 4450; x_wconf 84' lang='lat' dir='ltr'><strong>provincia-</strong></span> 
     </span>
    </p>
   </div>
   <div class='ocr_carea' id='block_1_77' title="bbox 648 4470 2232 4541">
    <p class='ocr_par' dir='ltr' id='par_1_77' title="bbox 648 4470 2232 4541">
     <span class='ocr_line' id='line_1_77' title="bbox 648 4470 2232 4541; baseline 0.004 -19"><span class='ocrx_word' id='word_1_552' title='bbox 648 4485 765 4523; x_wconf 92' lang='lat' dir='ltr'><strong>rum</strong></span> <span class='ocrx_word' id='word_1_553' title='bbox 800 4470 1054 4537; x_wconf 76' lang='lat' dir='ltr'><strong>praesides</strong></span> <span class='ocrx_word' id='word_1_554' title='bbox 1075 4472 1519 4527; x_wconf 90' lang='lat' dir='ltr'><strong>consuetudinum</strong></span> <span class='ocrx_word' id='word_1_555' title='bbox 1549 4489 1643 4527; x_wconf 90' lang='lat' dir='ltr'><strong>seu</strong></span> <span class='ocrx_word' id='word_1_556' title='bbox 1670 4473 2027 4541; x_wconf 75' lang='lat' dir='ltr'><strong>Sportularum</strong></span> <span class='ocrx_word' id='word_1_557' title='bbox 2062 4475 2232 4528; x_wconf 92' lang='lat' dir='ltr'><strong>nomi-</strong></span> 
     </span>
    </p>
   </div>
   <div class='ocr_carea' id='block_1_78' title="bbox 650 4565 2232 4637">
    <p class='ocr_par' dir='ltr' id='par_1_78' title="bbox 650 4565 2232 4637">
     <span class='ocr_line' id='line_1_78' title="bbox 650 4565 2232 4637; baseline 0.003 -20"><span class='ocrx_word' id='word_1_558' title='bbox 650 4579 717 4618; x_wconf 90' lang='lat' dir='ltr'><strong>ne</strong></span> <span class='ocrx_word' id='word_1_559' title='bbox 745 4565 974 4635; x_wconf 91' lang='lat' dir='ltr'><strong>amplius</strong></span> <span class='ocrx_word' id='word_1_560' title='bbox 1011 4566 1235 4636; x_wconf 91' lang='lat' dir='ltr'><strong>aliquid,</strong></span> <span class='ocrx_word' id='word_1_561' title='bbox 1264 4581 1424 4637; x_wconf 90' lang='lat' dir='ltr'><strong>quam</strong></span> <span class='ocrx_word' id='word_1_562' title='bbox 1455 4581 1604 4621; x_wconf 90' lang='lat' dir='ltr'><strong>sacra</strong></span> <span class='ocrx_word' id='word_1_563' title='bbox 1637 4574 1816 4621; x_wconf 91' lang='lat' dir='ltr'><strong>nostra</strong></span> <span class='ocrx_word' id='word_1_564' title='bbox 1849 4566 2232 4622; x_wconf 87' lang='lat' dir='ltr'><strong>constitutione</strong></span> 
     </span>
    </p>
   </div>
   <div class='ocr_carea' id='block_1_79' title="bbox 649 4657 2232 4728">
    <p class='ocr_par' dir='ltr' id='par_1_79' title="bbox 649 4657 2232 4728">
     <span class='ocr_line' id='line_1_79' title="bbox 649 4657 2232 4728; baseline 0.005 -20"><span class='ocrx_word' id='word_1_565' title='bbox 649 4657 1035 4726; x_wconf 86' lang='lat' dir='ltr'><strong>promulgatum</strong></span> <span class='ocrx_word' id='word_1_566' title='bbox 1068 4666 1172 4726; x_wconf 89' lang='lat' dir='ltr'><strong>est,</strong></span> <span class='ocrx_word' id='word_1_567' title='bbox 1205 4659 1447 4728; x_wconf 90' lang='lat' dir='ltr'><strong>accipere</strong></span> <span class='ocrx_word' id='word_1_568' title='bbox 1475 4660 1705 4714; x_wconf 87' lang='lat' dir='ltr'><strong>scientes</strong></span> <span class='ocrx_word' id='word_1_569' title='bbox 1737 4660 1876 4728; x_wconf 92' lang='lat' dir='ltr'><strong>quod</strong></span> <span class='ocrx_word' id='word_1_570' title='bbox 1911 4662 1954 4714; x_wconf 91' lang='lat' dir='ltr'><strong>si</strong></span> <span class='ocrx_word' id='word_1_571' title='bbox 2003 4660 2104 4714; x_wconf 88' lang='lat' dir='ltr'><strong>hoc</strong></span> <span class='ocrx_word' id='word_1_572' title='bbox 2134 4675 2232 4716; x_wconf 92' lang='lat' dir='ltr'><strong>ne-</strong></span> 
     </span>
    </p>
   </div>
   <div class='ocr_carea' id='block_1_80' title="bbox 644 4745 2232 4816">
    <p class='ocr_par' dir='ltr' id='par_1_80' title="bbox 644 4745 2232 4816">
     <span class='ocr_line' id='line_1_80' title="bbox 644 4745 2232 4816; baseline 0.004 -18"><span class='ocrx_word' id='word_1_573' title='bbox 644 4745 930 4813; x_wconf 86' lang='lat' dir='ltr'><strong>glexerint,</strong></span> <span class='ocrx_word' id='word_1_574' title='bbox 963 4762 1123 4803; x_wconf 93' lang='lat' dir='ltr'><strong>omne</strong></span> <span class='ocrx_word' id='word_1_575' title='bbox 1152 4747 1422 4813; x_wconf 88' lang='lat' dir='ltr'><strong>damnum,</strong></span> <span class='ocrx_word' id='word_1_576' title='bbox 1466 4749 1608 4816; x_wconf 91' lang='lat' dir='ltr'><strong>quod</strong></span> <span class='ocrx_word' id='word_1_577' title='bbox 1638 4749 1838 4804; x_wconf 82' lang='lat' dir='ltr'><strong>exinde</strong></span> <span class='ocrx_word' id='word_1_578' title='bbox 1876 4750 2102 4804; x_wconf 89' lang='lat' dir='ltr'><strong>subditis</strong></span> <span class='ocrx_word' id='word_1_579' title='bbox 2133 4764 2232 4805; x_wconf 88' lang='lat' dir='ltr'><strong>no-</strong></span> 
     </span>
    </p>
   </div>
   <div class='ocr_carea' id='block_1_81' title="bbox 645 4837 2234 4908">
    <p class='ocr_par' dir='ltr' id='par_1_81' title="bbox 645 4837 2234 4908">
     <span class='ocr_line' id='line_1_81' title="bbox 645 4837 2234 4908; baseline 0.002 -19"><span class='ocrx_word' id='word_1_580' title='bbox 645 4837 771 4890; x_wconf 86' lang='lat' dir='ltr'><strong>stris</strong></span> <span class='ocrx_word' id='word_1_581' title='bbox 796 4838 1082 4908; x_wconf 87' lang='lat' dir='ltr'><strong>irrogatur,</strong></span> <span class='ocrx_word' id='word_1_582' title='bbox 1105 4839 1203 4907; x_wconf 89' lang='lat' dir='ltr'><strong>ipsi</strong></span> <span class='ocrx_word' id='word_1_583' title='bbox 1247 4839 1569 4905; x_wconf 89' lang='lat' dir='ltr'><strong>dependent.</strong></span> <span class='ocrx_word' id='word_1_584' title='bbox 1606 4839 1800 4892; x_wconf 90' lang='lat' dir='ltr'><strong>Damus</strong></span> <span class='ocrx_word' id='word_1_585' title='bbox 1827 4849 2002 4894; x_wconf 90' lang='lat' dir='ltr'><strong>autem</strong></span> <span class='ocrx_word' id='word_1_586' title='bbox 2048 4841 2125 4894; x_wconf 89' lang='lat' dir='ltr'><strong>eis</strong></span> <span class='ocrx_word' id='word_1_587' title='bbox 2173 4839 2234 4892; x_wconf 92' lang='lat' dir='ltr'><strong>li-</strong></span> 
     </span>
    </p>
   </div>
   <div class='ocr_carea' id='block_1_82' title="bbox 645 4927 2232 4999">
    <p class='ocr_par' dir='ltr' id='par_1_82' title="bbox 645 4927 2232 4999">
     <span class='ocr_line' id='line_1_82' title="bbox 645 4927 2232 4999; baseline 0.002 -19"><span class='ocrx_word' id='word_1_588' title='bbox 645 4927 901 4992; x_wconf 85' lang='lat' dir='ltr'><strong>centiam,</strong></span> <span class='ocrx_word' id='word_1_589' title='bbox 937 4943 1041 4982; x_wconf 92' lang='lat' dir='ltr'><strong>non</strong></span> <span class='ocrx_word' id='word_1_590' title='bbox 1068 4937 1270 4982; x_wconf 91' lang='lat' dir='ltr'><strong>tantum</strong></span> <span class='ocrx_word' id='word_1_591' title='bbox 1301 4937 1359 4982; x_wconf 91' lang='lat' dir='ltr'><strong>ut</strong></span> <span class='ocrx_word' id='word_1_592' title='bbox 1384 4930 1447 4982; x_wconf 91' lang='lat' dir='ltr'><strong>ad</strong></span> <span class='ocrx_word' id='word_1_593' title='bbox 1479 4943 1572 4984; x_wconf 91' lang='lat' dir='ltr'><strong>eos</strong></span> <span class='ocrx_word' id='word_1_594' title='bbox 1607 4931 1705 4984; x_wconf 92' lang='lat' dir='ltr'><strong>ista</strong></span> <span class='ocrx_word' id='word_1_595' title='bbox 1743 4930 1950 4999; x_wconf 90' lang='lat' dir='ltr'><strong>judices</strong></span> <span class='ocrx_word' id='word_1_596' title='bbox 1979 4930 2232 4997; x_wconf 87' lang='lat' dir='ltr'><strong>referant,</strong></span> 
     </span>
    </p>
   </div>
   <div class='ocr_carea' id='block_1_83' title="bbox 645 5019 2234 5088">
    <p class='ocr_par' dir='ltr' id='par_1_83' title="bbox 645 5019 2234 5088">
     <span class='ocr_line' id='line_1_83' title="bbox 645 5019 2234 5088; baseline 0.002 -16"><span class='ocrx_word' id='word_1_597' title='bbox 645 5033 676 5072; x_wconf 92' lang='lat' dir='ltr'><strong>a</strong></span> <span class='ocrx_word' id='word_1_598' title='bbox 703 5019 896 5088; x_wconf 91' lang='lat' dir='ltr'><strong>quibus</strong></span> <span class='ocrx_word' id='word_1_599' title='bbox 937 5019 1189 5075; x_wconf 87' lang='lat' dir='ltr'><strong>destinati</strong></span> <span class='ocrx_word' id='word_1_600' title='bbox 1221 5028 1364 5086; x_wconf 89' lang='lat' dir='ltr'><strong>sunt,</strong></span> <span class='ocrx_word' id='word_1_601' title='bbox 1396 5021 1489 5074; x_wconf 91' lang='lat' dir='ltr'><strong>sed</strong></span> <span class='ocrx_word' id='word_1_602' title='bbox 1519 5022 1680 5076; x_wconf 89' lang='lat' dir='ltr'><strong>etiam</strong></span> <span class='ocrx_word' id='word_1_603' title='bbox 1710 5021 1775 5073; x_wconf 85' lang='lat' dir='ltr'><strong>ad</strong></span> <span class='ocrx_word' id='word_1_604' title='bbox 1810 5037 1925 5084; x_wconf 92' lang='lat' dir='ltr'><strong>nos,</strong></span> <span class='ocrx_word' id='word_1_605' title='bbox 1969 5031 2022 5073; x_wconf 90' lang='lat' dir='ltr'><strong>ut</strong></span> <span class='ocrx_word' id='word_1_606' title='bbox 2051 5029 2104 5074; x_wconf 91' lang='lat' dir='ltr'><strong>et</strong></span> <span class='ocrx_word' id='word_1_607' title='bbox 2136 5036 2234 5075; x_wconf 88' lang='lat' dir='ltr'><strong>nos</strong></span> 
     </span>
    </p>
   </div>
   <div class='ocr_carea' id='block_1_84' title="bbox 647 5115 2235 5187">
    <p class='ocr_par' dir='ltr' id='par_1_84' title="bbox 647 5115 2235 5187">
     <span class='ocr_line' id='line_1_84' title="bbox 647 5115 2235 5187; baseline -0.001 -17"><span class='ocrx_word' id='word_1_608' title='bbox 647 5116 712 5170; x_wconf 88' lang='lat' dir='ltr'><strong>iis</strong></span> <span class='ocrx_word' id='word_1_609' title='bbox 740 5117 969 5187; x_wconf 75' lang='lat' dir='ltr'><strong>cognitis</strong></span> <span class='ocrx_word' id='word_1_610' title='bbox 1000 5117 1194 5170; x_wconf 89' lang='lat' dir='ltr'><strong>factum</strong></span> <span class='ocrx_word' id='word_1_611' title='bbox 1225 5117 1392 5183; x_wconf 89' lang='lat' dir='ltr'><strong>ipsum</strong></span> <span class='ocrx_word' id='word_1_612' title='bbox 1416 5117 1739 5186; x_wconf 90' lang='lat' dir='ltr'><strong>competenti</strong></span> <span class='ocrx_word' id='word_1_613' title='bbox 1767 5115 2235 5170; x_wconf 88' lang='lat' dir='ltr'><strong>animadversione</strong></span> 
     </span>
    </p>
   </div>
   <div class='ocr_carea' id='block_1_85' title="bbox 649 5205 2232 5279">
    <p class='ocr_par' dir='ltr' id='par_1_85' title="bbox 649 5205 2232 5279">
     <span class='ocr_line' id='line_1_85' title="bbox 649 5205 2232 5279; baseline -0.003 -16"><span class='ocrx_word' id='word_1_614' title='bbox 649 5223 1056 5279; x_wconf 84' lang='lat' dir='ltr'><strong>persequamur.</strong></span> <span class='ocrx_word' id='word_1_615' title='bbox 1091 5209 1355 5264; x_wconf 65' lang='lat' dir='ltr'><strong>Praeterea</strong></span> <span class='ocrx_word' id='word_1_616' title='bbox 1390 5208 1434 5263; x_wconf 91' lang='lat' dir='ltr'><strong>si</strong></span> <span class='ocrx_word' id='word_1_617' title='bbox 1465 5223 1600 5276; x_wconf 90' lang='lat' dir='ltr'><strong>quos</strong></span> <span class='ocrx_word' id='word_1_618' title='bbox 1627 5207 1898 5276; x_wconf 81' lang='lat' dir='ltr'><strong>dignitatis</strong></span> <span class='ocrx_word' id='word_1_619' title='bbox 1917 5221 2011 5260; x_wconf 91' lang='lat' dir='ltr'><strong>seu</strong></span> <span class='ocrx_word' id='word_1_620' title='bbox 2035 5205 2232 5273; x_wconf 88' lang='lat' dir='ltr'><strong>cinguli</strong></span> 
     </span>
    </p>
   </div>
   <div class='ocr_carea' id='block_1_86' title="bbox 644 5299 2229 5370">
    <p class='ocr_par' dir='ltr' id='par_1_86' title="bbox 644 5299 2229 5370">
     <span class='ocr_line' id='line_1_86' title="bbox 644 5299 2229 5370; baseline -0.001 -16"><span class='ocrx_word' id='word_1_621' title='bbox 644 5299 783 5354; x_wconf 81' lang='lat' dir='ltr'><strong>fastu</strong></span> <span class='ocrx_word' id='word_1_622' title='bbox 817 5303 1048 5356; x_wconf 85' lang='lat' dir='ltr'><strong>tumidus</strong></span> <span class='ocrx_word' id='word_1_623' title='bbox 1087 5301 1450 5370; x_wconf 88' lang='lat' dir='ltr'><strong>compererint</strong></span> <span class='ocrx_word' id='word_1_624' title='bbox 1479 5301 1825 5355; x_wconf 89' lang='lat' dir='ltr'><strong>collatoribus</strong></span> <span class='ocrx_word' id='word_1_625' title='bbox 1854 5301 2051 5355; x_wconf 89' lang='lat' dir='ltr'><strong>nostris</strong></span> <span class='ocrx_word' id='word_1_626' title='bbox 2091 5300 2229 5369; x_wconf 86' lang='lat' dir='ltr'><strong>inju-</strong></span> 
     </span>
    </p>
   </div>
   <div class='ocr_carea' id='block_1_87' title="bbox 645 5392 2230 5458">
    <p class='ocr_par' dir='ltr' id='par_1_87' title="bbox 645 5392 2230 5458">
     <span class='ocr_line' id='line_1_87' title="bbox 645 5392 2230 5458; baseline -0.001 -12"><span class='ocrx_word' id='word_1_627' title='bbox 645 5392 756 5447; x_wconf 88' lang='lat' dir='ltr'><strong>rios</strong></span> <span class='ocrx_word' id='word_1_628' title='bbox 782 5407 920 5458; x_wconf 90' lang='lat' dir='ltr'><strong>esse,</strong></span> <span class='ocrx_word' id='word_1_629' title='bbox 955 5395 1142 5447; x_wconf 83' lang='lat' dir='ltr'><strong>damus</strong></span> <span class='ocrx_word' id='word_1_630' title='bbox 1173 5394 1277 5448; x_wconf 88' lang='lat' dir='ltr'><strong>illis</strong></span> <span class='ocrx_word' id='word_1_631' title='bbox 1308 5394 1576 5448; x_wconf 90' lang='lat' dir='ltr'><strong>licentiam</strong></span> <span class='ocrx_word' id='word_1_632' title='bbox 1606 5401 1662 5445; x_wconf 91' lang='lat' dir='ltr'><strong>ut</strong></span> <span class='ocrx_word' id='word_1_633' title='bbox 1690 5400 1743 5445; x_wconf 86' lang='lat' dir='ltr'><strong>ct</strong></span> <span class='ocrx_word' id='word_1_634' title='bbox 1768 5393 1833 5446; x_wconf 91' lang='lat' dir='ltr'><strong>de</strong></span> <span class='ocrx_word' id='word_1_635' title='bbox 1857 5393 2118 5447; x_wconf 88' lang='lat' dir='ltr'><strong>maleﬁcio</strong></span> <span class='ocrx_word' id='word_1_636' title='bbox 2138 5408 2230 5446; x_wconf 90' lang='lat' dir='ltr'><strong>co-</strong></span> 
     </span>
    </p>
   </div>
   <div class='ocr_carea' id='block_1_88' title="bbox 645 5482 2230 5557">
    <p class='ocr_par' dir='ltr' id='par_1_88' title="bbox 645 5482 2230 5557">
     <span class='ocr_line' id='line_1_88' title="bbox 645 5482 2230 5557; baseline 0 -19"><span class='ocrx_word' id='word_1_637' title='bbox 645 5495 925 5557; x_wconf 83' lang='lat' dir='ltr'><strong>gnoscant,</strong></span> <span class='ocrx_word' id='word_1_638' title='bbox 950 5495 1005 5538; x_wconf 87' lang='lat' dir='ltr'><strong>et</strong></span> <span class='ocrx_word' id='word_1_639' title='bbox 1036 5485 1100 5541; x_wconf 90' lang='lat' dir='ltr'><strong>iis</strong></span> <span class='ocrx_word' id='word_1_640' title='bbox 1120 5486 1207 5554; x_wconf 85' lang='lat' dir='ltr'><strong>qui</strong></span> <span class='ocrx_word' id='word_1_641' title='bbox 1233 5494 1413 5538; x_wconf 82' lang='lat' dir='ltr'><strong>sontes</strong></span> <span class='ocrx_word' id='word_1_642' title='bbox 1443 5482 1917 5553; x_wconf 84' lang='lat' dir='ltr'><strong>deprehenduntur</strong></span> <span class='ocrx_word' id='word_1_643' title='bbox 1961 5483 2230 5550; x_wconf 82' lang='lat' dir='ltr'><strong>cingulum</strong></span> 
     </span>
    </p>
   </div>
   <div class='ocr_carea' id='block_1_89' title="bbox 647 5574 2231 5646">
    <p class='ocr_par' dir='ltr' id='par_1_89' title="bbox 647 5574 2231 5646">
     <span class='ocr_line' id='line_1_89' title="bbox 647 5574 2231 5646; baseline 0 -17"><span class='ocrx_word' id='word_1_644' title='bbox 647 5576 912 5640; x_wconf 84' lang='lat' dir='ltr'><strong>adimant,</strong></span> <span class='ocrx_word' id='word_1_645' title='bbox 965 5586 1280 5646; x_wconf 86' lang='lat' dir='ltr'><strong>nostrasque</strong></span> <span class='ocrx_word' id='word_1_646' title='bbox 1317 5577 1464 5631; x_wconf 83' lang='lat' dir='ltr'><strong>vices</strong></span> <span class='ocrx_word' id='word_1_647' title='bbox 1493 5576 1545 5630; x_wconf 93' lang='lat' dir='ltr'><strong>in</strong></span> <span class='ocrx_word' id='word_1_648' title='bbox 1591 5574 1879 5644; x_wconf 87' lang='lat' dir='ltr'><strong>provinciis</strong></span> <span class='ocrx_word' id='word_1_649' title='bbox 1929 5575 2144 5638; x_wconf 91' lang='lat' dir='ltr'><strong>obeant,</strong></span> <span class='ocrx_word' id='word_1_650' title='bbox 2177 5574 2231 5629; x_wconf 89' lang='lat' dir='ltr'><strong>id</strong></span> 
     </span>
    </p>
   </div>
   <div class='ocr_carea' id='block_1_90' title="bbox 647 5668 2232 5741">
    <p class='ocr_par' dir='ltr' id='par_1_90' title="bbox 647 5668 2232 5741">
     <span class='ocr_line' id='line_1_90' title="bbox 647 5668 2232 5741; baseline 0.001 -19"><span class='ocrx_word' id='word_1_651' title='bbox 647 5671 789 5737; x_wconf 89' lang='lat' dir='ltr'><strong>quod</strong></span> <span class='ocrx_word' id='word_1_652' title='bbox 820 5673 1050 5741; x_wconf 92' lang='lat' dir='ltr'><strong>antiquis</strong></span> <span class='ocrx_word' id='word_1_653' title='bbox 1077 5672 1236 5726; x_wconf 90' lang='lat' dir='ltr'><strong>etiam</strong></span> <span class='ocrx_word' id='word_1_654' title='bbox 1261 5671 1464 5740; x_wconf 79' lang='lat' dir='ltr'><strong>legibus</strong></span> <span class='ocrx_word' id='word_1_655' title='bbox 1481 5670 1872 5741; x_wconf 85' lang='lat' dir='ltr'><strong>promulgatum</strong></span> <span class='ocrx_word' id='word_1_656' title='bbox 1893 5668 2005 5724; x_wconf 82' lang='lat' dir='ltr'><strong>fuit.</strong></span> <span class='ocrx_word' id='word_1_657' title='bbox 2033 5669 2232 5736; x_wconf 75' lang='lat' dir='ltr'><strong>Quem-</strong></span> 
     </span>
    </p>
   </div>
   <div class='ocr_carea' id='block_1_91' title="bbox 652 5759 2225 5834">
    <p class='ocr_par' dir='ltr' id='par_1_91' title="bbox 652 5759 2225 5834">
     <span class='ocr_line' id='line_1_91' title="bbox 652 5759 2225 5834; baseline -0.001 -17"><span class='ocrx_word' id='word_1_658' title='bbox 652 5759 936 5817; x_wconf 75' lang='lat' dir='ltr'><strong>admodum</strong></span> <span class='ocrx_word' id='word_1_659' title='bbox 984 5763 1126 5818; x_wconf 91' lang='lat' dir='ltr'><strong>enim</strong></span> <span class='ocrx_word' id='word_1_660' title='bbox 1183 5763 1329 5816; x_wconf 82' lang='lat' dir='ltr'><strong>omni</strong></span> <span class='ocrx_word' id='word_1_661' title='bbox 1368 5777 1461 5826; x_wconf 84' lang='lat' dir='ltr'><strong>eos</strong></span> <span class='ocrx_word' id='word_1_662' title='bbox 1508 5761 1702 5834; x_wconf 75' lang='lat' dir='ltr'><strong>injuSto</strong></span> <span class='ocrx_word' id='word_1_663' title='bbox 1755 5774 1998 5818; x_wconf 90' lang='lat' dir='ltr'><strong>arcemus</strong></span> <span class='ocrx_word' id='word_1_664' title='bbox 2047 5761 2225 5831; x_wconf 88' lang='lat' dir='ltr'><strong>lucro,</strong></span> 
     </span>
    </p>
   </div>
   <div class='ocr_carea' id='block_1_92' title="bbox 2343 3253 3834 3328">
    <p class='ocr_par' dir='ltr' id='par_1_92' title="bbox 2343 3253 3834 3328">
     <span class='ocr_line' id='line_1_92' title="bbox 2343 3253 3834 3328; baseline -0.007 -15"><span class='ocrx_word' id='word_1_665' title='bbox 2343 3257 2436 3313; x_wconf 85' lang='lat' dir='ltr'><strong>sed</strong></span> <span class='ocrx_word' id='word_1_666' title='bbox 2464 3259 2658 3312; x_wconf 91' lang='lat' dir='ltr'><strong>summi</strong></span> <span class='ocrx_word' id='word_1_667' title='bbox 2685 3257 2900 3327; x_wconf 90' lang='lat' dir='ltr'><strong>quidem</strong></span> <span class='ocrx_word' id='word_1_668' title='bbox 2925 3259 3286 3326; x_wconf 78' lang='lat' dir='ltr'><strong>magistratus,</strong></span> <span class='ocrx_word' id='word_1_669' title='bbox 3315 3259 3409 3328; x_wconf 90' lang='lat' dir='ltr'><strong>qui</strong></span> <span class='ocrx_word' id='word_1_670' title='bbox 3435 3258 3621 3327; x_wconf 88' lang='lat' dir='ltr'><strong>aliqttid</strong></span> <span class='ocrx_word' id='word_1_671' title='bbox 3644 3257 3698 3310; x_wconf 88' lang='lat' dir='ltr'><strong>ab</strong></span> <span class='ocrx_word' id='word_1_672' title='bbox 3721 3257 3766 3308; x_wconf 85' lang='lat' dir='ltr'><strong>iis</strong></span> <span class='ocrx_word' id='word_1_673' title='bbox 3781 3253 3834 3315; x_wconf 87' lang='lat' dir='ltr'><strong>qui</strong></span> 
     </span>
    </p>
   </div>
   <div class='ocr_carea' id='block_1_93' title="bbox 2341 3347 3835 3418">
    <p class='ocr_par' dir='ltr' id='par_1_93' title="bbox 2341 3347 3835 3418">
     <span class='ocr_line' id='line_1_93' title="bbox 2341 3347 3835 3418; baseline -0.003 -17"><span class='ocrx_word' id='word_1_674' title='bbox 2341 3349 2408 3402; x_wconf 92' lang='lat' dir='ltr'><strong>ad</strong></span> <span class='ocrx_word' id='word_1_675' title='bbox 2441 3348 2691 3416; x_wconf 64' lang='lat' dir='ltr'><strong>praedicta</strong></span> <span class='ocrx_word' id='word_1_676' title='bbox 2718 3348 2890 3403; x_wconf 86' lang='lat' dir='ltr'><strong>ofﬁcia</strong></span> <span class='ocrx_word' id='word_1_677' title='bbox 2937 3349 3370 3415; x_wconf 90' lang='lat' dir='ltr'><strong>proﬁciscuntur,</strong></span> <span class='ocrx_word' id='word_1_678' title='bbox 3421 3356 3502 3404; x_wconf 90' lang='lat' dir='ltr'><strong>vel</strong></span> <span class='ocrx_word' id='word_1_679' title='bbox 3547 3349 3636 3418; x_wconf 89' lang='lat' dir='ltr'><strong>ipsi</strong></span> <span class='ocrx_word' id='word_1_680' title='bbox 3671 3347 3835 3412; x_wconf 77' lang='lat' dir='ltr'><strong>accth</strong></span> 
     </span>
    </p>
   </div>
   <div class='ocr_carea' id='block_1_94' title="bbox 2341 3433 3832 3506">
    <p class='ocr_par' dir='ltr' id='par_1_94' title="bbox 2341 3433 3832 3506">
     <span class='ocr_line' id='line_1_94' title="bbox 2341 3433 3832 3506; baseline -0.003 -12"><span class='ocrx_word' id='word_1_681' title='bbox 2341 3440 2456 3494; x_wconf 89' lang='lat' dir='ltr'><strong>ausi</strong></span> <span class='ocrx_word' id='word_1_682' title='bbox 2487 3440 2714 3506; x_wconf 83' lang='lat' dir='ltr'><strong>fuerint,</strong></span> <span class='ocrx_word' id='word_1_683' title='bbox 2747 3441 2832 3495; x_wconf 86' lang='lat' dir='ltr'><strong>vel</strong></span> <span class='ocrx_word' id='word_1_684' title='bbox 2883 3442 3156 3495; x_wconf 85' lang='lat' dir='ltr'><strong>cohortem</strong></span> <span class='ocrx_word' id='word_1_685' title='bbox 3205 3456 3356 3495; x_wconf 90' lang='lat' dir='ltr'><strong>suam</strong></span> <span class='ocrx_word' id='word_1_686' title='bbox 3409 3441 3665 3496; x_wconf 85' lang='lat' dir='ltr'><strong>consimile</strong></span> <span class='ocrx_word' id='word_1_687' title='bbox 3704 3433 3832 3504; x_wconf 72' lang='lat' dir='ltr'><strong>aliqud</strong></span> 
     </span>
    </p>
   </div>
   <div class='ocr_carea' id='block_1_95' title="bbox 2342 3528 3832 3602">
    <p class='ocr_par' dir='ltr' id='par_1_95' title="bbox 2342 3528 3832 3602">
     <span class='ocr_line' id='line_1_95' title="bbox 2342 3528 3832 3602; baseline -0.005 -16"><span class='ocrx_word' id='word_1_688' title='bbox 2342 3531 2518 3588; x_wconf 90' lang='lat' dir='ltr'><strong>facere</strong></span> <span class='ocrx_word' id='word_1_689' title='bbox 2564 3534 2928 3602; x_wconf 90' lang='lat' dir='ltr'><strong>permiserint,</strong></span> <span class='ocrx_word' id='word_1_690' title='bbox 2978 3536 3060 3589; x_wconf 91' lang='lat' dir='ltr'><strong>vel</strong></span> <span class='ocrx_word' id='word_1_691' title='bbox 3093 3535 3158 3587; x_wconf 91' lang='lat' dir='ltr'><strong>ad</strong></span> <span class='ocrx_word' id='word_1_692' title='bbox 3182 3549 3242 3589; x_wconf 88' lang='lat' dir='ltr'><strong>se</strong></span> <span class='ocrx_word' id='word_1_693' title='bbox 3265 3535 3502 3590; x_wconf 91' lang='lat' dir='ltr'><strong>delatum</strong></span> <span class='ocrx_word' id='word_1_694' title='bbox 3531 3549 3626 3588; x_wconf 91' lang='lat' dir='ltr'><strong>non</strong></span> <span class='ocrx_word' id='word_1_695' title='bbox 3664 3528 3832 3586; x_wconf 81' lang='lat' dir='ltr'><strong>emenda-</strong></span> 
     </span>
    </p>
   </div>
   <div class='ocr_carea' id='block_1_96' title="bbox 2341 3621 3828 3696">
    <p class='ocr_par' dir='ltr' id='par_1_96' title="bbox 2341 3621 3828 3696">
     <span class='ocr_line' id='line_1_96' title="bbox 2341 3621 3828 3696; baseline 0.006 -17"><span class='ocrx_word' id='word_1_696' title='bbox 2341 3627 2538 3691; x_wconf 88' lang='lat' dir='ltr'><strong>verint,</strong></span> <span class='ocrx_word' id='word_1_697' title='bbox 2572 3641 2676 3682; x_wconf 93' lang='lat' dir='ltr'><strong>non</strong></span> <span class='ocrx_word' id='word_1_698' title='bbox 2698 3629 2870 3681; x_wconf 90' lang='lat' dir='ltr'><strong>solum</strong></span> <span class='ocrx_word' id='word_1_699' title='bbox 2896 3625 3038 3696; x_wconf 90' lang='lat' dir='ltr'><strong>quod</strong></span> <span class='ocrx_word' id='word_1_700' title='bbox 3061 3637 3402 3695; x_wconf 88' lang='lat' dir='ltr'><strong>acceperunt,</strong></span> <span class='ocrx_word' id='word_1_701' title='bbox 3433 3629 3545 3694; x_wconf 89' lang='lat' dir='ltr'><strong>ejus</strong></span> <span class='ocrx_word' id='word_1_702' title='bbox 3565 3621 3828 3694; x_wconf 63' lang='lat' dir='ltr'><strong>quadntl&#39;lum</strong></span> 
     </span>
    </p>
   </div>
   <div class='ocr_carea' id='block_1_97' title="bbox 2340 3715 3829 3786">
    <p class='ocr_par' dir='ltr' id='par_1_97' title="bbox 2340 3715 3829 3786">
     <span class='ocr_line' id='line_1_97' title="bbox 2340 3715 3829 3786; baseline -0.01 -12"><span class='ocrx_word' id='word_1_703' title='bbox 2340 3721 2658 3782; x_wconf 88' lang='lat' dir='ltr'><strong>restituent,</strong></span> <span class='ocrx_word' id='word_1_704' title='bbox 2703 3733 2888 3773; x_wconf 90' lang='lat' dir='ltr'><strong>verum</strong></span> <span class='ocrx_word' id='word_1_705' title='bbox 2919 3719 3079 3773; x_wconf 91' lang='lat' dir='ltr'><strong>etiam</strong></span> <span class='ocrx_word' id='word_1_706' title='bbox 3100 3733 3317 3786; x_wconf 86' lang='lat' dir='ltr'><strong>gravem</strong></span> <span class='ocrx_word' id='word_1_707' title='bbox 3351 3715 3733 3786; x_wconf 87' lang='lat' dir='ltr'><strong>indignationem</strong></span> <span class='ocrx_word' id='word_1_708' title='bbox 3755 3723 3829 3762; x_wconf 82' lang='lat' dir='ltr'><strong>sus-</strong></span> 
     </span>
    </p>
   </div>
   <div class='ocr_carea' id='block_1_98' title="bbox 2341 3797 3830 3878">
    <p class='ocr_par' dir='ltr' id='par_1_98' title="bbox 2341 3797 3830 3878">
     <span class='ocr_line' id='line_1_98' title="bbox 2341 3797 3830 3878; baseline -0.003 -16"><span class='ocrx_word' id='word_1_709' title='bbox 2341 3809 2620 3873; x_wconf 90' lang='lat' dir='ltr'><strong>tinebunt,</strong></span> <span class='ocrx_word' id='word_1_710' title='bbox 2652 3818 2703 3862; x_wconf 90' lang='lat' dir='ltr'><strong>et</strong></span> <span class='ocrx_word' id='word_1_711' title='bbox 2735 3823 2803 3863; x_wconf 90' lang='lat' dir='ltr'><strong>ne</strong></span> <span class='ocrx_word' id='word_1_712' title='bbox 2849 3808 2917 3863; x_wconf 90' lang='lat' dir='ltr'><strong>de</strong></span> <span class='ocrx_word' id='word_1_713' title='bbox 2949 3816 3224 3877; x_wconf 89' lang='lat' dir='ltr'><strong>potentatu</strong></span> <span class='ocrx_word' id='word_1_714' title='bbox 3257 3807 3649 3878; x_wconf 89' lang='lat' dir='ltr'><strong>periclitentur,</strong></span> <span class='ocrx_word' id='word_1_715' title='bbox 3688 3797 3830 3858; x_wconf 74' lang='lat' dir='ltr'><strong>solliciti</strong></span> 
     </span>
    </p>
   </div>
   <div class='ocr_carea' id='block_1_99' title="bbox 2341 3892 3830 3970">
    <p class='ocr_par' dir='ltr' id='par_1_99' title="bbox 2341 3892 3830 3970">
     <span class='ocr_line' id='line_1_99' title="bbox 2341 3892 3830 3970; baseline -0.003 -15"><span class='ocrx_word' id='word_1_716' title='bbox 2341 3911 2520 3955; x_wconf 91' lang='lat' dir='ltr'><strong>erunt.</strong></span> <span class='ocrx_word' id='word_1_717' title='bbox 2553 3901 2607 3956; x_wconf 80' lang='lat' dir='ltr'><strong>Si</strong></span> <span class='ocrx_word' id='word_1_718' title='bbox 2643 3916 2772 3957; x_wconf 91' lang='lat' dir='ltr'><strong>vero</strong></span> <span class='ocrx_word' id='word_1_719' title='bbox 2801 3903 2891 3970; x_wconf 91' lang='lat' dir='ltr'><strong>qui</strong></span> <span class='ocrx_word' id='word_1_720' title='bbox 2918 3902 3058 3956; x_wconf 91' lang='lat' dir='ltr'><strong>circa</strong></span> <span class='ocrx_word' id='word_1_721' title='bbox 3100 3901 3244 3970; x_wconf 91' lang='lat' dir='ltr'><strong>ipsos</strong></span> <span class='ocrx_word' id='word_1_722' title='bbox 3271 3911 3419 3968; x_wconf 90' lang='lat' dir='ltr'><strong>sunt,</strong></span> <span class='ocrx_word' id='word_1_723' title='bbox 3452 3901 3716 3968; x_wconf 88' lang='lat' dir='ltr'><strong>cohorsque</strong></span> <span class='ocrx_word' id='word_1_724' title='bbox 3751 3892 3830 3961; x_wconf 57' lang='lat' dir='ltr'><strong>itﬁis</strong></span> 
     </span>
    </p>
   </div>
   <div class='ocr_carea' id='block_1_100' title="bbox 2340 3994 3830 4065">
    <p class='ocr_par' dir='ltr' id='par_1_100' title="bbox 2340 3994 3830 4065">
     <span class='ocr_line' id='line_1_100' title="bbox 2340 3994 3830 4065; baseline -0.009 -15"><span class='ocrx_word' id='word_1_725' title='bbox 2340 3994 2718 4062; x_wconf 90' lang='lat' dir='ltr'><strong>obtemperans</strong></span> <span class='ocrx_word' id='word_1_726' title='bbox 2747 3998 2880 4050; x_wconf 90' lang='lat' dir='ltr'><strong>ultra</strong></span> <span class='ocrx_word' id='word_1_727' title='bbox 2911 4010 2973 4051; x_wconf 91' lang='lat' dir='ltr'><strong>ea</strong></span> <span class='ocrx_word' id='word_1_728' title='bbox 3003 4011 3120 4065; x_wconf 69' lang='lat' dir='ltr'><strong>quae</strong></span> <span class='ocrx_word' id='word_1_729' title='bbox 3149 4011 3177 4048; x_wconf 85' lang='lat' dir='ltr'><strong>a</strong></span> <span class='ocrx_word' id='word_1_730' title='bbox 3210 3995 3364 4050; x_wconf 89' lang='lat' dir='ltr'><strong>nobis</strong></span> <span class='ocrx_word' id='word_1_731' title='bbox 3389 4008 3632 4050; x_wconf 83' lang='lat' dir='ltr'><strong>concessa</strong></span> <span class='ocrx_word' id='word_1_732' title='bbox 3666 3997 3758 4044; x_wconf 80' lang='lat' dir='ltr'><strong>sunt</strong></span> <span class='ocrx_word' id='word_1_733' title='bbox 3778 3999 3830 4037; x_wconf 78' lang='lat' dir='ltr'><strong>ac-</strong></span> 
     </span>
    </p>
   </div>
   <div class='ocr_carea' id='block_1_101' title="bbox 2339 4080 3830 4156">
    <p class='ocr_par' dir='ltr' id='par_1_101' title="bbox 2339 4080 3830 4156">
     <span class='ocr_line' id='line_1_101' title="bbox 2339 4080 3830 4156; baseline -0.006 -17"><span class='ocrx_word' id='word_1_734' title='bbox 2339 4087 2520 4155; x_wconf 90' lang='lat' dir='ltr'><strong>cipere</strong></span> <span class='ocrx_word' id='word_1_735' title='bbox 2545 4087 2744 4156; x_wconf 91' lang='lat' dir='ltr'><strong>aliquid</strong></span> <span class='ocrx_word' id='word_1_736' title='bbox 2768 4086 3212 4155; x_wconf 89' lang='lat' dir='ltr'><strong>pertentaverint,</strong></span> <span class='ocrx_word' id='word_1_737' title='bbox 3236 4086 3575 4148; x_wconf 83' lang='lat' dir='ltr'><strong>tenebuntur,</strong></span> <span class='ocrx_word' id='word_1_738' title='bbox 3597 4093 3645 4138; x_wconf 90' lang='lat' dir='ltr'><strong>et</strong></span> <span class='ocrx_word' id='word_1_739' title='bbox 3661 4080 3736 4150; x_wconf 84' lang='lat' dir='ltr'><strong>ipsi</strong></span> <span class='ocrx_word' id='word_1_740' title='bbox 3751 4089 3830 4145; x_wconf 68' lang='lat' dir='ltr'><strong>qu:-</strong></span> 
     </span>
    </p>
   </div>
   <div class='ocr_carea' id='block_1_102' title="bbox 2284 4166 3828 4249">
    <p class='ocr_par' dir='ltr' id='par_1_102' title="bbox 2284 4166 3828 4249">
     <span class='ocr_line' id='line_1_102' title="bbox 2284 4166 3828 4249; baseline -0.01 -14"><span class='ocrx_word' id='word_1_741' title='bbox 2284 4209 2289 4218; x_wconf 88' lang='grc'><strong>·</strong></span> <span class='ocrx_word' id='word_1_742' title='bbox 2339 4180 2512 4249; x_wconf 90' lang='lat' dir='ltr'><strong>drupli</strong></span> <span class='ocrx_word' id='word_1_743' title='bbox 2545 4179 2961 4234; x_wconf 89' lang='lat' dir='ltr'><strong>restitutioneiis</strong></span> <span class='ocrx_word' id='word_1_744' title='bbox 2982 4179 3071 4246; x_wconf 91' lang='lat' dir='ltr'><strong>qui</strong></span> <span class='ocrx_word' id='word_1_745' title='bbox 3095 4178 3291 4230; x_wconf 90' lang='lat' dir='ltr'><strong>damno</strong></span> <span class='ocrx_word' id='word_1_746' title='bbox 3330 4177 3507 4231; x_wconf 74' lang='lat' dir='ltr'><strong>affecti</strong></span> <span class='ocrx_word' id='word_1_747' title='bbox 3528 4183 3654 4237; x_wconf 90' lang='lat' dir='ltr'><strong>sunt,</strong></span> <span class='ocrx_word' id='word_1_748' title='bbox 3685 4180 3725 4225; x_wconf 91' lang='lat' dir='ltr'><strong>et</strong></span> <span class='ocrx_word' id='word_1_749' title='bbox 3743 4166 3828 4219; x_wconf 67' lang='lat' dir='ltr'><strong>ultra</strong></span> 
     </span>
    </p>
   </div>
   <div class='ocr_carea' id='block_1_103' title="bbox 2341 4257 3825 4341">
    <p class='ocr_par' dir='ltr' id='par_1_103' title="bbox 2341 4257 3825 4341">
     <span class='ocr_line' id='line_1_103' title="bbox 2341 4257 3825 4341; baseline -0.009 -15"><span class='ocrx_word' id='word_1_750' title='bbox 2341 4272 2442 4326; x_wconf 94' lang='lat' dir='ltr'><strong>hoc</strong></span> <span class='ocrx_word' id='word_1_751' title='bbox 2471 4272 2612 4341; x_wconf 90' lang='lat' dir='ltr'><strong>quod</strong></span> <span class='ocrx_word' id='word_1_752' title='bbox 2642 4272 2811 4339; x_wconf 66' lang='lat' dir='ltr'><strong>poenis</strong></span> <span class='ocrx_word' id='word_1_753' title='bbox 2859 4270 3242 4340; x_wconf 88' lang='lat' dir='ltr'><strong>subjicientur,</strong></span> <span class='ocrx_word' id='word_1_754' title='bbox 3277 4284 3396 4338; x_wconf 69' lang='lat' dir='ltr'><strong>qua:</strong></span> <span class='ocrx_word' id='word_1_755' title='bbox 3451 4271 3665 4338; x_wconf 90' lang='lat' dir='ltr'><strong>ipsorum</strong></span> <span class='ocrx_word' id='word_1_756' title='bbox 3702 4257 3825 4314; x_wconf 61' lang='lat' dir='ltr'><strong>delicta</strong></span> 
     </span>
    </p>
   </div>
   <div class='ocr_carea' id='block_1_104' title="bbox 2338 4350 3805 4432">
    <p class='ocr_par' dir='ltr' id='par_1_104' title="bbox 2338 4350 3805 4432">
     <span class='ocr_line' id='line_1_104' title="bbox 2338 4350 3805 4432; baseline -0.012 -15"><span class='ocrx_word' id='word_1_757' title='bbox 2338 4363 2760 4432; x_wconf 89' lang='lat' dir='ltr'><strong>promcruerint,</strong></span> <span class='ocrx_word' id='word_1_758' title='bbox 2791 4362 3158 4430; x_wconf 88' lang='lat' dir='ltr'><strong>spoliabuntur</strong></span> <span class='ocrx_word' id='word_1_759' title='bbox 3186 4363 3344 4415; x_wconf 89' lang='lat' dir='ltr'><strong>etiam</strong></span> <span class='ocrx_word' id='word_1_760' title='bbox 3375 4360 3532 4414; x_wconf 91' lang='lat' dir='ltr'><strong>bonis</strong></span> <span class='ocrx_word' id='word_1_761' title='bbox 3560 4366 3617 4422; x_wconf 87' lang='lat' dir='ltr'><strong>et</strong></span> <span class='ocrx_word' id='word_1_762' title='bbox 3641 4350 3805 4422; x_wconf 76' lang='lat' dir='ltr'><strong>cingulo.</strong></span> 
     </span>
    </p>
   </div>
   <div class='ocr_carea' id='block_1_105' title="bbox 2412 4450 3820 4521">
    <p class='ocr_par' dir='ltr' id='par_1_105' title="bbox 2412 4450 3820 4521">
     <span class='ocr_line' id='line_1_105' title="bbox 2412 4450 3820 4521; baseline -0.015 -13"><span class='ocrx_word' id='word_1_763' title='bbox 2412 4454 2644 4508; x_wconf 88' lang='lat' dir='ltr'><strong>Proinde</strong></span> <span class='ocrx_word' id='word_1_764' title='bbox 2671 4467 2792 4506; x_wconf 90' lang='lat' dir='ltr'><strong>cum</strong></span> <span class='ocrx_word' id='word_1_765' title='bbox 2826 4455 2894 4506; x_wconf 87' lang='lat' dir='ltr'><strong>ita</strong></span> <span class='ocrx_word' id='word_1_766' title='bbox 2924 4453 3085 4521; x_wconf 88' lang='lat' dir='ltr'><strong>gratis</strong></span> <span class='ocrx_word' id='word_1_767' title='bbox 3107 4452 3164 4505; x_wconf 81' lang='lat' dir='ltr'><strong>of</strong></span> <span class='ocrx_word' id='word_1_768' title='bbox 3167 4451 3283 4505; x_wconf 91' lang='lat' dir='ltr'><strong>ﬁcia</strong></span> <span class='ocrx_word' id='word_1_769' title='bbox 3305 4451 3611 4518; x_wconf 89' lang='lat' dir='ltr'><strong>suscipiant,</strong></span> <span class='ocrx_word' id='word_1_770' title='bbox 3637 4453 3731 4497; x_wconf 83' lang='lat' dir='ltr'><strong>ante</strong></span> <span class='ocrx_word' id='word_1_771' title='bbox 3753 4450 3820 4489; x_wconf 85' lang='lat' dir='ltr'><strong>om-</strong></span> 
     </span>
    </p>
   </div>
   <div class='ocr_carea' id='block_1_106' title="bbox 2263 4529 3825 4610">
    <p class='ocr_par' dir='ltr' id='par_1_106' title="bbox 2263 4529 3825 4610">
     <span class='ocr_line' id='line_1_106' title="bbox 2263 4529 3825 4610; baseline -0.016 -8"><span class='ocrx_word' id='word_1_772' title='bbox 2263 4535 2316 4594; x_wconf 82' lang='grc' dir='ltr'>Ῑ)</span> <span class='ocrx_word' id='word_1_773' title='bbox 2343 4545 2429 4601; x_wconf 88' lang='lat' dir='ltr'><strong>nia</strong></span> <span class='ocrx_word' id='word_1_774' title='bbox 2461 4544 2638 4601; x_wconf 87' lang='lat' dir='ltr'><strong>studio</strong></span> <span class='ocrx_word' id='word_1_775' title='bbox 2665 4557 2758 4598; x_wconf 90' lang='lat' dir='ltr'><strong>eos</strong></span> <span class='ocrx_word' id='word_1_776' title='bbox 2781 4543 2981 4596; x_wconf 89' lang='lat' dir='ltr'><strong>habere</strong></span> <span class='ocrx_word' id='word_1_777' title='bbox 3002 4551 3232 4610; x_wconf 87' lang='lat' dir='ltr'><strong>oportet,</strong></span> <span class='ocrx_word' id='word_1_778' title='bbox 3264 4550 3321 4595; x_wconf 92' lang='lat' dir='ltr'><strong>ut</strong></span> <span class='ocrx_word' id='word_1_779' title='bbox 3351 4540 3625 4610; x_wconf 88' lang='lat' dir='ltr'><strong>diligenter</strong></span> <span class='ocrx_word' id='word_1_780' title='bbox 3645 4533 3698 4587; x_wconf 85' lang='lat' dir='ltr'><strong>ad</strong></span> <span class='ocrx_word' id='word_1_781' title='bbox 3721 4529 3825 4582; x_wconf 85' lang='lat' dir='ltr'><strong>tribu-</strong></span> 
     </span>
    </p>
   </div>
   <div class='ocr_carea' id='block_1_107' title="bbox 2342 4620 3822 4705">
    <p class='ocr_par' dir='ltr' id='par_1_107' title="bbox 2342 4620 3822 4705">
     <span class='ocr_line' id='line_1_107' title="bbox 2342 4620 3822 4705; baseline -0.01 -13"><span class='ocrx_word' id='word_1_782' title='bbox 2342 4649 2391 4692; x_wconf 91' lang='lat' dir='ltr'><strong>ta</strong></span> <span class='ocrx_word' id='word_1_783' title='bbox 2416 4637 2724 4705; x_wconf 77' lang='lat' dir='ltr'><strong>advigilent,</strong></span> <span class='ocrx_word' id='word_1_784' title='bbox 2766 4643 2821 4689; x_wconf 90' lang='lat' dir='ltr'><strong>et</strong></span> <span class='ocrx_word' id='word_1_785' title='bbox 2851 4636 3127 4689; x_wconf 89' lang='lat' dir='ltr'><strong>indevotos</strong></span> <span class='ocrx_word' id='word_1_786' title='bbox 3173 4633 3385 4702; x_wconf 91' lang='lat' dir='ltr'><strong>quidem</strong></span> <span class='ocrx_word' id='word_1_787' title='bbox 3429 4647 3491 4686; x_wconf 91' lang='lat' dir='ltr'><strong>ac</strong></span> <span class='ocrx_word' id='word_1_788' title='bbox 3534 4620 3822 4683; x_wconf 62' lang='lat' dir='ltr'><strong>intractabile.</strong></span> 
     </span>
    </p>
   </div>
   <div class='ocr_carea' id='block_1_108' title="bbox 2343 4708 3822 4802">
    <p class='ocr_par' dir='ltr' id='par_1_108' title="bbox 2343 4708 3822 4802">
     <span class='ocr_line' id='line_1_108' title="bbox 2343 4708 3822 4802; baseline -0.018 -18"><span class='ocrx_word' id='word_1_789' title='bbox 2343 4739 2395 4784; x_wconf 92' lang='lat' dir='ltr'><strong>et</strong></span> <span class='ocrx_word' id='word_1_790' title='bbox 2419 4730 2507 4798; x_wconf 94' lang='lat' dir='ltr'><strong>qui</strong></span> <span class='ocrx_word' id='word_1_791' title='bbox 2536 4728 2900 4796; x_wconf 89' lang='lat' dir='ltr'><strong>compulsione</strong></span> <span class='ocrx_word' id='word_1_792' title='bbox 2926 4727 3183 4795; x_wconf 90' lang='lat' dir='ltr'><strong>indigent,</strong></span> <span class='ocrx_word' id='word_1_793' title='bbox 3207 4741 3328 4780; x_wconf 94' lang='lat' dir='ltr'><strong>cum</strong></span> <span class='ocrx_word' id='word_1_794' title='bbox 3350 4737 3555 4779; x_wconf 87' lang='lat' dir='ltr'><strong>summa</strong></span> <span class='ocrx_word' id='word_1_795' title='bbox 3582 4708 3822 4802; x_wconf 67' lang='lat' dir='ltr'><strong>vehementii</strong></span> 
     </span>
    </p>
   </div>
   <div class='ocr_carea' id='block_1_109' title="bbox 2342 4805 3821 4890">
    <p class='ocr_par' dir='ltr' id='par_1_109' title="bbox 2342 4805 3821 4890">
     <span class='ocr_line' id='line_1_109' title="bbox 2342 4805 3821 4890; baseline -0.015 -14"><span class='ocrx_word' id='word_1_796' title='bbox 2342 4823 2582 4890; x_wconf 84' lang='lat' dir='ltr'><strong>exigant,</strong></span> <span class='ocrx_word' id='word_1_797' title='bbox 2632 4821 2685 4873; x_wconf 90' lang='lat' dir='ltr'><strong>in</strong></span> <span class='ocrx_word' id='word_1_798' title='bbox 2715 4820 2862 4874; x_wconf 94' lang='lat' dir='ltr'><strong>nullo</strong></span> <span class='ocrx_word' id='word_1_799' title='bbox 2889 4819 3158 4873; x_wconf 89' lang='lat' dir='ltr'><strong>cedentes.</strong></span> <span class='ocrx_word' id='word_1_800' title='bbox 3207 4817 3385 4886; x_wconf 89' lang='lat' dir='ltr'><strong>Neque</strong></span> <span class='ocrx_word' id='word_1_801' title='bbox 3418 4831 3484 4870; x_wconf 91' lang='lat' dir='ltr'><strong>eo</strong></span> <span class='ocrx_word' id='word_1_802' title='bbox 3527 4812 3708 4869; x_wconf 89' lang='lat' dir='ltr'><strong>nomine</strong></span> <span class='ocrx_word' id='word_1_803' title='bbox 3741 4805 3821 4855; x_wconf 67' lang='lat' dir='ltr'><strong>lucri</strong></span> 
     </span>
    </p>
   </div>
   <div class='ocr_carea' id='block_1_110' title="bbox 2342 4904 3821 4983">
    <p class='ocr_par' dir='ltr' id='par_1_110' title="bbox 2342 4904 3821 4983">
     <span class='ocr_line' id='line_1_110' title="bbox 2342 4904 3821 4983; baseline -0.006 -15"><span class='ocrx_word' id='word_1_804' title='bbox 2342 4913 2544 4983; x_wconf 90' lang='lat' dir='ltr'><strong>aliquid</strong></span> <span class='ocrx_word' id='word_1_805' title='bbox 2573 4921 2878 4982; x_wconf 89' lang='lat' dir='ltr'><strong>captantes,</strong></span> <span class='ocrx_word' id='word_1_806' title='bbox 2912 4925 3037 4980; x_wconf 86' lang='lat' dir='ltr'><strong>erga</strong></span> <span class='ocrx_word' id='word_1_807' title='bbox 3065 4909 3288 4964; x_wconf 90' lang='lat' dir='ltr'><strong>devotos</strong></span> <span class='ocrx_word' id='word_1_808' title='bbox 3313 4923 3443 4962; x_wconf 89' lang='lat' dir='ltr'><strong>vero</strong></span> <span class='ocrx_word' id='word_1_809' title='bbox 3481 4915 3677 4976; x_wconf 87' lang='lat' dir='ltr'><strong>paterno</strong></span> <span class='ocrx_word' id='word_1_810' title='bbox 3699 4911 3741 4951; x_wconf 84' lang='lat' dir='ltr'><strong>se</strong></span> <span class='ocrx_word' id='word_1_811' title='bbox 3766 4904 3821 4959; x_wconf 69' lang='grc'><strong>8⁸·</strong></span> 
     </span>
    </p>
   </div>
   <div class='ocr_carea' id='block_1_111' title="bbox 2344 5004 2705 5060">
    <p class='ocr_par' dir='ltr' id='par_1_111' title="bbox 2344 5004 2705 5060">
     <span class='ocr_line' id='line_1_111' title="bbox 2344 5004 2705 5060; baseline -0.006 0"><span class='ocrx_word' id='word_1_812' title='bbox 2344 5015 2464 5060; x_wconf 88' lang='lat' dir='ltr'><strong>rant</strong></span> <span class='ocrx_word' id='word_1_813' title='bbox 2492 5004 2705 5059; x_wconf 60' lang='lat' dir='ltr'><strong>affectu.</strong></span> 
     </span>
    </p>
   </div>
   <div class='ocr_carea' id='block_1_112' title="bbox 2415 5081 3818 5160">
    <p class='ocr_par' dir='ltr' id='par_1_112' title="bbox 2415 5081 3818 5160">
     <span class='ocr_line' id='line_1_112' title="bbox 2415 5081 3818 5160; baseline -0.019 -6"><span class='ocrx_word' id='word_1_814' title='bbox 2415 5098 2615 5153; x_wconf 87' lang='lat' dir='ltr'><strong>Deinde</strong></span> <span class='ocrx_word' id='word_1_815' title='bbox 2657 5108 2714 5152; x_wconf 90' lang='lat' dir='ltr'><strong>ut</strong></span> <span class='ocrx_word' id='word_1_816' title='bbox 2744 5096 2987 5151; x_wconf 90' lang='lat' dir='ltr'><strong>subditos</strong></span> <span class='ocrx_word' id='word_1_817' title='bbox 3018 5106 3227 5151; x_wconf 91' lang='lat' dir='ltr'><strong>nostros</strong></span> <span class='ocrx_word' id='word_1_818' title='bbox 3255 5109 3318 5148; x_wconf 87' lang='lat' dir='ltr'><strong>ex</strong></span> <span class='ocrx_word' id='word_1_819' title='bbox 3367 5093 3510 5149; x_wconf 91' lang='lat' dir='ltr'><strong>omni</strong></span> <span class='ocrx_word' id='word_1_820' title='bbox 3538 5095 3667 5160; x_wconf 90' lang='lat' dir='ltr'><strong>parte</strong></span> <span class='ocrx_word' id='word_1_821' title='bbox 3694 5081 3818 5136; x_wconf 63' lang='lat' dir='ltr'><strong>illaesos</strong></span> 
     </span>
    </p>
   </div>
   <div class='ocr_carea' id='block_1_113' title="bbox 2341 5173 3817 5259">
    <p class='ocr_par' dir='ltr' id='par_1_113' title="bbox 2341 5173 3817 5259">
     <span class='ocr_line' id='line_1_113' title="bbox 2341 5173 3817 5259; baseline -0.005 -12"><span class='ocrx_word' id='word_1_822' title='bbox 2341 5201 2696 5258; x_wconf 90' lang='lat' dir='ltr'><strong>conservent,</strong></span> <span class='ocrx_word' id='word_1_823' title='bbox 2730 5191 2862 5244; x_wconf 90' lang='lat' dir='ltr'><strong>nihil</strong></span> <span class='ocrx_word' id='word_1_824' title='bbox 2894 5191 3177 5259; x_wconf 87' lang='lat' dir='ltr'><strong>quidquam</strong></span> <span class='ocrx_word' id='word_1_825' title='bbox 3203 5190 3269 5242; x_wconf 91' lang='lat' dir='ltr'><strong>ab</strong></span> <span class='ocrx_word' id='word_1_826' title='bbox 3299 5189 3405 5243; x_wconf 92' lang='lat' dir='ltr'><strong>ullo</strong></span> <span class='ocrx_word' id='word_1_827' title='bbox 3444 5199 3614 5243; x_wconf 90' lang='lat' dir='ltr'><strong>eorum</strong></span> <span class='ocrx_word' id='word_1_828' title='bbox 3635 5173 3817 5240; x_wconf 65' lang='lat' dir='ltr'><strong>acciPlen&#39;</strong></span> 
     </span>
    </p>
   </div>
   <div class='ocr_carea' id='block_1_114' title="bbox 2333 5263 3813 5353">
    <p class='ocr_par' dir='ltr' id='par_1_114' title="bbox 2333 5263 3813 5353">
     <span class='ocr_line' id='line_1_114' title="bbox 2333 5263 3813 5353; baseline -0.019 -13"><span class='ocrx_word' id='word_1_829' title='bbox 2333 5285 2444 5348; x_wconf 63' lang='lat' dir='ltr'><strong>&#39;tes,</strong></span> <span class='ocrx_word' id='word_1_830' title='bbox 2473 5283 2567 5338; x_wconf 88' lang='lat' dir='ltr'><strong>sed</strong></span> <span class='ocrx_word' id='word_1_831' title='bbox 2625 5295 2806 5353; x_wconf 65' lang='lat' dir='ltr'><strong>(equos</strong></span> <span class='ocrx_word' id='word_1_832' title='bbox 2863 5294 2922 5335; x_wconf 85' lang='lat' dir='ltr'><strong>se</strong></span> <span class='ocrx_word' id='word_1_833' title='bbox 2976 5281 3027 5334; x_wconf 94' lang='lat' dir='ltr'><strong>in</strong></span> <span class='ocrx_word' id='word_1_834' title='bbox 3086 5280 3442 5348; x_wconf 86' lang='lat' dir='ltr'><strong>disceptandis</strong></span> <span class='ocrx_word' id='word_1_835' title='bbox 3493 5263 3813 5353; x_wconf 69' lang='lat' dir='ltr'><strong>controversiis.</strong></span> 
     </span>
    </p>
   </div>
   <div class='ocr_carea' id='block_1_115' title="bbox 2342 5349 3812 5449">
    <p class='ocr_par' dir='ltr' id='par_1_115' title="bbox 2342 5349 3812 5449">
     <span class='ocr_line' id='line_1_115' title="bbox 2342 5349 3812 5449; baseline -0.02 -16"><span class='ocrx_word' id='word_1_836' title='bbox 2342 5393 2523 5448; x_wconf 61' lang='lat' dir='ltr'><strong>aequos</strong></span> <span class='ocrx_word' id='word_1_837' title='bbox 2543 5378 2594 5431; x_wconf 89' lang='lat' dir='ltr'><strong>in</strong></span> <span class='ocrx_word' id='word_1_838' title='bbox 2617 5349 2988 5431; x_wconf 79' lang='lat' dir='ltr'><strong>conservanda</strong></span> <span class='ocrx_word' id='word_1_839' title='bbox 3008 5372 3286 5438; x_wconf 89' lang='lat' dir='ltr'><strong>disciplina</strong></span> <span class='ocrx_word' id='word_1_840' title='bbox 3310 5373 3514 5440; x_wconf 91' lang='lat' dir='ltr'><strong>publica</strong></span> <span class='ocrx_word' id='word_1_841' title='bbox 3541 5349 3812 5449; x_wconf 69' lang='lat' dir='ltr'><strong>praebeant,in</strong></span> 
     </span>
    </p>
   </div>
   <div class='ocr_carea' id='block_1_116' title="bbox 2341 5450 3814 5538">
    <p class='ocr_par' dir='ltr' id='par_1_116' title="bbox 2341 5450 3814 5538">
     <span class='ocr_line' id='line_1_116' title="bbox 2341 5450 3814 5538; baseline -0.01 -13"><span class='ocrx_word' id='word_1_842' title='bbox 2341 5469 2718 5538; x_wconf 81' lang='lat' dir='ltr'><strong>persequendis</strong></span> <span class='ocrx_word' id='word_1_843' title='bbox 2740 5467 2954 5536; x_wconf 91' lang='lat' dir='ltr'><strong>quidem</strong></span> <span class='ocrx_word' id='word_1_844' title='bbox 2980 5465 3290 5520; x_wconf 86' lang='lat' dir='ltr'><strong>criminibus</strong></span> <span class='ocrx_word' id='word_1_845' title='bbox 3308 5464 3538 5518; x_wconf 90' lang='lat' dir='ltr'><strong>insontes</strong></span> <span class='ocrx_word' id='word_1_846' title='bbox 3566 5473 3592 5511; x_wconf 90' lang='lat' dir='ltr'><strong>a</strong></span> <span class='ocrx_word' id='word_1_847' title='bbox 3615 5450 3814 5508; x_wconf 65' lang='lat' dir='ltr'><strong>calum&quot;Is</strong></span> 
     </span>
    </p>
   </div>
   <div class='ocr_carea' id='block_1_117' title="bbox 2339 5542 3809 5631">
    <p class='ocr_par' dir='ltr' id='par_1_117' title="bbox 2339 5542 3809 5631">
     <span class='ocr_line' id='line_1_117' title="bbox 2339 5542 3809 5631; baseline -0.007 -9"><span class='ocrx_word' id='word_1_848' title='bbox 2339 5568 2620 5624; x_wconf 87' lang='lat' dir='ltr'><strong>reddentes</strong></span> <span class='ocrx_word' id='word_1_849' title='bbox 2641 5567 2861 5631; x_wconf 86' lang='lat' dir='ltr'><strong>liberos,</strong></span> <span class='ocrx_word' id='word_1_850' title='bbox 2895 5562 3004 5618; x_wconf 87' lang='lat' dir='ltr'><strong>reis</strong></span> <span class='ocrx_word' id='word_1_851' title='bbox 3025 5575 3154 5616; x_wconf 90' lang='lat' dir='ltr'><strong>vero</strong></span> <span class='ocrx_word' id='word_1_852' title='bbox 3177 5557 3423 5614; x_wconf 91' lang='lat' dir='ltr'><strong>sontibus</strong></span> <span class='ocrx_word' id='word_1_853' title='bbox 3439 5565 3606 5625; x_wconf 62' lang='lat' dir='ltr'><strong>poenas</strong></span> <span class='ocrx_word' id='word_1_854' title='bbox 3633 5542 3809 5612; x_wconf 62' lang='grc' dir='ltr'><strong>ιοείιίηηε</strong></span> 
     </span>
    </p>
   </div>
   <div class='ocr_carea' id='block_1_118' title="bbox 2339 5637 3811 5730">
    <p class='ocr_par' dir='ltr' id='par_1_118' title="bbox 2339 5637 3811 5730">
     <span class='ocr_line' id='line_1_118' title="bbox 2339 5637 3811 5730; baseline -0.031 3"><span class='ocrx_word' id='word_1_855' title='bbox 2339 5664 2607 5730; x_wconf 73' lang='grc' dir='ltr'><strong>ίιηβοηεηι</strong></span> <span class='ocrx_word' id='word_1_856' title='bbox 2619 5674 2698 5721; x_wconf 72' lang='grc' dir='ltr'><strong>ΘΞ,</strong></span> <span class='ocrx_word' id='word_1_857' title='bbox 2713 5671 2884 5726; x_wconf 82' lang='lat' dir='ltr'><strong>neque</strong></span> <span class='ocrx_word' id='word_1_858' title='bbox 2899 5655 3053 5710; x_wconf 87' lang='lat' dir='ltr'><strong>aliter</strong></span> <span class='ocrx_word' id='word_1_859' title='bbox 3068 5653 3204 5707; x_wconf 87' lang='lat' dir='ltr'><strong>inter</strong></span> <span class='ocrx_word' id='word_1_860' title='bbox 3217 5649 3458 5705; x_wconf 79' lang='lat' dir='ltr'><strong>subditos</strong></span> <span class='ocrx_word' id='word_1_861' title='bbox 3472 5642 3705 5713; x_wconf 82' lang='lat' dir='ltr'><strong>imperium</strong></span> <span class='ocrx_word' id='word_1_862' title='bbox 3717 5637 3811 5722; x_wconf 35' lang='lat'><strong>619&#39;.“</strong></span> 
     </span>
    </p>
   </div>
   <div class='ocr_carea' id='block_1_119' title="bbox 2337 5730 3810 5825">
    <p class='ocr_par' dir='ltr' id='par_1_119' title="bbox 2337 5730 3810 5825">
     <span class='ocr_line' id='line_1_119' title="bbox 2337 5730 3810 5825; baseline -0.016 -12"><span class='ocrx_word' id='word_1_863' title='bbox 2337 5763 2540 5821; x_wconf 89' lang='lat' dir='ltr'><strong>centes,</strong></span> <span class='ocrx_word' id='word_1_864' title='bbox 2557 5767 2713 5825; x_wconf 89' lang='lat' dir='ltr'><strong>quam</strong></span> <span class='ocrx_word' id='word_1_865' title='bbox 2735 5759 2914 5822; x_wconf 87' lang='lat' dir='ltr'><strong>patres</strong></span> <span class='ocrx_word' id='word_1_866' title='bbox 2926 5747 3100 5806; x_wconf 89' lang='lat' dir='ltr'><strong>solent</strong></span> <span class='ocrx_word' id='word_1_867' title='bbox 3127 5746 3267 5801; x_wconf 91' lang='lat' dir='ltr'><strong>inter</strong></span> <span class='ocrx_word' id='word_1_868' title='bbox 3294 5743 3449 5810; x_wconf 85' lang='lat' dir='ltr'><strong>ﬁlios,</strong></span> <span class='ocrx_word' id='word_1_869' title='bbox 3475 5748 3527 5795; x_wconf 94' lang='lat' dir='ltr'><strong>ut</strong></span> <span class='ocrx_word' id='word_1_870' title='bbox 3549 5730 3810 5802; x_wconf 66' lang='lat' dir='ltr'><strong>diliganl‘lm‘</strong></span> 
     </span>
    </p>
   </div>
  </div>
