  <div class='ocr_page' id='page_1' title='image "/cluster/home/n/w/nwhite01/storage/ocr_20150623/72/hvd.32044015469364/484.png"; bbox 0 0 4042 6348; ppageno 0'>
   <div class='ocr_carea' id='block_1_1' title="bbox 170 322 280 380">
    <p class='ocr_par' dir='ltr' id='par_1_1' title="bbox 170 322 280 380">
     <span class='ocr_line' id='line_1_1' title="bbox 170 322 280 380; baseline 0 0"><span class='ocrx_word' id='word_1_1' title='bbox 170 322 280 380; x_wconf 71' lang='grc'><strong>953</strong></span> 
     </span>
    </p>
   </div>
   <div class='ocr_carea' id='block_1_2' title="bbox 969 289 2667 367">
    <p class='ocr_par' dir='ltr' id='par_1_2' title="bbox 969 289 2667 367">
     <span class='ocr_line' id='line_1_2' title="bbox 969 289 2667 367; baseline -0.003 -2"><span class='ocrx_word' id='word_1_2' title='bbox 969 289 1346 367; x_wconf 69' lang='lat' dir='ltr'><strong>JUSTINIANI</strong></span> <span class='ocrx_word' id='word_1_3' title='bbox 1381 304 1731 364; x_wconf 67' lang='lat' dir='ltr'><strong>NOVELLAE</strong></span> <span class='ocrx_word' id='word_1_4' title='bbox 1770 303 2129 361; x_wconf 66' lang='lat' dir='ltr'><strong>SELECT/E.</strong></span> <span class='ocrx_word' id='word_1_5' title='bbox 2170 304 2493 363; x_wconf 78' lang='lat' dir='ltr'><strong>NOVELLA</strong></span> <span class='ocrx_word' id='word_1_6' title='bbox 2530 305 2667 361; x_wconf 70' lang='lat' dir='ltr'><strong>Vill.</strong></span> 
     </span>
    </p>
   </div>
   <div class='ocr_carea' id='block_1_3' title="bbox 3340 314 3444 372">
    <p class='ocr_par' dir='ltr' id='par_1_3' title="bbox 3340 314 3444 372">
     <span class='ocr_line' id='line_1_3' title="bbox 3340 314 3444 372; baseline 0.01 -2"><span class='ocrx_word' id='word_1_7' title='bbox 3340 314 3444 372; x_wconf 71' lang='grc'><strong>954</strong></span> 
     </span>
    </p>
   </div>
   <div class='ocr_carea' id='block_1_4' title="bbox 171 414 3445 494">
    <p class='ocr_par' dir='ltr' id='par_1_4' title="bbox 171 414 3445 494">
     <span class='ocr_line' id='line_1_4' title="bbox 171 414 3445 494; baseline -0.002 -6"><span class='ocrx_word' id='word_1_8' title='bbox 171 434 299 488; x_wconf 89' lang='lat' dir='ltr'><strong>dem</strong></span> <span class='ocrx_word' id='word_1_9' title='bbox 327 442 459 494; x_wconf 89' lang='lat' dir='ltr'><strong>eos,</strong></span> <span class='ocrx_word' id='word_1_10' title='bbox 485 426 533 483; x_wconf 99' lang='lat' dir='ltr'><strong>si</strong></span> <span class='ocrx_word' id='word_1_11' title='bbox 556 424 781 482; x_wconf 78' lang='lat' dir='ltr'><strong>crimine</strong></span> <span class='ocrx_word' id='word_1_12' title='bbox 825 423 979 477; x_wconf 82' lang='lat' dir='ltr'><strong>vacui</strong></span> <span class='ocrx_word' id='word_1_13' title='bbox 1008 423 1149 487; x_wconf 89' lang='lat' dir='ltr'><strong>sint,</strong></span> <span class='ocrx_word' id='word_1_14' title='bbox 1190 427 1473 476; x_wconf 75' lang='lat' dir='ltr'><strong>coerceant</strong></span> <span class='ocrx_word' id='word_1_15' title='bbox 1519 433 1643 473; x_wconf 90' lang='lat' dir='ltr'><strong>vero</strong></span> <span class='ocrx_word' id='word_1_16' title='bbox 1689 429 1751 470; x_wconf 92' lang='lat' dir='ltr'><strong>ac</strong></span> <span class='ocrx_word' id='word_1_17' title='bbox 1777 414 1835 476; x_wconf 78' lang='grc' dir='ltr'><strong>Δ</strong></span> <span class='ocrx_word' id='word_1_18' title='bbox 1856 414 2105 470; x_wconf 78' lang='lat' dir='ltr'><strong>videlicet</strong></span> <span class='ocrx_word' id='word_1_19' title='bbox 2138 417 2230 472; x_wconf 89' lang='lat' dir='ltr'><strong>Dei</strong></span> <span class='ocrx_word' id='word_1_20' title='bbox 2261 419 2633 475; x_wconf 87' lang='lat' dir='ltr'><strong>amantissimo</strong></span> <span class='ocrx_word' id='word_1_21' title='bbox 2677 418 2964 490; x_wconf 88' lang='lat' dir='ltr'><strong>episcopo,</strong></span> <span class='ocrx_word' id='word_1_22' title='bbox 2994 429 3051 477; x_wconf 91' lang='lat' dir='ltr'><strong>et</strong></span> <span class='ocrx_word' id='word_1_23' title='bbox 3073 436 3289 481; x_wconf 90' lang='lat' dir='ltr'><strong>causam</strong></span> <span class='ocrx_word' id='word_1_24' title='bbox 3323 426 3445 486; x_wconf 94' lang='lat' dir='ltr'><strong>sine</strong></span> 
     </span>
    </p>
   </div>
   <div class='ocr_carea' id='block_1_5' title="bbox 174 507 1755 593">
    <p class='ocr_par' dir='ltr' id='par_1_5' title="bbox 174 507 1755 593">
     <span class='ocr_line' id='line_1_5' title="bbox 174 507 1755 593; baseline -0.01 -16"><span class='ocrx_word' id='word_1_25' title='bbox 174 522 430 593; x_wconf 93' lang='lat' dir='ltr'><strong>puniant,</strong></span> <span class='ocrx_word' id='word_1_26' title='bbox 456 519 503 573; x_wconf 94' lang='lat' dir='ltr'><strong>si</strong></span> <span class='ocrx_word' id='word_1_27' title='bbox 533 517 845 572; x_wconf 81' lang='lat' dir='ltr'><strong>criminibus</strong></span> <span class='ocrx_word' id='word_1_28' title='bbox 874 514 1151 569; x_wconf 85' lang='lat' dir='ltr'><strong>videantur</strong></span> <span class='ocrx_word' id='word_1_29' title='bbox 1175 526 1295 566; x_wconf 88' lang='lat' dir='ltr'><strong>esse</strong></span> <span class='ocrx_word' id='word_1_30' title='bbox 1323 510 1565 573; x_wconf 85' lang='lat' dir='ltr'><strong>obnoxii,</strong></span> <span class='ocrx_word' id='word_1_31' title='bbox 1592 507 1755 591; x_wconf 47' lang='lat' dir='ltr'><strong>justi-5</strong></span> 
     </span>
    </p>
   </div>
   <div class='ocr_carea' id='block_1_6' title="bbox 174 598 1754 677">
    <p class='ocr_par' dir='ltr' id='par_1_6' title="bbox 174 598 1754 677">
     <span class='ocr_line' id='line_1_6' title="bbox 174 598 1754 677; baseline -0.011 -10"><span class='ocrx_word' id='word_1_32' title='bbox 174 613 304 667; x_wconf 86' lang='lat' dir='ltr'><strong>tiam</strong></span> <span class='ocrx_word' id='word_1_33' title='bbox 332 608 564 677; x_wconf 91' lang='lat' dir='ltr'><strong>denique</strong></span> <span class='ocrx_word' id='word_1_34' title='bbox 593 606 696 661; x_wconf 86' lang='lat' dir='ltr'><strong>illis</strong></span> <span class='ocrx_word' id='word_1_35' title='bbox 720 604 1032 660; x_wconf 81' lang='lat' dir='ltr'><strong>exhibentes</strong></span> <span class='ocrx_word' id='word_1_36' title='bbox 1069 610 1176 655; x_wconf 92' lang='lat' dir='ltr'><strong>tam</strong></span> <span class='ocrx_word' id='word_1_37' title='bbox 1209 601 1261 654; x_wconf 94' lang='lat' dir='ltr'><strong>in</strong></span> <span class='ocrx_word' id='word_1_38' title='bbox 1292 604 1469 656; x_wconf 82' lang='lat' dir='ltr'><strong>causis</strong></span> <span class='ocrx_word' id='word_1_39' title='bbox 1498 598 1754 669; x_wconf 85' lang='lat' dir='ltr'><strong>publicis,</strong></span> 
     </span>
    </p>
   </div>
   <div class='ocr_carea' id='block_1_7' title="bbox 174 692 1755 774">
    <p class='ocr_par' dir='ltr' id='par_1_7' title="bbox 174 692 1755 774">
     <span class='ocr_line' id='line_1_7' title="bbox 174 692 1755 774; baseline -0.006 -18"><span class='ocrx_word' id='word_1_40' title='bbox 174 716 334 774; x_wconf 88' lang='lat' dir='ltr'><strong>quam</strong></span> <span class='ocrx_word' id='word_1_41' title='bbox 381 696 600 769; x_wconf 73' lang='lat' dir='ltr'><strong>privatis</strong></span> <span class='ocrx_word' id='word_1_42' title='bbox 633 695 1020 751; x_wconf 75' lang='lat' dir='ltr'><strong>contractibus.</strong></span> <span class='ocrx_word' id='word_1_43' title='bbox 1069 692 1250 762; x_wconf 85' lang='lat' dir='ltr'><strong>Neque</strong></span> <span class='ocrx_word' id='word_1_44' title='bbox 1295 703 1354 748; x_wconf 89' lang='lat' dir='ltr'><strong>ut</strong></span> <span class='ocrx_word' id='word_1_45' title='bbox 1398 692 1499 762; x_wconf 88' lang='lat' dir='ltr'><strong>ipsi</strong></span> <span class='ocrx_word' id='word_1_46' title='bbox 1551 699 1755 747; x_wconf 89' lang='lat' dir='ltr'><strong>tantum</strong></span> 
     </span>
    </p>
   </div>
   <div class='ocr_carea' id='block_1_8' title="bbox 175 785 1756 861">
    <p class='ocr_par' dir='ltr' id='par_1_8' title="bbox 175 785 1756 861">
     <span class='ocr_line' id='line_1_8' title="bbox 175 785 1756 861; baseline -0.007 -13"><span class='ocrx_word' id='word_1_47' title='bbox 175 794 281 848; x_wconf 85' lang='lat' dir='ltr'><strong>hoc</strong></span> <span class='ocrx_word' id='word_1_48' title='bbox 308 799 489 861; x_wconf 88' lang='lat' dir='ltr'><strong>agant,</strong></span> <span class='ocrx_word' id='word_1_49' title='bbox 519 790 614 844; x_wconf 84' lang='lat' dir='ltr'><strong>sed</strong></span> <span class='ocrx_word' id='word_1_50' title='bbox 651 790 814 844; x_wconf 89' lang='lat' dir='ltr'><strong>etiam</strong></span> <span class='ocrx_word' id='word_1_51' title='bbox 851 795 908 841; x_wconf 95' lang='lat' dir='ltr'><strong>ut</strong></span> <span class='ocrx_word' id='word_1_52' title='bbox 934 800 1264 841; x_wconf 85' lang='lat' dir='ltr'><strong>assessorem</strong></span> <span class='ocrx_word' id='word_1_53' title='bbox 1295 794 1352 840; x_wconf 90' lang='lat' dir='ltr'><strong>ct</strong></span> <span class='ocrx_word' id='word_1_54' title='bbox 1387 799 1574 840; x_wconf 90' lang='lat' dir='ltr'><strong>omnes</strong></span> <span class='ocrx_word' id='word_1_55' title='bbox 1616 785 1756 839; x_wconf 88' lang='lat' dir='ltr'><strong>circa</strong></span> 
     </span>
    </p>
   </div>
   <div class='ocr_carea' id='block_1_9' title="bbox 175 876 1759 953">
    <p class='ocr_par' dir='ltr' id='par_1_9' title="bbox 175 876 1759 953">
     <span class='ocr_line' id='line_1_9' title="bbox 175 876 1759 953; baseline -0.005 -15"><span class='ocrx_word' id='word_1_56' title='bbox 175 884 323 953; x_wconf 89' lang='lat' dir='ltr'><strong>ipsos</strong></span> <span class='ocrx_word' id='word_1_57' title='bbox 350 882 553 938; x_wconf 78' lang='lat' dir='ltr'><strong>versari</strong></span> <span class='ocrx_word' id='word_1_58' title='bbox 579 880 765 936; x_wconf 72' lang='lat' dir='ltr'><strong>salitos</strong></span> <span class='ocrx_word' id='word_1_59' title='bbox 787 879 886 934; x_wconf 86' lang='lat' dir='ltr'><strong>sibi</strong></span> <span class='ocrx_word' id='word_1_60' title='bbox 908 880 1111 934; x_wconf 88' lang='lat' dir='ltr'><strong>similes</strong></span> <span class='ocrx_word' id='word_1_61' title='bbox 1139 886 1433 941; x_wconf 82' lang='lat' dir='ltr'><strong>assumant,</strong></span> <span class='ocrx_word' id='word_1_62' title='bbox 1457 892 1525 932; x_wconf 89' lang='lat' dir='ltr'><strong>ne</strong></span> <span class='ocrx_word' id='word_1_63' title='bbox 1545 876 1759 946; x_wconf 89' lang='lat' dir='ltr'><strong>quando</strong></span> 
     </span>
    </p>
   </div>
   <div class='ocr_carea' id='block_1_10' title="bbox 176 970 1761 1045">
    <p class='ocr_par' dir='ltr' id='par_1_10' title="bbox 176 970 1761 1045">
     <span class='ocr_line' id='line_1_10' title="bbox 176 970 1761 1045; baseline -0.005 -14"><span class='ocrx_word' id='word_1_64' title='bbox 176 992 300 1031; x_wconf 87' lang='lat' dir='ltr'><strong>cum</strong></span> <span class='ocrx_word' id='word_1_65' title='bbox 332 977 430 1045; x_wconf 82' lang='lat' dir='ltr'><strong>ipsi</strong></span> <span class='ocrx_word' id='word_1_66' title='bbox 462 977 613 1045; x_wconf 79' lang='lat' dir='ltr'><strong>culpa</strong></span> <span class='ocrx_word' id='word_1_67' title='bbox 644 984 881 1040; x_wconf 83' lang='lat' dir='ltr'><strong>careant,</strong></span> <span class='ocrx_word' id='word_1_68' title='bbox 919 989 1014 1042; x_wconf 91' lang='lat' dir='ltr'><strong>per</strong></span> <span class='ocrx_word' id='word_1_69' title='bbox 1042 974 1173 1027; x_wconf 90' lang='lat' dir='ltr'><strong>alios</strong></span> <span class='ocrx_word' id='word_1_70' title='bbox 1214 973 1545 1040; x_wconf 87' lang='lat' dir='ltr'><strong>delinquere,</strong></span> <span class='ocrx_word' id='word_1_71' title='bbox 1576 980 1630 1025; x_wconf 89' lang='lat' dir='ltr'><strong>et</strong></span> <span class='ocrx_word' id='word_1_72' title='bbox 1675 970 1761 1024; x_wconf 92' lang='lat' dir='ltr'><strong>fu-</strong></span> 
     </span>
    </p>
   </div>
   <div class='ocr_carea' id='block_1_11' title="bbox 179 1062 1761 1139">
    <p class='ocr_par' dir='ltr' id='par_1_11' title="bbox 179 1062 1761 1139">
     <span class='ocr_line' id='line_1_11' title="bbox 179 1062 1761 1139; baseline -0.007 -12"><span class='ocrx_word' id='word_1_73' title='bbox 179 1071 317 1138; x_wconf 81' lang='lat' dir='ltr'><strong>rari,</strong></span> <span class='ocrx_word' id='word_1_74' title='bbox 353 1078 406 1124; x_wconf 90' lang='lat' dir='ltr'><strong>et</strong></span> <span class='ocrx_word' id='word_1_75' title='bbox 451 1069 614 1139; x_wconf 88' lang='lat' dir='ltr'><strong>(quod</strong></span> <span class='ocrx_word' id='word_1_76' title='bbox 648 1068 815 1123; x_wconf 85' lang='lat' dir='ltr'><strong>multo</strong></span> <span class='ocrx_word' id='word_1_77' title='bbox 845 1067 1037 1122; x_wconf 64' lang='lat' dir='ltr'><strong>foedius</strong></span> <span class='ocrx_word' id='word_1_78' title='bbox 1079 1064 1185 1133; x_wconf 88' lang='lat' dir='ltr'><strong>est)</strong></span> <span class='ocrx_word' id='word_1_79' title='bbox 1232 1062 1616 1119; x_wconf 88' lang='lat' dir='ltr'><strong>maleficiorum</strong></span> <span class='ocrx_word' id='word_1_80' title='bbox 1660 1062 1761 1116; x_wconf 84' lang='lat' dir='ltr'><strong>sibi</strong></span> 
     </span>
    </p>
   </div>
   <div class='ocr_carea' id='block_1_12' title="bbox 178 1154 1763 1226">
    <p class='ocr_par' dir='ltr' id='par_1_12' title="bbox 178 1154 1763 1226">
     <span class='ocr_line' id='line_1_12' title="bbox 178 1154 1763 1226; baseline -0.008 -5"><span class='ocrx_word' id='word_1_81' title='bbox 178 1163 362 1221; x_wconf 77' lang='lat' dir='ltr'><strong>socios</strong></span> <span class='ocrx_word' id='word_1_82' title='bbox 390 1160 657 1218; x_wconf 82' lang='lat' dir='ltr'><strong>a&#39;scisc‘ere</strong></span> <span class='ocrx_word' id='word_1_83' title='bbox 701 1160 999 1215; x_wconf 90' lang='lat' dir='ltr'><strong>videantur.</strong></span> <span class='ocrx_word' id='word_1_84' title='bbox 1040 1158 1381 1226; x_wconf 82' lang='lat' dir='ltr'><strong>Quapmpter</strong></span> <span class='ocrx_word' id='word_1_85' title='bbox 1427 1154 1763 1211; x_wconf 87' lang='lat' dir='ltr'><strong>celsitudinis</strong></span> 
     </span>
    </p>
   </div>
   <div class='ocr_carea' id='block_1_13' title="bbox 177 1249 1764 1319">
    <p class='ocr_par' dir='ltr' id='par_1_13' title="bbox 177 1249 1764 1319">
     <span class='ocr_line' id='line_1_13' title="bbox 177 1249 1764 1319; baseline -0.008 -5"><span class='ocrx_word' id='word_1_86' title='bbox 177 1255 579 1317; x_wconf 67' lang='lat' dir='ltr'><strong>tuae.intererit,</strong></span> <span class='ocrx_word' id='word_1_87' title='bbox 611 1263 667 1309; x_wconf 90' lang='lat' dir='ltr'><strong>ut</strong></span> <span class='ocrx_word' id='word_1_88' title='bbox 692 1268 784 1309; x_wconf 89' lang='lat' dir='ltr'><strong>eos</strong></span> <span class='ocrx_word' id='word_1_89' title='bbox 813 1253 879 1308; x_wconf 91' lang='lat' dir='ltr'><strong>ad</strong></span> <span class='ocrx_word' id='word_1_90' title='bbox 902 1252 1077 1307; x_wconf 89' lang='lat' dir='ltr'><strong>ofﬁcia</strong></span> <span class='ocrx_word' id='word_1_91' title='bbox 1101 1252 1293 1313; x_wconf 77' lang='lat' dir='ltr'><strong>mittat,</strong></span> <span class='ocrx_word' id='word_1_92' title='bbox 1320 1250 1407 1319; x_wconf 91' lang='lat' dir='ltr'><strong>qui</strong></span> <span class='ocrx_word' id='word_1_93' title='bbox 1429 1260 1482 1304; x_wconf 92' lang='lat' dir='ltr'><strong>et</strong></span> <span class='ocrx_word' id='word_1_94' title='bbox 1500 1249 1764 1318; x_wconf 89' lang='lat' dir='ltr'><strong>gravitate</strong></span> 
     </span>
    </p>
   </div>
   <div class='ocr_carea' id='block_1_14' title="bbox 184 1342 1762 1417">
    <p class='ocr_par' dir='ltr' id='par_1_14' title="bbox 184 1342 1762 1417">
     <span class='ocr_line' id='line_1_14' title="bbox 184 1342 1762 1417; baseline -0.007 -12"><span class='ocrx_word' id='word_1_95' title='bbox 184 1364 395 1405; x_wconf 88' lang='lat' dir='ltr'><strong>morum</strong></span> <span class='ocrx_word' id='word_1_96' title='bbox 424 1355 652 1402; x_wconf 67' lang='lat' dir='ltr'><strong>caeteros</strong></span> <span class='ocrx_word' id='word_1_97' title='bbox 684 1346 1028 1417; x_wconf 72' lang='lat' dir='ltr'><strong>praecellant,</strong></span> <span class='ocrx_word' id='word_1_98' title='bbox 1058 1352 1113 1399; x_wconf 91' lang='lat' dir='ltr'><strong>et</strong></span> <span class='ocrx_word' id='word_1_99' title='bbox 1146 1344 1388 1413; x_wconf 90' lang='lat' dir='ltr'><strong>peritiam</strong></span> <span class='ocrx_word' id='word_1_100' title='bbox 1421 1342 1652 1397; x_wconf 84' lang='lat' dir='ltr'><strong>habeant</strong></span> <span class='ocrx_word' id='word_1_101' title='bbox 1679 1356 1762 1395; x_wconf 87' lang='lat' dir='ltr'><strong>ra-</strong></span> 
     </span>
    </p>
   </div>
   <div class='ocr_carea' id='block_1_15' title="bbox 180 1435 1766 1509">
    <p class='ocr_par' dir='ltr' id='par_1_15' title="bbox 180 1435 1766 1509">
     <span class='ocr_line' id='line_1_15' title="bbox 180 1435 1766 1509; baseline -0.006 -12"><span class='ocrx_word' id='word_1_102' title='bbox 180 1442 386 1496; x_wconf 89' lang='lat' dir='ltr'><strong>tionum</strong></span> <span class='ocrx_word' id='word_1_103' title='bbox 412 1440 763 1509; x_wconf 86' lang='lat' dir='ltr'><strong>publicarum,</strong></span> <span class='ocrx_word' id='word_1_104' title='bbox 792 1438 978 1509; x_wconf 85' lang='lat' dir='ltr'><strong>quales</strong></span> <span class='ocrx_word' id='word_1_105' title='bbox 1000 1452 1121 1492; x_wconf 88' lang='lat' dir='ltr'><strong>esse</strong></span> <span class='ocrx_word' id='word_1_106' title='bbox 1148 1436 1325 1491; x_wconf 89' lang='lat' dir='ltr'><strong>solent</strong></span> <span class='ocrx_word' id='word_1_107' title='bbox 1344 1435 1681 1502; x_wconf 89' lang='lat' dir='ltr'><strong>decuriones,</strong></span> <span class='ocrx_word' id='word_1_108' title='bbox 1710 1440 1766 1489; x_wconf 90' lang='lat' dir='ltr'><strong>et</strong></span> 
     </span>
    </p>
   </div>
   <div class='ocr_carea' id='block_1_16' title="bbox 180 1527 1767 1602">
    <p class='ocr_par' dir='ltr' id='par_1_16' title="bbox 180 1527 1767 1602">
     <span class='ocr_line' id='line_1_16' title="bbox 180 1527 1767 1602; baseline -0.005 -14"><span class='ocrx_word' id='word_1_109' title='bbox 180 1533 305 1599; x_wconf 87' lang='lat' dir='ltr'><strong>alii,</strong></span> <span class='ocrx_word' id='word_1_110' title='bbox 337 1534 423 1602; x_wconf 91' lang='lat' dir='ltr'><strong>qui</strong></span> <span class='ocrx_word' id='word_1_111' title='bbox 452 1532 702 1587; x_wconf 88' lang='lat' dir='ltr'><strong>bonitatis</strong></span> <span class='ocrx_word' id='word_1_112' title='bbox 731 1531 798 1585; x_wconf 89' lang='lat' dir='ltr'><strong>de</strong></span> <span class='ocrx_word' id='word_1_113' title='bbox 830 1546 888 1585; x_wconf 91' lang='lat' dir='ltr'><strong>se</strong></span> <span class='ocrx_word' id='word_1_114' title='bbox 928 1529 1352 1598; x_wconf 89' lang='lat' dir='ltr'><strong>experimentum</strong></span> <span class='ocrx_word' id='word_1_115' title='bbox 1381 1527 1684 1592; x_wconf 78' lang='lat' dir='ltr'><strong>dederunt,</strong></span> <span class='ocrx_word' id='word_1_116' title='bbox 1712 1535 1767 1581; x_wconf 92' lang='lat' dir='ltr'><strong>et</strong></span> 
     </span>
    </p>
   </div>
   <div class='ocr_carea' id='block_1_17' title="bbox 180 1620 1764 1695">
    <p class='ocr_par' dir='ltr' id='par_1_17' title="bbox 180 1620 1764 1695">
     <span class='ocr_line' id='line_1_17' title="bbox 180 1620 1764 1695; baseline -0.004 -15"><span class='ocrx_word' id='word_1_117' title='bbox 180 1624 429 1695; x_wconf 79' lang='lat' dir='ltr'><strong>gerendis</strong></span> <span class='ocrx_word' id='word_1_118' title='bbox 467 1622 861 1694; x_wconf 84' lang='lat' dir='ltr'><strong>magistratibus</strong></span> <span class='ocrx_word' id='word_1_119' title='bbox 888 1630 1015 1677; x_wconf 87' lang='lat' dir='ltr'><strong>sunt</strong></span> <span class='ocrx_word' id='word_1_120' title='bbox 1046 1622 1239 1676; x_wconf 90' lang='lat' dir='ltr'><strong>idonei.</strong></span> <span class='ocrx_word' id='word_1_121' title='bbox 1271 1620 1337 1675; x_wconf 85' lang='lat' dir='ltr'><strong>Et</strong></span> <span class='ocrx_word' id='word_1_122' title='bbox 1364 1620 1483 1691; x_wconf 90' lang='lat' dir='ltr'><strong>quis</strong></span> <span class='ocrx_word' id='word_1_123' title='bbox 1508 1635 1630 1675; x_wconf 87' lang='lat' dir='ltr'><strong>eum</strong></span> <span class='ocrx_word' id='word_1_124' title='bbox 1659 1632 1764 1673; x_wconf 93' lang='lat' dir='ltr'><strong>non</strong></span> 
     </span>
    </p>
   </div>
   <div class='ocr_carea' id='block_1_18' title="bbox 178 1709 1765 1786">
    <p class='ocr_par' dir='ltr' id='par_1_18' title="bbox 178 1709 1765 1786">
     <span class='ocr_line' id='line_1_18' title="bbox 178 1709 1765 1786; baseline -0.005 -15"><span class='ocrx_word' id='word_1_125' title='bbox 178 1716 402 1786; x_wconf 87' lang='lat' dir='ltr'><strong>diligat,</strong></span> <span class='ocrx_word' id='word_1_126' title='bbox 449 1723 609 1785; x_wconf 91' lang='lat' dir='ltr'><strong>atque</strong></span> <span class='ocrx_word' id='word_1_127' title='bbox 656 1714 903 1769; x_wconf 90' lang='lat' dir='ltr'><strong>omnibus</strong></span> <span class='ocrx_word' id='word_1_128' title='bbox 952 1713 1193 1768; x_wconf 91' lang='lat' dir='ltr'><strong>honestis</strong></span> <span class='ocrx_word' id='word_1_129' title='bbox 1238 1712 1444 1767; x_wconf 89' lang='lat' dir='ltr'><strong>artibus</strong></span> <span class='ocrx_word' id='word_1_130' title='bbox 1489 1709 1765 1765; x_wconf 89' lang='lat' dir='ltr'><strong>abundare</strong></span> 
     </span>
    </p>
   </div>
   <div class='ocr_carea' id='block_1_19' title="bbox 1859 508 3441 587">
    <p class='ocr_par' dir='ltr' id='par_1_19' title="bbox 1859 508 3441 587">
     <span class='ocr_line' id='line_1_19' title="bbox 1859 508 3441 587; baseline 0.006 -24"><span class='ocrx_word' id='word_1_131' title='bbox 1859 508 2073 576; x_wconf 84' lang='lat' dir='ltr'><strong>scriptis</strong></span> <span class='ocrx_word' id='word_1_132' title='bbox 2094 518 2469 578; x_wconf 87' lang='lat' dir='ltr'><strong>cognoscente,</strong></span> <span class='ocrx_word' id='word_1_133' title='bbox 2495 511 2665 566; x_wconf 92' lang='lat' dir='ltr'><strong>donec</strong></span> <span class='ocrx_word' id='word_1_134' title='bbox 2688 513 3021 578; x_wconf 89' lang='lat' dir='ltr'><strong>universum,</strong></span> <span class='ocrx_word' id='word_1_135' title='bbox 3040 516 3180 585; x_wconf 91' lang='lat' dir='ltr'><strong>quod</strong></span> <span class='ocrx_word' id='word_1_136' title='bbox 3198 518 3441 587; x_wconf 89' lang='lat' dir='ltr'><strong>rapuisse</strong></span> 
     </span>
    </p>
   </div>
   <div class='ocr_carea' id='block_1_20' title="bbox 1859 601 3445 675">
    <p class='ocr_par' dir='ltr' id='par_1_20' title="bbox 1859 601 3445 675">
     <span class='ocr_line' id='line_1_20' title="bbox 1859 601 3445 675; baseline 0.006 -20"><span class='ocrx_word' id='word_1_137' title='bbox 1859 601 2147 668; x_wconf 80' lang='lat' dir='ltr'><strong>videbitur,</strong></span> <span class='ocrx_word' id='word_1_138' title='bbox 2175 604 2440 658; x_wconf 87' lang='lat' dir='ltr'><strong>restituat.</strong></span> <span class='ocrx_word' id='word_1_139' title='bbox 2474 603 2726 672; x_wconf 80' lang='lat' dir='ltr'><strong>Adeoque</strong></span> <span class='ocrx_word' id='word_1_140' title='bbox 2754 603 2885 673; x_wconf 86' lang='lat' dir='ltr'><strong>ip‘sis</strong></span> <span class='ocrx_word' id='word_1_141' title='bbox 2909 606 3069 661; x_wconf 88' lang='lat' dir='ltr'><strong>etiam</strong></span> <span class='ocrx_word' id='word_1_142' title='bbox 3100 608 3445 675; x_wconf 90' lang='lat' dir='ltr'><strong>provinciali-</strong></span> 
     </span>
    </p>
   </div>
   <div class='ocr_carea' id='block_1_21' title="bbox 1860 692 3448 764">
    <p class='ocr_par' dir='ltr' id='par_1_21' title="bbox 1860 692 3448 764">
     <span class='ocr_line' id='line_1_21' title="bbox 1860 692 3448 764; baseline 0.006 -16"><span class='ocrx_word' id='word_1_143' title='bbox 1860 692 1982 761; x_wconf 89' lang='lat' dir='ltr'><strong>bus,</strong></span> <span class='ocrx_word' id='word_1_144' title='bbox 2014 696 2056 749; x_wconf 91' lang='lat' dir='ltr'><strong>si</strong></span> <span class='ocrx_word' id='word_1_145' title='bbox 2091 693 2378 763; x_wconf 85' lang='lat' dir='ltr'><strong>praesidum</strong></span> <span class='ocrx_word' id='word_1_146' title='bbox 2424 695 2663 764; x_wconf 85' lang='lat' dir='ltr'><strong>rapinam</strong></span> <span class='ocrx_word' id='word_1_147' title='bbox 2695 698 2961 764; x_wconf 85' lang='lat' dir='ltr'><strong>sentiant,</strong></span> <span class='ocrx_word' id='word_1_148' title='bbox 2993 699 3258 756; x_wconf 88' lang='lat' dir='ltr'><strong>referendi</strong></span> <span class='ocrx_word' id='word_1_149' title='bbox 3288 716 3351 756; x_wconf 88' lang='lat' dir='ltr'><strong>ea</strong></span> <span class='ocrx_word' id='word_1_150' title='bbox 3378 702 3448 758; x_wconf 90' lang='lat' dir='ltr'><strong>ad</strong></span> 
     </span>
    </p>
   </div>
   <div class='ocr_carea' id='block_1_22' title="bbox 1862 785 3444 861">
    <p class='ocr_par' dir='ltr' id='par_1_22' title="bbox 1862 785 3444 861">
     <span class='ocr_line' id='line_1_22' title="bbox 1862 785 3444 861; baseline 0.006 -23"><span class='ocrx_word' id='word_1_151' title='bbox 1862 799 1962 839; x_wconf 91' lang='lat' dir='ltr'><strong>nos</strong></span> <span class='ocrx_word' id='word_1_152' title='bbox 1991 785 2257 841; x_wconf 85' lang='lat' dir='ltr'><strong>licentiam</strong></span> <span class='ocrx_word' id='word_1_153' title='bbox 2282 828 2297 853; x_wconf 93' lang='lat'><strong>,</strong></span> <span class='ocrx_word' id='word_1_154' title='bbox 2326 796 2420 842; x_wconf 89' lang='lat' dir='ltr'><strong>aut</strong></span> <span class='ocrx_word' id='word_1_155' title='bbox 2448 788 2624 857; x_wconf 89' lang='lat' dir='ltr'><strong>potius</strong></span> <span class='ocrx_word' id='word_1_156' title='bbox 2644 789 3020 846; x_wconf 89' lang='lat' dir='ltr'><strong>necessitatem</strong></span> <span class='ocrx_word' id='word_1_157' title='bbox 3052 794 3408 861; x_wconf 86' lang='lat' dir='ltr'><strong>permittimus</strong></span> <span class='ocrx_word' id='word_1_158' title='bbox 3427 836 3444 861; x_wconf 92' lang='lat'><strong>,</strong></span> 
     </span>
    </p>
   </div>
   <div class='ocr_carea' id='block_1_23' title="bbox 1863 878 3445 953">
    <p class='ocr_par' dir='ltr' id='par_1_23' title="bbox 1863 878 3445 953">
     <span class='ocr_line' id='line_1_23' title="bbox 1863 878 3445 953; baseline 0.006 -22"><span class='ocrx_word' id='word_1_159' title='bbox 1863 886 1920 931; x_wconf 92' lang='lat' dir='ltr'><strong>ut</strong></span> <span class='ocrx_word' id='word_1_160' title='bbox 1944 882 2048 931; x_wconf 78' lang='lat' dir='ltr'><strong>“nos</strong></span> <span class='ocrx_word' id='word_1_161' title='bbox 2076 878 2252 933; x_wconf 91' lang='lat' dir='ltr'><strong>edocti</strong></span> <span class='ocrx_word' id='word_1_162' title='bbox 2294 879 2435 948; x_wconf 90' lang='lat' dir='ltr'><strong>quod</strong></span> <span class='ocrx_word' id='word_1_163' title='bbox 2465 879 2684 935; x_wconf 90' lang='lat' dir='ltr'><strong>omnino</strong></span> <span class='ocrx_word' id='word_1_164' title='bbox 2709 882 2799 950; x_wconf 88' lang='lat' dir='ltr'><strong>jus</strong></span> <span class='ocrx_word' id='word_1_165' title='bbox 2839 897 2970 935; x_wconf 91' lang='lat' dir='ltr'><strong>auro</strong></span> <span class='ocrx_word' id='word_1_166' title='bbox 2999 884 3185 939; x_wconf 87' lang='lat' dir='ltr'><strong>venale</strong></span> <span class='ocrx_word' id='word_1_167' title='bbox 3231 886 3445 953; x_wconf 89' lang='lat' dir='ltr'><strong>habeat,</strong></span> 
     </span>
    </p>
   </div>
   <div class='ocr_carea' id='block_1_24' title="bbox 1864 969 3449 1044">
    <p class='ocr_par' dir='ltr' id='par_1_24' title="bbox 1864 969 3449 1044">
     <span class='ocr_line' id='line_1_24' title="bbox 1864 969 3449 1044; baseline 0.006 -20"><span class='ocrx_word' id='word_1_168' title='bbox 1864 969 2018 1024; x_wconf 70' lang='lat' dir='ltr'><strong>ultra.</strong></span> <span class='ocrx_word' id='word_1_169' title='bbox 2034 970 2275 1025; x_wconf 65' lang='lat' dir='ltr'><strong>caelestia</strong></span> <span class='ocrx_word' id='word_1_170' title='bbox 2319 970 2601 1041; x_wconf 81' lang='lat' dir='ltr'><strong>supplicia,</strong></span> <span class='ocrx_word' id='word_1_171' title='bbox 2632 972 2826 1041; x_wconf 87' lang='lat' dir='ltr'><strong>quibus</strong></span> <span class='ocrx_word' id='word_1_172' title='bbox 2857 982 2914 1027; x_wconf 94' lang='lat' dir='ltr'><strong>ut</strong></span> <span class='ocrx_word' id='word_1_173' title='bbox 2936 974 3305 1044; x_wconf 89' lang='lat' dir='ltr'><strong>jurisjurandi,</strong></span> <span class='ocrx_word' id='word_1_174' title='bbox 3348 979 3449 1035; x_wconf 89' lang='lat' dir='ltr'><strong>sub</strong></span> 
     </span>
    </p>
   </div>
   <div class='ocr_carea' id='block_1_25' title="bbox 1865 1064 3448 1138">
    <p class='ocr_par' dir='ltr' id='par_1_25' title="bbox 1865 1064 3448 1138">
     <span class='ocr_line' id='line_1_25' title="bbox 1865 1064 3448 1138; baseline 0.006 -22"><span class='ocrx_word' id='word_1_175' title='bbox 1865 1077 1970 1133; x_wconf 91' lang='lat' dir='ltr'><strong>quo</strong></span> <span class='ocrx_word' id='word_1_176' title='bbox 2016 1064 2387 1131; x_wconf 86' lang='lat' dir='ltr'><strong>magistratum</strong></span> <span class='ocrx_word' id='word_1_177' title='bbox 2437 1064 2707 1133; x_wconf 88' lang='lat' dir='ltr'><strong>suscepit,</strong></span> <span class='ocrx_word' id='word_1_178' title='bbox 2760 1065 2988 1121; x_wconf 87' lang='lat' dir='ltr'><strong>violator</strong></span> <span class='ocrx_word' id='word_1_179' title='bbox 3032 1078 3116 1123; x_wconf 90' lang='lat' dir='ltr'><strong>est</strong></span> <span class='ocrx_word' id='word_1_180' title='bbox 3160 1070 3448 1138; x_wconf 83' lang='lat' dir='ltr'><strong>obnoxius,</strong></span> 
     </span>
    </p>
   </div>
   <div class='ocr_carea' id='block_1_26' title="bbox 1865 1154 3097 1228">
    <p class='ocr_par' dir='ltr' id='par_1_26' title="bbox 1865 1154 3097 1228">
     <span class='ocr_line' id='line_1_26' title="bbox 1865 1154 3097 1228; baseline 0.003 -19"><span class='ocrx_word' id='word_1_181' title='bbox 1865 1154 2024 1209; x_wconf 88' lang='lat' dir='ltr'><strong>etiam</strong></span> <span class='ocrx_word' id='word_1_182' title='bbox 2054 1154 2324 1223; x_wconf 84' lang='lat' dir='ltr'><strong>praedictis</strong></span> <span class='ocrx_word' id='word_1_183' title='bbox 2353 1155 2501 1210; x_wconf 91' lang='lat' dir='ltr'><strong>illum</strong></span> <span class='ocrx_word' id='word_1_184' title='bbox 2532 1157 2704 1225; x_wconf 71' lang='lat' dir='ltr'><strong>pmnis</strong></span> <span class='ocrx_word' id='word_1_185' title='bbox 2730 1157 3097 1228; x_wconf 87' lang='lat' dir='ltr'><strong>subjiciamus.</strong></span> 
     </span>
    </p>
   </div>
   <div class='ocr_carea' id='block_1_27' title="bbox 1938 1247 3453 1319">
    <p class='ocr_par' dir='ltr' id='par_1_27' title="bbox 1938 1247 3453 1319">
     <span class='ocr_line' id='line_1_27' title="bbox 1938 1247 3453 1319; baseline 0.005 -18"><span class='ocrx_word' id='word_1_186' title='bbox 1938 1247 1994 1301; x_wconf 90' lang='lat' dir='ltr'><strong>Si</strong></span> <span class='ocrx_word' id='word_1_187' title='bbox 2038 1257 2215 1302; x_wconf 90' lang='lat' dir='ltr'><strong>autem</strong></span> <span class='ocrx_word' id='word_1_188' title='bbox 2249 1248 2476 1303; x_wconf 91' lang='lat' dir='ltr'><strong>voluerit</strong></span> <span class='ocrx_word' id='word_1_189' title='bbox 2500 1264 2565 1303; x_wconf 91' lang='lat' dir='ltr'><strong>ex</strong></span> <span class='ocrx_word' id='word_1_190' title='bbox 2596 1265 2911 1319; x_wconf 89' lang='lat' dir='ltr'><strong>quacunque</strong></span> <span class='ocrx_word' id='word_1_191' title='bbox 2939 1265 3124 1317; x_wconf 88' lang='lat' dir='ltr'><strong>causa,</strong></span> <span class='ocrx_word' id='word_1_192' title='bbox 3159 1268 3263 1308; x_wconf 93' lang='lat' dir='ltr'><strong>non</strong></span> <span class='ocrx_word' id='word_1_193' title='bbox 3306 1269 3453 1309; x_wconf 92' lang='lat' dir='ltr'><strong>com-</strong></span> 
     </span>
    </p>
   </div>
   <div class='ocr_carea' id='block_1_28' title="bbox 1869 1337 3455 1415">
    <p class='ocr_par' dir='ltr' id='par_1_28' title="bbox 1869 1337 3455 1415">
     <span class='ocr_line' id='line_1_28' title="bbox 1869 1337 3455 1415; baseline 0.008 -27"><span class='ocrx_word' id='word_1_194' title='bbox 1869 1337 2023 1406; x_wconf 91' lang='lat' dir='ltr'><strong>pletis</strong></span> <span class='ocrx_word' id='word_1_195' title='bbox 2048 1340 2431 1410; x_wconf 87' lang='lat' dir='ltr'><strong>quinquaginta</strong></span> <span class='ocrx_word' id='word_1_196' title='bbox 2457 1340 2667 1406; x_wconf 91' lang='lat' dir='ltr'><strong>diebus,</strong></span> <span class='ocrx_word' id='word_1_197' title='bbox 2700 1356 2764 1396; x_wconf 88' lang='lat' dir='ltr'><strong>ex</strong></span> <span class='ocrx_word' id='word_1_198' title='bbox 2798 1344 3071 1410; x_wconf 88' lang='lat' dir='ltr'><strong>provincia</strong></span> <span class='ocrx_word' id='word_1_199' title='bbox 3099 1344 3303 1415; x_wconf 82' lang='lat' dir='ltr'><strong>fugere,</strong></span> <span class='ocrx_word' id='word_1_200' title='bbox 3330 1356 3455 1401; x_wconf 90' lang='lat' dir='ltr'><strong>tunc</strong></span> 
     </span>
    </p>
   </div>
   <div class='ocr_carea' id='block_1_29' title="bbox 1868 1431 3455 1505">
    <p class='ocr_par' dir='ltr' id='par_1_29' title="bbox 1868 1431 3455 1505">
     <span class='ocr_line' id='line_1_29' title="bbox 1868 1431 3455 1505; baseline 0.006 -20"><span class='ocrx_word' id='word_1_201' title='bbox 1868 1431 2291 1501; x_wconf 90' lang='lat' dir='ltr'><strong>comprehensus</strong></span> <span class='ocrx_word' id='word_1_202' title='bbox 2309 1475 2324 1499; x_wconf 94' lang='lat'><strong>,</strong></span> <span class='ocrx_word' id='word_1_203' title='bbox 2356 1434 2663 1502; x_wconf 90' lang='lat' dir='ltr'><strong>ubicunque</strong></span> <span class='ocrx_word' id='word_1_204' title='bbox 2688 1434 2883 1505; x_wconf 84' lang='lat' dir='ltr'><strong>degere</strong></span> <span class='ocrx_word' id='word_1_205' title='bbox 2906 1436 3140 1503; x_wconf 89' lang='lat' dir='ltr'><strong>videtur,</strong></span> <span class='ocrx_word' id='word_1_206' title='bbox 3181 1438 3455 1494; x_wconf 90' lang='lat' dir='ltr'><strong>revocabi-</strong></span> 
     </span>
    </p>
   </div>
   <div class='ocr_carea' id='block_1_30' title="bbox 1869 1522 3453 1597">
    <p class='ocr_par' dir='ltr' id='par_1_30' title="bbox 1869 1522 3453 1597">
     <span class='ocr_line' id='line_1_30' title="bbox 1869 1522 3453 1597; baseline 0.006 -22"><span class='ocrx_word' id='word_1_207' title='bbox 1869 1529 1955 1576; x_wconf 88' lang='lat' dir='ltr'><strong>tur</strong></span> <span class='ocrx_word' id='word_1_208' title='bbox 1997 1522 2213 1590; x_wconf 83' lang='lat' dir='ltr'><strong>quidem</strong></span> <span class='ocrx_word' id='word_1_209' title='bbox 2246 1524 2298 1577; x_wconf 93' lang='lat' dir='ltr'><strong>in</strong></span> <span class='ocrx_word' id='word_1_210' title='bbox 2349 1524 2701 1593; x_wconf 89' lang='lat' dir='ltr'><strong>provinciam,</strong></span> <span class='ocrx_word' id='word_1_211' title='bbox 2755 1526 2808 1580; x_wconf 92' lang='lat' dir='ltr'><strong>in</strong></span> <span class='ocrx_word' id='word_1_212' title='bbox 2859 1542 2962 1597; x_wconf 90' lang='lat' dir='ltr'><strong>qua</strong></span> <span class='ocrx_word' id='word_1_213' title='bbox 3010 1528 3453 1597; x_wconf 90' lang='lat' dir='ltr'><strong>administrabat;</strong></span> 
     </span>
    </p>
   </div>
   <div class='ocr_carea' id='block_1_31' title="bbox 1868 1615 3459 1689">
    <p class='ocr_par' dir='ltr' id='par_1_31' title="bbox 1868 1615 3459 1689">
     <span class='ocr_line' id='line_1_31' title="bbox 1868 1615 3459 1689; baseline 0.006 -22"><span class='ocrx_word' id='word_1_214' title='bbox 1868 1626 2028 1668; x_wconf 91' lang='lat' dir='ltr'><strong>omne</strong></span> <span class='ocrx_word' id='word_1_215' title='bbox 2057 1629 2187 1670; x_wconf 92' lang='lat' dir='ltr'><strong>vero</strong></span> <span class='ocrx_word' id='word_1_216' title='bbox 2231 1615 2377 1684; x_wconf 92' lang='lat' dir='ltr'><strong>quod</strong></span> <span class='ocrx_word' id='word_1_217' title='bbox 2408 1615 2660 1672; x_wconf 89' lang='lat' dir='ltr'><strong>inventus</strong></span> <span class='ocrx_word' id='word_1_218' title='bbox 2691 1618 2852 1672; x_wconf 86' lang='lat' dir='ltr'><strong>fuerit</strong></span> <span class='ocrx_word' id='word_1_219' title='bbox 2877 1619 3178 1689; x_wconf 88' lang='lat' dir='ltr'><strong>accepisse,</strong></span> <span class='ocrx_word' id='word_1_220' title='bbox 3209 1622 3459 1677; x_wconf 87' lang='lat' dir='ltr'><strong>restituat</strong></span> 
     </span>
    </p>
   </div>
   <div class='ocr_carea' id='block_1_32' title="bbox 1871 1705 2324 1775">
    <p class='ocr_par' dir='ltr' id='par_1_32' title="bbox 1871 1705 2324 1775">
     <span class='ocr_line' id='line_1_32' title="bbox 1871 1705 2324 1775; baseline 0.004 -15"><span class='ocrx_word' id='word_1_221' title='bbox 1871 1706 1925 1760; x_wconf 90' lang='lat' dir='ltr'><strong>in</strong></span> <span class='ocrx_word' id='word_1_222' title='bbox 1948 1705 2324 1775; x_wconf 89' lang='lat' dir='ltr'><strong>quadruplum.</strong></span> 
     </span>
    </p>
   </div>
   <div class='ocr_carea' id='block_1_33' title="bbox 180 1797 3457 1875">
    <p class='ocr_par' dir='ltr' id='par_1_33' title="bbox 180 1797 3457 1875">
     <span class='ocr_line' id='line_1_33' title="bbox 180 1797 3457 1875; baseline -0.002 -12"><span class='ocrx_word' id='word_1_223' title='bbox 180 1822 287 1863; x_wconf 88' lang='lat' dir='ltr'><strong>non</strong></span> <span class='ocrx_word' id='word_1_224' title='bbox 316 1806 614 1870; x_wconf 82' lang='lat' dir='ltr'><strong>existimet,</strong></span> <span class='ocrx_word' id='word_1_225' title='bbox 646 1805 736 1875; x_wconf 91' lang='lat' dir='ltr'><strong>qui</strong></span> <span class='ocrx_word' id='word_1_226' title='bbox 765 1805 830 1859; x_wconf 89' lang='lat' dir='ltr'><strong>ad</strong></span> <span class='ocrx_word' id='word_1_227' title='bbox 874 1804 1108 1859; x_wconf 89' lang='lat' dir='ltr'><strong>ofﬁcium</strong></span> <span class='ocrx_word' id='word_1_228' title='bbox 1136 1803 1504 1874; x_wconf 80' lang='lat' dir='ltr'><strong>proﬁciscatur</strong></span> <span class='ocrx_word' id='word_1_229' title='bbox 1531 1817 1635 1858; x_wconf 91' lang='lat' dir='ltr'><strong>non</strong></span> <span class='ocrx_word' id='word_1_230' title='bbox 1677 1817 1767 1856; x_wconf 86' lang='lat' dir='ltr'><strong>so-</strong></span> <span class='ocrx_word' id='word_1_231' title='bbox 1794 1797 1844 1857; x_wconf 89' lang='lat' dir='ltr'><strong>B</strong></span> <span class='ocrx_word' id='word_1_232' title='bbox 1943 1797 2038 1852; x_wconf 87' lang='lat' dir='ltr'><strong>[llo</strong></span> <span class='ocrx_word' id='word_1_233' title='bbox 2066 1797 2274 1853; x_wconf 89' lang='lat' dir='ltr'><strong>scilicet</strong></span> <span class='ocrx_word' id='word_1_234' title='bbox 2295 1798 2631 1855; x_wconf 87' lang='lat' dir='ltr'><strong>observando</strong></span> <span class='ocrx_word' id='word_1_235' title='bbox 2653 1843 2667 1869; x_wconf 90' lang='lat'><strong>,</strong></span> <span class='ocrx_word' id='word_1_236' title='bbox 2703 1800 2753 1855; x_wconf 92' lang='lat' dir='ltr'><strong>in</strong></span> <span class='ocrx_word' id='word_1_237' title='bbox 2785 1801 2934 1855; x_wconf 91' lang='lat' dir='ltr'><strong>nullo</strong></span> <span class='ocrx_word' id='word_1_238' title='bbox 2964 1802 3071 1856; x_wconf 89' lang='lat' dir='ltr'><strong>alio</strong></span> <span class='ocrx_word' id='word_1_239' title='bbox 3114 1804 3339 1859; x_wconf 89' lang='lat' dir='ltr'><strong>subditis</strong></span> <span class='ocrx_word' id='word_1_240' title='bbox 3364 1818 3457 1858; x_wconf 83' lang='lat' dir='ltr'><strong>no-</strong></span> 
     </span>
    </p>
   </div>
   <div class='ocr_carea' id='block_1_34' title="bbox 180 1894 1762 1965">
    <p class='ocr_par' dir='ltr' id='par_1_34' title="bbox 180 1894 1762 1965">
     <span class='ocr_line' id='line_1_34' title="bbox 180 1894 1762 1965; baseline -0.004 -11"><span class='ocrx_word' id='word_1_241' title='bbox 180 1900 291 1954; x_wconf 90' lang='lat' dir='ltr'><strong>lum</strong></span> <span class='ocrx_word' id='word_1_242' title='bbox 316 1906 501 1953; x_wconf 90' lang='lat' dir='ltr'><strong>nostro</strong></span> <span class='ocrx_word' id='word_1_243' title='bbox 529 1898 743 1953; x_wconf 89' lang='lat' dir='ltr'><strong>decreto</strong></span> <span class='ocrx_word' id='word_1_244' title='bbox 770 1906 823 1951; x_wconf 91' lang='lat' dir='ltr'><strong>et</strong></span> <span class='ocrx_word' id='word_1_245' title='bbox 846 1896 1049 1965; x_wconf 90' lang='lat' dir='ltr'><strong>judicio</strong></span> <span class='ocrx_word' id='word_1_246' title='bbox 1077 1897 1151 1950; x_wconf 93' lang='lat' dir='ltr'><strong>tui</strong></span> <span class='ocrx_word' id='word_1_247' title='bbox 1172 1894 1421 1950; x_wconf 86' lang='lat' dir='ltr'><strong>cuiminis</strong></span> <span class='ocrx_word' id='word_1_248' title='bbox 1447 1895 1762 1964; x_wconf 81' lang='lat' dir='ltr'><strong>comproba-</strong></span> 
     </span>
    </p>
   </div>
   <div class='ocr_carea' id='block_1_35' title="bbox 181 1987 1764 2061">
    <p class='ocr_par' dir='ltr' id='par_1_35' title="bbox 181 1987 1764 2061">
     <span class='ocr_line' id='line_1_35' title="bbox 181 1987 1764 2061; baseline -0.003 -14"><span class='ocrx_word' id='word_1_249' title='bbox 181 2001 288 2059; x_wconf 88' lang='lat' dir='ltr'><strong>tus,</strong></span> <span class='ocrx_word' id='word_1_250' title='bbox 320 1992 443 2061; x_wconf 83' lang='lat' dir='ltr'><strong>quia</strong></span> <span class='ocrx_word' id='word_1_251' title='bbox 474 1989 612 2059; x_wconf 86' lang='lat' dir='ltr'><strong>frugi</strong></span> <span class='ocrx_word' id='word_1_252' title='bbox 641 2000 696 2045; x_wconf 91' lang='lat' dir='ltr'><strong>et</strong></span> <span class='ocrx_word' id='word_1_253' title='bbox 725 1990 895 2045; x_wconf 91' lang='lat' dir='ltr'><strong>bonus</strong></span> <span class='ocrx_word' id='word_1_254' title='bbox 925 1991 1006 2044; x_wconf 90' lang='lat' dir='ltr'><strong>vir</strong></span> <span class='ocrx_word' id='word_1_255' title='bbox 1035 1989 1137 2053; x_wconf 90' lang='lat' dir='ltr'><strong>sit,</strong></span> <span class='ocrx_word' id='word_1_256' title='bbox 1168 2004 1355 2044; x_wconf 91' lang='lat' dir='ltr'><strong>verum</strong></span> <span class='ocrx_word' id='word_1_257' title='bbox 1399 1987 1558 2053; x_wconf 83' lang='lat' dir='ltr'><strong>etiam</strong></span> <span class='ocrx_word' id='word_1_258' title='bbox 1600 1988 1764 2057; x_wconf 86' lang='lat' dir='ltr'><strong>gratis</strong></span> 
     </span>
    </p>
   </div>
   <div class='ocr_carea' id='block_1_36' title="bbox 181 2078 1765 2152">
    <p class='ocr_par' dir='ltr' id='par_1_36' title="bbox 181 2078 1765 2152">
     <span class='ocr_line' id='line_1_36' title="bbox 181 2078 1765 2152; baseline -0.004 -14"><span class='ocrx_word' id='word_1_259' title='bbox 181 2084 294 2152; x_wconf 89' lang='lat' dir='ltr'><strong>ipsa</strong></span> <span class='ocrx_word' id='word_1_260' title='bbox 319 2082 781 2136; x_wconf 85' lang='lat' dir='ltr'><strong>administratione</strong></span> <span class='ocrx_word' id='word_1_261' title='bbox 803 2089 1070 2148; x_wconf 91' lang='lat' dir='ltr'><strong>suscepta,</strong></span> <span class='ocrx_word' id='word_1_262' title='bbox 1100 2094 1272 2149; x_wconf 87' lang='lat' dir='ltr'><strong>neque</strong></span> <span class='ocrx_word' id='word_1_263' title='bbox 1300 2079 1390 2134; x_wconf 92' lang='lat' dir='ltr'><strong>ulli</strong></span> <span class='ocrx_word' id='word_1_264' title='bbox 1420 2078 1637 2133; x_wconf 91' lang='lat' dir='ltr'><strong>omnino</strong></span> <span class='ocrx_word' id='word_1_265' title='bbox 1671 2092 1765 2146; x_wconf 87' lang='lat' dir='ltr'><strong>per</strong></span> 
     </span>
    </p>
   </div>
   <div class='ocr_carea' id='block_1_37' title="bbox 182 2166 1765 2243">
    <p class='ocr_par' dir='ltr' id='par_1_37' title="bbox 182 2166 1765 2243">
     <span class='ocr_line' id='line_1_37' title="bbox 182 2166 1765 2243; baseline -0.006 -14"><span class='ocrx_word' id='word_1_266' title='bbox 182 2173 505 2243; x_wconf 86' lang='lat' dir='ltr'><strong>provinciam</strong></span> <span class='ocrx_word' id='word_1_267' title='bbox 539 2173 741 2227; x_wconf 71' lang='lat' dir='ltr'><strong>vitiosa:</strong></span> <span class='ocrx_word' id='word_1_268' title='bbox 767 2173 845 2227; x_wconf 89' lang='lat' dir='ltr'><strong>rei</strong></span> <span class='ocrx_word' id='word_1_269' title='bbox 874 2172 1120 2240; x_wconf 88' lang='lat' dir='ltr'><strong>deditus,</strong></span> <span class='ocrx_word' id='word_1_270' title='bbox 1153 2171 1238 2226; x_wconf 90' lang='lat' dir='ltr'><strong>vel</strong></span> <span class='ocrx_word' id='word_1_271' title='bbox 1262 2170 1531 2240; x_wconf 90' lang='lat' dir='ltr'><strong>quomodo</strong></span> <span class='ocrx_word' id='word_1_272' title='bbox 1557 2184 1656 2238; x_wconf 90' lang='lat' dir='ltr'><strong>pro</strong></span> <span class='ocrx_word' id='word_1_273' title='bbox 1685 2166 1765 2223; x_wconf 87' lang='lat' dir='ltr'><strong>of-</strong></span> 
     </span>
    </p>
   </div>
   <div class='ocr_carea' id='block_1_38' title="bbox 183 2263 1764 2334">
    <p class='ocr_par' dir='ltr' id='par_1_38' title="bbox 183 2263 1764 2334">
     <span class='ocr_line' id='line_1_38' title="bbox 183 2263 1764 2334; baseline -0.005 -12"><span class='ocrx_word' id='word_1_274' title='bbox 183 2267 304 2323; x_wconf 84' lang='lat' dir='ltr'><strong>ﬁcio</strong></span> <span class='ocrx_word' id='word_1_275' title='bbox 333 2274 664 2321; x_wconf 87' lang='lat' dir='ltr'><strong>numeratam</strong></span> <span class='ocrx_word' id='word_1_276' title='bbox 695 2266 980 2334; x_wconf 89' lang='lat' dir='ltr'><strong>pecuniam</strong></span> <span class='ocrx_word' id='word_1_277' title='bbox 1009 2264 1281 2326; x_wconf 91' lang='lat' dir='ltr'><strong>corrodat,</strong></span> <span class='ocrx_word' id='word_1_278' title='bbox 1300 2263 1380 2315; x_wconf 90' lang='lat' dir='ltr'><strong>vel</strong></span> <span class='ocrx_word' id='word_1_279' title='bbox 1413 2264 1552 2316; x_wconf 90' lang='lat' dir='ltr'><strong>unde</strong></span> <span class='ocrx_word' id='word_1_280' title='bbox 1576 2275 1764 2315; x_wconf 89' lang='lat' dir='ltr'><strong>aurum</strong></span> 
     </span>
    </p>
   </div>
   <div class='ocr_carea' id='block_1_39' title="bbox 181 2352 1766 2426">
    <p class='ocr_par' dir='ltr' id='par_1_39' title="bbox 181 2352 1766 2426">
     <span class='ocr_line' id='line_1_39' title="bbox 181 2352 1766 2426; baseline -0.006 -11"><span class='ocrx_word' id='word_1_281' title='bbox 181 2357 239 2415; x_wconf 87' lang='lat' dir='ltr'><strong>in</strong></span> <span class='ocrx_word' id='word_1_282' title='bbox 266 2372 392 2413; x_wconf 91' lang='lat' dir='ltr'><strong>usus</strong></span> <span class='ocrx_word' id='word_1_283' title='bbox 421 2371 546 2412; x_wconf 90' lang='lat' dir='ltr'><strong>suos</strong></span> <span class='ocrx_word' id='word_1_284' title='bbox 575 2356 811 2426; x_wconf 80' lang='lat' dir='ltr'><strong>colligat,</strong></span> <span class='ocrx_word' id='word_1_285' title='bbox 845 2356 939 2411; x_wconf 92' lang='lat' dir='ltr'><strong>sed</strong></span> <span class='ocrx_word' id='word_1_286' title='bbox 970 2357 1020 2410; x_wconf 93' lang='lat' dir='ltr'><strong>in</strong></span> <span class='ocrx_word' id='word_1_287' title='bbox 1071 2356 1173 2410; x_wconf 90' lang='lat' dir='ltr'><strong>hoc</strong></span> <span class='ocrx_word' id='word_1_288' title='bbox 1203 2362 1404 2408; x_wconf 84' lang='lat' dir='ltr'><strong>tantum</strong></span> <span class='ocrx_word' id='word_1_289' title='bbox 1447 2352 1620 2407; x_wconf 90' lang='lat' dir='ltr'><strong>studia</strong></span> <span class='ocrx_word' id='word_1_290' title='bbox 1670 2367 1766 2406; x_wconf 90' lang='lat' dir='ltr'><strong>sua</strong></span> 
     </span>
    </p>
   </div>
   <div class='ocr_carea' id='block_1_40' title="bbox 182 2443 1762 2514">
    <p class='ocr_par' dir='ltr' id='par_1_40' title="bbox 182 2443 1762 2514">
     <span class='ocr_line' id='line_1_40' title="bbox 182 2443 1762 2514; baseline -0.006 -9"><span class='ocrx_word' id='word_1_291' title='bbox 182 2448 452 2514; x_wconf 87' lang='lat' dir='ltr'><strong>conferat,</strong></span> <span class='ocrx_word' id='word_1_292' title='bbox 484 2460 540 2504; x_wconf 94' lang='lat' dir='ltr'><strong>ut</strong></span> <span class='ocrx_word' id='word_1_293' title='bbox 581 2448 692 2503; x_wconf 90' lang='lat' dir='ltr'><strong>Deo</strong></span> <span class='ocrx_word' id='word_1_294' title='bbox 718 2462 777 2502; x_wconf 91' lang='lat' dir='ltr'><strong>se</strong></span> <span class='ocrx_word' id='word_1_295' title='bbox 805 2455 862 2502; x_wconf 89' lang='lat' dir='ltr'><strong>et</strong></span> <span class='ocrx_word' id='word_1_296' title='bbox 890 2446 1045 2502; x_wconf 89' lang='lat' dir='ltr'><strong>nobis</strong></span> <span class='ocrx_word' id='word_1_297' title='bbox 1073 2445 1506 2501; x_wconf 89' lang='lat' dir='ltr'><strong>commendatum</strong></span> <span class='ocrx_word' id='word_1_298' title='bbox 1551 2443 1762 2509; x_wconf 85' lang='lat' dir='ltr'><strong>reddat,</strong></span> 
     </span>
    </p>
   </div>
   <div class='ocr_carea' id='block_1_41' title="bbox 180 2537 1769 2612">
    <p class='ocr_par' dir='ltr' id='par_1_41' title="bbox 180 2537 1769 2612">
     <span class='ocr_line' id='line_1_41' title="bbox 180 2537 1769 2612; baseline -0.004 -14"><span class='ocrx_word' id='word_1_299' title='bbox 180 2541 486 2612; x_wconf 89' lang='lat' dir='ltr'><strong>bonumque</strong></span> <span class='ocrx_word' id='word_1_300' title='bbox 515 2551 569 2596; x_wconf 90' lang='lat' dir='ltr'><strong>et</strong></span> <span class='ocrx_word' id='word_1_301' title='bbox 596 2539 946 2597; x_wconf 90' lang='lat' dir='ltr'><strong>memorabile</strong></span> <span class='ocrx_word' id='word_1_302' title='bbox 974 2554 1167 2595; x_wconf 91' lang='lat' dir='ltr'><strong>nomen</strong></span> <span class='ocrx_word' id='word_1_303' title='bbox 1188 2547 1566 2608; x_wconf 87' lang='lat' dir='ltr'><strong>consequatur,</strong></span> <span class='ocrx_word' id='word_1_304' title='bbox 1598 2552 1660 2592; x_wconf 89' lang='lat' dir='ltr'><strong>ac</strong></span> <span class='ocrx_word' id='word_1_305' title='bbox 1684 2537 1769 2591; x_wconf 84' lang='lat' dir='ltr'><strong>fu-</strong></span> 
     </span>
    </p>
   </div>
   <div class='ocr_carea' id='block_1_42' title="bbox 186 2630 1768 2703">
    <p class='ocr_par' dir='ltr' id='par_1_42' title="bbox 186 2630 1768 2703">
     <span class='ocr_line' id='line_1_42' title="bbox 186 2630 1768 2703; baseline -0.002 -15"><span class='ocrx_word' id='word_1_306' title='bbox 186 2640 320 2688; x_wconf 72' lang='lat' dir='ltr'><strong>tum</strong></span> <span class='ocrx_word' id='word_1_307' title='bbox 348 2647 378 2687; x_wconf 91' lang='lat' dir='ltr'><strong>a</strong></span> <span class='ocrx_word' id='word_1_308' title='bbox 406 2633 561 2688; x_wconf 91' lang='lat' dir='ltr'><strong>nobis</strong></span> <span class='ocrx_word' id='word_1_309' title='bbox 588 2632 779 2703; x_wconf 68' lang='lat' dir='ltr'><strong>ampla:</strong></span> <span class='ocrx_word' id='word_1_310' title='bbox 826 2632 1272 2688; x_wconf 87' lang='lat' dir='ltr'><strong>remunerationis</strong></span> <span class='ocrx_word' id='word_1_311' title='bbox 1298 2646 1447 2701; x_wconf 89' lang='lat' dir='ltr'><strong>spem</strong></span> <span class='ocrx_word' id='word_1_312' title='bbox 1477 2630 1579 2685; x_wconf 91' lang='lat' dir='ltr'><strong>sibi</strong></span> <span class='ocrx_word' id='word_1_313' title='bbox 1609 2645 1768 2686; x_wconf 92' lang='lat' dir='ltr'><strong>com-</strong></span> 
     </span>
    </p>
   </div>
   <div class='ocr_carea' id='block_1_43' title="bbox 183 2725 378 2796">
    <p class='ocr_par' dir='ltr' id='par_1_43' title="bbox 183 2725 378 2796">
     <span class='ocr_line' id='line_1_43' title="bbox 183 2725 378 2796; baseline -0.021 -15"><span class='ocrx_word' id='word_1_314' title='bbox 183 2734 336 2796; x_wconf 85' lang='lat' dir='ltr'><strong>paret</strong></span> <span class='ocrx_word' id='word_1_315' title='bbox 355 2725 378 2777; x_wconf 87' lang='lat'><strong>?</strong></span> 
     </span>
    </p>
   </div>
   <div class='ocr_carea' id='block_1_44' title="bbox 254 2814 1767 2885">
    <p class='ocr_par' dir='ltr' id='par_1_44' title="bbox 254 2814 1767 2885">
     <span class='ocr_line' id='line_1_44' title="bbox 254 2814 1767 2885; baseline -0.001 -15"><span class='ocrx_word' id='word_1_316' title='bbox 254 2816 516 2870; x_wconf 62' lang='lat' dir='ltr'><strong>Caeterum</strong></span> <span class='ocrx_word' id='word_1_317' title='bbox 564 2817 610 2870; x_wconf 88' lang='lat' dir='ltr'><strong>si</strong></span> <span class='ocrx_word' id='word_1_318' title='bbox 651 2818 771 2885; x_wconf 90' lang='lat' dir='ltr'><strong>quis</strong></span> <span class='ocrx_word' id='word_1_319' title='bbox 800 2817 915 2871; x_wconf 63' lang='lat' dir='ltr'><strong>haec</strong></span> <span class='ocrx_word' id='word_1_320' title='bbox 964 2825 1150 2871; x_wconf 90' lang='lat' dir='ltr'><strong>contra</strong></span> <span class='ocrx_word' id='word_1_321' title='bbox 1198 2815 1326 2885; x_wconf 92' lang='lat' dir='ltr'><strong>quid</strong></span> <span class='ocrx_word' id='word_1_322' title='bbox 1377 2814 1584 2882; x_wconf 88' lang='lat' dir='ltr'><strong>fecerit,</strong></span> <span class='ocrx_word' id='word_1_323' title='bbox 1631 2815 1767 2869; x_wconf 90' lang='lat' dir='ltr'><strong>sciat</strong></span> 
     </span>
    </p>
   </div>
   <div class='ocr_carea' id='block_1_45' title="bbox 181 2906 1764 2983">
    <p class='ocr_par' dir='ltr' id='par_1_45' title="bbox 181 2906 1764 2983">
     <span class='ocr_line' id='line_1_45' title="bbox 181 2906 1764 2983; baseline -0.004 -16"><span class='ocrx_word' id='word_1_324' title='bbox 181 2911 323 2983; x_wconf 86' lang='lat' dir='ltr'><strong>quod</strong></span> <span class='ocrx_word' id='word_1_325' title='bbox 355 2908 515 2965; x_wconf 91' lang='lat' dir='ltr'><strong>etiam</strong></span> <span class='ocrx_word' id='word_1_326' title='bbox 545 2906 1022 2963; x_wconf 84' lang='lat' dir='ltr'><strong>administrationis</strong></span> <span class='ocrx_word' id='word_1_327' title='bbox 1046 2916 1306 2975; x_wconf 91' lang='lat' dir='ltr'><strong>tempore,</strong></span> <span class='ocrx_word' id='word_1_328' title='bbox 1337 2922 1441 2974; x_wconf 89' lang='lat' dir='ltr'><strong>quo</strong></span> <span class='ocrx_word' id='word_1_329' title='bbox 1466 2906 1629 2975; x_wconf 83' lang='lat' dir='ltr'><strong>jndex</strong></span> <span class='ocrx_word' id='word_1_330' title='bbox 1661 2916 1764 2971; x_wconf 89' lang='lat' dir='ltr'><strong>est,</strong></span> 
     </span>
    </p>
   </div>
   <div class='ocr_carea' id='block_1_46' title="bbox 182 2997 1768 3070">
    <p class='ocr_par' dir='ltr' id='par_1_46' title="bbox 182 2997 1768 3070">
     <span class='ocr_line' id='line_1_46' title="bbox 182 2997 1768 3070; baseline -0.005 -13"><span class='ocrx_word' id='word_1_331' title='bbox 182 3000 314 3057; x_wconf 87' lang='lat' dir='ltr'><strong>furti</strong></span> <span class='ocrx_word' id='word_1_332' title='bbox 341 3015 465 3070; x_wconf 80' lang='lat' dir='ltr'><strong>rcus</strong></span> <span class='ocrx_word' id='word_1_333' title='bbox 488 3000 862 3069; x_wconf 87' lang='lat' dir='ltr'><strong>postulabitur.</strong></span> <span class='ocrx_word' id='word_1_334' title='bbox 892 2998 956 3054; x_wconf 86' lang='lat' dir='ltr'><strong>Et</strong></span> <span class='ocrx_word' id='word_1_335' title='bbox 981 2997 1191 3066; x_wconf 91' lang='lat' dir='ltr'><strong>quidem</strong></span> <span class='ocrx_word' id='word_1_336' title='bbox 1217 2998 1261 3051; x_wconf 93' lang='lat' dir='ltr'><strong>si</strong></span> <span class='ocrx_word' id='word_1_337' title='bbox 1289 3005 1345 3050; x_wconf 91' lang='lat' dir='ltr'><strong>ut</strong></span> <span class='ocrx_word' id='word_1_338' title='bbox 1372 2998 1452 3051; x_wconf 88' lang='lat' dir='ltr'><strong>vel</strong></span> <span class='ocrx_word' id='word_1_339' title='bbox 1487 2998 1768 3066; x_wconf 86' lang='lat' dir='ltr'><strong>magistra-</strong></span> 
     </span>
    </p>
   </div>
   <div class='ocr_carea' id='block_1_47' title="bbox 181 3088 1767 3163">
    <p class='ocr_par' dir='ltr' id='par_1_47' title="bbox 181 3088 1767 3163">
     <span class='ocr_line' id='line_1_47' title="bbox 181 3088 1767 3163; baseline -0.006 -13"><span class='ocrx_word' id='word_1_340' title='bbox 181 3104 294 3150; x_wconf 89' lang='lat' dir='ltr'><strong>tum</strong></span> <span class='ocrx_word' id='word_1_341' title='bbox 325 3094 646 3163; x_wconf 88' lang='lat' dir='ltr'><strong>perciperet,</strong></span> <span class='ocrx_word' id='word_1_342' title='bbox 680 3091 767 3145; x_wconf 92' lang='lat' dir='ltr'><strong>vel</strong></span> <span class='ocrx_word' id='word_1_343' title='bbox 794 3105 861 3145; x_wconf 87' lang='lat' dir='ltr'><strong>ex</strong></span> <span class='ocrx_word' id='word_1_344' title='bbox 894 3092 1203 3158; x_wconf 85' lang='lat' dir='ltr'><strong>magistratu</strong></span> <span class='ocrx_word' id='word_1_345' title='bbox 1249 3088 1512 3156; x_wconf 88' lang='lat' dir='ltr'><strong>reciperet</strong></span> <span class='ocrx_word' id='word_1_346' title='bbox 1539 3088 1767 3158; x_wconf 87' lang='lat' dir='ltr'><strong>(utrum-</strong></span> 
     </span>
    </p>
   </div>
   <div class='ocr_carea' id='block_1_48' title="bbox 182 3178 1768 3258">
    <p class='ocr_par' dir='ltr' id='par_1_48' title="bbox 182 3178 1768 3258">
     <span class='ocr_line' id='line_1_48' title="bbox 182 3178 1768 3258; baseline -0.007 -15"><span class='ocrx_word' id='word_1_347' title='bbox 182 3203 287 3258; x_wconf 90' lang='lat' dir='ltr'><strong>que</strong></span> <span class='ocrx_word' id='word_1_348' title='bbox 313 3187 454 3241; x_wconf 92' lang='lat' dir='ltr'><strong>enim</strong></span> <span class='ocrx_word' id='word_1_349' title='bbox 481 3199 632 3254; x_wconf 70' lang='lat' dir='ltr'><strong>mque</strong></span> <span class='ocrx_word' id='word_1_350' title='bbox 663 3183 833 3237; x_wconf 68' lang='lat' dir='ltr'><strong>haeret</strong></span> <span class='ocrx_word' id='word_1_351' title='bbox 855 3183 908 3236; x_wconf 91' lang='lat' dir='ltr'><strong>in</strong></span> <span class='ocrx_word' id='word_1_352' title='bbox 937 3180 1182 3250; x_wconf 88' lang='lat' dir='ltr'><strong>crimine)</strong></span> <span class='ocrx_word' id='word_1_353' title='bbox 1219 3194 1409 3234; x_wconf 88' lang='lat' dir='ltr'><strong>aurum</strong></span> <span class='ocrx_word' id='word_1_354' title='bbox 1435 3178 1647 3234; x_wconf 86' lang='lat' dir='ltr'><strong>dedisse</strong></span> <span class='ocrx_word' id='word_1_355' title='bbox 1690 3178 1768 3232; x_wconf 88' lang='lat' dir='ltr'><strong>vi-</strong></span> 
     </span>
    </p>
   </div>
   <div class='ocr_carea' id='block_1_49' title="bbox 182 3270 1766 3345">
    <p class='ocr_par' dir='ltr' id='par_1_49' title="bbox 182 3270 1766 3345">
     <span class='ocr_line' id='line_1_49' title="bbox 182 3270 1766 3345; baseline -0.006 -11"><span class='ocrx_word' id='word_1_356' title='bbox 182 3279 419 3345; x_wconf 88' lang='lat' dir='ltr'><strong>debitur,</strong></span> <span class='ocrx_word' id='word_1_357' title='bbox 448 3293 553 3333; x_wconf 92' lang='lat' dir='ltr'><strong>non</strong></span> <span class='ocrx_word' id='word_1_358' title='bbox 577 3277 748 3331; x_wconf 88' lang='lat' dir='ltr'><strong>solum</strong></span> <span class='ocrx_word' id='word_1_359' title='bbox 778 3275 1037 3329; x_wconf 89' lang='lat' dir='ltr'><strong>bonorum</strong></span> <span class='ocrx_word' id='word_1_360' title='bbox 1068 3273 1505 3343; x_wconf 89' lang='lat' dir='ltr'><strong>publicationem,</strong></span> <span class='ocrx_word' id='word_1_361' title='bbox 1539 3282 1593 3326; x_wconf 91' lang='lat' dir='ltr'><strong>et</strong></span> <span class='ocrx_word' id='word_1_362' title='bbox 1621 3270 1766 3326; x_wconf 81' lang='lat' dir='ltr'><strong>exsi-</strong></span> 
     </span>
    </p>
   </div>
   <div class='ocr_carea' id='block_1_50' title="bbox 184 3366 1771 3440">
    <p class='ocr_par' dir='ltr' id='par_1_50' title="bbox 184 3366 1771 3440">
     <span class='ocr_line' id='line_1_50' title="bbox 184 3366 1771 3440; baseline -0.005 -12"><span class='ocrx_word' id='word_1_363' title='bbox 184 3371 338 3437; x_wconf 88' lang='lat' dir='ltr'><strong>lium,</strong></span> <span class='ocrx_word' id='word_1_364' title='bbox 369 3380 423 3427; x_wconf 92' lang='lat' dir='ltr'><strong>et</strong></span> <span class='ocrx_word' id='word_1_365' title='bbox 450 3370 660 3440; x_wconf 91' lang='lat' dir='ltr'><strong>corpori</strong></span> <span class='ocrx_word' id='word_1_366' title='bbox 692 3368 929 3423; x_wconf 91' lang='lat' dir='ltr'><strong>adhibita</strong></span> <span class='ocrx_word' id='word_1_367' title='bbox 953 3376 1218 3422; x_wconf 89' lang='lat' dir='ltr'><strong>tormenta</strong></span> <span class='ocrx_word' id='word_1_368' title='bbox 1239 3382 1302 3421; x_wconf 92' lang='lat' dir='ltr'><strong>ac</strong></span> <span class='ocrx_word' id='word_1_369' title='bbox 1332 3366 1588 3435; x_wconf 91' lang='lat' dir='ltr'><strong>supplicia</strong></span> <span class='ocrx_word' id='word_1_370' title='bbox 1612 3366 1771 3420; x_wconf 91' lang='lat' dir='ltr'><strong>susti-</strong></span> 
     </span>
    </p>
   </div>
   <div class='ocr_carea' id='block_1_51' title="bbox 184 3458 1767 3532">
    <p class='ocr_par' dir='ltr' id='par_1_51' title="bbox 184 3458 1767 3532">
     <span class='ocr_line' id='line_1_51' title="bbox 184 3458 1767 3532; baseline -0.006 -11"><span class='ocrx_word' id='word_1_371' title='bbox 184 3465 355 3528; x_wconf 88' lang='lat' dir='ltr'><strong>nebit,</strong></span> <span class='ocrx_word' id='word_1_372' title='bbox 410 3462 505 3520; x_wconf 90' lang='lat' dir='ltr'><strong>sed</strong></span> <span class='ocrx_word' id='word_1_373' title='bbox 554 3465 716 3518; x_wconf 90' lang='lat' dir='ltr'><strong>etiam</strong></span> <span class='ocrx_word' id='word_1_374' title='bbox 749 3476 870 3517; x_wconf 91' lang='lat' dir='ltr'><strong>eum</strong></span> <span class='ocrx_word' id='word_1_375' title='bbox 913 3461 1003 3531; x_wconf 90' lang='lat' dir='ltr'><strong>qui</strong></span> <span class='ocrx_word' id='word_1_376' title='bbox 1045 3460 1111 3514; x_wconf 90' lang='lat' dir='ltr'><strong>ab</strong></span> <span class='ocrx_word' id='word_1_377' title='bbox 1142 3463 1257 3529; x_wconf 91' lang='lat' dir='ltr'><strong>ipso</strong></span> <span class='ocrx_word' id='word_1_378' title='bbox 1287 3461 1377 3532; x_wconf 91' lang='lat' dir='ltr'><strong>(ut</strong></span> <span class='ocrx_word' id='word_1_379' title='bbox 1402 3458 1767 3528; x_wconf 68' lang='lat' dir='ltr'><strong>praediximus)</strong></span> 
     </span>
    </p>
   </div>
   <div class='ocr_carea' id='block_1_52' title="bbox 186 3552 1772 3625">
    <p class='ocr_par' dir='ltr' id='par_1_52' title="bbox 186 3552 1772 3625">
     <span class='ocr_line' id='line_1_52' title="bbox 186 3552 1772 3625; baseline -0.004 -13"><span class='ocrx_word' id='word_1_380' title='bbox 186 3556 507 3625; x_wconf 80' lang='lat' dir='ltr'><strong>susceperit,</strong></span> <span class='ocrx_word' id='word_1_381' title='bbox 536 3554 835 3624; x_wconf 85' lang='lat' dir='ltr'><strong>ingentibus</strong></span> <span class='ocrx_word' id='word_1_382' title='bbox 879 3552 1035 3608; x_wconf 91' lang='lat' dir='ltr'><strong>malis</strong></span> <span class='ocrx_word' id='word_1_383' title='bbox 1079 3553 1333 3609; x_wconf 91' lang='lat' dir='ltr'><strong>involvet.</strong></span> <span class='ocrx_word' id='word_1_384' title='bbox 1366 3552 1530 3607; x_wconf 85' lang='lat' dir='ltr'><strong>Puras</strong></span> <span class='ocrx_word' id='word_1_385' title='bbox 1553 3552 1697 3607; x_wconf 86' lang='lat' dir='ltr'><strong>enim</strong></span> <span class='ocrx_word' id='word_1_386' title='bbox 1739 3566 1772 3605; x_wconf 89' lang='lat' dir='ltr'><strong>a</strong></span> 
     </span>
    </p>
   </div>
   <div class='ocr_carea' id='block_1_53' title="bbox 188 3644 1773 3721">
    <p class='ocr_par' dir='ltr' id='par_1_53' title="bbox 188 3644 1773 3721">
     <span class='ocr_line' id='line_1_53' title="bbox 188 3644 1773 3721; baseline -0.006 -17"><span class='ocrx_word' id='word_1_387' title='bbox 188 3649 581 3721; x_wconf 89' lang='lat' dir='ltr'><strong>provinciarum</strong></span> <span class='ocrx_word' id='word_1_388' title='bbox 612 3645 1041 3701; x_wconf 89' lang='lat' dir='ltr'><strong>moderatoribus</strong></span> <span class='ocrx_word' id='word_1_389' title='bbox 1089 3659 1278 3699; x_wconf 87' lang='lat' dir='ltr'><strong>manus</strong></span> <span class='ocrx_word' id='word_1_390' title='bbox 1324 3644 1666 3714; x_wconf 87' lang='lat' dir='ltr'><strong>requirimus,</strong></span> <span class='ocrx_word' id='word_1_391' title='bbox 1715 3652 1773 3695; x_wconf 90' lang='lat' dir='ltr'><strong>ut</strong></span> 
     </span>
    </p>
   </div>
   <div class='ocr_carea' id='block_1_54' title="bbox 189 3733 1771 3811">
    <p class='ocr_par' dir='ltr' id='par_1_54' title="bbox 189 3733 1771 3811">
     <span class='ocr_line' id='line_1_54' title="bbox 189 3733 1771 3811; baseline -0.006 -16"><span class='ocrx_word' id='word_1_392' title='bbox 189 3741 424 3811; x_wconf 91' lang='lat' dir='ltr'><strong>undique</strong></span> <span class='ocrx_word' id='word_1_393' title='bbox 450 3738 691 3795; x_wconf 90' lang='lat' dir='ltr'><strong>subditos</strong></span> <span class='ocrx_word' id='word_1_394' title='bbox 724 3738 920 3793; x_wconf 82' lang='lat' dir='ltr'><strong>illaesos</strong></span> <span class='ocrx_word' id='word_1_395' title='bbox 950 3747 1006 3792; x_wconf 88' lang='lat' dir='ltr'><strong>et.</strong></span> <span class='ocrx_word' id='word_1_396' title='bbox 1029 3739 1267 3792; x_wconf 90' lang='lat' dir='ltr'><strong>omnium</strong></span> <span class='ocrx_word' id='word_1_397' title='bbox 1301 3750 1478 3791; x_wconf 90' lang='lat' dir='ltr'><strong>rerum</strong></span> <span class='ocrx_word' id='word_1_398' title='bbox 1509 3737 1659 3803; x_wconf 88' lang='lat' dir='ltr'><strong>copia</strong></span> <span class='ocrx_word' id='word_1_399' title='bbox 1689 3733 1771 3787; x_wconf 88' lang='lat' dir='ltr'><strong>af-</strong></span> 
     </span>
    </p>
   </div>
   <div class='ocr_carea' id='block_1_55' title="bbox 187 3827 1772 3899">
    <p class='ocr_par' dir='ltr' id='par_1_55' title="bbox 187 3827 1772 3899">
     <span class='ocr_line' id='line_1_55' title="bbox 187 3827 1772 3899; baseline -0.008 -8"><span class='ocrx_word' id='word_1_400' title='bbox 187 3834 412 3891; x_wconf 85' lang='lat' dir='ltr'><strong>ﬂuentes</strong></span> <span class='ocrx_word' id='word_1_401' title='bbox 441 3844 840 3887; x_wconf 90' lang='lat' dir='ltr'><strong>conservemus.</strong></span> <span class='ocrx_word' id='word_1_402' title='bbox 873 3832 1060 3899; x_wconf 67' lang='lat' dir='ltr'><strong>Atqure</strong></span> <span class='ocrx_word' id='word_1_403' title='bbox 1093 3829 1174 3884; x_wconf 66' lang='lat' dir='ltr'><strong>ha;</strong></span> <span class='ocrx_word' id='word_1_404' title='bbox 1200 3827 1419 3897; x_wconf 88' lang='lat' dir='ltr'><strong>quidem</strong></span> <span class='ocrx_word' id='word_1_405' title='bbox 1447 3842 1572 3896; x_wconf 84' lang='lat' dir='ltr'><strong>pom</strong></span> <span class='ocrx_word' id='word_1_406' title='bbox 1590 3842 1619 3878; x_wconf 80' lang='grc' dir='ltr'>υ</span> <span class='ocrx_word' id='word_1_407' title='bbox 1663 3834 1772 3879; x_wconf 88' lang='lat' dir='ltr'><strong>tam</strong></span> 
     </span>
    </p>
   </div>
   <div class='ocr_carea' id='block_1_56' title="bbox 187 3919 1773 3996">
    <p class='ocr_par' dir='ltr' id='par_1_56' title="bbox 187 3919 1773 3996">
     <span class='ocr_line' id='line_1_56' title="bbox 187 3919 1773 3996; baseline -0.006 -15"><span class='ocrx_word' id='word_1_408' title='bbox 187 3942 255 3983; x_wconf 89' lang='lat' dir='ltr'><strong>ex</strong></span> <span class='ocrx_word' id='word_1_409' title='bbox 281 3925 483 3996; x_wconf 83' lang='lat' dir='ltr'><strong>legibus</strong></span> <span class='ocrx_word' id='word_1_410' title='bbox 511 3940 669 3996; x_wconf 90' lang='lat' dir='ltr'><strong>quam</strong></span> <span class='ocrx_word' id='word_1_411' title='bbox 715 3940 747 3979; x_wconf 90' lang='lat' dir='ltr'><strong>a</strong></span> <span class='ocrx_word' id='word_1_412' title='bbox 774 3922 1171 3992; x_wconf 87' lang='lat' dir='ltr'><strong>magistratibus</strong></span> <span class='ocrx_word' id='word_1_413' title='bbox 1194 3920 1491 3975; x_wconf 90' lang='lat' dir='ltr'><strong>inferentur</strong></span> <span class='ocrx_word' id='word_1_414' title='bbox 1535 3919 1640 3973; x_wconf 91' lang='lat' dir='ltr'><strong>illis</strong></span> <span class='ocrx_word' id='word_1_415' title='bbox 1682 3919 1773 3988; x_wconf 92' lang='lat' dir='ltr'><strong>qui</strong></span> 
     </span>
    </p>
   </div>
   <div class='ocr_carea' id='block_1_57' title="bbox 190 4011 1772 4086">
    <p class='ocr_par' dir='ltr' id='par_1_57' title="bbox 190 4011 1772 4086">
     <span class='ocr_line' id='line_1_57' title="bbox 190 4011 1772 4086; baseline -0.006 -13"><span class='ocrx_word' id='word_1_416' title='bbox 190 4018 298 4074; x_wconf 89' lang='lat' dir='ltr'><strong>tale</strong></span> <span class='ocrx_word' id='word_1_417' title='bbox 334 4017 532 4086; x_wconf 89' lang='lat' dir='ltr'><strong>aliquid</strong></span> <span class='ocrx_word' id='word_1_418' title='bbox 565 4014 1011 4085; x_wconf 89' lang='lat' dir='ltr'><strong>perpetraverint,</strong></span> <span class='ocrx_word' id='word_1_419' title='bbox 1044 4013 1206 4069; x_wconf 88' lang='lat' dir='ltr'><strong>etiam</strong></span> <span class='ocrx_word' id='word_1_420' title='bbox 1235 4011 1360 4067; x_wconf 92' lang='lat' dir='ltr'><strong>dum</strong></span> <span class='ocrx_word' id='word_1_421' title='bbox 1408 4013 1460 4067; x_wconf 90' lang='lat' dir='ltr'><strong>in</strong></span> <span class='ocrx_word' id='word_1_422' title='bbox 1503 4011 1772 4082; x_wconf 66' lang='lat' dir='ltr'><strong>praedictis</strong></span> 
     </span>
    </p>
   </div>
   <div class='ocr_carea' id='block_1_58' title="bbox 190 4105 1775 4174">
    <p class='ocr_par' dir='ltr' id='par_1_58' title="bbox 190 4105 1775 4174">
     <span class='ocr_line' id='line_1_58' title="bbox 190 4105 1775 4174; baseline -0.003 -8"><span class='ocrx_word' id='word_1_423' title='bbox 190 4121 314 4166; x_wconf 90' lang='lat' dir='ltr'><strong>sunt</strong></span> <span class='ocrx_word' id='word_1_424' title='bbox 334 4108 544 4165; x_wconf 88' lang='lat' dir='ltr'><strong>ofﬁciis.</strong></span> <span class='ocrx_word' id='word_1_425' title='bbox 571 4109 768 4163; x_wconf 89' lang='lat' dir='ltr'><strong>Damus</strong></span> <span class='ocrx_word' id='word_1_426' title='bbox 796 4115 971 4161; x_wconf 91' lang='lat' dir='ltr'><strong>autem</strong></span> <span class='ocrx_word' id='word_1_427' title='bbox 997 4115 1051 4161; x_wconf 90' lang='lat' dir='ltr'><strong>et</strong></span> <span class='ocrx_word' id='word_1_428' title='bbox 1072 4106 1209 4160; x_wconf 91' lang='lat' dir='ltr'><strong>inter</strong></span> <span class='ocrx_word' id='word_1_429' title='bbox 1233 4105 1585 4174; x_wconf 89' lang='lat' dir='ltr'><strong>provinciales</strong></span> <span class='ocrx_word' id='word_1_430' title='bbox 1608 4105 1775 4161; x_wconf 91' lang='lat' dir='ltr'><strong>licen-</strong></span> 
     </span>
    </p>
   </div>
   <div class='ocr_carea' id='block_1_59' title="bbox 192 4183 1773 4273">
    <p class='ocr_par' dir='ltr' id='par_1_59' title="bbox 192 4183 1773 4273">
     <span class='ocr_line' id='line_1_59' title="bbox 192 4183 1773 4273; baseline -0.003 -15"><span class='ocrx_word' id='word_1_431' title='bbox 192 4205 340 4269; x_wconf 92' lang='lat' dir='ltr'><strong>tiam,</strong></span> <span class='ocrx_word' id='word_1_432' title='bbox 372 4205 414 4257; x_wconf 90' lang='lat' dir='ltr'><strong>si</strong></span> <span class='ocrx_word' id='word_1_433' title='bbox 444 4202 568 4273; x_wconf 89' lang='lat' dir='ltr'><strong>quid</strong></span> <span class='ocrx_word' id='word_1_434' title='bbox 596 4183 1047 4272; x_wconf 27' lang='lat' dir='ltr'><strong>per&#39;provinciam</strong></span> <span class='ocrx_word' id='word_1_435' title='bbox 1080 4213 1279 4268; x_wconf 64' lang='lat' dir='ltr'><strong>praeses</strong></span> <span class='ocrx_word' id='word_1_436' title='bbox 1308 4206 1495 4253; x_wconf 89' lang='lat' dir='ltr'><strong>contra</strong></span> <span class='ocrx_word' id='word_1_437' title='bbox 1541 4198 1618 4253; x_wconf 90' lang='lat' dir='ltr'><strong>fas</strong></span> <span class='ocrx_word' id='word_1_438' title='bbox 1644 4214 1773 4269; x_wconf 88' lang='lat' dir='ltr'><strong>ege-</strong></span> 
     </span>
    </p>
   </div>
   <div class='ocr_carea' id='block_1_60' title="bbox 192 4289 1776 4361">
    <p class='ocr_par' dir='ltr' id='par_1_60' title="bbox 192 4289 1776 4361">
     <span class='ocr_line' id='line_1_60' title="bbox 192 4289 1776 4361; baseline -0.004 -10"><span class='ocrx_word' id='word_1_439' title='bbox 192 4296 284 4361; x_wconf 87' lang='lat' dir='ltr'><strong>rit,</strong></span> <span class='ocrx_word' id='word_1_440' title='bbox 313 4304 403 4347; x_wconf 92' lang='lat' dir='ltr'><strong>aut</strong></span> <span class='ocrx_word' id='word_1_441' title='bbox 432 4293 590 4349; x_wconf 89' lang='lat' dir='ltr'><strong>etiam</strong></span> <span class='ocrx_word' id='word_1_442' title='bbox 620 4292 901 4347; x_wconf 88' lang='lat' dir='ltr'><strong>collatores</strong></span> <span class='ocrx_word' id='word_1_443' title='bbox 953 4289 1098 4360; x_wconf 91' lang='lat' dir='ltr'><strong>ipsos</strong></span> <span class='ocrx_word' id='word_1_444' title='bbox 1126 4289 1335 4343; x_wconf 91' lang='lat' dir='ltr'><strong>damnis</strong></span> <span class='ocrx_word' id='word_1_445' title='bbox 1366 4290 1499 4344; x_wconf 91' lang='lat' dir='ltr'><strong>forte</strong></span> <span class='ocrx_word' id='word_1_446' title='bbox 1529 4299 1619 4344; x_wconf 90' lang='lat' dir='ltr'><strong>aut</strong></span> <span class='ocrx_word' id='word_1_447' title='bbox 1665 4290 1776 4345; x_wconf 85' lang='lat' dir='ltr'><strong>dis-</strong></span> 
     </span>
    </p>
   </div>
   <div class='ocr_carea' id='block_1_61' title="bbox 192 4382 1777 4462">
    <p class='ocr_par' dir='ltr' id='par_1_61' title="bbox 192 4382 1777 4462">
     <span class='ocr_line' id='line_1_61' title="bbox 192 4382 1777 4462; baseline -0.004 -18"><span class='ocrx_word' id='word_1_448' title='bbox 192 4389 399 4459; x_wconf 89' lang='lat' dir='ltr'><strong>pendiis</strong></span> <span class='ocrx_word' id='word_1_449' title='bbox 423 4386 702 4457; x_wconf 88' lang='lat' dir='ltr'><strong>objecerit,</strong></span> <span class='ocrx_word' id='word_1_450' title='bbox 738 4393 796 4439; x_wconf 92' lang='lat' dir='ltr'><strong>ut</strong></span> <span class='ocrx_word' id='word_1_451' title='bbox 824 4384 917 4439; x_wconf 91' lang='lat' dir='ltr'><strong>Dei</strong></span> <span class='ocrx_word' id='word_1_452' title='bbox 948 4382 1347 4462; x_wconf 88' lang='lat' dir='ltr'><strong>amantissimus</strong></span> <span class='ocrx_word' id='word_1_453' title='bbox 1390 4383 1673 4451; x_wconf 86' lang='lat' dir='ltr'><strong>episcopus</strong></span> <span class='ocrx_word' id='word_1_454' title='bbox 1721 4390 1777 4437; x_wconf 88' lang='lat' dir='ltr'><strong>et</strong></span> 
     </span>
    </p>
   </div>
   <div class='ocr_carea' id='block_1_62' title="bbox 1795 3145 1843 3210">
    <p class='ocr_par' dir='ltr' id='par_1_62' title="bbox 1795 3145 1843 3210">
     <span class='ocr_line' id='line_1_62' title="bbox 1795 3145 1843 3210; baseline 0 0"><span class='ocrx_word' id='word_1_455' title='bbox 1795 3145 1843 3210; x_wconf 77' lang='grc' dir='ltr'><strong>ο</strong></span> 
     </span>
    </p>
   </div>
   <div class='ocr_carea' id='block_1_63' title="bbox 1866 1890 3458 1965">
    <p class='ocr_par' dir='ltr' id='par_1_63' title="bbox 1866 1890 3458 1965">
     <span class='ocr_line' id='line_1_63' title="bbox 1866 1890 3458 1965; baseline 0.004 -22"><span class='ocrx_word' id='word_1_456' title='bbox 1866 1890 1993 1945; x_wconf 87' lang='lat' dir='ltr'><strong>stris</strong></span> <span class='ocrx_word' id='word_1_457' title='bbox 2014 1900 2197 1944; x_wconf 88' lang='lat' dir='ltr'><strong>contra</strong></span> <span class='ocrx_word' id='word_1_458' title='bbox 2222 1891 2477 1959; x_wconf 62' lang='lat' dir='ltr'><strong>presides</strong></span> <span class='ocrx_word' id='word_1_459' title='bbox 2500 1892 2598 1947; x_wconf 88' lang='lat' dir='ltr'><strong>ista</strong></span> <span class='ocrx_word' id='word_1_460' title='bbox 2616 1890 2794 1947; x_wconf 89' lang='lat' dir='ltr'><strong>facere</strong></span> <span class='ocrx_word' id='word_1_461' title='bbox 2818 1895 3135 1962; x_wconf 89' lang='lat' dir='ltr'><strong>permissum</strong></span> <span class='ocrx_word' id='word_1_462' title='bbox 3158 1910 3277 1950; x_wconf 88' lang='lat' dir='ltr'><strong>esse</strong></span> <span class='ocrx_word' id='word_1_463' title='bbox 3298 1911 3458 1965; x_wconf 87' lang='lat' dir='ltr'><strong>quam</strong></span> 
     </span>
    </p>
   </div>
   <div class='ocr_carea' id='block_1_64' title="bbox 1868 1983 3459 2056">
    <p class='ocr_par' dir='ltr' id='par_1_64' title="bbox 1868 1983 3459 2056">
     <span class='ocr_line' id='line_1_64' title="bbox 1868 1983 3459 2056; baseline 0.006 -19"><span class='ocrx_word' id='word_1_464' title='bbox 1868 1984 1937 2038; x_wconf 92' lang='lat' dir='ltr'><strong>ob</strong></span> <span class='ocrx_word' id='word_1_465' title='bbox 1966 1984 2204 2052; x_wconf 86' lang='lat' dir='ltr'><strong>rapinas.</strong></span> <span class='ocrx_word' id='word_1_466' title='bbox 2232 1983 2347 2038; x_wconf 90' lang='lat' dir='ltr'><strong>Non</strong></span> <span class='ocrx_word' id='word_1_467' title='bbox 2380 1986 2523 2039; x_wconf 91' lang='lat' dir='ltr'><strong>enim</strong></span> <span class='ocrx_word' id='word_1_468' title='bbox 2553 1990 2598 2041; x_wconf 91' lang='lat' dir='ltr'><strong>sl</strong></span> <span class='ocrx_word' id='word_1_469' title='bbox 2625 1987 2678 2041; x_wconf 91' lang='lat' dir='ltr'><strong>in</strong></span> <span class='ocrx_word' id='word_1_470' title='bbox 2705 1988 2982 2056; x_wconf 75' lang='lat' dir='ltr'><strong>exigendis</strong></span> <span class='ocrx_word' id='word_1_471' title='bbox 3028 1988 3241 2043; x_wconf 90' lang='lat' dir='ltr'><strong>tributis</strong></span> <span class='ocrx_word' id='word_1_472' title='bbox 3271 1998 3459 2046; x_wconf 89' lang='lat' dir='ltr'><strong>contra</strong></span> 
     </span>
    </p>
   </div>
   <div class='ocr_carea' id='block_1_65' title="bbox 1870 2073 3461 2151">
    <p class='ocr_par' dir='ltr' id='par_1_65' title="bbox 1870 2073 3461 2151">
     <span class='ocr_line' id='line_1_65' title="bbox 1870 2073 3461 2151; baseline 0.007 -23"><span class='ocrx_word' id='word_1_473' title='bbox 1870 2073 2171 2140; x_wconf 88' lang='lat' dir='ltr'><strong>indevotos,</strong></span> <span class='ocrx_word' id='word_1_474' title='bbox 2202 2083 2293 2129; x_wconf 91' lang='lat' dir='ltr'><strong>aut</strong></span> <span class='ocrx_word' id='word_1_475' title='bbox 2325 2076 2378 2129; x_wconf 94' lang='lat' dir='ltr'><strong>in</strong></span> <span class='ocrx_word' id='word_1_476' title='bbox 2408 2078 2777 2144; x_wconf 88' lang='lat' dir='ltr'><strong>persecutione</strong></span> <span class='ocrx_word' id='word_1_477' title='bbox 2803 2080 3085 2135; x_wconf 90' lang='lat' dir='ltr'><strong>criminum</strong></span> <span class='ocrx_word' id='word_1_478' title='bbox 3111 2082 3272 2151; x_wconf 89' lang='lat' dir='ltr'><strong>paulo</strong></span> <span class='ocrx_word' id='word_1_479' title='bbox 3298 2082 3461 2139; x_wconf 86' lang='lat' dir='ltr'><strong>vehe-</strong></span> 
     </span>
    </p>
   </div>
   <div class='ocr_carea' id='block_1_66' title="bbox 1869 2169 3456 2244">
    <p class='ocr_par' dir='ltr' id='par_1_66' title="bbox 1869 2169 3456 2244">
     <span class='ocr_line' id='line_1_66' title="bbox 1869 2169 3456 2244; baseline 0.008 -23"><span class='ocrx_word' id='word_1_480' title='bbox 1869 2170 2099 2223; x_wconf 89' lang='lat' dir='ltr'><strong>mentior</strong></span> <span class='ocrx_word' id='word_1_481' title='bbox 2146 2169 2297 2224; x_wconf 90' lang='lat' dir='ltr'><strong>visus</strong></span> <span class='ocrx_word' id='word_1_482' title='bbox 2345 2180 2449 2237; x_wconf 88' lang='lat' dir='ltr'><strong>est,</strong></span> <span class='ocrx_word' id='word_1_483' title='bbox 2504 2173 2705 2241; x_wconf 89' lang='lat' dir='ltr'><strong>aliquid</strong></span> <span class='ocrx_word' id='word_1_484' title='bbox 2749 2173 3008 2229; x_wconf 90' lang='lat' dir='ltr'><strong>adversus</strong></span> <span class='ocrx_word' id='word_1_485' title='bbox 3050 2176 3225 2244; x_wconf 88' lang='lat' dir='ltr'><strong>ipsum</strong></span> <span class='ocrx_word' id='word_1_486' title='bbox 3273 2180 3456 2234; x_wconf 81' lang='lat' dir='ltr'><strong>conari</strong></span> 
     </span>
    </p>
   </div>
   <div class='ocr_carea' id='block_1_67' title="bbox 1868 2258 3458 2334">
    <p class='ocr_par' dir='ltr' id='par_1_67' title="bbox 1868 2258 3458 2334">
     <span class='ocr_line' id='line_1_67' title="bbox 1868 2258 3458 2334; baseline 0.007 -20"><span class='ocrx_word' id='word_1_487' title='bbox 1868 2258 2108 2314; x_wconf 87' lang='lat' dir='ltr'><strong>subditos</strong></span> <span class='ocrx_word' id='word_1_488' title='bbox 2139 2262 2529 2329; x_wconf 87' lang='lat' dir='ltr'><strong>permittemus.</strong></span> <span class='ocrx_word' id='word_1_489' title='bbox 2579 2264 2716 2330; x_wconf 87' lang='lat' dir='ltr'><strong>Quin</strong></span> <span class='ocrx_word' id='word_1_490' title='bbox 2762 2274 2951 2320; x_wconf 88' lang='lat' dir='ltr'><strong>contra</strong></span> <span class='ocrx_word' id='word_1_491' title='bbox 2998 2268 3171 2334; x_wconf 90' lang='lat' dir='ltr'><strong>potius</strong></span> <span class='ocrx_word' id='word_1_492' title='bbox 3216 2269 3458 2325; x_wconf 86' lang='lat' dir='ltr'><strong>omnium</strong></span> 
     </span>
    </p>
   </div>
   <div class='ocr_carea' id='block_1_68' title="bbox 1869 2352 3461 2429">
    <p class='ocr_par' dir='ltr' id='par_1_68' title="bbox 1869 2352 3461 2429">
     <span class='ocr_line' id='line_1_68' title="bbox 1869 2352 3461 2429; baseline 0.006 -23"><span class='ocrx_word' id='word_1_493' title='bbox 1869 2366 1963 2406; x_wconf 89' lang='lat' dir='ltr'><strong>eos</strong></span> <span class='ocrx_word' id='word_1_494' title='bbox 1993 2352 2351 2407; x_wconf 85' lang='lat' dir='ltr'><strong>acerbissimis</strong></span> <span class='ocrx_word' id='word_1_495' title='bbox 2380 2354 2551 2421; x_wconf 68' lang='lat' dir='ltr'><strong>poenis</strong></span> <span class='ocrx_word' id='word_1_496' title='bbox 2577 2354 2866 2410; x_wconf 88' lang='lat' dir='ltr'><strong>subdemus</strong></span> <span class='ocrx_word' id='word_1_497' title='bbox 2888 2395 2905 2420; x_wconf 95' lang='lat'><strong>,</strong></span> <span class='ocrx_word' id='word_1_498' title='bbox 2938 2356 2983 2411; x_wconf 91' lang='lat' dir='ltr'><strong>si</strong></span> <span class='ocrx_word' id='word_1_499' title='bbox 3027 2357 3152 2412; x_wconf 91' lang='lat' dir='ltr'><strong>illos</strong></span> <span class='ocrx_word' id='word_1_500' title='bbox 3188 2358 3278 2428; x_wconf 91' lang='lat' dir='ltr'><strong>qui</strong></span> <span class='ocrx_word' id='word_1_501' title='bbox 3313 2361 3461 2429; x_wconf 89' lang='lat' dir='ltr'><strong>puris</strong></span> 
     </span>
    </p>
   </div>
   <div class='ocr_carea' id='block_1_69' title="bbox 1872 2445 3461 2513">
    <p class='ocr_par' dir='ltr' id='par_1_69' title="bbox 1872 2445 3461 2513">
     <span class='ocr_line' id='line_1_69' title="bbox 1872 2445 3461 2513; baseline 0.006 -14"><span class='ocrx_word' id='word_1_502' title='bbox 1872 2448 1951 2499; x_wconf 92' lang='lat' dir='ltr'><strong>usi</strong></span> <span class='ocrx_word' id='word_1_503' title='bbox 1982 2454 2108 2498; x_wconf 89' lang='lat' dir='ltr'><strong>sunt</strong></span> <span class='ocrx_word' id='word_1_504' title='bbox 2139 2445 2407 2513; x_wconf 88' lang='lat' dir='ltr'><strong>manibus,</strong></span> <span class='ocrx_word' id='word_1_505' title='bbox 2437 2456 2492 2501; x_wconf 92' lang='lat' dir='ltr'><strong>et</strong></span> <span class='ocrx_word' id='word_1_506' title='bbox 2517 2447 2569 2502; x_wconf 93' lang='lat' dir='ltr'><strong>in</strong></span> <span class='ocrx_word' id='word_1_507' title='bbox 2599 2448 2935 2503; x_wconf 78' lang='lat' dir='ltr'><strong>exactionem</strong></span> <span class='ocrx_word' id='word_1_508' title='bbox 2964 2450 3283 2506; x_wconf 89' lang='lat' dir='ltr'><strong>tributorum</strong></span> <span class='ocrx_word' id='word_1_509' title='bbox 3312 2453 3461 2509; x_wconf 89' lang='lat' dir='ltr'><strong>omni</strong></span> 
     </span>
    </p>
   </div>
   <div class='ocr_carea' id='block_1_70' title="bbox 1870 2538 3459 2612">
    <p class='ocr_par' dir='ltr' id='par_1_70' title="bbox 1870 2538 3459 2612">
     <span class='ocr_line' id='line_1_70' title="bbox 1870 2538 3459 2612; baseline 0.005 -19"><span class='ocrx_word' id='word_1_510' title='bbox 1870 2553 1998 2593; x_wconf 89' lang='lat' dir='ltr'><strong>cura</strong></span> <span class='ocrx_word' id='word_1_511' title='bbox 2028 2552 2089 2592; x_wconf 92' lang='lat' dir='ltr'><strong>ac</strong></span> <span class='ocrx_word' id='word_1_512' title='bbox 2119 2538 2393 2608; x_wconf 89' lang='lat' dir='ltr'><strong>diligentia</strong></span> <span class='ocrx_word' id='word_1_513' title='bbox 2423 2539 2811 2606; x_wconf 90' lang='lat' dir='ltr'><strong>incubuerunt,</strong></span> <span class='ocrx_word' id='word_1_514' title='bbox 2842 2542 3087 2611; x_wconf 90' lang='lat' dir='ltr'><strong>deposito</strong></span> <span class='ocrx_word' id='word_1_515' title='bbox 3119 2546 3459 2612; x_wconf 89' lang='lat' dir='ltr'><strong>postmodum</strong></span> 
     </span>
    </p>
   </div>
   <div class='ocr_carea' id='block_1_71' title="bbox 1866 2629 3465 2704">
    <p class='ocr_par' dir='ltr' id='par_1_71' title="bbox 1866 2629 3465 2704">
     <span class='ocr_line' id='line_1_71' title="bbox 1866 2629 3465 2704; baseline 0.006 -21"><span class='ocrx_word' id='word_1_516' title='bbox 1866 2629 2183 2699; x_wconf 85' lang='lat' dir='ltr'><strong>magistratu</strong></span> <span class='ocrx_word' id='word_1_517' title='bbox 2214 2630 2423 2700; x_wconf 89' lang='lat' dir='ltr'><strong>injuriis</strong></span> <span class='ocrx_word' id='word_1_518' title='bbox 2449 2630 2663 2687; x_wconf 91' lang='lat' dir='ltr'><strong>afﬁcere</strong></span> <span class='ocrx_word' id='word_1_519' title='bbox 2687 2635 3144 2704; x_wconf 71' lang='lat' dir='ltr'><strong>praesumpserint,</strong></span> <span class='ocrx_word' id='word_1_520' title='bbox 3163 2650 3227 2691; x_wconf 90' lang='lat' dir='ltr'><strong>ac</strong></span> <span class='ocrx_word' id='word_1_521' title='bbox 3250 2637 3465 2692; x_wconf 67' lang='lat' dir='ltr'><strong>nonlaa-</strong></span> 
     </span>
    </p>
   </div>
   <div class='ocr_carea' id='block_1_72' title="bbox 1870 2718 3462 2795">
    <p class='ocr_par' dir='ltr' id='par_1_72' title="bbox 1870 2718 3462 2795">
     <span class='ocr_line' id='line_1_72' title="bbox 1870 2718 3462 2795; baseline 0.006 -24"><span class='ocrx_word' id='word_1_522' title='bbox 1870 2718 1939 2772; x_wconf 89' lang='lat' dir='ltr'><strong>tis</strong></span> <span class='ocrx_word' id='word_1_523' title='bbox 1968 2719 2440 2775; x_wconf 83' lang='lat' dir='ltr'><strong>acclamationibus</strong></span> <span class='ocrx_word' id='word_1_524' title='bbox 2473 2730 2595 2790; x_wconf 88' lang='lat' dir='ltr'><strong>post</strong></span> <span class='ocrx_word' id='word_1_525' title='bbox 2632 2722 2942 2792; x_wconf 89' lang='lat' dir='ltr'><strong>deputatum</strong></span> <span class='ocrx_word' id='word_1_526' title='bbox 2991 2734 3200 2794; x_wconf 90' lang='lat' dir='ltr'><strong>tempus</strong></span> <span class='ocrx_word' id='word_1_527' title='bbox 3244 2726 3462 2795; x_wconf 85' lang='lat' dir='ltr'><strong>provin-</strong></span> 
     </span>
    </p>
   </div>
   <div class='ocr_carea' id='block_1_73' title="bbox 1871 2812 3461 2886">
    <p class='ocr_par' dir='ltr' id='par_1_73' title="bbox 1871 2812 3461 2886">
     <span class='ocr_line' id='line_1_73' title="bbox 1871 2812 3461 2886; baseline 0.006 -20"><span class='ocrx_word' id='word_1_528' title='bbox 1871 2812 1980 2867; x_wconf 91' lang='lat' dir='ltr'><strong>cias</strong></span> <span class='ocrx_word' id='word_1_529' title='bbox 2010 2814 2331 2869; x_wconf 85' lang='lat' dir='ltr'><strong>excedentes</strong></span> <span class='ocrx_word' id='word_1_530' title='bbox 2363 2817 2627 2883; x_wconf 89' lang='lat' dir='ltr'><strong>prosecuti</strong></span> <span class='ocrx_word' id='word_1_531' title='bbox 2656 2813 2875 2871; x_wconf 89' lang='lat' dir='ltr'><strong>fuerint.</strong></span> <span class='ocrx_word' id='word_1_532' title='bbox 2909 2817 3131 2886; x_wconf 88' lang='lat' dir='ltr'><strong>Oportet</strong></span> <span class='ocrx_word' id='word_1_533' title='bbox 3165 2819 3308 2873; x_wconf 88' lang='lat' dir='ltr'><strong>enim</strong></span> <span class='ocrx_word' id='word_1_534' title='bbox 3348 2820 3461 2875; x_wconf 85' lang='lat' dir='ltr'><strong>cla-</strong></span> 
     </span>
    </p>
   </div>
   <div class='ocr_carea' id='block_1_74' title="bbox 1872 2903 3463 2978">
    <p class='ocr_par' dir='ltr' id='par_1_74' title="bbox 1872 2903 3463 2978">
     <span class='ocr_line' id='line_1_74' title="bbox 1872 2903 3463 2978; baseline 0.006 -20"><span class='ocrx_word' id='word_1_535' title='bbox 1872 2903 2115 2959; x_wconf 92' lang='lat' dir='ltr'><strong>rissimos</strong></span> <span class='ocrx_word' id='word_1_536' title='bbox 2161 2906 2555 2974; x_wconf 87' lang='lat' dir='ltr'><strong>provinciarum</strong></span> <span class='ocrx_word' id='word_1_537' title='bbox 2585 2916 2784 2961; x_wconf 67' lang='lat' dir='ltr'><strong>nostra:</strong></span> <span class='ocrx_word' id='word_1_538' title='bbox 2813 2908 3031 2963; x_wconf 91' lang='lat' dir='ltr'><strong>ditionis</strong></span> <span class='ocrx_word' id='word_1_539' title='bbox 3057 2909 3335 2978; x_wconf 70' lang='lat' dir='ltr'><strong>praesides,</strong></span> <span class='ocrx_word' id='word_1_540' title='bbox 3368 2913 3463 2978; x_wconf 92' lang='lat' dir='ltr'><strong>qui</strong></span> 
     </span>
    </p>
   </div>
   <div class='ocr_carea' id='block_1_75' title="bbox 1874 3000 3466 3071">
    <p class='ocr_par' dir='ltr' id='par_1_75' title="bbox 1874 3000 3466 3071">
     <span class='ocr_line' id='line_1_75' title="bbox 1874 3000 3466 3071; baseline 0.003 -17"><span class='ocrx_word' id='word_1_541' title='bbox 1874 3010 1993 3069; x_wconf 90' lang='lat' dir='ltr'><strong>post</strong></span> <span class='ocrx_word' id='word_1_542' title='bbox 2023 3001 2159 3055; x_wconf 91' lang='lat' dir='ltr'><strong>hanc</strong></span> <span class='ocrx_word' id='word_1_543' title='bbox 2190 3000 2361 3071; x_wconf 89' lang='lat' dir='ltr'><strong>legem</strong></span> <span class='ocrx_word' id='word_1_544' title='bbox 2394 3000 2555 3054; x_wconf 89' lang='lat' dir='ltr'><strong>futuri</strong></span> <span class='ocrx_word' id='word_1_545' title='bbox 2584 3010 2739 3064; x_wconf 91' lang='lat' dir='ltr'><strong>sunt,</strong></span> <span class='ocrx_word' id='word_1_546' title='bbox 2772 3016 2880 3055; x_wconf 91' lang='lat' dir='ltr'><strong>non</strong></span> <span class='ocrx_word' id='word_1_547' title='bbox 2922 3002 3100 3056; x_wconf 90' lang='lat' dir='ltr'><strong>solum</strong></span> <span class='ocrx_word' id='word_1_548' title='bbox 3152 3003 3334 3057; x_wconf 85' lang='lat' dir='ltr'><strong>animo</strong></span> <span class='ocrx_word' id='word_1_549' title='bbox 3378 3019 3466 3059; x_wconf 79' lang='lat' dir='ltr'><strong>re-</strong></span> 
     </span>
    </p>
   </div>
   <div class='ocr_carea' id='block_1_76' title="bbox 1873 3075 3465 3161">
    <p class='ocr_par' dir='ltr' id='par_1_76' title="bbox 1873 3075 3465 3161">
     <span class='ocr_line' id='line_1_76' title="bbox 1873 3075 3465 3161; baseline 0.001 -15"><span class='ocrx_word' id='word_1_550' title='bbox 1873 3093 2120 3157; x_wconf 89' lang='lat' dir='ltr'><strong>volvere,</strong></span> <span class='ocrx_word' id='word_1_551' title='bbox 2156 3102 2353 3161; x_wconf 90' lang='lat' dir='ltr'><strong>quanta</strong></span> <span class='ocrx_word' id='word_1_552' title='bbox 2378 3091 2501 3146; x_wconf 91' lang='lat' dir='ltr'><strong>illos</strong></span> <span class='ocrx_word' id='word_1_553' title='bbox 2528 3100 2742 3146; x_wconf 88' lang='lat' dir='ltr'><strong>maneat</strong></span> <span class='ocrx_word' id='word_1_554' title='bbox 2769 3091 2969 3161; x_wconf 88' lang='lat' dir='ltr'><strong>gloria,</strong></span> <span class='ocrx_word' id='word_1_555' title='bbox 2998 3091 3046 3145; x_wconf 92' lang='lat' dir='ltr'><strong>si</strong></span> <span class='ocrx_word' id='word_1_556' title='bbox 3074 3091 3206 3147; x_wconf 89' lang='lat' dir='ltr'><strong>tales</strong></span> <span class='ocrx_word' id='word_1_557' title='bbox 3237 3106 3297 3147; x_wconf 90' lang='lat' dir='ltr'><strong>se</strong></span> <span class='ocrx_word' id='word_1_558' title='bbox 3326 3075 3465 3160; x_wconf 73' lang='lat' dir='ltr'><strong>pra:-</strong></span> 
     </span>
    </p>
   </div>
   <div class='ocr_carea' id='block_1_77' title="bbox 1873 3183 3462 3254">
    <p class='ocr_par' dir='ltr' id='par_1_77' title="bbox 1873 3183 3462 3254">
     <span class='ocr_line' id='line_1_77' title="bbox 1873 3183 3462 3254; baseline -0.001 -12"><span class='ocrx_word' id='word_1_559' title='bbox 1873 3186 2058 3252; x_wconf 84' lang='lat' dir='ltr'><strong>beant,</strong></span> <span class='ocrx_word' id='word_1_560' title='bbox 2088 3185 2183 3240; x_wconf 88' lang='lat' dir='ltr'><strong>sed</strong></span> <span class='ocrx_word' id='word_1_561' title='bbox 2213 3185 2373 3240; x_wconf 89' lang='lat' dir='ltr'><strong>etiam</strong></span> <span class='ocrx_word' id='word_1_562' title='bbox 2408 3185 2461 3238; x_wconf 93' lang='lat' dir='ltr'><strong>in</strong></span> <span class='ocrx_word' id='word_1_563' title='bbox 2490 3193 2716 3253; x_wconf 87' lang='lat' dir='ltr'><strong>quantas</strong></span> <span class='ocrx_word' id='word_1_564' title='bbox 2747 3183 3091 3238; x_wconf 87' lang='lat' dir='ltr'><strong>difﬁcultates</strong></span> <span class='ocrx_word' id='word_1_565' title='bbox 3121 3184 3377 3254; x_wconf 91' lang='lat' dir='ltr'><strong>incident,</strong></span> <span class='ocrx_word' id='word_1_566' title='bbox 3413 3185 3462 3241; x_wconf 92' lang='lat' dir='ltr'><strong>si</strong></span> 
     </span>
    </p>
   </div>
   <div class='ocr_carea' id='block_1_78' title="bbox 1875 3276 3467 3350">
    <p class='ocr_par' dir='ltr' id='par_1_78' title="bbox 1875 3276 3467 3350">
     <span class='ocr_line' id='line_1_78' title="bbox 1875 3276 3467 3350; baseline 0.001 -17"><span class='ocrx_word' id='word_1_567' title='bbox 1875 3280 2155 3350; x_wconf 89' lang='lat' dir='ltr'><strong>(quantum</strong></span> <span class='ocrx_word' id='word_1_568' title='bbox 2189 3278 2241 3333; x_wconf 90' lang='lat' dir='ltr'><strong>in</strong></span> <span class='ocrx_word' id='word_1_569' title='bbox 2268 3279 2397 3347; x_wconf 89' lang='lat' dir='ltr'><strong>ipsis</strong></span> <span class='ocrx_word' id='word_1_570' title='bbox 2426 3276 2531 3349; x_wconf 91' lang='lat' dir='ltr'><strong>est)</strong></span> <span class='ocrx_word' id='word_1_571' title='bbox 2562 3278 2699 3333; x_wconf 92' lang='lat' dir='ltr'><strong>hanc</strong></span> <span class='ocrx_word' id='word_1_572' title='bbox 2732 3279 2901 3347; x_wconf 87' lang='lat' dir='ltr'><strong>legem</strong></span> <span class='ocrx_word' id='word_1_573' title='bbox 2932 3277 3252 3347; x_wconf 90' lang='lat' dir='ltr'><strong>dissolvere,</strong></span> <span class='ocrx_word' id='word_1_574' title='bbox 3281 3289 3337 3333; x_wconf 93' lang='lat' dir='ltr'><strong>et</strong></span> <span class='ocrx_word' id='word_1_575' title='bbox 3366 3291 3467 3349; x_wconf 86' lang='lat' dir='ltr'><strong>pro</strong></span> 
     </span>
    </p>
   </div>
   <div class='ocr_carea' id='block_1_79' title="bbox 1873 3368 3464 3442">
    <p class='ocr_par' dir='ltr' id='par_1_79' title="bbox 1873 3368 3464 3442">
     <span class='ocr_line' id='line_1_79' title="bbox 1873 3368 3464 3442; baseline 0 -17"><span class='ocrx_word' id='word_1_576' title='bbox 1873 3372 2131 3442; x_wconf 87' lang='lat' dir='ltr'><strong>abrogata</strong></span> <span class='ocrx_word' id='word_1_577' title='bbox 2162 3370 2361 3425; x_wconf 89' lang='lat' dir='ltr'><strong>habere</strong></span> <span class='ocrx_word' id='word_1_578' title='bbox 2404 3369 2865 3438; x_wconf 62' lang='lat' dir='ltr'><strong>praesumpserint.</strong></span> <span class='ocrx_word' id='word_1_579' title='bbox 2896 3368 3204 3423; x_wconf 88' lang='lat' dir='ltr'><strong>Absurdum</strong></span> <span class='ocrx_word' id='word_1_580' title='bbox 3232 3384 3464 3439; x_wconf 87' lang='lat' dir='ltr'><strong>namque</strong></span> 
     </span>
    </p>
   </div>
   <div class='ocr_carea' id='block_1_80' title="bbox 1874 3459 3466 3531">
    <p class='ocr_par' dir='ltr' id='par_1_80' title="bbox 1874 3459 3466 3531">
     <span class='ocr_line' id='line_1_80' title="bbox 1874 3459 3466 3531; baseline -0.003 -12"><span class='ocrx_word' id='word_1_581' title='bbox 1874 3464 2054 3528; x_wconf 86' lang='lat' dir='ltr'><strong>fuerit,</strong></span> <span class='ocrx_word' id='word_1_582' title='bbox 2087 3463 2129 3519; x_wconf 90' lang='lat' dir='ltr'><strong>si</strong></span> <span class='ocrx_word' id='word_1_583' title='bbox 2162 3463 2217 3518; x_wconf 91' lang='lat' dir='ltr'><strong>in</strong></span> <span class='ocrx_word' id='word_1_584' title='bbox 2243 3462 2446 3518; x_wconf 89' lang='lat' dir='ltr'><strong>levibus</strong></span> <span class='ocrx_word' id='word_1_585' title='bbox 2488 3460 2707 3531; x_wconf 90' lang='lat' dir='ltr'><strong>quidem</strong></span> <span class='ocrx_word' id='word_1_586' title='bbox 2752 3460 2906 3515; x_wconf 89' lang='lat' dir='ltr'><strong>furtis</strong></span> <span class='ocrx_word' id='word_1_587' title='bbox 2953 3459 3321 3529; x_wconf 88' lang='lat' dir='ltr'><strong>deprehensos</strong></span> <span class='ocrx_word' id='word_1_588' title='bbox 3362 3459 3466 3530; x_wconf 87' lang='lat' dir='ltr'><strong>ipsi</strong></span> 
     </span>
    </p>
   </div>
   <div class='ocr_carea' id='block_1_81' title="bbox 1875 3550 3463 3622">
    <p class='ocr_par' dir='ltr' id='par_1_81' title="bbox 1875 3550 3463 3622">
     <span class='ocr_line' id='line_1_81' title="bbox 1875 3550 3463 3622; baseline -0.004 -13"><span class='ocrx_word' id='word_1_589' title='bbox 1875 3563 2180 3620; x_wconf 89' lang='lat' dir='ltr'><strong>coerceant,</strong></span> <span class='ocrx_word' id='word_1_590' title='bbox 2208 3553 2595 3622; x_wconf 87' lang='lat' dir='ltr'><strong>tormentisque</strong></span> <span class='ocrx_word' id='word_1_591' title='bbox 2622 3550 2932 3620; x_wconf 87' lang='lat' dir='ltr'><strong>subjiciant,</strong></span> <span class='ocrx_word' id='word_1_592' title='bbox 2963 3565 3061 3604; x_wconf 91' lang='lat' dir='ltr'><strong>nec</strong></span> <span class='ocrx_word' id='word_1_593' title='bbox 3085 3550 3232 3619; x_wconf 92' lang='lat' dir='ltr'><strong>prius</strong></span> <span class='ocrx_word' id='word_1_594' title='bbox 3254 3550 3463 3605; x_wconf 90' lang='lat' dir='ltr'><strong>veniam</strong></span> 
     </span>
    </p>
   </div>
   <div class='ocr_carea' id='block_1_82' title="bbox 1876 3641 3467 3715">
    <p class='ocr_par' dir='ltr' id='par_1_82' title="bbox 1876 3641 3467 3715">
     <span class='ocr_line' id='line_1_82' title="bbox 1876 3641 3467 3715; baseline -0.001 -17"><span class='ocrx_word' id='word_1_595' title='bbox 1876 3644 2007 3700; x_wconf 88' lang='lat' dir='ltr'><strong>dent</strong></span> <span class='ocrx_word' id='word_1_596' title='bbox 2035 3660 2192 3715; x_wconf 89' lang='lat' dir='ltr'><strong>quam</strong></span> <span class='ocrx_word' id='word_1_597' title='bbox 2224 3659 2310 3699; x_wconf 86' lang='lat' dir='ltr'><strong>res</strong></span> <span class='ocrx_word' id='word_1_598' title='bbox 2336 3644 2542 3699; x_wconf 89' lang='lat' dir='ltr'><strong>ablatas</strong></span> <span class='ocrx_word' id='word_1_599' title='bbox 2580 3643 2932 3709; x_wconf 86' lang='lat' dir='ltr'><strong>restituerint,</strong></span> <span class='ocrx_word' id='word_1_600' title='bbox 2966 3642 3069 3711; x_wconf 92' lang='lat' dir='ltr'><strong>ipsi</strong></span> <span class='ocrx_word' id='word_1_601' title='bbox 3116 3656 3247 3697; x_wconf 85' lang='lat' dir='ltr'><strong>vero</strong></span> <span class='ocrx_word' id='word_1_602' title='bbox 3293 3641 3467 3696; x_wconf 85' lang='lat' dir='ltr'><strong>maxi-</strong></span> 
     </span>
    </p>
   </div>
   <div class='ocr_carea' id='block_1_83' title="bbox 1875 3737 3466 3809">
    <p class='ocr_par' dir='ltr' id='par_1_83' title="bbox 1875 3737 3466 3809">
     <span class='ocr_line' id='line_1_83' title="bbox 1875 3737 3466 3809; baseline -0.001 -15"><span class='ocrx_word' id='word_1_603' title='bbox 1875 3754 2086 3794; x_wconf 89' lang='lat' dir='ltr'><strong>morum</strong></span> <span class='ocrx_word' id='word_1_604' title='bbox 2134 3741 2392 3795; x_wconf 89' lang='lat' dir='ltr'><strong>furtorum</strong></span> <span class='ocrx_word' id='word_1_605' title='bbox 2444 3741 2521 3794; x_wconf 91' lang='lat' dir='ltr'><strong>rei</strong></span> <span class='ocrx_word' id='word_1_606' title='bbox 2567 3739 2769 3809; x_wconf 88' lang='lat' dir='ltr'><strong>absque</strong></span> <span class='ocrx_word' id='word_1_607' title='bbox 2826 3752 2999 3792; x_wconf 67' lang='lat' dir='ltr'><strong>causa:</strong></span> <span class='ocrx_word' id='word_1_608' title='bbox 3048 3737 3279 3793; x_wconf 88' lang='lat' dir='ltr'><strong>dictione</strong></span> <span class='ocrx_word' id='word_1_609' title='bbox 3326 3752 3466 3793; x_wconf 84' lang='lat' dir='ltr'><strong>noxa</strong></span> 
     </span>
    </p>
   </div>
   <div class='ocr_carea' id='block_1_84' title="bbox 1876 3828 3465 3901">
    <p class='ocr_par' dir='ltr' id='par_1_84' title="bbox 1876 3828 3465 3901">
     <span class='ocr_line' id='line_1_84' title="bbox 1876 3828 3465 3901; baseline -0.001 -16"><span class='ocrx_word' id='word_1_610' title='bbox 1876 3831 2174 3899; x_wconf 84' lang='lat' dir='ltr'><strong>solvantur,</strong></span> <span class='ocrx_word' id='word_1_611' title='bbox 2202 3846 2377 3901; x_wconf 84' lang='lat' dir='ltr'><strong>neque</strong></span> <span class='ocrx_word' id='word_1_612' title='bbox 2405 3831 2638 3900; x_wconf 83' lang='lat' dir='ltr'><strong>exempli</strong></span> <span class='ocrx_word' id='word_1_613' title='bbox 2666 3844 2761 3885; x_wconf 89' lang='lat' dir='ltr'><strong>eos</strong></span> <span class='ocrx_word' id='word_1_614' title='bbox 2791 3829 3017 3899; x_wconf 88' lang='lat' dir='ltr'><strong>pudeat,</strong></span> <span class='ocrx_word' id='word_1_615' title='bbox 3064 3828 3207 3898; x_wconf 90' lang='lat' dir='ltr'><strong>quod</strong></span> <span class='ocrx_word' id='word_1_616' title='bbox 3234 3829 3465 3885; x_wconf 88' lang='lat' dir='ltr'><strong>subditis</strong></span> 
     </span>
    </p>
   </div>
   <div class='ocr_carea' id='block_1_85' title="bbox 1879 3920 3468 3988">
    <p class='ocr_par' dir='ltr' id='par_1_85' title="bbox 1879 3920 3468 3988">
     <span class='ocr_line' id='line_1_85' title="bbox 1879 3920 3468 3988; baseline 0.002 -13"><span class='ocrx_word' id='word_1_617' title='bbox 1879 3922 1932 3977; x_wconf 90' lang='lat' dir='ltr'><strong>in</strong></span> <span class='ocrx_word' id='word_1_618' title='bbox 1958 3921 2060 3977; x_wconf 91' lang='lat' dir='ltr'><strong>hoc</strong></span> <span class='ocrx_word' id='word_1_619' title='bbox 2089 3922 2367 3988; x_wconf 84' lang='lat' dir='ltr'><strong>exhibent,</strong></span> <span class='ocrx_word' id='word_1_620' title='bbox 2391 3936 2512 3977; x_wconf 90' lang='lat' dir='ltr'><strong>cum</strong></span> <span class='ocrx_word' id='word_1_621' title='bbox 2546 3922 2761 3977; x_wconf 89' lang='lat' dir='ltr'><strong>interim</strong></span> <span class='ocrx_word' id='word_1_622' title='bbox 2789 3921 2835 3976; x_wconf 89' lang='lat' dir='ltr'><strong>si</strong></span> <span class='ocrx_word' id='word_1_623' title='bbox 2860 3921 2976 3976; x_wconf 89' lang='lat' dir='ltr'><strong>istis</strong></span> <span class='ocrx_word' id='word_1_624' title='bbox 3003 3920 3325 3988; x_wconf 91' lang='lat' dir='ltr'><strong>abstineant,</strong></span> <span class='ocrx_word' id='word_1_625' title='bbox 3359 3936 3468 3978; x_wconf 89' lang='lat' dir='ltr'><strong>non</strong></span> 
     </span>
    </p>
   </div>
   <div class='ocr_carea' id='block_1_86' title="bbox 1878 4014 3469 4084">
    <p class='ocr_par' dir='ltr' id='par_1_86' title="bbox 1878 4014 3469 4084">
     <span class='ocr_line' id='line_1_86' title="bbox 1878 4014 3469 4084; baseline 0.001 -16"><span class='ocrx_word' id='word_1_626' title='bbox 1878 4022 2084 4069; x_wconf 88' lang='lat' dir='ltr'><strong>tantum</strong></span> <span class='ocrx_word' id='word_1_627' title='bbox 2130 4016 2273 4070; x_wconf 89' lang='lat' dir='ltr'><strong>inter</strong></span> <span class='ocrx_word' id='word_1_628' title='bbox 2318 4016 2597 4080; x_wconf 84' lang='lat' dir='ltr'><strong>honestos,</strong></span> <span class='ocrx_word' id='word_1_629' title='bbox 2641 4014 2872 4084; x_wconf 83' lang='lat' dir='ltr'><strong>ingenue</strong></span> <span class='ocrx_word' id='word_1_630' title='bbox 2901 4015 3164 4082; x_wconf 89' lang='lat' dir='ltr'><strong>viventes,</strong></span> <span class='ocrx_word' id='word_1_631' title='bbox 3216 4022 3270 4069; x_wconf 92' lang='lat' dir='ltr'><strong>et</strong></span> <span class='ocrx_word' id='word_1_632' title='bbox 3319 4015 3469 4070; x_wconf 84' lang='lat' dir='ltr'><strong>omni</strong></span> 
     </span>
    </p>
   </div>
   <div class='ocr_carea' id='block_1_87' title="bbox 1875 4106 3466 4171">
    <p class='ocr_par' dir='ltr' id='par_1_87' title="bbox 1875 4106 3466 4171">
     <span class='ocr_line' id='line_1_87' title="bbox 1875 4106 3466 4171; baseline 0 -9"><span class='ocrx_word' id='word_1_633' title='bbox 1875 4106 2036 4162; x_wconf 89' lang='lat' dir='ltr'><strong>laude</strong></span> <span class='ocrx_word' id='word_1_634' title='bbox 2073 4107 2372 4163; x_wconf 85' lang='lat' dir='ltr'><strong>cumulatus</strong></span> <span class='ocrx_word' id='word_1_635' title='bbox 2398 4107 2641 4171; x_wconf 90' lang='lat' dir='ltr'><strong>censeri,</strong></span> <span class='ocrx_word' id='word_1_636' title='bbox 2684 4106 2781 4162; x_wconf 90' lang='lat' dir='ltr'><strong>sed</strong></span> <span class='ocrx_word' id='word_1_637' title='bbox 2829 4106 2993 4163; x_wconf 89' lang='lat' dir='ltr'><strong>etiam</strong></span> <span class='ocrx_word' id='word_1_638' title='bbox 3019 4106 3220 4163; x_wconf 89' lang='lat' dir='ltr'><strong>bonum</strong></span> <span class='ocrx_word' id='word_1_639' title='bbox 3250 4121 3280 4162; x_wconf 91' lang='lat' dir='ltr'><strong>a</strong></span> <span class='ocrx_word' id='word_1_640' title='bbox 3311 4106 3466 4164; x_wconf 88' lang='lat' dir='ltr'><strong>nobis</strong></span> 
     </span>
    </p>
   </div>
   <div class='ocr_carea' id='block_1_88' title="bbox 1878 4202 2777 4272">
    <p class='ocr_par' dir='ltr' id='par_1_88' title="bbox 1878 4202 2777 4272">
     <span class='ocr_line' id='line_1_88' title="bbox 1878 4202 2777 4272; baseline -0.001 -15"><span class='ocrx_word' id='word_1_641' title='bbox 1878 4203 2243 4258; x_wconf 91' lang='lat' dir='ltr'><strong>testimonium</strong></span> <span class='ocrx_word' id='word_1_642' title='bbox 2271 4202 2515 4257; x_wconf 88' lang='lat' dir='ltr'><strong>obtinere</strong></span> <span class='ocrx_word' id='word_1_643' title='bbox 2546 4202 2777 4272; x_wconf 87' lang='lat' dir='ltr'><strong>possint.</strong></span> 
     </span>
    </p>
   </div>
   <div class='ocr_carea' id='block_1_89' title="bbox 1866 4294 3465 4352">
    <p class='ocr_par' dir='ltr' id='par_1_89' title="bbox 1866 4294 3465 4352">
     <span class='ocr_line' id='line_1_89' title="bbox 1866 4294 3465 4352; baseline -0.004 0"><span class='ocrx_word' id='word_1_644' title='bbox 1866 4338 1883 4341; x_wconf 52' lang='grc' dir='ltr'>ρ</span> <span class='ocrx_word' id='word_1_645' title='bbox 1953 4297 2241 4352; x_wconf 86' lang='lat' dir='ltr'><strong>Enimvero</strong></span> <span class='ocrx_word' id='word_1_646' title='bbox 2266 4304 2406 4351; x_wconf 89' lang='lat' dir='ltr'><strong>utet</strong></span> <span class='ocrx_word' id='word_1_647' title='bbox 2434 4310 2534 4351; x_wconf 90' lang='lat' dir='ltr'><strong>nos</strong></span> <span class='ocrx_word' id='word_1_648' title='bbox 2581 4295 2686 4351; x_wconf 89' lang='lat' dir='ltr'><strong>illis</strong></span> <span class='ocrx_word' id='word_1_649' title='bbox 2717 4298 2973 4352; x_wconf 87' lang='lat' dir='ltr'><strong>honorem</strong></span> <span class='ocrx_word' id='word_1_650' title='bbox 3009 4310 3071 4350; x_wconf 89' lang='lat' dir='ltr'><strong>ac</strong></span> <span class='ocrx_word' id='word_1_651' title='bbox 3109 4294 3465 4351; x_wconf 88' lang='lat' dir='ltr'><strong>reverentiam</strong></span> 
     </span>
    </p>
   </div>
   <div class='ocr_carea' id='block_1_90' title="bbox 1877 4386 3469 4456">
    <p class='ocr_par' dir='ltr' id='par_1_90' title="bbox 1877 4386 3469 4456">
     <span class='ocr_line' id='line_1_90' title="bbox 1877 4386 3469 4456; baseline -0.004 -12"><span class='ocrx_word' id='word_1_652' title='bbox 1877 4395 2147 4455; x_wconf 77' lang='lat' dir='ltr'><strong>tueamur,</strong></span> <span class='ocrx_word' id='word_1_653' title='bbox 2177 4396 2234 4443; x_wconf 88' lang='lat' dir='ltr'><strong>et</strong></span> <span class='ocrx_word' id='word_1_654' title='bbox 2280 4388 2357 4443; x_wconf 91' lang='lat' dir='ltr'><strong>illi</strong></span> <span class='ocrx_word' id='word_1_655' title='bbox 2387 4386 2542 4444; x_wconf 89' lang='lat' dir='ltr'><strong>nobis</strong></span> <span class='ocrx_word' id='word_1_656' title='bbox 2570 4388 2805 4443; x_wconf 88' lang='lat' dir='ltr'><strong>vicissim</strong></span> <span class='ocrx_word' id='word_1_657' title='bbox 2852 4387 3207 4456; x_wconf 71' lang='lat' dir='ltr'><strong>integritatem</strong></span> <span class='ocrx_word' id='word_1_658' title='bbox 3240 4386 3469 4440; x_wconf 88' lang='lat' dir='ltr'><strong>reddant</strong></span> 
     </span>
    </p>
   </div>
   <div class='ocr_carea' id='block_1_91' title="bbox 193 4473 3472 4582">
    <p class='ocr_par' dir='ltr' id='par_1_91' title="bbox 193 4473 3472 4582">
     <span class='ocr_line' id='line_1_91' title="bbox 193 4473 3472 4582; baseline -0.005 -35"><span class='ocrx_word' id='word_1_659' title='bbox 193 4482 457 4547; x_wconf 69' lang='lat' dir='ltr'><strong>Primores</strong></span> <span class='ocrx_word' id='word_1_660' title='bbox 506 4478 624 4546; x_wconf 71' lang='lat' dir='ltr'><strong>eius</strong></span> <span class='ocrx_word' id='word_1_661' title='bbox 670 4474 793 4541; x_wconf 73' lang='grc' dir='ltr'><strong>Ιοοῖν</strong></span> <span class='ocrx_word' id='word_1_662' title='bbox 844 4474 1089 4582; x_wconf 66' lang='grc' dir='ltr'><strong>Ρταξείάῖε</strong></span> <span class='ocrx_word' id='word_1_663' title='bbox 1128 4473 1322 4529; x_wconf 59' lang='lat' dir='ltr'><strong>delicta</strong></span> <span class='ocrx_word' id='word_1_664' title='bbox 1372 4483 1769 4539; x_wconf 69' lang='grc' dir='ltr'><strong>θηυῐηϐΐθῐιιθε,</strong></span> <span class='ocrx_word' id='word_1_665' title='bbox 1800 4490 1934 4582; x_wconf 71' lang='lat' dir='ltr'><strong>Det</strong></span> <span class='ocrx_word' id='word_1_666' title='bbox 1962 4480 2411 4545; x_wconf 86' lang='lat' dir='ltr'><strong>benevolentiam,</strong></span> <span class='ocrx_word' id='word_1_667' title='bbox 2435 4495 2608 4550; x_wconf 90' lang='lat' dir='ltr'><strong>neque</strong></span> <span class='ocrx_word' id='word_1_668' title='bbox 2629 4479 3014 4550; x_wconf 86' lang='lat' dir='ltr'><strong>spectabilibus</strong></span> <span class='ocrx_word' id='word_1_669' title='bbox 3029 4477 3273 4541; x_wconf 90' lang='lat' dir='ltr'><strong>ducibus,</strong></span> <span class='ocrx_word' id='word_1_670' title='bbox 3299 4490 3472 4545; x_wconf 91' lang='lat' dir='ltr'><strong>neque</strong></span> 
     </span>
    </p>
   </div>
   <div class='ocr_carea' id='block_1_92' title="bbox 194 4564 1778 4641">
    <p class='ocr_par' dir='ltr' id='par_1_92' title="bbox 194 4564 1778 4641">
     <span class='ocr_line' id='line_1_92' title="bbox 194 4564 1778 4641; baseline -0.004 -15"><span class='ocrx_word' id='word_1_671' title='bbox 194 4585 382 4641; x_wconf 84' lang='lat' dir='ltr'><strong>preces</strong></span> <span class='ocrx_word' id='word_1_672' title='bbox 409 4570 477 4624; x_wconf 90' lang='lat' dir='ltr'><strong>ad</strong></span> <span class='ocrx_word' id='word_1_673' title='bbox 504 4583 600 4623; x_wconf 90' lang='lat' dir='ltr'><strong>nos</strong></span> <span class='ocrx_word' id='word_1_674' title='bbox 629 4567 883 4634; x_wconf 89' lang='lat' dir='ltr'><strong>dirigant.</strong></span> <span class='ocrx_word' id='word_1_675' title='bbox 912 4564 1021 4621; x_wconf 86' lang='lat' dir='ltr'><strong>Nos</strong></span> <span class='ocrx_word' id='word_1_676' title='bbox 1046 4566 1187 4620; x_wconf 91' lang='lat' dir='ltr'><strong>enim</strong></span> <span class='ocrx_word' id='word_1_677' title='bbox 1218 4579 1277 4620; x_wconf 90' lang='lat' dir='ltr'><strong>re</strong></span> <span class='ocrx_word' id='word_1_678' title='bbox 1304 4575 1579 4634; x_wconf 89' lang='lat' dir='ltr'><strong>comperta</strong></span> <span class='ocrx_word' id='word_1_679' title='bbox 1609 4565 1778 4620; x_wconf 90' lang='lat' dir='ltr'><strong>desti-</strong></span> 
     </span>
    </p>
   </div>
   <div class='ocr_carea' id='block_1_93' title="bbox 193 4659 1777 4731">
    <p class='ocr_par' dir='ltr' id='par_1_93' title="bbox 193 4659 1777 4731">
     <span class='ocr_line' id='line_1_93' title="bbox 193 4659 1777 4731; baseline -0.004 -13"><span class='ocrx_word' id='word_1_680' title='bbox 193 4663 440 4719; x_wconf 90' lang='lat' dir='ltr'><strong>nabimus</strong></span> <span class='ocrx_word' id='word_1_681' title='bbox 470 4663 521 4715; x_wconf 93' lang='lat' dir='ltr'><strong>in</strong></span> <span class='ocrx_word' id='word_1_682' title='bbox 553 4659 880 4731; x_wconf 86' lang='lat' dir='ltr'><strong>provinciam</strong></span> <span class='ocrx_word' id='word_1_683' title='bbox 928 4659 1182 4727; x_wconf 89' lang='lat' dir='ltr'><strong>aliquem,</strong></span> <span class='ocrx_word' id='word_1_684' title='bbox 1216 4659 1306 4728; x_wconf 92' lang='lat' dir='ltr'><strong>qui</strong></span> <span class='ocrx_word' id='word_1_685' title='bbox 1355 4660 1455 4713; x_wconf 87' lang='lat' dir='ltr'><strong>ista</strong></span> <span class='ocrx_word' id='word_1_686' title='bbox 1489 4659 1777 4727; x_wconf 87' lang='lat' dir='ltr'><strong>examinet,</strong></span> 
     </span>
    </p>
   </div>
   <div class='ocr_carea' id='block_1_94' title="bbox 191 4750 1782 4822">
    <p class='ocr_par' dir='ltr' id='par_1_94' title="bbox 191 4750 1782 4822">
     <span class='ocr_line' id='line_1_94' title="bbox 191 4750 1782 4822; baseline -0.005 -10"><span class='ocrx_word' id='word_1_687' title='bbox 191 4766 251 4813; x_wconf 90' lang='lat' dir='ltr'><strong>ut</strong></span> <span class='ocrx_word' id='word_1_688' title='bbox 281 4756 350 4811; x_wconf 90' lang='lat' dir='ltr'><strong>ibi</strong></span> <span class='ocrx_word' id='word_1_689' title='bbox 396 4755 711 4810; x_wconf 91' lang='lat' dir='ltr'><strong>delictorum</strong></span> <span class='ocrx_word' id='word_1_690' title='bbox 743 4765 929 4822; x_wconf 58' lang='lat' dir='ltr'><strong>poenas</strong></span> <span class='ocrx_word' id='word_1_691' title='bbox 957 4752 1199 4813; x_wconf 78' lang='lat' dir='ltr'><strong>sufferat.</strong></span> <span class='ocrx_word' id='word_1_692' title='bbox 1232 4752 1319 4807; x_wconf 89' lang='lat' dir='ltr'><strong>ubi</strong></span> <span class='ocrx_word' id='word_1_693' title='bbox 1350 4758 1406 4805; x_wconf 90' lang='lat' dir='ltr'><strong>et</strong></span> <span class='ocrx_word' id='word_1_694' title='bbox 1449 4750 1693 4819; x_wconf 89' lang='lat' dir='ltr'><strong>deliquit,</strong></span> <span class='ocrx_word' id='word_1_695' title='bbox 1725 4760 1782 4805; x_wconf 89' lang='lat' dir='ltr'><strong>et</strong></span> 
     </span>
    </p>
   </div>
   <div class='ocr_carea' id='block_1_95' title="bbox 192 4840 1779 4915">
    <p class='ocr_par' dir='ltr' id='par_1_95' title="bbox 192 4840 1779 4915">
     <span class='ocr_line' id='line_1_95' title="bbox 192 4840 1779 4915; baseline -0.005 -11"><span class='ocrx_word' id='word_1_696' title='bbox 192 4857 253 4904; x_wconf 88' lang='lat' dir='ltr'><strong>ut</strong></span> <span class='ocrx_word' id='word_1_697' title='bbox 275 4849 409 4904; x_wconf 90' lang='lat' dir='ltr'><strong>alius</strong></span> <span class='ocrx_word' id='word_1_698' title='bbox 433 4848 498 4902; x_wconf 92' lang='lat' dir='ltr'><strong>ad</strong></span> <span class='ocrx_word' id='word_1_699' title='bbox 526 4847 629 4902; x_wconf 92' lang='lat' dir='ltr'><strong>hoc</strong></span> <span class='ocrx_word' id='word_1_700' title='bbox 670 4844 974 4915; x_wconf 90' lang='lat' dir='ltr'><strong>exemplum</strong></span> <span class='ocrx_word' id='word_1_701' title='bbox 1004 4842 1321 4913; x_wconf 90' lang='lat' dir='ltr'><strong>respiciens,</strong></span> <span class='ocrx_word' id='word_1_702' title='bbox 1354 4841 1653 4896; x_wconf 84' lang='lat' dir='ltr'><strong>consimilia</strong></span> <span class='ocrx_word' id='word_1_703' title='bbox 1697 4840 1779 4896; x_wconf 87' lang='lat' dir='ltr'><strong>fa-</strong></span> 
     </span>
    </p>
   </div>
   <div class='ocr_carea' id='block_1_96' title="bbox 192 4945 794 5009">
    <p class='ocr_par' dir='ltr' id='par_1_96' title="bbox 192 4945 794 5009">
     <span class='ocr_line' id='line_1_96' title="bbox 192 4945 794 5009; baseline -0.007 -13"><span class='ocrx_word' id='word_1_704' title='bbox 192 4957 316 4997; x_wconf 89' lang='lat' dir='ltr'><strong>cere</strong></span> <span class='ocrx_word' id='word_1_705' title='bbox 347 4957 451 4996; x_wconf 93' lang='lat' dir='ltr'><strong>non</strong></span> <span class='ocrx_word' id='word_1_706' title='bbox 486 4945 794 5009; x_wconf 65' lang='lat' dir='ltr'><strong>prresumat.</strong></span> 
     </span>
    </p>
   </div>
   <div class='ocr_carea' id='block_1_97' title="bbox 264 5027 1776 5088">
    <p class='ocr_par' dir='ltr' id='par_1_97' title="bbox 264 5027 1776 5088">
     <span class='ocr_line' id='line_1_97' title="bbox 264 5027 1776 5088; baseline -0.004 -1"><span class='ocrx_word' id='word_1_707' title='bbox 264 5032 569 5088; x_wconf 85' lang='lat' dir='ltr'><strong>Secundum</strong></span> <span class='ocrx_word' id='word_1_708' title='bbox 601 5041 810 5086; x_wconf 90' lang='lat' dir='ltr'><strong>veteres</strong></span> <span class='ocrx_word' id='word_1_709' title='bbox 838 5028 1243 5085; x_wconf 89' lang='lat' dir='ltr'><strong>constitutiones</strong></span> <span class='ocrx_word' id='word_1_710' title='bbox 1271 5027 1646 5082; x_wconf 86' lang='lat' dir='ltr'><strong>necessitatem</strong></span> <span class='ocrx_word' id='word_1_711' title='bbox 1681 5027 1776 5081; x_wconf 88' lang='lat' dir='ltr'><strong>ha-</strong></span> 
     </span>
    </p>
   </div>
   <div class='ocr_carea' id='block_1_98' title="bbox 192 5120 1777 5196">
    <p class='ocr_par' dir='ltr' id='par_1_98' title="bbox 192 5120 1777 5196">
     <span class='ocr_line' id='line_1_98' title="bbox 192 5120 1777 5196; baseline -0.006 -13"><span class='ocrx_word' id='word_1_712' title='bbox 192 5128 354 5184; x_wconf 89' lang='lat' dir='ltr'><strong>bente</strong></span> <span class='ocrx_word' id='word_1_713' title='bbox 378 5141 444 5182; x_wconf 89' lang='lat' dir='ltr'><strong>eo</strong></span> <span class='ocrx_word' id='word_1_714' title='bbox 470 5126 559 5196; x_wconf 92' lang='lat' dir='ltr'><strong>qui</strong></span> <span class='ocrx_word' id='word_1_715' title='bbox 590 5124 904 5193; x_wconf 89' lang='lat' dir='ltr'><strong>magistratu</strong></span> <span class='ocrx_word' id='word_1_716' title='bbox 932 5121 1259 5191; x_wconf 89' lang='lat' dir='ltr'><strong>defungitur,</strong></span> <span class='ocrx_word' id='word_1_717' title='bbox 1287 5130 1345 5175; x_wconf 92' lang='lat' dir='ltr'><strong>ut</strong></span> <span class='ocrx_word' id='word_1_718' title='bbox 1370 5120 1583 5189; x_wconf 90' lang='lat' dir='ltr'><strong>cingulo</strong></span> <span class='ocrx_word' id='word_1_719' title='bbox 1612 5120 1777 5189; x_wconf 89' lang='lat' dir='ltr'><strong>depo-</strong></span> 
     </span>
    </p>
   </div>
   <div class='ocr_carea' id='block_1_99' title="bbox 190 5210 1779 5285">
    <p class='ocr_par' dir='ltr' id='par_1_99' title="bbox 190 5210 1779 5285">
     <span class='ocr_line' id='line_1_99' title="bbox 190 5210 1779 5285; baseline -0.005 -12"><span class='ocrx_word' id='word_1_720' title='bbox 190 5220 317 5285; x_wconf 89' lang='lat' dir='ltr'><strong>sito,</strong></span> <span class='ocrx_word' id='word_1_721' title='bbox 348 5230 446 5285; x_wconf 84' lang='lat' dir='ltr'><strong>per</strong></span> <span class='ocrx_word' id='word_1_722' title='bbox 472 5214 855 5285; x_wconf 87' lang='lat' dir='ltr'><strong>quinquaginta</strong></span> <span class='ocrx_word' id='word_1_723' title='bbox 884 5212 1001 5267; x_wconf 88' lang='lat' dir='ltr'><strong>dies</strong></span> <span class='ocrx_word' id='word_1_724' title='bbox 1034 5213 1086 5265; x_wconf 93' lang='lat' dir='ltr'><strong>in</strong></span> <span class='ocrx_word' id='word_1_725' title='bbox 1120 5212 1390 5279; x_wconf 88' lang='lat' dir='ltr'><strong>provincia</strong></span> <span class='ocrx_word' id='word_1_726' title='bbox 1423 5210 1524 5265; x_wconf 89' lang='lat' dir='ltr'><strong>sub</strong></span> <span class='ocrx_word' id='word_1_727' title='bbox 1567 5211 1779 5279; x_wconf 80' lang='lat' dir='ltr'><strong>publico</strong></span> 
     </span>
    </p>
   </div>
   <div class='ocr_carea' id='block_1_100' title="bbox 191 5304 1779 5380">
    <p class='ocr_par' dir='ltr' id='par_1_100' title="bbox 191 5304 1779 5380">
     <span class='ocr_line' id='line_1_100' title="bbox 191 5304 1779 5380; baseline -0.006 -13"><span class='ocrx_word' id='word_1_728' title='bbox 191 5320 412 5380; x_wconf 88' lang='lat' dir='ltr'><strong>aspectu</strong></span> <span class='ocrx_word' id='word_1_729' title='bbox 441 5316 831 5369; x_wconf 90' lang='lat' dir='ltr'><strong>commoretur,</strong></span> <span class='ocrx_word' id='word_1_730' title='bbox 863 5314 919 5361; x_wconf 91' lang='lat' dir='ltr'><strong>et</strong></span> <span class='ocrx_word' id='word_1_731' title='bbox 958 5306 1194 5359; x_wconf 92' lang='lat' dir='ltr'><strong>omnium</strong></span> <span class='ocrx_word' id='word_1_732' title='bbox 1224 5305 1476 5359; x_wconf 89' lang='lat' dir='ltr'><strong>adversus</strong></span> <span class='ocrx_word' id='word_1_733' title='bbox 1508 5317 1568 5358; x_wconf 90' lang='lat' dir='ltr'><strong>se</strong></span> <span class='ocrx_word' id='word_1_734' title='bbox 1605 5304 1779 5358; x_wconf 86' lang='lat' dir='ltr'><strong>inten-</strong></span> 
     </span>
    </p>
   </div>
   <div class='ocr_carea' id='block_1_101' title="bbox 194 5396 1779 5467">
    <p class='ocr_par' dir='ltr' id='par_1_101' title="bbox 194 5396 1779 5467">
     <span class='ocr_line' id='line_1_101' title="bbox 194 5396 1779 5467; baseline -0.006 -9"><span class='ocrx_word' id='word_1_735' title='bbox 194 5412 331 5458; x_wconf 90' lang='lat' dir='ltr'><strong>tatas</strong></span> <span class='ocrx_word' id='word_1_736' title='bbox 356 5402 595 5456; x_wconf 84' lang='lat' dir='ltr'><strong>actiones</strong></span> <span class='ocrx_word' id='word_1_737' title='bbox 616 5398 868 5467; x_wconf 80' lang='lat' dir='ltr'><strong>excipiat.</strong></span> <span class='ocrx_word' id='word_1_738' title='bbox 897 5398 1053 5464; x_wconf 85' lang='lat' dir='ltr'><strong>Quod</strong></span> <span class='ocrx_word' id='word_1_739' title='bbox 1083 5398 1126 5451; x_wconf 92' lang='lat' dir='ltr'><strong>si</strong></span> <span class='ocrx_word' id='word_1_740' title='bbox 1158 5397 1303 5466; x_wconf 86' lang='lat' dir='ltr'><strong>prius</strong></span> <span class='ocrx_word' id='word_1_741' title='bbox 1329 5411 1489 5466; x_wconf 90' lang='lat' dir='ltr'><strong>quam</strong></span> <span class='ocrx_word' id='word_1_742' title='bbox 1519 5396 1779 5465; x_wconf 83' lang='lat' dir='ltr'><strong>quinqua-</strong></span> 
     </span>
    </p>
   </div>
   <div class='ocr_carea' id='block_1_102' title="bbox 192 5486 1780 5567">
    <p class='ocr_par' dir='ltr' id='par_1_102' title="bbox 192 5486 1780 5567">
     <span class='ocr_line' id='line_1_102' title="bbox 192 5486 1780 5567; baseline -0.006 -17"><span class='ocrx_word' id='word_1_743' title='bbox 192 5496 341 5567; x_wconf 70' lang='lat' dir='ltr'><strong>ginta</strong></span> <span class='ocrx_word' id='word_1_744' title='bbox 368 5494 484 5548; x_wconf 90' lang='lat' dir='ltr'><strong>dies</strong></span> <span class='ocrx_word' id='word_1_745' title='bbox 512 5493 796 5560; x_wconf 89' lang='lat' dir='ltr'><strong>compleat,</strong></span> <span class='ocrx_word' id='word_1_746' title='bbox 824 5490 1108 5559; x_wconf 86' lang='lat' dir='ltr'><strong>diffugiens</strong></span> <span class='ocrx_word' id='word_1_747' title='bbox 1150 5498 1398 5559; x_wconf 87' lang='lat' dir='ltr'><strong>tanquam</strong></span> <span class='ocrx_word' id='word_1_748' title='bbox 1431 5489 1535 5543; x_wconf 91' lang='lat' dir='ltr'><strong>vile</strong></span> <span class='ocrx_word' id='word_1_749' title='bbox 1565 5486 1780 5558; x_wconf 90' lang='lat' dir='ltr'><strong>aliquod</strong></span> 
     </span>
    </p>
   </div>
   <div class='ocr_carea' id='block_1_103' title="bbox 192 5582 1781 5656">
    <p class='ocr_par' dir='ltr' id='par_1_103' title="bbox 192 5582 1781 5656">
     <span class='ocr_line' id='line_1_103' title="bbox 192 5582 1781 5656; baseline -0.004 -13"><span class='ocrx_word' id='word_1_750' title='bbox 192 5587 520 5656; x_wconf 86' lang='lat' dir='ltr'><strong>mancipium</strong></span> <span class='ocrx_word' id='word_1_751' title='bbox 565 5582 1391 5652; x_wconf 87' lang='lat' dir='ltr'><strong>comprehendatur,tribuimus</strong></span> <span class='ocrx_word' id='word_1_752' title='bbox 1434 5582 1781 5637; x_wconf 88' lang='lat' dir='ltr'><strong>collatoribus</strong></span> 
     </span>
    </p>
   </div>
   <div class='ocr_carea' id='block_1_104' title="bbox 193 5674 1780 5744">
    <p class='ocr_par' dir='ltr' id='par_1_104' title="bbox 193 5674 1780 5744">
     <span class='ocr_line' id='line_1_104' title="bbox 193 5674 1780 5744; baseline -0.004 -11"><span class='ocrx_word' id='word_1_753' title='bbox 193 5676 469 5733; x_wconf 86' lang='lat' dir='ltr'><strong>licentiam</strong></span> <span class='ocrx_word' id='word_1_754' title='bbox 502 5684 560 5731; x_wconf 90' lang='lat' dir='ltr'><strong>ut</strong></span> <span class='ocrx_word' id='word_1_755' title='bbox 587 5685 642 5733; x_wconf 92' lang='lat' dir='ltr'><strong>et</strong></span> <span class='ocrx_word' id='word_1_756' title='bbox 671 5676 743 5731; x_wconf 89' lang='lat' dir='ltr'><strong>ibi</strong></span> <span class='ocrx_word' id='word_1_757' title='bbox 771 5690 893 5730; x_wconf 92' lang='lat' dir='ltr'><strong>eum</strong></span> <span class='ocrx_word' id='word_1_758' title='bbox 925 5675 1165 5730; x_wconf 91' lang='lat' dir='ltr'><strong>locorum</strong></span> <span class='ocrx_word' id='word_1_759' title='bbox 1192 5674 1487 5739; x_wconf 90' lang='lat' dir='ltr'><strong>detineant,</strong></span> <span class='ocrx_word' id='word_1_760' title='bbox 1519 5684 1574 5729; x_wconf 93' lang='lat' dir='ltr'><strong>et</strong></span> <span class='ocrx_word' id='word_1_761' title='bbox 1620 5674 1780 5744; x_wconf 89' lang='lat' dir='ltr'><strong>quid-</strong></span> 
     </span>
    </p>
   </div>
   <div class='ocr_carea' id='block_1_105' title="bbox 198 5769 1783 5850">
    <p class='ocr_par' dir='ltr' id='par_1_105' title="bbox 198 5769 1783 5850">
     <span class='ocr_line' id='line_1_105' title="bbox 198 5769 1783 5850; baseline -0.002 -23"><span class='ocrx_word' id='word_1_762' title='bbox 198 5771 328 5850; x_wconf 86' lang='lat' dir='ltr'><strong>quid</strong></span> <span class='ocrx_word' id='word_1_763' title='bbox 354 5771 428 5827; x_wconf 91' lang='lat' dir='ltr'><strong>illi</strong></span> <span class='ocrx_word' id='word_1_764' title='bbox 452 5770 715 5843; x_wconf 88' lang='lat' dir='ltr'><strong>dederint,</strong></span> <span class='ocrx_word' id='word_1_765' title='bbox 741 5779 912 5829; x_wconf 90' lang='lat' dir='ltr'><strong>totum</strong></span> <span class='ocrx_word' id='word_1_766' title='bbox 933 5770 1058 5835; x_wconf 89' lang='lat' dir='ltr'><strong>furti</strong></span> <span class='ocrx_word' id='word_1_767' title='bbox 1086 5769 1240 5828; x_wconf 83' lang='lat' dir='ltr'><strong>titulo</strong></span> <span class='ocrx_word' id='word_1_768' title='bbox 1261 5770 1491 5841; x_wconf 86' lang='lat' dir='ltr'><strong>exigant,</strong></span> <span class='ocrx_word' id='word_1_769' title='bbox 1518 5778 1783 5841; x_wconf 63' lang='lat' dir='ltr'><strong>prasente</strong></span> 
     </span>
    </p>
   </div>
   <div class='ocr_carea' id='block_1_106' title="bbox 1887 4569 3475 4645">
    <p class='ocr_par' dir='ltr' id='par_1_106' title="bbox 1887 4569 3475 4645">
     <span class='ocr_line' id='line_1_106' title="bbox 1887 4569 3475 4645; baseline -0.002 -17"><span class='ocrx_word' id='word_1_770' title='bbox 1887 4574 2132 4645; x_wconf 86' lang='lat' dir='ltr'><strong>cuiquam</strong></span> <span class='ocrx_word' id='word_1_771' title='bbox 2174 4574 2264 4628; x_wconf 91' lang='lat' dir='ltr'><strong>alii</strong></span> <span class='ocrx_word' id='word_1_772' title='bbox 2314 4581 2632 4643; x_wconf 87' lang='lat' dir='ltr'><strong>potestatem</strong></span> <span class='ocrx_word' id='word_1_773' title='bbox 2666 4572 2921 4637; x_wconf 88' lang='lat' dir='ltr'><strong>facimus,</strong></span> <span class='ocrx_word' id='word_1_774' title='bbox 2952 4570 3110 4624; x_wconf 88' lang='lat' dir='ltr'><strong>ullam</strong></span> <span class='ocrx_word' id='word_1_775' title='bbox 3140 4569 3241 4624; x_wconf 88' lang='lat' dir='ltr'><strong>sibi</strong></span> <span class='ocrx_word' id='word_1_776' title='bbox 3286 4581 3475 4625; x_wconf 87' lang='lat' dir='ltr'><strong>contra</strong></span> 
     </span>
    </p>
   </div>
   <div class='ocr_carea' id='block_1_107' title="bbox 1888 4661 3472 4737">
    <p class='ocr_par' dir='ltr' id='par_1_107' title="bbox 1888 4661 3472 4737">
     <span class='ocr_line' id='line_1_107' title="bbox 1888 4661 3472 4737; baseline -0.004 -15"><span class='ocrx_word' id='word_1_777' title='bbox 1888 4682 1982 4723; x_wconf 89' lang='lat' dir='ltr'><strong>eos</strong></span> <span class='ocrx_word' id='word_1_778' title='bbox 2027 4667 2433 4737; x_wconf 81' lang='lat' dir='ltr'><strong>praerogativam</strong></span> <span class='ocrx_word' id='word_1_779' title='bbox 2482 4679 2765 4733; x_wconf 88' lang='lat' dir='ltr'><strong>usurpare,</strong></span> <span class='ocrx_word' id='word_1_780' title='bbox 2811 4672 2901 4719; x_wconf 91' lang='lat' dir='ltr'><strong>aut</strong></span> <span class='ocrx_word' id='word_1_781' title='bbox 2951 4661 3149 4717; x_wconf 80' lang='lat' dir='ltr'><strong>inferre</strong></span> <span class='ocrx_word' id='word_1_782' title='bbox 3201 4662 3472 4732; x_wconf 88' lang='lat' dir='ltr'><strong>injuriam,</strong></span> 
     </span>
    </p>
   </div>
   <div class='ocr_carea' id='block_1_108' title="bbox 1886 4752 3474 4825">
    <p class='ocr_par' dir='ltr' id='par_1_108' title="bbox 1886 4752 3474 4825">
     <span class='ocr_line' id='line_1_108' title="bbox 1886 4752 3474 4825; baseline -0.001 -13"><span class='ocrx_word' id='word_1_783' title='bbox 1886 4766 1978 4812; x_wconf 91' lang='lat' dir='ltr'><strong>aut</strong></span> <span class='ocrx_word' id='word_1_784' title='bbox 2006 4758 2113 4812; x_wconf 93' lang='lat' dir='ltr'><strong>ullo</strong></span> <span class='ocrx_word' id='word_1_785' title='bbox 2140 4772 2200 4811; x_wconf 90' lang='lat' dir='ltr'><strong>se</strong></span> <span class='ocrx_word' id='word_1_786' title='bbox 2228 4765 2379 4825; x_wconf 89' lang='lat' dir='ltr'><strong>pacto</strong></span> <span class='ocrx_word' id='word_1_787' title='bbox 2406 4755 2648 4810; x_wconf 90' lang='lat' dir='ltr'><strong>civilibus</strong></span> <span class='ocrx_word' id='word_1_788' title='bbox 2679 4753 2982 4811; x_wconf 88' lang='lat' dir='ltr'><strong>immiscere</strong></span> <span class='ocrx_word' id='word_1_789' title='bbox 3009 4753 3261 4821; x_wconf 90' lang='lat' dir='ltr'><strong>negotiis.</strong></span> <span class='ocrx_word' id='word_1_790' title='bbox 3292 4752 3474 4810; x_wconf 86' lang='lat' dir='ltr'><strong>Nove-</strong></span> 
     </span>
    </p>
   </div>
   <div class='ocr_carea' id='block_1_109' title="bbox 1887 4846 3475 4917">
    <p class='ocr_par' dir='ltr' id='par_1_109' title="bbox 1887 4846 3475 4917">
     <span class='ocr_line' id='line_1_109' title="bbox 1887 4846 3475 4917; baseline -0.001 -14"><span class='ocrx_word' id='word_1_791' title='bbox 1887 4850 1994 4903; x_wconf 92' lang='lat' dir='ltr'><strong>rint</strong></span> <span class='ocrx_word' id='word_1_792' title='bbox 2034 4848 2178 4903; x_wconf 89' lang='lat' dir='ltr'><strong>enim</strong></span> <span class='ocrx_word' id='word_1_793' title='bbox 2224 4847 2460 4903; x_wconf 88' lang='lat' dir='ltr'><strong>universi</strong></span> <span class='ocrx_word' id='word_1_794' title='bbox 2507 4847 2727 4913; x_wconf 91' lang='lat' dir='ltr'><strong>subditi,</strong></span> <span class='ocrx_word' id='word_1_795' title='bbox 2777 4846 2917 4917; x_wconf 89' lang='lat' dir='ltr'><strong>quod</strong></span> <span class='ocrx_word' id='word_1_796' title='bbox 2969 4854 3187 4915; x_wconf 91' lang='lat' dir='ltr'><strong>propter</strong></span> <span class='ocrx_word' id='word_1_797' title='bbox 3234 4847 3475 4915; x_wconf 90' lang='lat' dir='ltr'><strong>ipsorum</strong></span> 
     </span>
    </p>
   </div>
   <div class='ocr_carea' id='block_1_110' title="bbox 1886 4938 3478 5009">
    <p class='ocr_par' dir='ltr' id='par_1_110' title="bbox 1886 4938 3478 5009">
     <span class='ocr_line' id='line_1_110' title="bbox 1886 4938 3478 5009; baseline -0.001 -16"><span class='ocrx_word' id='word_1_798' title='bbox 1886 4939 2189 5003; x_wconf 92' lang='lat' dir='ltr'><strong>commoda,</strong></span> <span class='ocrx_word' id='word_1_799' title='bbox 2234 4953 2427 5008; x_wconf 91' lang='lat' dir='ltr'><strong>nempe</strong></span> <span class='ocrx_word' id='word_1_800' title='bbox 2456 4954 2523 4994; x_wconf 89' lang='lat' dir='ltr'><strong>ne</strong></span> <span class='ocrx_word' id='word_1_801' title='bbox 2551 4938 2677 5009; x_wconf 85' lang='lat' dir='ltr'><strong>quid</strong></span> <span class='ocrx_word' id='word_1_802' title='bbox 2702 4938 2884 4994; x_wconf 90' lang='lat' dir='ltr'><strong>damni</strong></span> <span class='ocrx_word' id='word_1_803' title='bbox 2916 4938 3022 4996; x_wconf 86' lang='lat' dir='ltr'><strong>ulla</strong></span> <span class='ocrx_word' id='word_1_804' title='bbox 3051 4954 3115 4992; x_wconf 85' lang='lat' dir='ltr'><strong>ex</strong></span> <span class='ocrx_word' id='word_1_805' title='bbox 3158 4950 3309 5009; x_wconf 90' lang='lat' dir='ltr'><strong>parte</strong></span> <span class='ocrx_word' id='word_1_806' title='bbox 3355 4953 3478 4992; x_wconf 85' lang='lat' dir='ltr'><strong>sen-</strong></span> 
     </span>
    </p>
   </div>
   <div class='ocr_carea' id='block_1_111' title="bbox 1887 5022 3476 5100">
    <p class='ocr_par' dir='ltr' id='par_1_111' title="bbox 1887 5022 3476 5100">
     <span class='ocr_line' id='line_1_111' title="bbox 1887 5022 3476 5100; baseline 0.003 -18"><span class='ocrx_word' id='word_1_807' title='bbox 1887 5027 2038 5095; x_wconf 90' lang='lat' dir='ltr'><strong>tiant,</strong></span> <span class='ocrx_word' id='word_1_808' title='bbox 2071 5039 2132 5084; x_wconf 93' lang='lat' dir='ltr'><strong>ut</strong></span> <span class='ocrx_word' id='word_1_809' title='bbox 2159 5030 2261 5085; x_wconf 90' lang='lat' dir='ltr'><strong>sub</strong></span> <span class='ocrx_word' id='word_1_810' title='bbox 2287 5022 2579 5100; x_wconf 76' lang='lat' dir='ltr'><strong>tranquillo</strong></span> <span class='ocrx_word' id='word_1_811' title='bbox 2605 5038 2662 5086; x_wconf 90' lang='lat' dir='ltr'><strong>et</strong></span> <span class='ocrx_word' id='word_1_812' title='bbox 2687 5030 2828 5085; x_wconf 87' lang='lat' dir='ltr'><strong>felici</strong></span> <span class='ocrx_word' id='word_1_813' title='bbox 2858 5032 3094 5086; x_wconf 88' lang='lat' dir='ltr'><strong>omnium</strong></span> <span class='ocrx_word' id='word_1_814' title='bbox 3130 5047 3309 5087; x_wconf 89' lang='lat' dir='ltr'><strong>rerum</strong></span> <span class='ocrx_word' id='word_1_815' title='bbox 3333 5040 3476 5087; x_wconf 88' lang='lat' dir='ltr'><strong>statu</strong></span> 
     </span>
    </p>
   </div>
   <div class='ocr_carea' id='block_1_112' title="bbox 1852 5122 3477 5193">
    <p class='ocr_par' dir='ltr' id='par_1_112' title="bbox 1852 5122 3477 5193">
     <span class='ocr_line' id='line_1_112' title="bbox 1852 5122 3477 5193; baseline 0.003 -19"><span class='ocrx_word' id='word_1_816' title='bbox 1852 5132 2065 5192; x_wconf 78' lang='lat' dir='ltr'><strong>agant,</strong></span> <span class='ocrx_word' id='word_1_817' title='bbox 2100 5137 2233 5178; x_wconf 90' lang='lat' dir='ltr'><strong>neve</strong></span> <span class='ocrx_word' id='word_1_818' title='bbox 2260 5122 2418 5178; x_wconf 90' lang='lat' dir='ltr'><strong>sedes</strong></span> <span class='ocrx_word' id='word_1_819' title='bbox 2448 5137 2574 5184; x_wconf 80' lang='lat' dir='ltr'><strong>suas</strong></span> <span class='ocrx_word' id='word_1_820' title='bbox 2617 5123 2946 5193; x_wconf 90' lang='lat' dir='ltr'><strong>relinquere,</strong></span> <span class='ocrx_word' id='word_1_821' title='bbox 3001 5132 3055 5178; x_wconf 91' lang='lat' dir='ltr'><strong>et</strong></span> <span class='ocrx_word' id='word_1_822' title='bbox 3094 5124 3146 5179; x_wconf 94' lang='lat' dir='ltr'><strong>in</strong></span> <span class='ocrx_word' id='word_1_823' title='bbox 3196 5124 3477 5193; x_wconf 83' lang='lat' dir='ltr'><strong>peregrino</strong></span> 
     </span>
    </p>
   </div>
   <div class='ocr_carea' id='block_1_113' title="bbox 1885 5215 3478 5286">
    <p class='ocr_par' dir='ltr' id='par_1_113' title="bbox 1885 5215 3478 5286">
     <span class='ocr_line' id='line_1_113' title="bbox 1885 5215 3478 5286; baseline -0.001 -15"><span class='ocrx_word' id='word_1_824' title='bbox 1885 5215 2003 5271; x_wconf 91' lang='lat' dir='ltr'><strong>solo</strong></span> <span class='ocrx_word' id='word_1_825' title='bbox 2031 5216 2273 5271; x_wconf 85' lang='lat' dir='ltr'><strong>miserias</strong></span> <span class='ocrx_word' id='word_1_826' title='bbox 2320 5218 2526 5285; x_wconf 87' lang='lat' dir='ltr'><strong>perpeti</strong></span> <span class='ocrx_word' id='word_1_827' title='bbox 2567 5227 2862 5286; x_wconf 86' lang='lat' dir='ltr'><strong>cogantur,</strong></span> <span class='ocrx_word' id='word_1_828' title='bbox 2907 5226 3194 5285; x_wconf 84' lang='lat' dir='ltr'><strong>propterea</strong></span> <span class='ocrx_word' id='word_1_829' title='bbox 3242 5230 3478 5284; x_wconf 61' lang='lat' dir='ltr'><strong>praesen.</strong></span> 
     </span>
    </p>
   </div>
   <div class='ocr_carea' id='block_1_114' title="bbox 1888 5309 3477 5381">
    <p class='ocr_par' dir='ltr' id='par_1_114' title="bbox 1888 5309 3477 5381">
     <span class='ocr_line' id='line_1_114' title="bbox 1888 5309 3477 5381; baseline -0.001 -18"><span class='ocrx_word' id='word_1_830' title='bbox 1888 5318 1994 5363; x_wconf 92' lang='lat' dir='ltr'><strong>tem</strong></span> <span class='ocrx_word' id='word_1_831' title='bbox 2020 5309 2189 5381; x_wconf 90' lang='lat' dir='ltr'><strong>legem</strong></span> <span class='ocrx_word' id='word_1_832' title='bbox 2212 5311 2647 5378; x_wconf 85' lang='lat' dir='ltr'><strong>conscripsimus,</strong></span> <span class='ocrx_word' id='word_1_833' title='bbox 2682 5310 2792 5364; x_wconf 90' lang='lat' dir='ltr'><strong>Deo</strong></span> <span class='ocrx_word' id='word_1_834' title='bbox 2812 5309 2970 5364; x_wconf 92' lang='lat' dir='ltr'><strong>simul</strong></span> <span class='ocrx_word' id='word_1_835' title='bbox 2993 5309 3163 5377; x_wconf 89' lang='lat' dir='ltr'><strong>ipsam</strong></span> <span class='ocrx_word' id='word_1_836' title='bbox 3187 5318 3241 5364; x_wconf 91' lang='lat' dir='ltr'><strong>et</strong></span> <span class='ocrx_word' id='word_1_837' title='bbox 3269 5310 3477 5363; x_wconf 83' lang='lat' dir='ltr'><strong>instau-</strong></span> 
     </span>
    </p>
   </div>
   <div class='ocr_carea' id='block_1_115' title="bbox 1890 5399 3477 5472">
    <p class='ocr_par' dir='ltr' id='par_1_115' title="bbox 1890 5399 3477 5472">
     <span class='ocr_line' id='line_1_115' title="bbox 1890 5399 3477 5472; baseline -0.001 -17"><span class='ocrx_word' id='word_1_838' title='bbox 1890 5400 2029 5455; x_wconf 89' lang='lat' dir='ltr'><strong>tibus</strong></span> <span class='ocrx_word' id='word_1_839' title='bbox 2078 5400 2395 5457; x_wconf 89' lang='lat' dir='ltr'><strong>venerandis</strong></span> <span class='ocrx_word' id='word_1_840' title='bbox 2424 5403 2631 5472; x_wconf 89' lang='lat' dir='ltr'><strong>magnis</strong></span> <span class='ocrx_word' id='word_1_841' title='bbox 2675 5402 2791 5469; x_wconf 86' lang='lat' dir='ltr'><strong>ejus</strong></span> <span class='ocrx_word' id='word_1_842' title='bbox 2819 5408 2873 5455; x_wconf 91' lang='lat' dir='ltr'><strong>et</strong></span> <span class='ocrx_word' id='word_1_843' title='bbox 2903 5400 3095 5469; x_wconf 90' lang='lat' dir='ltr'><strong>publici</strong></span> <span class='ocrx_word' id='word_1_844' title='bbox 3137 5399 3259 5455; x_wconf 89' lang='lat' dir='ltr'><strong>festi</strong></span> <span class='ocrx_word' id='word_1_845' title='bbox 3289 5401 3477 5456; x_wconf 88' lang='lat' dir='ltr'><strong>diebus</strong></span> 
     </span>
    </p>
   </div>
   <div class='ocr_carea' id='block_1_116' title="bbox 1886 5491 3479 5564">
    <p class='ocr_par' dir='ltr' id='par_1_116' title="bbox 1886 5491 3479 5564">
     <span class='ocr_line' id='line_1_116' title="bbox 1886 5491 3479 5564; baseline -0.001 -17"><span class='ocrx_word' id='word_1_846' title='bbox 1886 5492 2201 5548; x_wconf 88' lang='lat' dir='ltr'><strong>dedicantes</strong></span> <span class='ocrx_word' id='word_1_847' title='bbox 2220 5533 2235 5559; x_wconf 94' lang='lat'><strong>,</strong></span> <span class='ocrx_word' id='word_1_848' title='bbox 2269 5502 2325 5548; x_wconf 90' lang='lat' dir='ltr'><strong>ut</strong></span> <span class='ocrx_word' id='word_1_849' title='bbox 2356 5507 2547 5549; x_wconf 88' lang='lat' dir='ltr'><strong>omnes</strong></span> <span class='ocrx_word' id='word_1_850' title='bbox 2575 5493 2897 5564; x_wconf 88' lang='lat' dir='ltr'><strong>intelligant,</strong></span> <span class='ocrx_word' id='word_1_851' title='bbox 2931 5492 3100 5562; x_wconf 90' lang='lat' dir='ltr'><strong>magis</strong></span> <span class='ocrx_word' id='word_1_852' title='bbox 3127 5507 3187 5547; x_wconf 90' lang='lat' dir='ltr'><strong>se</strong></span> <span class='ocrx_word' id='word_1_853' title='bbox 3214 5502 3395 5560; x_wconf 89' lang='lat' dir='ltr'><strong>patres</strong></span> <span class='ocrx_word' id='word_1_854' title='bbox 3424 5491 3479 5546; x_wconf 90' lang='lat' dir='ltr'><strong>in</strong></span> 
     </span>
    </p>
   </div>
   <div class='ocr_carea' id='block_1_117' title="bbox 1887 5582 3479 5653">
    <p class='ocr_par' dir='ltr' id='par_1_117' title="bbox 1887 5582 3479 5653">
     <span class='ocr_line' id='line_1_117' title="bbox 1887 5582 3479 5653; baseline 0 -16"><span class='ocrx_word' id='word_1_855' title='bbox 1887 5584 2147 5652; x_wconf 65' lang='lat' dir='ltr'><strong>praesides</strong></span> <span class='ocrx_word' id='word_1_856' title='bbox 2173 5598 2333 5653; x_wconf 90' lang='lat' dir='ltr'><strong>quam</strong></span> <span class='ocrx_word' id='word_1_857' title='bbox 2365 5583 2511 5639; x_wconf 88' lang='lat' dir='ltr'><strong>fures</strong></span> <span class='ocrx_word' id='word_1_858' title='bbox 2537 5591 2591 5637; x_wconf 89' lang='lat' dir='ltr'><strong>et</strong></span> <span class='ocrx_word' id='word_1_859' title='bbox 2628 5582 2904 5637; x_wconf 89' lang='lat' dir='ltr'><strong>vilissimis</strong></span> <span class='ocrx_word' id='word_1_860' title='bbox 2953 5583 3231 5651; x_wconf 89' lang='lat' dir='ltr'><strong>mancipiis</strong></span> <span class='ocrx_word' id='word_1_861' title='bbox 3276 5582 3479 5637; x_wconf 88' lang='lat' dir='ltr'><strong>similes</strong></span> 
     </span>
    </p>
   </div>
   <div class='ocr_carea' id='block_1_118' title="bbox 1858 5671 3479 5747">
    <p class='ocr_par' dir='ltr' id='par_1_118' title="bbox 1858 5671 3479 5747">
     <span class='ocr_line' id='line_1_118' title="bbox 1858 5671 3479 5747; baseline -0.001 -17"><span class='ocrx_word' id='word_1_862' title='bbox 1858 5738 1859 5747; x_wconf 15' lang='grc' dir='ltr'>γ</span> <span class='ocrx_word' id='word_1_863' title='bbox 1888 5676 2181 5731; x_wconf 87' lang='lat' dir='ltr'><strong>habituros.</strong></span> <span class='ocrx_word' id='word_1_864' title='bbox 2225 5675 2306 5730; x_wconf 88' lang='lat' dir='ltr'><strong>Ex</strong></span> <span class='ocrx_word' id='word_1_865' title='bbox 2332 5689 2440 5745; x_wconf 91' lang='lat' dir='ltr'><strong>quo</strong></span> <span class='ocrx_word' id='word_1_866' title='bbox 2466 5682 2643 5729; x_wconf 89' lang='lat' dir='ltr'><strong>autem</strong></span> <span class='ocrx_word' id='word_1_867' title='bbox 2661 5718 2676 5742; x_wconf 89' lang='lat'><strong>,</strong></span> <span class='ocrx_word' id='word_1_868' title='bbox 2722 5690 2755 5727; x_wconf 91' lang='grc' dir='ltr'><strong>ο</strong></span> <span class='ocrx_word' id='word_1_869' title='bbox 2780 5673 3064 5729; x_wconf 88' lang='lat' dir='ltr'><strong>collatores</strong></span> <span class='ocrx_word' id='word_1_870' title='bbox 3089 5672 3280 5736; x_wconf 86' lang='lat' dir='ltr'><strong>nostri,</strong></span> <span class='ocrx_word' id='word_1_871' title='bbox 3326 5671 3479 5729; x_wconf 85' lang='lat' dir='ltr'><strong>scitis</strong></span> 
     </span>
    </p>
   </div>
   <div class='ocr_carea' id='block_1_119' title="bbox 1885 5765 3475 5841">
    <p class='ocr_par' dir='ltr' id='par_1_119' title="bbox 1885 5765 3475 5841">
     <span class='ocr_line' id='line_1_119' title="bbox 1885 5765 3475 5841; baseline -0.003 -19"><span class='ocrx_word' id='word_1_872' title='bbox 1885 5776 2134 5841; x_wconf 86' lang='lat' dir='ltr'><strong>quantam</strong></span> <span class='ocrx_word' id='word_1_873' title='bbox 2185 5778 2282 5841; x_wconf 87' lang='lat' dir='ltr'><strong>pro</strong></span> <span class='ocrx_word' id='word_1_874' title='bbox 2334 5765 2486 5825; x_wconf 82' lang='lat' dir='ltr'><strong>vobis</strong></span> <span class='ocrx_word' id='word_1_875' title='bbox 2551 5766 2604 5820; x_wconf 91' lang='lat' dir='ltr'><strong>in</strong></span> <span class='ocrx_word' id='word_1_876' title='bbox 2656 5765 2836 5821; x_wconf 88' lang='lat' dir='ltr'><strong>animo</strong></span> <span class='ocrx_word' id='word_1_877' title='bbox 2885 5779 3067 5822; x_wconf 90' lang='lat' dir='ltr'><strong>curam</strong></span> <span class='ocrx_word' id='word_1_878' title='bbox 3116 5767 3475 5837; x_wconf 78' lang='lat' dir='ltr'><strong>reposuimus,</strong></span> 
     </span>
    </p>
   </div>
  </div>
