4042 6348
704 309 809 367 955
1784 308 2051 369 manu
2088 308 2287 363 sum
2327 300 2905 365 SL’PPLEilENTUM.
3766 312 3827 376 κς

701 441 913 499 equum
934 438 1019 485 est
1041 436 1098 485 ut
1120 438 1176 485 et
1202 442 1298 485 vos
1323 440 1444 484 cum
1471 442 1679 485 summa
1718 427 1885 483 animi
1915 423 2187 481 alacritate
2230 432 2285 479 et
2312 422 2362 485 Α
2390 423 2619 490 eripere,
2652 436 2825 491 neque
2854 421 2925 477 ob
2952 422 3262 494 praedictam
3290 440 3499 483 causam
3522 422 3644 497 ipsos
3663 434 3830 500 preside;

701 520 902 593 absque
934 522 1041 577 ullo
1068 522 1391 589 detrimento
1419 521 1624 593 publica
1658 520 1851 576 tributa
1882 517 2141 589 lnferatis,
2173 533 2280 573 non
2386 531 2639 572 coercere
2668 516 2957 585 potuerint.
2999 514 3107 572 Nos
3134 526 3308 573 autem
3358 518 3483 573 satis
3523 534 3625 576 esse
3660 522 3829 580 reditum

701 622 1007 684 exspectata
1034 613 1399 682 compulsione
1420 611 1739 683 praesidum,
1768 610 1875 666 imo
1913 608 1984 665 ita
2027 624 2124 664 vos
2169 609 2284 663 ala-
2384 608 2611 681 imperio
2638 608 2993 678 arbitramur,
3020 607 3064 666 si
3091 608 3177 664 vel
3208 609 3320 665 sola
3349 609 3544 680 publica
3572 611 3721 666 tributa
3740 616 3831 670 colla-

702 719 841 770 cres,
872 713 927 760 et
974 703 1194 760 devotos
1222 703 1360 759 ultro
1400 703 1704 773 praeheatis,
1740 710 1800 758 ut
1829 702 1985 757 nobis
2037 717 2103 758 ex
2151 698 2281 770 ipsis
2383 709 2528 757 tores
2554 700 2807 768 inferant,
2836 717 3010 773 neque
3038 712 3174 770 Opus
3201 717 3339 768 esse,
3371 709 3428 756 ιιι
3455 711 3590 757 extra
3611 702 3781 760 ordinem
3802 708 3829 762 in

702 797 854 855 factis
896 795 1151 853 indicium
1182 797 1274 853 fiat
1303 797 1443 868 quod
1476 812 1571 867 pro
1601 806 1707 853 tam
1738 797 1913 868 ampla
1941 811 2067 867 erga
2113 809 2283 868 genus
2382 795 2498 850 dies
2542 795 2643 851 alia
2682 804 2845 866 atque
2893 796 3000 850 alia
3044 796 3442 866 conquirantur,
3492 811 3597 867 qua
3635 802 3830 855 universam

700 890 993 945 humanum
1054 890 1381 962 benignitate
1440 899 1670 946 vestram
1730 889 1886 946 nobis
1936 889 2281 945 devotionem

699 984 1122 1056 repraesentetis,
1142 991 1196 1039 et
1218 983 1413 1039 merito
1433 982 1571 1053 apud
1602 981 1857 1053 praesides
1884 982 2166 1038 occasione
2187 983 2284 1037 de-

698 1072 930 1128 votionis
948 1086 1215 1129 summum
1236 1075 1469 1130 favorem
1487 1075 1772 1130 obtineatis
1791 1085 1846 1130 et
1868 1074 2276 1144 providentiam.

698 1163 778 1218 Ac
818 1178 939 1218 cum
987 1165 1203 1220 omnino
1247 1164 1560 1234 praesidibus
1608 1167 1927 1221 tributorum
1984 1166 2278 1236 periculum

697 1253 996 1321 immineat,
1025 1265 1077 1312 et
1105 1258 1155 1311 in
1188 1257 1433 1312 confesso
1462 1266 1546 1311 est
1592 1256 1735 1328 quod
1782 1273 1880 1312 suo
1928 1258 2163 1327 periculo
2212 1256 2281 1313 ad

695 1347 872 1403 ofﬁcia
921 1348 1347 1417 proficiscuntur,
1397 1346 1557 1418 idque
1601 1348 1761 1404 etiam
1811 1363 1905 1403 vos
1934 1348 2279 1419 cegnoscitis,

693 1438 944 1496 convenit
974 1448 1029 1495 ut
1057 1449 1111 1495 et
1137 1455 1234 1495 vos
1261 1439 1361 1496 ista
1387 1441 1639 1506 scientes,
1670 1438 2063 1495 indevotionem
2095 1441 2275 1495 omni-

697 1533 797 1587 bus
828 1532 1001 1587 modis
1029 1532 1260 1599 evitetis,
1296 1547 1468 1603 neque
1490 1532 1561 1587 ita
1592 1533 1827 1588 rationes
1856 1548 1919 1588 ac
1942 1533 2160 1588 consilia
2191 1548 2281 1588 ve-

694 1632 803 1678 stra
831 1622 896 1678 ad
926 1623 1342 1679 inobedientiam
1375 1623 1685 1691 traducatis,
1733 1632 1791 1677 ut
1838 1622 2074 1691 ipsorum
2118 1625 2280 1681 vehe-

703 1714 901 1769 mentia
920 1728 1053 1784 opus
1080 1716 1169 1780 sit,
1189 1729 1347 1785 quam
1371 1728 1594 1770 necesse
1618 1723 1703 1770 est
1728 1729 1822 1771 eos
1848 1729 2127 1772 assumere
2156 1729 2280 1789 pro-

2382 886 2506 942 vita:
2534 885 2795 943 rationem
2826 885 3052 942 subditis
3080 888 3411 943 concutiant.

2451 980 2603 1046 Quod
2631 994 2761 1035 vero
2788 995 2816 1033 a
2868 980 3025 1035 nobis
3053 979 3214 1049 paulo
3244 989 3366 1036 ante
3393 978 3580 1035 dictum
3601 988 3689 1047 est,
3710 980 3746 1037 id
3771 998 3830 1037 na-

2376 1068 2497 1143 jore
2526 1072 2711 1137 etiam,
2760 1080 2816 1128 et
2861 1072 3210 1143 exquisitiore
3242 1070 3561 1143 iegislatione
3601 1071 3829 1128 muniendum

2383 1166 2713 1244 censuimus,
2740 1174 2799 1221 ut
2824 1165 2987 1220 animi
3020 1165 3187 1221 nostri
3217 1168 3541 1235 propositum
3566 1164 3753 1220 omnibus
3770 1166 3830 1218 elu-

2382 1264 2580 1311 cescat.
2613 1255 2897 1312 Sancimus
2924 1257 3067 1312 enim
3095 1264 3155 1311 ut
3184 1256 3465 1312 clarissimi
3491 1254 3831 1326 subjectarunns

2383 1345 2468 1401 bis
2497 1346 2887 1415 provinciarum
2938 1348 3215 1417 praesides,
3248 1349 3451 1419 absque
3493 1348 3585 1403 ulla
3609 1350 3830 1421 pecuniarum

2382 1437 2600 1493 datione
2630 1439 2894 1509 creati,!et
2915 1440 3139 1509 praestiti
3165 1454 3196 1494 a
3224 1455 3282 1495 se
3306 1438 3635 1511 jurisjurandi
3654 1454 3831 1503 memores,

2384 1526 2487 1582 hoc
2513 1526 2674 1583 etiam
2698 1527 2789 1600 jus
2817 1543 2845 1582 a
2878 1530 3033 1585 nobis
3061 1530 3362 1598 obtineant,
3397 1547 3463 1587 ne
3502 1546 3596 1602 qua
3618 1533 3676 1587 sit
3703 1534 3832 1587 omnia

2382 1618 2525 1688 apud
2556 1618 2701 1688 ipsos
2748 1618 2849 1675 fori
2880 1620 3234 1691 praescriptio,
3284 1620 3403 1676 sive
3430 1619 3497 1676 de
3524 1621 3570 1675 vi
3595 1621 3784 1691 aliquibus
3803 1623 3833 1675 it

2382 1706 2511 1775 lata,
2541 1709 2655 1765 sive
2682 1709 2748 1764 de
2770 1711 3105 1780 criminibus,
3138 1721 3194 1767 et
3235 1712 3367 1768 inde
3392 1713 3525 1768 natis
3569 1712 3744 1783 injuriis,
3772 1716 3833 1766 sire

696 1814 821 1874 pter
846 1804 1202 1862 inevitabilem
1248 1804 1569 1861 tributorum
1607 1807 1964 1863 exactionem.
2004 1806 2279 1877 Siquidem
2307 1800 2359 1863 Β
2385 1800 2453 1857 de
2483 1801 2750 1857 inslanliis
2778 1817 2842 1857 ac
2864 1803 3081 1874 iudiciis
3107 1804 3358 1875 publicis,
3407 1802 3517 1860 sive
3538 1804 3597 1860 de
3622 1805 3833 1875 publicorum

695 1904 752 1951 et
779 1897 928 1952 vobis
956 1907 1144 1952 notum
1172 1907 1279 1964 est,
1307 1914 1340 1953 ο
1365 1898 1563 1954 subditi
1594 1900 1782 1967 nostri,
1831 1902 1971 1973 quod
2021 1901 2282 1957 militares

699 2002 968 2056 expensas,
997 1996 1052 2043 et
1072 1989 1475 2059 persecutiones
1499 1990 1750 2058 hostium,
1782 2001 1893 2048 tum
1922 2008 2114 2071 magna
2143 1994 2284 2050 indi-

694 2089 823 2149 gent
857 2080 1193 2150 assiduitate,
1222 2090 1335 2137 tum
1383 2082 1502 2139 sine
1546 2084 1787 2154 pecuniis
1830 2086 2047 2140 omnino
2088 2087 2281 2141 conﬁci

694 2181 994 2242 nequeunt,
1026 2186 1147 2229 cum
1178 2188 1350 2244 neque
1380 2174 1543 2231 ullam
1567 2188 1629 2230 ea
1676 2188 1764 2230 res
1804 2174 2113 2231 dilationem
2145 2176 2283 2231 reci-

694 2263 827 2333 piat,
854 2277 1026 2334 neque
1049 2277 1148 2319 nos
1186 2265 1353 2335 aequis
1388 2263 1559 2320 oculis
1613 2266 1977 2321 llomanorum
2023 2264 2280 2319 ditionem

693 2354 1020 2413 deminutam
1043 2358 1285 2428 aspicere
1306 2362 1689 2426 sustineamus.
1712 2360 1805 2416 sed
1829 2360 2006 2432 potius
2030 2363 2281 2416 universa

686 2449 800 2521 jam
826 2451 995 2524 Libya
1020 2461 1354 2523 recuperata,
1385 2461 1441 2509 et
1463 2456 1514 2508 in
1538 2455 1855 2509 servitutem
1878 2454 2113 2509 redactis
2142 2452 2283 2509 Van-

690 2541 848 2608 dalis,
877 2545 1046 2598 multo
1068 2544 1305 2614 quotidie
1336 2543 1419 2599 bis
1439 2543 1641 2614 majora
1671 2560 1769 2599 nos
1800 2558 1830 2597 a
1855 2544 1964 2598 Deo
1994 2553 2280 2613 perceptu-

692 2645 783 2688 ros
810 2641 866 2688 et
894 2642 1203 2703 peracturos
1231 2648 1532 2705 speremus,
1561 2635 1628 2690 ad
1672 2650 1793 2706 qua:
1829 2636 2155 2691 conveniens
2199 2646 2283 2692 est

693 2725 891 2780 tributa
923 2724 1131 2794 publica
1158 2726 1274 2782 sine
1298 2726 1642 2794 detrimento,
1671 2735 1726 2783 et
1753 2742 1875 2783 cum
1904 2729 2201 2795 alacritate,
2228 2738 2284 2785 ct

696 2817 968 2889 deputatis
997 2819 1136 2891 exigi
1166 2820 1516 2887 temporibus.
1548 2820 1677 2877 inde
1702 2821 1838 2877 adeo
1867 2821 1912 2876 si
1942 2830 1996 2877 et
2024 2837 2118 2875 vos
2142 2836 2279 2890 pra:-

693 2911 905 2968 sidibus
930 2912 1125 2969 devote
1151 2914 1219 2969 ad
1245 2912 1566 2970 solutionem
1591 2914 1906 2980 occurratis,
1925 2923 1981 2969 et
2009 2913 2083 2968 illi
2115 2914 2283 2968 liben-

694 3012 779 3060 ter
805 3004 1153 3076 expediteque
1183 3004 1381 3062 tributa
1409 3004 1477 3061 ad
1528 3018 1628 3062 nos
1673 3003 1898 3075 perferri
1950 3005 2279 3071 curaverint,

694 3103 805 3152 tam
836 3097 1087 3167 praesides
1116 3098 1185 3154 ob
1206 3097 1539 3173 diligentiam
1562 3098 1916 3167 laudabimus,
1935 3113 2093 3170 quam
2118 3100 2281 3154 etiam

2382 1894 2702 1949 tributorum
2733 1894 3103 1951 exactionibus
3130 1897 3341 1968 agitur,
3372 1898 3469 1954 sed
3496 1912 3557 1952 ex
3596 1911 3834 1966 atquoomnes

2382 1988 2574 2045 borum
2620 1989 2979 2061 jurisdictioni
3018 1990 3354 2061 subjaceant,
3406 2007 3507 2046 non
3535 1990 3834 2057 exspectantibus

2382 2080 2514 2153 ipsis
2541 2082 2717 2138 donec
2763 2098 2795 2137 a
2846 2082 3267 2153 magistratibus,
3317 2084 3509 2153 quibus
3533 2091 3641 2137 sunt
3661 2078 3832 2150 suppale

2378 2175 2528 2246 jussa
2559 2173 2845 2244 accipiant,
2876 2183 2968 2229 aut
2996 2175 3169 2231 donec
3192 2176 3259 2231 ad
3284 2174 3410 2231 illos
3434 2173 3663 2239 referant,
3684 2172 3749 2228 sed
3767 2187 3835 2225 cos-

2382 2266 2517 2322 tenti
2546 2267 2653 2323 sint
2683 2267 2783 2322 bac
2814 2276 2995 2323 nostra
3019 2269 3158 2339 iege,
3186 2284 3280 2339 per
3301 2284 3461 2339 quam
3485 2268 3665 2339 plenam
3682 2265 3737 2321 eis
3754 2276 3834 2334 pale

2382 2364 2575 2413 atatem
2607 2358 2887 2427 tradimus,
2940 2362 3155 2416 nemine
3182 2363 3409 2417 omnino
3436 2360 3675 2416 licentiam
3701 2355 3834 2411 habente

2384 2448 2442 2503 in
2472 2449 2742 2518 praedictis
2771 2452 2948 2507 causis
2975 2454 3052 2508 uti
3080 2453 3189 2509 ullo
3219 2453 3517 2525 privilegio,
3539 2448 3834 2509 autexindcsid

2385 2540 2457 2596 im
2464 2558 2601 2611 pune
2619 2541 2961 2613 delinquendi
2973 2546 3348 2601 auctoritatem
3372 2560 3596 2601 sumere.
3611 2544 3747 2613 Neque
3759 2540 3835 2594 cuia

2387 2636 2660 2705 praesides,
2700 2638 2744 2692 si
2780 2637 2925 2693 omni
2973 2653 3195 2694 munere
3225 2639 3548 2704 abstineant,
3575 2630 3836 2706 quidquamti

2385 2729 2522 2782 mori
2554 2728 2667 2794 Dei,
2698 2728 2853 2799 legis,
2884 2736 2941 2785 et
2985 2730 3155 2786 nostri
3204 2736 3537 2801 praeponent,
3580 2720 3836 2787 sedeufﬁli

2385 2818 2610 2887 cientes,
2643 2820 2870 2875 subditis
2917 2820 3316 2875 conservabunt
3354 2818 3619 2891 justitiam,
3644 2814 3771 2871 omnia
3794 2823 3837 2863 se-

2384 2911 2618 2965 cundutn
2650 2911 2795 2981 leges
2825 2920 3056 2979 nostras,
3086 2921 3141 2967 et
3160 2911 3489 2981 judicautes,
3519 2919 3568 2965 et
3608 2917 3781 2977 agentes.
3809 2899 3836 2954 la

2388 3002 2581 3057 talibus
2608 3004 2753 3058 enim
2782 3004 2945 3059 etiam
2972 3002 3170 3059 milites
3196 3004 3287 3074 qui
3318 3003 3375 3059 in
3405 3000 3663 3074 provinciis
3681 2996 3835 3059 resident,

2386 3092 2517 3164 ipsis
2544 3094 2930 3164 submittimus,
2953 3110 3061 3149 non
3090 3110 3223 3151 sane
3244 3094 3596 3165 indigentibus
3620 3091 3674 3146 ad
3693 3091 3760 3143 hoc
3774 3100 3836 3153 sic

693 3201 793 3243 vos
819 3189 890 3245 ob
919 3198 1217 3260 promptam
1247 3192 1573 3247 voluntatem
1602 3191 2048 3262 amplexabimur,
2072 3191 2282 3261 eritque
2308 3189 2359 3257 α
2388 3185 2509 3240 ciali
2535 3186 2709 3253 jussu,
2743 3187 2823 3240 vel
2855 3196 3042 3241 nostro
3072 3187 3158 3241 vel
3190 3196 3500 3241 nostrorum
3526 3194 3769 3255 procerum.
3789 3174 3837 3229 δαί

696 3278 837 3335 bella
867 3280 1132 3351 quaedam,
1157 3290 1211 3337 et
1230 3283 1463 3352 undique
1488 3295 1725 3338 consona
1752 3282 1893 3337 inter
1917 3296 2011 3338 eus
2034 3281 2122 3350 qui
2145 3296 2281 3352 pra-

692 3369 891 3438 sldent,
918 3372 1218 3443 quibusque
1259 3373 1596 3443 praesidetur,
1634 3373 1931 3430 harmonia.
1966 3372 2156 3443 Magno
2182 3372 2282 3445 igic

694 3468 785 3520 tur
810 3464 919 3519 Deo
946 3474 999 3519 et
1022 3464 1291 3521 Servatori
1335 3475 1521 3522 nostro
1559 3464 1686 3522 Jesu
1722 3466 1942 3522 Christo
1971 3467 2153 3521 laudes
2186 3480 2282 3534 pro

696 3552 800 3611 hac
823 3555 941 3625 lege
984 3558 1142 3612 simul
1175 3572 1364 3613 omnes
1390 3556 1639 3625 offerant,
1667 3572 1789 3628 quas
1834 3558 1964 3626 ipsis
2008 3558 2284 3627 praestabit

702 3658 763 3703 ut
792 3648 845 3704 in
872 3663 965 3703 sua
990 3649 1216 3720 quisque
1240 3651 1411 3720 patria
1437 3665 1627 3706 secure
1653 3650 1915 3719 habitent,
1940 3666 2033 3705 sua
2057 3650 2283 3720 quisque

697 3738 837 3796 h0na
870 3740 1213 3808 possideant,
1253 3750 1308 3795 et
1337 3740 1562 3795 fructum
1594 3748 1854 3810 praeterea
1896 3754 1959 3794 ex
1994 3739 2280 3808 praesidum

692 3830 898 3903 jus-tilia
932 3831 1243 3902 percipiant.
1280 3830 1349 3886 Et
1377 3847 1507 3887 sane
1533 3847 1629 3887 nos
1659 3846 1871 3902 quoque
1897 3831 1996 3886 hac
2021 3831 2089 3885 de
2116 3844 2281 3886 causa

696 3923 867 3993 ipsam
892 3925 1187 3994 posuimus,
1221 3933 1279 3979 ut
1308 3938 1402 3994 per
1431 3924 1570 3980 hanc
1600 3924 1731 3994 legis
1760 3922 2066 3993 aequitatem
2098 3938 2163 3979 eo
2202 3921 2282 3977 fa-

695 4015 855 4069 cilius
883 4030 980 4069 nos
1024 4014 1137 4069 Deo
1165 4017 1476 4084 conciliare,
1508 4025 1862 4085 matrumque
1890 4014 1966 4069 illi
1998 4015 2281 4083 imperium

696 4107 1123 4163 commendatum
1180 4107 1405 4163 reddere
1450 4122 1764 4178 possemus,
1815 4120 1951 4163 neve
2002 4107 2278 4173 homines,

696 4214 832 4269 quos
870 4198 1012 4253 Deus
1053 4199 1205 4253 nobis
1235 4201 1290 4253 in
1322 4200 1425 4255 hoc
1452 4198 1687 4266 tradidit,
1717 4207 1775 4254 ut
1816 4198 1987 4253 secuti
2016 4198 2157 4254 illius
2186 4199 2285 4253 bo-

696 4289 940 4357 nitatem,
971 4304 1065 4359 per
1084 4291 1262 4344 omnia
1290 4292 1548 4345 rationem
1570 4289 1784 4346 illorum
1808 4292 2105 4345 clementer
2129 4291 2284 4346 habe-

696 4395 902 4450 remus,
931 4396 1221 4453 oppressos
1248 4382 1439 4453 injuria
1466 4381 1746 4451 despicere
1771 4380 2095 4439 videremur.
2127 4381 2279 4437 Unde

696 4472 977 4545 (quantum
1001 4474 1067 4530 ad
1092 4474 1215 4547 nos)
1249 4482 1562 4530 eonsecrata
1586 4473 1658 4528 sit
1684 4472 1797 4528 Deo
1827 4480 2107 4541 propterea
2136 4473 2285 4543 quod

2389 3289 2594 3336 tantum
2644 3280 2895 3348 praesenti
2930 3279 3048 3349 lege
3103 3278 3402 3345 utentibus,
3454 3287 3507 3334 et
3555 3274 3837 3332 militibusesn

2387 3370 2814 3437 ostendentibus,
2867 3380 2925 3425 ut
2972 3379 3235 3439 potestate
3290 3368 3458 3427 ofﬁcii
3508 3368 3624 3440 ipsis
3668 3359 3836 3420 utentibus

2386 3467 2584 3521 auxilio
2616 3467 2725 3520 sint
2754 3482 2770 3520 :
2796 3466 3032 3521 scientes
3060 3465 3203 3535 quod
3230 3466 3277 3521 si
3306 3466 3412 3521 hoc
3455 3480 3554 3519 non
3578 3461 3751 3532 egerint.
3781 3465 3837 3506 3°“

2385 3559 2561 3615 solum
2591 3574 2940 3629 .annonarum
2989 3566 3045 3615 et
3095 3559 3301 3614 militia
3350 3558 3667 3614 amissionem
3700 3548 3837 3605 stetist-

2386 3651 2541 3721 bunt,
2571 3651 2663 3706 sed
2695 3652 2857 3707 etiam
2887 3650 2956 3707 de
2983 3664 3212 3721 corpore
3231 3650 3453 3707 venient
3480 3649 3531 3705 in
3556 3643 3788 3718 periculum.
3805 3634 3838 3689 [ι

2387 3746 2536 3800 nullo
2582 3755 2839 3815 praeterea
2870 3745 3028 3801 nobis
3072 3744 3183 3800 alio
3213 3745 3525 3816 magistratu
3564 3752 3676 3809 Opus
3708 3734 3767 3799 sit,
3792 3737 3839 3782 illi

2386 3841 2548 3895 etiam
2581 3839 2670 3895 vel
2700 3839 3171 3905 latrunculatores,
3205 3837 3291 3894 vel
3318 3851 3454 3910 quos
3480 3841 3653 3891 vocant
3676 3822 3839 3921 violentis

2386 3934 2702 3991 cohibendis
2732 3936 2863 4005 (imo
2890 3933 3318 4004 grassationibus
3348 3925 3837 3998 exercendiﬂprtlioi"

2387 4035 2495 4094 tos,
2545 4027 2631 4083 vel
2678 4036 3049 4084 exarmatores
3076 4026 3347 4094 emittere,
3382 4025 3508 4081 satis
3536 4021 3711 4094 quidem
3741 4014 3837 4067 δοηθ

2383 4126 2499 4175 stos
2548 4135 2659 4191 prae
2688 4134 2748 4176 se
2788 4120 3024 4176 ferentes
3066 4120 3275 4187 titulos,
3304 4136 3367 4176 re
3414 4130 3581 4175 autem
3606 4117 3695 4187 ipsa
3730 4115 3838 4179 Pelii“

2386 4218 2593 4266 trantes
2638 4210 2877 4266 omnium
2928 4210 3374 4279 ﬂagitiosissima.
3424 4209 3551 4265 Nam
3574 4207 3615 4263 si
3649 4196 3837 4273 provincii-

2385 4318 2505 4357 rum
2551 4302 2806 4373 praesides
2836 4300 3271 4372 uniuscujusque,
3305 4302 3389 4357 vel
3426 4298 3727 4356 maximorum
3745 4284 3837 4352 mili

2384 4403 2649 4450 stratuum
2679 4395 2853 4449 locum
2883 4394 3133 4465 implent,
3164 4394 3553 4463 multorumque
3572 4376 3838 4449 διιοηωὶυῶ

2385 4501 2511 4544 cum
2542 4488 2713 4543 instar
2740 4496 2868 4542 sunt
2900 4486 3215 4555 provinciis,
3242 4494 3298 4542 et
3323 4495 3572 4557 quantum
3592 4482 3639 4536 in
3673 4476 3765 4547 ipsis
3782 4476 3834 4527 διν

695 4568 832 4623 nihil
854 4583 1040 4624 eorum
1071 4567 1362 4633 bonorum,
1386 4581 1506 4639 quae
1533 4580 1632 4639 pro
1671 4564 1903 4621 tultione
1942 4564 2277 4620 subditon
2302 4577 2358 4640 υ
2383 4578 2679 4635 secundum
2723 4578 2870 4649 [eges
2902 4587 3116 4633 ηοειηε
3155 4576 3457 4633 sententias
3504 4574 3743 4645 ρτοῑεηιω,
3774 4558 3836 4649 quis

696 4660 853 4717 nobis
882 4661 934 4715 in
961 4668 1191 4717 mentem
1222 4660 1468 4725 veniunt,
1497 4658 1815 4715 omittimus.
1851 4655 2104 4714 Veientes
2131 4658 2274 4713 enim

698 4751 980 4811 illiberalis
1010 4754 1119 4821 illa,
1146 4761 1201 4810 et
1248 4753 1464 4809 servilia
1504 4752 1641 4809 iur-ta
1670 4752 1880 4819 tollere,
1912 4760 1968 4808 et
1994 4751 2279 4809 collatores

698 4834 912 4908 nostros
942 4850 1100 4919 tueri,
1123 4865 1190 4906 ne
1211 4850 1339 4922 quid
1359 4865 1607 4921 asperum
1628 4866 1658 4905 a
1679 4851 2072 4921 provinciarum
2096 4851 2281 4907 mode-

698 4942 966 5001 ratoribus
997 4942 1285 5011 patiantur,
1315 4952 1595 5011 propterea
1624 4942 1790 5014 gratis
1816 4943 1925 4999 illis
1946 4942 2126 4999 ofﬁcia
2150 4955 2282 4998 con-

700 5034 843 5091 ferre
862 5032 1181 5103 studuimus,
1208 5048 1276 5089 ne
1301 5049 1458 5103 quam
1489 5035 1554 5089 ad
1582 5034 1996 5106 delinquendum
2026 5033 2282 5106 diripieno

700 5126 931 5197 dumque
947 5125 1211 5192 subditos,
1232 5141 1456 5196 quorum
1476 5128 1642 5197 gratia
1663 5127 1793 5182 nihil
1815 5142 1920 5183 non
1946 5127 2145 5184 laboris
2168 5141 2286 5183 sus-

704 5223 957 5288 tinemus,
1019 5218 1356 5275 occasionem
1387 5220 1637 5284 habeant,
1686 5220 2036 5290 dedignantes
2084 5216 2282 5273 imitari

699 5328 794 5368 eos
816 5312 905 5383 qui
929 5320 1052 5368 ante
1074 5327 1170 5368 nos
1191 5312 1416 5383 imperio
1437 5310 1783 5383 praefuerunt,
1805 5312 1895 5383 qui
1918 5326 2017 5383 pro
2044 5312 2282 5380 pecuniis

699 5406 1039 5461 conferentes
1067 5405 1266 5473 ofﬁcia,
1291 5406 1393 5461 sibi
1422 5407 1549 5476 ipsis
1566 5408 1711 5477 justo
1740 5406 2050 5477 increpandi
2077 5420 2172 5463 eos
2192 5407 2282 5480 qui

699 5496 895 5567 injuste
922 5510 983 5553 se
1025 5498 1078 5551 in
1106 5496 1295 5551 ofﬁciis
1312 5495 1570 5567 gerebant
1596 5494 1804 5565 copiam
1832 5497 2165 5563 ademerunt,
2199 5496 2282 5551 di-

702 5589 793 5661 gni
841 5587 1082 5657 profecto
1122 5588 1318 5657 quibus
1351 5599 1571 5657 propter
1601 5588 1826 5657 turpiter
1854 5600 2130 5655 acceptam
2184 5602 2281 5657 pro

703 5681 896 5736 oftleiis
944 5681 1221 5750 pecuniam
1250 5681 1426 5750 capita
1472 5680 1895 5737 obvolverentur
1914 5679 2110 5749 pallio,
2158 5693 2283 5736 cum

705 5784 881 5841 neque
907 5787 1033 5828 suos
1060 5786 1127 5829 ea
1164 5786 1226 5829 re
1252 5772 1533 5835 collatores
1560 5773 1630 5831 ab
1669 5771 1933 5847 improbis
1965 5772 2285 5844 praesidibus

2386 4683 2477 4729 aut
2503 4647 2907 4745 praescriptione
2930 4669 3059 4737 fori,
3090 4678 3182 4727 aut
3209 4670 3317 4728 alio
3344 4668 3463 4741 ejus
3486 4664 3672 4740 generis
3688 4658 3742 4716 uti
3761 4647 3836 4723 alii

2386 4766 2533 4847 ipsos
2561 4764 2796 4823 audeat?

2457 4858 2833 4916 interdicimus
2862 4864 3040 4913 autem
3070 4866 3124 4914 et
3152 4852 3534 4926 gloriosissimo
3558 4861 3641 4921 per
3662 4839 3835 4899 Οιιειηω

2386 4952 2649 5022 magistro
2670 4951 2923 5016 militum,
2952 4957 3010 5003 et
3049 4948 3295 5003 omnibus
3321 4945 3534 5001 omnino
3560 4929 3837 5022 magistl‘tiiiiii5

2388 5045 2588 5100 nostris
2616 5083 2631 5110 ,
2663 5057 2732 5098 ne
2771 5042 2855 5097 vel
2896 5039 3362 5106 latrunculatores,
3399 5036 3481 5092 vel
3519 5028 3737 5089 violentiis
3753 5018 3837 5076 ωδιο

2385 5134 2576 5191 bendis
2617 5108 2966 5207 praepositos,
3014 5135 3093 5188 vel
3119 5143 3508 5198 exarmatam,
3556 5126 3631 5183 vel
3672 5108 3835 5207 t3}i|5“‘_‘Mil

2384 5229 2520 5287 alios
2546 5229 2601 5285 in
2625 5203 2926 5299 provincias
2957 5225 3223 5282 emittant.
3255 5226 3437 5282 Sciant
3470 5222 3624 5284 enim,
3647 5214 3717 5285 qui
3733 5203 3835 5309 adhic

2385 5326 2593 5382 institui
2626 5334 2747 5396 post
2791 5324 2931 5380 hanc
2978 5332 3221 5380 nostram
3266 5324 3436 5394 legem
3482 5306 3835 5392 praesumpserinb

2387 5419 2642 5490 quoniam
2671 5418 2810 5488 capti
2837 5432 2867 5471 a
2892 5417 3090 5473 nostris
3112 5416 3383 5486 judicibus
3404 5405 3752 5482 provinciarum,
3769 5400 3835 5490 flii

2390 5488 2597 5570 vincula
2614 5511 2942 5583 redigentur,
2965 5519 3019 5566 et
3044 5523 3206 5565 causa
3232 5508 3297 5565 ad
3319 5522 3414 5564 nos
3440 5500 3656 5560 nuntiata
3670 5488 3836 5587 sumus?

2391 5622 2421 5661 a
2450 5606 2605 5662 nobis
2636 5576 2935 5675 periculum
2965 5601 3336 5665 sustinebunt;
3365 5609 3414 5655 et
3442 5595 3531 5667 qui
3558 5576 3837 5675 δυὶυεωθώίέ

2391 5672 2662 5774 praacepta
2694 5695 3029 5760 tradiderint,
3065 5692 3279 5763 triginta
3309 5693 3553 5747 librarum
3592 5677 3685 5737 auri

2391 5764 2751 5863 sustinebunt,
2783 5798 2839 5847 et
2866 5787 3129 5859 majorem
3151 5785 3391 5857 insuper,
3421 5795 3483 5837 ac
3505 5764 3835 5835 vehementi)!em
