4042 6348
185 343 292 410 957
451 340 827 401 JUSTINIANI
863 340 1170 399 EDICTUM
1210 340 1309 410 Μ)
1342 342 1598 416 υωθυε
1636 341 1776 399 CON:

1879 341 2111 400 {TUTOS
2150 343 2522 415 EPHCOPOS
2562 347 2648 402 ET
2691 348 3188 410 PATRIAR’TYY.‘.S.

3360 360 3465 421 958

183 469 428 517 nostram
473 460 893 533 indignationem
939 460 1301 532 experientur.
1353 460 1580 529 Oportet
1620 458 1780 529 igitur
1803 456 1858 518 Δ
1884 459 2300 527 pensitationem
2325 506 2339 530 ,
2374 463 2680 531 ingentibus
2720 476 2980 534 praeterea
3009 468 3218 536 injuriis
3244 480 3464 542 propter

181 553 584 625 provinciarum
609 553 868 628 praesides
886 562 1028 607 tanta
1059 569 1086 605 a
1120 553 1274 609 nobis
1293 563 1556 623 potestate
1584 553 1771 624 digna-

178 651 295 712 tos,
326 645 397 699 ita
426 659 486 700 se
515 645 568 700 in
608 644 830 715 agendis
871 645 1035 700 rebus
1075 660 1288 714 gerere,
1341 653 1400 699 ut
1449 644 1649 716 (quoad
1694 654 1771 698 ta-

178 752 309 791 men
331 737 559 805 justitia,
589 746 644 792 et
673 736 819 806 leges
842 736 1176 806 permittunt)
1207 736 1275 791 ab
1300 736 1550 791 omnibus
1579 735 1770 790 formi-

179 829 378 883 dentur
407 846 421 882 :
467 829 697 885 scientes
726 829 866 898 quod
893 830 940 884 si
971 830 1110 886 male
1139 837 1194 884 et
1234 837 1430 897 praeter
1458 827 1770 896 dignitatem

177 939 212 977 a
249 921 401 977 nobis
429 924 732 978 commissae
759 923 840 978 eis
870 923 1151 992 potestatis
1181 922 1372 977 tradita
1416 921 1766 978 administra-

179 1016 334 1069 tione
356 1023 595 1079 utantur,
622 1015 906 1070 antedictis
926 1013 1280 1085 subjacebunt
1308 1013 1585 1088 suppliciis
1610 1033 1621 1067 :
1651 1027 1773 1069 sus-

178 1108 418 1162 tinentes
448 1107 651 1162 scilicet
675 1122 735 1162 ea
779 1107 904 1162 dum
939 1109 1113 1164 adhuc
1141 1108 1191 1162 in
1214 1107 1400 1163 ofﬁcio
1426 1117 1570 1176 sunt,
1601 1107 1772 1178 majo-

175 1200 332 1255 ribus
359 1202 516 1254 etiam
541 1201 782 1256 tentandi
807 1202 1056 1270 periculis
1077 1217 1144 1258 eo
1160 1202 1423 1273 deposito.
1441 1203 1774 1272 Denegamus

176 1294 328 1347 enim
358 1292 462 1346 illis
489 1308 624 1362 quas
654 1303 914 1349 rexerunt
942 1295 1268 1365 provincias,
1296 1295 1444 1364 prius
1478 1296 1774 1351 excedendi

177 1384 481 1448 licentiam,
504 1399 668 1453 quam
695 1386 998 1456 legitimum
1018 1388 1400 1460 quinquaginta
1423 1387 1631 1444 dierum
1652 1402 1776 1457 spa-

175 1478 318 1532 tium
344 1478 701 1548 compleatur,
754 1479 869 1533 sive
895 1481 1182 1535 occasione
1226 1482 1610 1546 remeaturis,
1659 1482 1776 1537 sive

170 1569 404 1624 obtentu
462 1568 643 1641 fuga,
709 1569 826 1626 sive
872 1572 973 1626 alia
1028 1587 1348 1643 quacunque
1403 1574 1472 1629 de
1539 1587 1704 1628 causa
1755 1588 1772 1628 :

169 1661 494 1728 adeuntibus,
524 1660 674 1732 quod
700 1662 815 1718 sive
846 1662 929 1732 (ut
954 1671 1084 1719 ante
1127 1664 1385 1734 diximus)
1414 1665 1468 1719 in
1505 1664 1616 1720 'bac
1634 1665 1774 1720 alma

173 1754 349 1822 urbe,
389 1755 504 1810 sive
549 1755 673 1810 alibi
705 1755 944 1812 locorum
987 1768 1296 1822 versentur,
1343 1757 1409 1814 ad
1441 1759 1772 1827 provincia

1872 551 2211 608 venditiones
2237 553 2634 623 provinciarum
2662 571 2728 612 ex
2775 558 3060 634 pnesidum
3094 562 3279 628 rapina
3331 578 3460 634 sup-

1871 643 2260 713 primebantur,
2303 661 2392 702 eas
2423 662 2518 716 per
2560 647 2859 718 subjectam
2907 651 3077 721 legem
3110 654 3305 710 tollere
3339 671 3463 724 pro-

1872 741 2171 808 peravimus
2200 782 2215 806 ,
2284 755 2381 796 vos
2449 749 2626 798 autem
2685 743 2737 796 in
2792 752 3072 813 utramque
3133 743 3465 803 dormientes

1871 845 2059 890 aurem
2084 872 2100 899 ,
2147 830 2283 888 nihil
2338 831 2498 890 nobis
2559 833 2908 898 renuntietis.
2965 834 3051 892 Sit
3096 835 3310 906 quidem
3368 837 3465 894 do-

1869 923 2024 978 mino
2059 924 2171 977 Deo
2199 934 2538 989 consecrata,
2594 941 2689 980 vos
2722 937 2907 981 autem
2936 926 3210 984 rationem
3259 927 3310 983 ei
3336 929 3463 985 red-

1874 1013 2011 1071 detis
2040 1015 2110 1070 de
2131 1016 2324 1084 injuria
2349 1017 2472 1073 aliis
2501 1017 2674 1087 illata,
2729 1021 2774 1076 si
2807 1034 2902 1088 per
2929 1019 3068 1077 hanc
3096 1024 3460 1090 occasionem,

1875 1107 2022 1178 quod
2053 1107 2121 1163 de
2149 1109 2230 1164 his
2272 1125 2378 1164 non
2407 1110 2754 1180 instruamur,
2787 1113 3092 1170 nocumenti
3125 1115 3326 1186 aliquid
3369 1133 3462 1175 ve-

1874 1201 2001 1257 stris
2042 1201 2162 1256 istis
2189 1202 2490 1258 hominibus
2520 1205 2805 1274 irrogetur.
2836 1206 2947 1260 lmo
2969 1221 3091 1271 vos,
3123 1208 3213 1277 qui
3239 1208 3292 1261 in
3335 1209 3455 1266 loco

1876 1301 2170 1363 praesentes
2199 1295 2352 1358 estis,
2385 1303 2440 1350 et
2465 1304 2572 1350 tam
2605 1311 2702 1365 pro
2751 1297 2902 1352 vobis
2927 1313 3089 1367 quam
3125 1312 3223 1367 pro
3253 1300 3465 1356 caeteris

1876 1385 2184 1452 decertatis,
2211 1396 2424 1456 oportet
2449 1387 2710 1443 certiores
2731 1403 2830 1442 nos
2850 1388 3102 1455 reddere,
3128 1398 3184 1444 et
3207 1389 3274 1444 de
3288 1389 3358 1444 iis
3375 1389 3466 1460 qui

1875 1487 2025 1532 recte
2062 1490 2123 1532 se
2161 1476 2212 1530 in
2241 1476 2707 1533 administratione
2734 1487 2949 1548 gerunt,
2980 1486 3036 1534 et
3065 1479 3158 1549 qui
3186 1480 3325 1535 hanc
3369 1495 3468 1536 no-

1875 1576 2041 1622 stram
2071 1568 2242 1639 legem
2270 1569 2764 1640 transgrediuntur,
2794 1577 2854 1625 ut
2881 1581 3109 1641 utroque
3139 1572 3376 1640 cognito,
3408 1571 3464 1627 in

1877 1660 1976 1715 bos
2006 1662 2223 1732 quidem
2255 1663 2764 1728 animadvertamus,
2809 1663 2919 1720 illis
2955 1679 3083 1720 vero
3113 1664 3346 1733 aliquam
3377 1679 3465 1720 re-

1876 1749 2116 1808 feramus
2141 1755 2392 1823 gratiam.
2429 1755 2599 1810 Simul
2630 1769 2693 1810 ac
2721 1771 2853 1811 vero
2891 1756 2978 1811 lex
3025 1757 3239 1827 publice
3269 1770 3466 1826 propo-

171 1847 357 1903 denuo
403 1849 632 1920 reducti,
674 1866 832 1921 quam
885 1861 1143 1914 rexerunt
1170 1893 1186 1918 ,
1241 1868 1427 1922 poenas
1479 1853 1769 1925 excipient,
1803 1839 1853 1918 Β
1877 1844 2006 1925 sita,
2036 1854 2090 1900 et
2134 1845 2388 1904 omnibus
2418 1847 2698 1906 manifesu
2743 1846 2888 1910 facta
2929 1857 3034 1915 est,
3064 1859 3189 1909 tunc
3216 1859 3465 1922 suscepta

169 1955 312 2012 quas
342 1942 712 2014 praediximus.
738 1941 1120 2014 Jusjurandum
1141 1960 1270 2006 vero
1296 1946 1519 2011 dabunt,
1551 1948 1638 2002 hic
1656 1947 1773 2020 qui.

169 2033 300 2088 dem
331 2033 629 2090 secundum
667 2033 894 2094 formam
925 2037 1180 2104 superius
1205 2051 1538 2106 expressam.
1563 2037 1622 2092 Si
1652 2038 1774 2109 qui-

170 2121 278 2179 bus
309 2138 454 2190 vero,
486 2124 628 2194 quod
662 2125 714 2182 in
742 2126 1038 2196 provinciis
1069 2127 1776 2196 existant,administratio-

171 2215 266 2269 nis
313 2215 598 2272 codicillos
651 2217 791 2280 mitti
837 2217 1117 2287 placuerit,
1167 2219 1545 2290 jusjurandum
1593 2234 1774 2276 coram

175 2305 278 2361 Dei
321 2309 698 2370 amantissimo,
741 2310 998 2380 episcopo
1041 2312 1354 2380 metropolis
1385 2312 1611 2384 ejusque
1640 2312 1773 2369 civi-

176 2400 306 2452 tatis
334 2401 662 2470 primoribus
693 2401 972 2467 subibunt,
1019 2411 1075 2459 et
1115 2404 1190 2458 ita
1224 2419 1404 2461 rerum
1431 2404 1775 2460 administra-

177 2487 380 2546 tionem
433 2491 760 2562 suscipient,
816 2492 1137 2549 celsitudine
1185 2493 1433 2552 videlicet
1462 2505 1551 2550 tua
1596 2494 1774 2565 provi-

173 2578 362 2646 dente,
394 2589 452 2635 ut
476 2582 589 2638 sive
620 2582 672 2636 in
703 2584 884 2654 ampla
933 2584 1034 2639 hac
1063 2584 1195 2640 urbe
1241 2586 1608 2654 magistratum
1655 2586 1775 2656 quis

175 2673 456 2744 suscipiat,
487 2673 602 2734 sive
623 2690 652 2729 a
684 2677 1003 2734 celsitudine
1030 2688 1117 2734 tua
1144 2678 1261 2752 ejus
1284 2677 1518 2734 codicilli
1546 2680 1602 2734 in
1654 2695 1774 2748 pro-

175 2765 410 2819 vinciam
442 2766 722 2824 mittantur
749 2786 762 2822 :
792 2770 862 2836 is,
891 2771 982 2839 qui
1008 2771 1248 2842 suscipit,
1293 2773 1600 2829 cautionem
1643 2771 1773 2828 fisco

176 2856 250 2913 de
281 2857 491 2914 tributis
520 2860 637 2916 sine
662 2863 880 2931 querela
907 2861 1188 2934 exigendis
1213 2873 1450 2936 praestet,
1480 2875 1638 2933 prout
1660 2865 1775 2935 ipse

179 2963 407 3020 prorsus
451 2952 721 3006 statueris.
756 2953 981 3012 Feratur
1009 2965 1186 3011 autem
1224 2957 1379 3012 nobis
1422 2957 1539 3013 haec
1581 2958 1665 3016 lex
1705 2957 1774 3022 de

180 3041 432 3097 omnibus
458 3043 550 3114 qui
576 3043 687 3112 jam
736 3043 863 3100 inde
893 3060 1151 3115 expresse
1174 3062 1203 3100 a
1254 3048 1408 3106 nobis
1452 3049 1770 3106 nominanda

179 3134 359 3192 officia
385 3136 612 3206 gratuita
658 3138 970 3207 percipient.
1003 3140 1277 3198 Praeterita
1306 3142 1448 3198 enim
1487 3142 1602 3214 jam
1646 3153 1773 3200 ante

1875 1935 2016 1997 intra
2057 1949 2452 1998 sacrosanctam
2498 1939 2821 2000 recondatur
2871 1943 3156 2006 ecclesiam
3200 1957 3306 1998 una
3341 1957 3466 2004 cum

1875 2029 2044 2085 sacris
2067 2029 2232 2099 vasis,
2266 2032 2522 2090 nimirum
2569 2046 2694 2090 cum
2739 2043 2796 2090 et
2821 2034 2938 2104 ipsa
2964 2034 3076 2094 Deo
3102 2033 3378 2099 dedicata,
3407 2041 3466 2098 et

1875 2121 1945 2178 ad
1974 2122 2200 2178 salutem
2225 2124 2324 2180 sub
2357 2125 2470 2194 ipso
2500 2127 2922 2186 constitutorum
2961 2124 3238 2185 hominum
3268 2128 3465 2196 scripta

1875 2212 1965 2267 sit.
1992 2213 2156 2268 Multo
2197 2223 2374 2272 autem
2405 2216 2728 2286 speciosius,
2760 2225 2815 2272 et
2844 2217 3014 2288 magis
3043 2231 3114 2278 ex
3156 2231 3254 2272 usu
3288 2218 3464 2276 homi-

1877 2319 2027 2371 num,
2057 2305 2147 2375 qui
2181 2320 2274 2375 per
2298 2320 2363 2360 ea
2403 2306 2520 2363 loca
2547 2315 2693 2374 sunt,
2723 2306 2967 2374 facietis,
3015 2308 3062 2368 si
3090 2321 3210 2366 eam
3240 2308 3461 2382 tabulis,

1876 2405 1968 2454 aut
1995 2396 2259 2468 lapidibus
2291 2398 2650 2468 ,insculptam,
2699 2402 2752 2454 in
2783 2401 3078 2470 porticibus
3105 2410 3466 2460 sacrosancta

1875 2491 2116 2548 ecclesia:
2144 2494 2522 2561 praescribatis,
2553 2505 2852 2564 promptam
2881 2495 3130 2552 omnibus
3163 2495 3377 2566 legendi
3405 2503 3461 2556 et

1877 2584 2098 2655 parandi
2126 2598 2189 2640 ea
2219 2599 2338 2656 quae
2367 2586 2567 2640 sancito
2612 2595 2755 2652 sunt,
2786 2584 3093 2648 facultatem
3126 2586 3454 2655 praebentes.

1874 2674 2010 2730 Cum
2042 2689 2166 2729 vero
2197 2674 2264 2729 de
2293 2676 2583 2745 praesidum
2615 2675 2926 2734 sinceritate
2965 2686 3163 2732 tantam
3197 2675 3249 2728 in
3281 2676 3463 2730 animo

1875 2766 2292 2822 sollicitudinem
2342 2768 2715 2836 reposuimus,
2764 2767 3105 2824 manifestum
3154 2775 3241 2824 est
3293 2768 3465 2826 multo

1875 2873 1976 2914 nos
2001 2860 2178 2914 minus
2204 2859 2561 2928 permissuros
2582 2857 2853 2918 civitatum
2876 2855 3274 2924 defensoribus,
3301 2868 3359 2914 ut
3379 2859 3467 2913 vel

1874 2951 2074 3022 aliquid
2120 2951 2412 3022 accipiant,
2446 2953 2532 3010 vel
2557 2951 2709 3008 dent.
2742 2953 2950 3010 Dabunt
2976 2953 3122 3008 enim
3150 2967 3248 3022 pro
3277 2951 3470 3022 praebi-

1875 3044 1944 3100 lis
1991 3044 2093 3098 sibi
2118 3044 2171 3100 in
2203 3045 2317 3098 foro
2344 3042 2849 3116 gloriosissimos‘um
2877 3043 3250 3112 prtcfectorum
3269 3043 3470 3112 jussit).-

1877 3137 2030 3194 nibus
2053 3136 2318 3206 siquidem
2346 3137 2580 3206 majores
2602 3136 2710 3190 sint
2735 3135 3012 3202 civitates,
3039 3146 3242 3192 tantum
3265 3135 3468 3194 solidos

180 3227 369 3298 positis
394 3227 705 3298 subjaceant
736 3230 968 3301 legibus,
1014 3232 1164 3288 nulla.
1191 3209 1532 3294 deﬁnitamm
1574 3234 1628 3288 in
1672 3234 1772 3296 hac
1799 3209 1849 3286 (ἶ
1876 3238 2130 3302 quatuor;
2158 3229 2203 3284 si
2221 3229 2480 3299 minores,
2497 3227 2698 3284 solidos
2714 3237 2844 3290 tres,
2877 3237 2931 3282 et
2948 3237 3207 3298 praeterea
3242 3228 3395 3285 nihil.
3421 3228 3468 3294 Α

179 3326 362 3374 nostra
394 3319 510 3392 lege
541 3336 820 3390 poenarum
854 3323 1168 3381 imminente
1196 3326 1262 3382 iis
1285 3327 1376 3396 qui
1401 3342 1574 3398 usque
1602 3328 1778 3388 adhuc

180 3411 360 3468 officia
391 3412 792 3481 administrant,
825 3415 931 3470 nisi
958 3419 1094 3472 forte
1115 3426 1168 3473 et
1189 3417 1287 3488 ipsi
1315 3427 1436 3489 post
1465 3420 1622 3488 hujus
1644 3421 1778 3490 legis

182 3503 600 3561 insinuationem
624 3506 867 3575 rapuisse
892 3508 1092 3576 aliquid
1117 3508 1619 3578 deprehendantur.
1649 3511 1776 3570 Hmc

181 3594 346 3666 igitur
367 3597 543 3652 omnia
572 3597 882 3666 perdiscens
909 3601 1172 3656 celsitudo
1204 3611 1318 3666 tua,
1341 3611 1400 3660 ut
1427 3603 1568 3675 apud
1590 3618 1778 3659 omnes

180 3686 287 3742 sub
307 3702 364 3743 se
393 3689 708 3744 constitutas
732 3702 918 3762 gentes
947 3693 1228 3749 manifesta
1260 3695 1408 3759 fiant,
1433 3705 1684 3766 procuret
1705 3712 1776 3754 ex

184 3793 338 3838 more
362 3780 642 3840 destinatis
668 3782 736 3838 ad
757 3798 946 3840 omnes
971 3786 1368 3854 provinciarum
1385 3798 1623 3845 rectores
1646 3805 1777 3857 pra:-

182 3871 392 3938 ceptis,
451 3881 511 3927 ut
547 3882 788 3928 nostrum
845 3876 986 3932 circa
1028 3877 1273 3946 subditos
1318 3880 1554 3936 studium
1598 3882 1780 3953 deque

181 3965 434 4020 creandis
486 3967 806 4036 praesidibus
856 3969 1178 4024 sententiam
1227 3983 1599 4041 agnoscentes,
1643 3974 1776 4044 ipsi,

184 4057 364 4114 sciant
393 4067 599 4126 quanta
634 4059 688 4113 in
714 4059 836 4114 illos
861 4058 1124 4119 beneficia
1151 4063 1540 4121 contulerimus
1558 4106 1576 4131 ,
1603 4067 1692 4136 qui
1722 4075 1782 4122 ut

187 4147 417 4203 meliore
448 4147 662 4204 fortuna
689 4155 940 4218 utantur,
964 4166 1034 4207 ne
1079 4153 1229 4223 regio
1253 4153 1474 4225 quidem
1506 4153 1778 4214 famulicio

190 4237 609 4308 pepercerimus.
640 4239 762 4297 Dat.
793 4256 906 4297 xvn
923 4241 1152 4301 Kalend.
1173 4244 1345 4316 April.
1370 4243 1776 4318 Constantinop.

192 4328 454 4386 Belisario
481 4347 537 4388 v.
566 4346 617 4387 c.
640 4346 755 4390 cos.

833 4508 1134 4568 EDICTUM

199 4661 404 4744 Ubique
422 4663 648 4744 locarunt
688 4663 976 4744 constitutis
1007 4663 1106 4718 Dei
1127 4668 1500 4744 amantissimis
1525 4672 1780 4744 archiepi-

266 4736 452 4806 scopis,
480 4734 973 4804 rdigiosisaiusisque
1001 4737 1311 4806 patriarchis
1340 4734 1701 4812 conscriptuan

268 4865 464 4922 Curam
497 4875 743 4937 gerentes
773 4867 979 4924 traditae
1008 4867 1165 4924 nobis
1204 4886 1235 4926 a
1285 4870 1395 4926 Deo
1425 4873 1736 4942 reipublicae
1761 4913 1778 4941 ,

199 4961 460 5030 simulque
492 4970 548 5013 ut
577 4959 774 5015 subditi
807 4960 976 5016 nostri
1004 4976 1071 5017 ex
1099 4963 1243 5016 omni
1279 4974 1426 5034 parte
1452 4979 1574 5019 cum
1617 4965 1777 5034 justi.

199 5055 272 5111 tia
302 5054 462 5106 vitam
484 5053 698 5122 degant,
728 5053 1031 5119 studentes,
1059 5053 1356 5123 subjectam
1389 5055 1558 5127 legem
1581 5056 1783 5116 descri-

199 5145 426 5217 psimus.
458 5142 626 5211 Quam
652 5142 867 5213 quidem
897 5153 952 5200 et
991 5145 1259 5201 sanctitati
1289 5154 1416 5212 tuae,
1448 5157 1502 5202 et
1543 5163 1638 5218 per
1664 5163 1782 5203 eam

201 5237 469 5303 omnibus,
493 5236 582 5304 qui
605 5235 653 5290 in
679 5235 948 5305 provincia
968 5245 1052 5292 tua
1075 5247 1218 5304 sunt,
1244 5237 1580 5294 manifesmm
1604 5239 1784 5295 facere

199 5328 478 5401 pulchrum
509 5328 780 5384 duximus.
814 5327 941 5382 Tua:
964 5328 1122 5399 igitur
1151 5330 1447 5402 religionis,
1473 5339 1528 5386 et
1555 5331 1786 5402 reliquo-

201 5436 320 5477 rum
368 5419 739 5490 episcoporum
771 5417 931 5474 fuerit
980 5420 1081 5474 ista
1132 5421 1442 5490 observare,
1486 5429 1541 5476 et
1580 5423 1624 5477 si
1655 5421 1784 5492 quid

201 5514 456 5586 praesides
487 5513 962 5581 transgrediantur,
1012 5514 1077 5568 ad
1122 5530 1222 5569 nos
1267 5513 1492 5582 referre,
1545 5529 1613 5570 ne
1657 5514 1784 5586 quid

202 5622 388 5664 eorum
432 5623 550 5676 qua:
582 5604 831 5672 religiose
876 5606 1032 5660 simul
1066 5616 1120 5662 et
1144 5606 1288 5680 juste
1335 5623 1364 5662 a
1397 5607 1549 5662 nobis
1580 5607 1784 5663 sancita

201 5710 348 5764 sunt,
395 5699 737 5767 despiciatur.
783 5693 916 5750 Nam
947 5698 988 5751 si
1015 5713 1112 5752 nos
1147 5697 1362 5769 quidem
1402 5698 1643 5753 subditos
1691 5715 1786 5754 no-

204 5800 348 5856 stros
391 5790 657 5859 miserati,
699 5783 851 5861 quod
894 5788 1030 5845 ultra
1084 5790 1418 5860 publicorum
1467 5789 1784 5848 tributorum

1880 3327 2090 3381 nemine
2130 3333 2310 3380 autem
2350 3322 2644 3392 quidpiam,
2693 3321 2742 3378 si
2764 3320 2985 3378 (reditus
3010 3320 3118 3374 illis
3137 3336 3204 3376 ex
3245 3321 3462 3392 publico

1880 3420 2198 3480 constitutus
2244 3419 2378 3487 erit,
2409 3425 2498 3474 aut
2544 3418 2590 3474 si
2628 3414 2761 3474 nihil
2802 3430 2869 3472 ex
2900 3414 3114 3482 publico
3144 3416 3462 3484 percipiant,

1881 3510 2020 3565 ultra
2063 3525 2126 3566 ea
2170 3524 2294 3578 qua
2318 3522 2472 3566 sacra
2519 3517 2698 3562 nostra
2728 3506 3116 3564 constitutione
3158 3507 3302 3578 ipsos
3331 3506 3472 3564 ferre

1881 3601 2079 3658 debere
2103 3615 2424 3670 expressum
2453 3608 2536 3656 est
2562 3599 2850 3668 accipient.
2892 3598 3102 3664 Alioqui
3134 3597 3178 3651 si
3227 3596 3352 3665 quid
3383 3599 3468 3654 vel

1879 3689 2007 3764 ipsi,
2055 3691 2139 3746 vel
2180 3693 2416 3762 ipsorum
2470 3690 2552 3761 (ut
2590 3688 2805 3760 vocant)
2838 3687 3169 3753 cbartularii,
3204 3688 3284 3743 vel
3323 3689 3473 3758 quis-

1883 3782 2026 3852 piam
2046 3796 2235 3840 eorum
2258 3782 2348 3851 qui
2375 3781 2518 3838 circa
2548 3783 2696 3850 ipsos
2723 3790 2849 3837 sunt
2875 3779 3150 3848 accepisse
3173 3781 3472 3848 deprehen-

1880 3876 2072 3932 dentur
2101 3875 2155 3930 in
2183 3875 2538 3945 quadruplum
2565 3875 2614 3928 ei
2643 3874 2784 3945 quod
2814 3880 3138 3942 acceperunt
3166 3872 3471 3940 restituent,

1882 3980 2056 4037 neque
2086 3977 2192 4020 non
2221 3979 2283 4021 ea
2304 3963 2666 4024 sollicitudine
2716 3963 3086 4036 depellentur;
3127 3971 3185 4021 et
3215 3973 3476 4034 praterea

1882 4064 2146 4128 perpetuo
2166 4056 2361 4111 exsilio
2406 4055 2640 4122 multati,
2663 4063 2720 4116 et
2746 4069 2973 4125 corpore
2997 4054 3263 4126 castigati,
3297 4053 3476 4110 locum

1883 4150 2084 4212 dabunt
2114 4148 2426 4208 melioribus
2478 4147 2628 4215 viris,
2659 4147 2750 4220 qui
2781 4161 2880 4218 pro
2925 4147 3080 4210 malis
3116 4162 3242 4208 eam.
3268 4146 3474 4204 sollici-

1883 4241 2121 4298 tudinem
2148 4239 2363 4298 obeant.

1953 4331 2118 4390 Eritis
2143 4340 2323 4388 autem
2353 4343 2454 4386 vos
2479 4344 2696 4403 quoque
2721 4329 2880 4400 hujus
2904 4329 2981 4386 rei
3009 4329 3286 4395 custodes,
3306 4327 3469 4390 simul

1881 4424 2184 4482 inhibentes
2229 4438 2290 4482 ea
2319 4437 2439 4494 qua:
2483 4433 2676 4479 contra
2706 4423 2823 4478 haec
2853 4423 3012 4488 fiunt,
3060 4421 3220 4476 simul
3250 4419 3316 4474 ad
3367 4432 3469 4476 nos

1881 4515 2200 4583 referentes,
2233 4523 2288 4569 ut
2316 4528 2488 4584 neque
2535 4512 2738 4583 aliquid
2785 4511 3055 4582 ejusmodi
3103 4509 3467 4570 admissorum

1805 4585 1862 4658 Β
1884 4611 2067 4678 lateat,
2099 4623 2274 4678 neque
2291 4605 2505 4664 latendo
2525 4607 2856 4676 relinquatur
2879 4602 3222 4671 impunitum,
3246 4601 3342 4658 sed
3369 4618 3469 4658 un-

1882 4703 2047 4772 dique
2064 4700 2291 4758 subditis
2319 4699 2516 4754 nostris
2544 4698 2797 4769 aequitas,
2824 4705 2880 4756 et
2904 4694 3110 4767 iustitia
3136 4693 3468 4750 reflorescat.

1884 4794 1991 4851 Sed
2021 4801 2075 4852 et
2096 4790 2187 4861 qui
2234 4789 2528 4845 etiamnum
2559 4789 2612 4846 in
2659 4785 2851 4844 officiis
2883 4793 3030 4858 sunt,
3081 4786 3130 4842 si
3159 4794 3282 4855 post
3305 4785 3464 4858 bujus

1882 4882 2016 4957 legis
2057 4880 2473 4938 insinuationem
2517 4893 2623 4940 non
2675 4878 2824 4936 omni
2849 4878 3036 4950 rapina
3079 4877 3474 4945 abstinuerint,

1884 4975 2056 5034 sciant
2080 4973 2242 5030 etiam
2265 4971 2367 5046 ipsi
2394 4985 2452 5026 se
2479 4971 2790 5030 constitutis
2815 4971 2870 5032 in
2893 4971 2995 5028 hac
3015 4972 3134 5042 lege
3159 4971 3330 5042 panis
3346 4972 3473 5028 sub-

1882 5067 2169 5140 jiciendos.
2202 5066 2475 5138 Scriptum
2498 5077 2582 5122 est
2609 5066 2774 5122 edicti
2823 5067 3132 5135 exemplum
3173 5066 3479 5122 Constanti-

1887 5141 2207 5232 nopolitanis
2235 5157 2287 5213 in
2319 5157 2435 5214 haec
2464 5158 2622 5218 verba
2651 5176 2662 5210 :
2687 5158 2951 5226 Quantam
2984 5158 3038 5214 in
3069 5159 3254 5214 animo
3272 5157 3481 5214 sollici-

1889 5253 2126 5316 tudinem
2155 5251 2222 5307 de
2252 5252 2514 5309 universis
2537 5252 2764 5309 subditis
2785 5254 3147 5327 reposuimus,
3178 5253 3310 5310 satis
3335 5253 3478 5309 indi-

1885 5356 1968 5406 cat
2003 5345 2085 5407 lex
2109 5359 2278 5417 nuper
2300 5360 2330 5400 a
2377 5345 2530 5402 nobis
2556 5349 2752 5417 posita,
2775 5362 2934 5419 quam
2962 5345 3028 5402 ad
3056 5345 3481 5418 gloriosissimos

1895 5449 2107 5496 nostros
2139 5437 2418 5508 praefectos
2445 5439 2884 5508 conscripsimus.
2907 5437 3015 5495 Sed
3036 5439 3362 5498 conveniens
3397 5447 3484 5494 est

1897 5540 1953 5588 ut
1981 5540 2036 5589 et
2062 5545 2160 5587 vos
2208 5531 2601 5601 providentiam
2632 5541 2904 5599 nostram,
2935 5545 3096 5602 quam
3125 5530 3269 5585 circa
3292 5543 3481 5585 omnes

1895 5625 2138 5682 homines
2167 5624 2425 5695 gerimus,
2455 5622 2725 5693 cognitam
2762 5633 2816 5680 et
2845 5631 3177 5696 perspectam
3207 5621 3475 5678 habeatis.

1896 5719 2082 5790 anue
2123 5719 2188 5773 de
2216 5733 2276 5774 re
2307 5718 2477 5788 legem
2522 5716 2687 5785 ipsam
2717 5716 2771 5770 in
2799 5716 2966 5774 forma
3009 5715 3312 5772 edictorum
3355 5727 3478 5785 pro-

1897 5812 2193 5886 posuimus,
2223 5818 2280 5868 ut
2304 5823 2400 5866 vos
2426 5808 2651 5868 Domino
2672 5810 2782 5872 Deo
2801 5818 2857 5870 et
2877 5808 3152 5872 δηναιοτί
3177 5818 3364 5870 nostro
3385 5805 3478 5865 Je-
