4042 6348
1745 339 2016 409 smn
2051 341 2256 408 ssxrt
2293 333 2880 407 SUPPLEMEN‘l'Ubi.
3767 345 3832 417 θοι

655 475 916 531 simorum
935 470 1275 528 tribunorum
1296 467 1629 526 notariorum
1645 508 1662 535 ,
1684 469 1787 523 sol.
1819 479 1888 522 xv
1907 484 1923 536 ;
1945 468 2062 537 ejus
2089 467 2244 537 adjn-
2271 457 2328 529 Α
2350 465 2549 521 blicum
2575 461 2852 530 solatium,
2883 473 3142 536 quantum
3175 457 3513 537 inculpabms
3532 467 3763 543 antiquitas
3781 473 3832 531 de

659 568 787 635 tori,
811 567 918 622 sol.
943 581 1033 632 Ill;
1061 564 1272 619 cohorti
1315 563 1827 634 gloriosissiornm
1865 561 2244 632 pra-Momm

657 675 758 732 pro
784 660 1057 731 jussione,
1083 659 1241 713 solid.
1275 670 1455 712 xxxvi.

731 775 776 830 Α
806 771 1036 845 ρτωεὶἀε
1075 772 1308 845 Scythiae
1338 773 1414 828 sic
1443 792 1454 826 :
1483 771 1861 844 spectabilibus
1893 771 2064 827 tribus
2093 771 2246 828 cbar-

659 869 874 925 tulariis
898 869 1032 922 sacri
1065 865 1319 935 cubiculi,
1344 867 1445 920 sol.
1474 881 1524 921 ιι
1548 885 1562 933 ;
1597 865 1902 935 primicerio
1930 866 2250 921 clarissimo—

607 1008 610 1010 .
659 978 778 1018 rum
815 963 1146 1017 tribunorum
1178 961 1534 1027 notariorum,
1569 960 1670 1014 sol.
1716 967 1813 1026 xv;
1847 959 1963 1030 ejus
1993 959 2247 1028 adjutori,

659 1054 763 1109 Sol.
800 1069 889 1120 m;
929 1053 1136 1108 cohorti
1176 1053 1692 1121 gloriosissimorum
1736 1050 2110 1122 praefectorum
2152 1063 2250 1120 pro

654 1146 917 1216 jussione,
948 1145 1145 1199 solidos
1171 1159 1354 1199 xxxvi.

730 1259 776 1314 Α
815 1259 1097 1314 defensore
1126 1257 1386 1328 cujusque
1409 1255 1659 1320 civitatis,
1687 1253 1951 1324 siquidem
1979 1262 2254 1322 metropo-

659 1351 724 1408 lis
756 1353 858 1418 sit,
893 1368 988 1421 pro
1023 1353 1268 1421 jussione
1309 1349 1518 1405 cohorti
1565 1348 2078 1418 gloriosissimorum
2110 1360 2251 1417 prat-

657 1435 922 1502 fectorunt
955 1449 1151 1501 dentur
1178 1444 1333 1500 Solidi
1372 1453 1636 1514 quatuor;
1672 1444 1716 1496 si
1757 1440 1858 1495 alia
1889 1439 2118 1507 civitas,
2161 1454 2252 1493 so-

658 1538 752 1595 lidi
785 1548 930 1605 tres,
964 1549 1018 1593 et
1061 1546 1322 1608 prmterea
1366 1535 1517 1589 nihil.
1559 1533 1692 1588 Nam
1721 1547 1897 1602 neque
1942 1531 2254 1586 defensores

663 1633 951 1698 volumus,
1004 1631 1089 1686 vel
1129 1630 1352 1685 summis
1397 1627 1826 1698 magistratibus,
1859 1633 1950 1678 aut
1975 1624 2130 1679 alicui
2161 1624 2252 1679 alii

657 1725 930 1796 quidpiam
975 1725 1140 1791 dare,
1189 1723 1274 1778 vel
1319 1723 1598 1792 accipere,
1632 1720 1733 1774 nisi
1780 1734 1847 1775 ex
1901 1716 2114 1786 publico
2145 1716 2252 1773 illis

658 1819 1075 1873 consuetudines
1104 1818 1348 1888 quaedam
1393 1814 1730 1885 praebeantur
1755 1855 1769 1879 ,
1818 1813 2114 1870 scientibus
2145 1811 2253 1866 illis

658 1909 802 1980 quod
826 1911 870 1964 si
897 1910 964 1965 de
992 1910 1173 1979 aliquo
1196 1910 1432 1978 ipsorum
1459 1908 1524 1961 ad
1559 1921 1654 1962 nos
1682 1906 1944 1962 referatur
1971 1904 2114 1974 quod
2137 1917 2257 1957 san-

657 2003 765 2058 cita
797 2010 977 2056 nostra
1029 2000 1451 2070 transgrediatur
1471 2042 1486 2065 ,
1531 2008 1586 2054 et
1617 1999 1758 2067 quod
1805 1997 2010 2066 accepit
2041 1996 2093 2050 in
2125 2009 2256 2066 qua-

662 2091 912 2163 druplum
939 2093 1209 2156 restituet,
1250 2102 1306 2148 et
1335 2093 1594 2162 abrogato
1633 2091 1812 2146 ofﬁcio
1844 2097 2158 2159 perpetuum
2187 2088 2258 2142 in-

662 2185 806 2240 colet
851 2187 1122 2241 exsilium.
1155 2183 1288 2240 Cum
1328 2200 1503 2255 neque
1533 2183 1632 2253 ipsi
1679 2182 2072 2253 provinciarum
2117 2195 2258 2250 prae~

667 2275 814 2332 sides
838 2277 1100 2332 minorem
1125 2292 1336 2347 pmnam
1362 2278 1643 2348 excepturi
1666 2277 1792 2345 sint,
1811 2275 1859 2330 si
1882 2277 1982 2330 hoc
1999 2274 2255 2346 neglexe-

666 2368 798 2437 rint,
831 2378 887 2424 et
913 2370 1014 2427 sub
1041 2384 1141 2426 suo
1173 2371 1334 2427 veluti
1361 2380 1582 2442 aspectu
1611 2368 1922 2424 defensores
1946 2381 2136 2440 rapere
2162 2381 2258 2437 pa-

661 2458 886 2516 tiantur.

743 2571 1036 2646 [Scriptum
1071 2574 1228 2643 hujus
1256 2573 1390 2642 legis
1418 2573 1726 2642 exemplum
1758 2571 2033 2628 Dominico
2054 2571 2259 2641 glorio-

665 2665 881 2721 sissimo
905 2667 1278 2734 praatoriorum
1306 2680 1402 2734 per
1425 2666 1694 2736 Illyricum
1719 2665 1997 2736 praefecto,
2023 2667 2105 2721 his
2125 2682 2258 2735 quo-

667 2774 778 2831 que
791 2760 911 2815 addi
922 2762 1010 2815 tis.
1026 2760 1411 2830 Jusjurandum
1435 2760 1664 2815 subeant
1675 2760 1966 2816 secundum
1983 2760 2258 2830 proprium

666 2852 736 2909 de
763 2854 866 2908 hoc
895 2853 1113 2920 factum,
1145 2862 1200 2908 et
1227 2852 1366 2908 infra
1398 2850 1628 2922 positum
1657 2861 2075 2922 sacramentum,
2101 2853 2258 2922 cuius

667 2947 973 3017 exemplum
1015 2947 1178 3001 etiam
1222 2945 1487 3003 directum
1514 2954 1598 3001 est
1639 2955 1745 3002 tute
1778 2946 2109 3003 celsitudini.
2153 2946 2258 3012 Qui

666 3053 796 3094 vero
836 3038 1333 3095 administrationes
1380 3040 1681 3109 suscipiunt
1724 3054 1754 3094 a
1794 3049 1882 3093 tua
1911 3038 2256 3104 celsitudine,

665 3129 899 3186 directos
928 3131 1053 3186 hinc
1081 3130 1163 3188 eis
1183 3147 1210 3183 ει
1244 3131 1400 3188 nobis
1449 3131 1728 3188 codicillos
1754 3129 2070 3199 suscipiant,
2117 3142 2258 3199 pra-

2351 558 2560 626 ﬁnivit,
2609 567 2668 615 ut
2693 571 2726 614 a
2751 555 3064 627 spontaneis
3096 558 3228 629 ipsis
3274 559 3444 629 magis
3469 573 3612 629 quam
3638 557 3690 618 ab
3711 565 3832 623 inritis

2350 649 2639 720 accipiant,
2667 657 2723 707 et
2761 650 2866 707 hoc
2907 665 3117 720 parum,
3148 661 3200 705 et
3249 663 3503 722 quantum
3533 657 3603 709 eis
3625 656 3679 709 ad
3702 661 3834 713 medio-

2350 755 2496 798 crem
2523 741 2725 797 sufﬁcit
2766 743 2891 798 vitae
2914 744 3379 814 gubernationem.
3411 744 3585 800 Sciant
3626 749 3736 801 enim
3757 751 3832 818 quia

2353 836 2397 890 si
2427 837 2561 890 citra
2589 835 2704 890 haec
2725 837 2923 906 aliquid
2951 837 3286 906 acceperint,
3316 850 3425 891 non
3454 838 3614 891 solum
3636 838 3829 907 quadrupli

2355 926 2708 996 subjacebunt
2738 941 2914 998 poenae
2938 969 2953 994 ,
3005 927 3101 983 sed
3129 928 3290 983 etiam
3325 927 3573 982 exsilium
3616 923 3834 985 habitabant

2355 1023 2670 1074 continuum
2713 1021 2864 1090 prius
2892 1019 2971 1076 eis
3003 1019 3174 1090 plagis
3204 1021 3446 1089 corporis
3473 1017 3796 1092 infligendis‘j

2917 1193 3244 1250 NOVELLA
3281 1193 3378 1250 IX.

2357 1329 2775 1401 Jusjurandum,
2827 1332 2966 1399 quod
2998 1333 3236 1400 ρηεειανὶ
3281 1331 3412 1386 solet
3459 1333 3519 1385 ab
3562 1332 3619 1386 iis
3652 1333 3719 1402 qui
3737 1334 3834 1402 ipsa

2983 1423 3289 1493 suscipiunt.

2431 1581 2626 1636 Testor
2663 1594 2766 1650 ego
2798 1579 3033 1649 iurando
3069 1581 3496 1651 omnipotentem
3527 1581 3838 1647 νει-,αω-

2358 1672 2597 1744 genitum
2621 1672 2828 1730 Filium
2858 1672 2977 1742 eius
2999 1673 3165 1728 Deum
3189 1683 3430 1730 nostram
3449 1672 3621 1729 Iesum
3636 1671 3834 1738 Christus,

2360 1775 2414 1821 et
2441 1766 2703 1836 Spiritum
2733 1776 3002 1833 sanctum,
3035 1783 3248 1823 necnon
3277 1777 3548 1836 sanctam,
3571 1769 3837 1837 acglorissau

2280 1849 2335 1919 Β
2363 1858 2459 1914 Dei
2498 1858 2813 1930 genitricem
2839 1901 2856 1925 ,
2906 1870 2960 1914 et
3003 1870 3265 1928 perpetuo
3302 1861 3560 1931 virginem
3597 1860 3782 1928 Mariam
3807 1873 3836 1917 et

2360 1959 2589 2020 quatuor
2613 1950 2921 2018 Evangelia,
2945 1965 3066 2020 quae
3095 1951 3242 2006 hisce
3271 1952 3518 2007 manibus
3546 1960 3697 2020 teneo,
3715 1961 3838 2006 etsta-

2361 2049 2478 2096 ctos
2506 2041 2858 2112 archangelos
2889 2041 3204 2098 Michaelem
3231 2052 3286 2098 et
3324 2043 3646 2112 Gabriclem,
3670 2044 3768 2114 quod
3786 2057 3837 2098 st-

2359 2135 2673 2191 cratissimis
2703 2146 2756 2191 et
2783 2137 3130 2206 pientissimis
3153 2137 3389 2193 dominis
3408 2139 3597 2193 nostris
3613 2137 3834 2205 Justiniano,

2361 2237 2416 2284 et
2444 2227 2748 2284 Theodorte
2789 2229 3004 2300 conjugi
3048 2228 3298 2298 potentiae
3326 2230 3472 2285 illius
3502 2230 3839 2295 existenti,oc:a-

2361 2317 2514 2375 sione
2541 2320 2782 2375 concessi
2810 2318 2942 2374 mihi
2971 2320 3038 2374 ab
3067 2319 3278 2376 illorum
3313 2323 3512 2388 pietate
3546 2321 3701 2386 officii,
3725 2336 3838 2389 pum

2360 2413 2746 2469 conscientiam
2765 2423 2820 2469 et
2836 2415 3126 2486 genuinum
3153 2425 3504 2486 praestaturus
3519 2431 3626 2470 sum
3641 2415 3836 2470 servitium

2361 2503 2621 2574 Quodque
2656 2519 2754 2574 pro
2786 2505 3023 2576 ipsorum
3053 2506 3281 2575 imperio
3311 2517 3365 2561 et
3408 2506 3681 2576 republica,
3703 2507 3739 2559 in
3765 2519 3839 2558 coo-

2361 2607 2516 2651 cesso
2546 2595 2678 2650 mihi
2716 2597 2784 2650 ab
2812 2595 2946 2665 ipsis
2975 2595 3174 2663 ofﬁcio,
3207 2612 3418 2651 summa
3448 2611 3564 2652 cum
3590 2596 3722 2651 animi
3742 2610 3839 2663 prun

2363 2687 2647 2759 ptitudine,
2673 2687 2790 2743 sine
2811 2686 2934 2743 dolo
2958 2698 3013 2744 et
3034 2687 3236 2760 absque
3260 2688 3479 2758 fraude,
3501 2704 3688 2744 omnem
3705 2702 3837 2759 opem

2361 2793 2425 2833 ac
2456 2779 2693 2834 laborem
2724 2779 2998 2834 subiturus
3027 2793 3167 2834 sum.
3202 2780 3266 2834 Et
3285 2782 3433 2850 quod
3461 2795 3576 2834 cum
3610 2779 3839 2834 sanctissima

2363 2871 2457 2926 Dei
2487 2871 2778 2939 catholica,
2823 2882 2878 2928 et
2925 2872 3218 2943 apostolica
3250 2873 3494 2930 Ecclesia
3520 2870 3839 2930 communionem

2361 2962 2556 3032 habeo,
2590 2980 2762 3036 neque
2792 2965 2842 3020 ei
2865 2965 2974 3021 ulla
3005 2981 3237 3035 unquam
3261 2966 3314 3020 in
3359 2982 3441 3034 re,
3472 2974 3561 3021 aut
3585 2963 3716 3019 modo
3734 2961 3840 3014 adre:-

2360 3058 2554 3122 sabor,
2604 3073 2779 3125 neque
2827 3061 3107 3129 (quantum
3159 3059 3210 3112 in
3241 3072 3332 3113 me
3375 3059 3498 3128 erit)
3528 3057 3667 3111 alicui
3687 3054 3749 3108 alii
3770 3067 3839 3119 per-

2362 3148 2594 3203 mittam.
2625 3148 2824 3204 Eodem
2841 3148 3154 3219 juramento
3183 3159 3392 3219 testor,
3423 3149 3561 3222 quod
3591 3161 3729 3216 neque
3750 3157 3841 3199 occa-

662 3230 819 3282 sents
852 3223 963 3278 Deo
990 3222 1206 3279 amabili
1235 3223 1475 3279 civitatis
1512 3225 1696 3294 inqua
1733 3223 1934 3294 degunt
1977 3224 2254 3293 episcopo,

2280 3241 2329 3307 ϐ
2366 3242 2520 3296 sione
2541 3240 2725 3296 traditi
2742 3241 2871 3297 mihi
2893 3242 3080 3309 ofﬁcii,
3106 3256 3279 3314 neque
3292 3258 3393 3316 per
3413 3257 3616 3298 causam
3636 3236 3840 3310 patrocinii.

662 3325 720 3372 et
743 3315 863 3370 aliis
890 3315 980 3384 qui
1008 3315 1060 3370 in
1090 3317 1306 3372 civitate
1336 3316 1536 3372 suntin
1561 3316 1764 3385 judicio
1794 3328 1897 3372 tua
1926 3315 2259 3372 celsitudinis

662 3407 1020 3478 congregatis,
1050 3415 1104 3462 et
1133 3407 1280 3462 enini
1307 3415 1396 3460 tuo
1425 3405 1626 3473 ofﬁcio,
1657 3421 1839 3462 coram
1867 3407 2060 3478 quibus
2089 3407 2259 3466 etiam

662 3496 939 3552 codicillos
979 3498 1282 3567 accipiant,
1328 3507 1383 3552 et
1411 3495 1591 3567 jurent
1629 3499 1946 3567 praedictum
1985 3499 2260 3570 jusjuran-

665 3590 815 3646 dum.
847 3592 915 3645 Et
942 3593 1178 3646 maxime
1223 3590 1323 3646 hoc
1349 3589 1688 3660 praecipimus
1724 3591 1867 3647 circa
1892 3593 2122 3648 curiales
2147 3593 2254 3663 agi,

666 3697 801 3754 quos
831 3693 1144 3751 competens
1161 3691 1242 3737 est
1259 3698 1450 3752 magna
1469 3683 1596 3748 frui,
1618 3694 1672 3739 et
1689 3699 1721 3739 a
1739 3695 1827 3740 tua
1847 3685 2260 3741 celsitudinezet

662 3777 753 3850 qui
785 3776 1036 3832 eumdem
1065 3774 1372 3846 cingulum,
1410 3774 1611 3844 Optima
1657 3775 1760 3831 erit
1803 3775 2172 3846 providentia,
2203 3785 2262 3833 et

661 3866 920 3932 studium,
957 3875 1015 3920 ut
1041 3867 1176 3922 nihil
1199 3869 1266 3922 ab
1293 3869 1373 3925 eis
1398 3867 1625 3926 lucreris
1651 3871 1895 3938 omnino,
1937 3886 2110 3942 neque
2138 3887 2260 3941 per-

668 3962 850 4017 mittas
873 3976 966 4017 eos
994 3959 1065 4015 ab
1094 3961 1202 4016 ullo
1229 3960 1370 4016 laedi.
1415 3962 1524 4018 Eos
1555 3963 1702 4020 enim
1731 3964 1818 4034 qui
1851 3964 1987 4020 hanc
2015 3966 2259 4024 nituntur

665 4048 1032 4120 iniquitatem,
1066 4060 1335 4121 quatenus
1360 4060 1417 4107 et
1458 4051 1771 4109 felicissimo
1806 4063 1995 4110 nostro
2041 4065 2260 4113 utantur

664 4144 928 4212 exercitu,
961 4152 1018 4199 et
1043 4145 1279 4214 reliquas
1307 4148 1540 4204 curiales
1560 4149 1887 4220 adimpleant
1910 4153 2215 4208 functiones
2239 4169 2254 4208 :

662 4235 788 4306 quia
821 4250 926 4292 non
955 4246 1173 4307 oportet
1203 4238 1329 4292 talia
1357 4241 1608 4295 attentari
1633 4240 1854 4308 solatia,
1889 4252 1946 4296 ut
1974 4245 2141 4313 possit
2170 4259 2258 4299 re-

663 4327 793 4384 ferri
841 4329 908 4384 ad
956 4338 1156 4384 tantam
1208 4331 1531 4386 tarditatem.
1576 4333 1724 4389 Nihil
1751 4335 1896 4390 enim
1925 4337 2079 4392 nobis
2108 4351 2259 4392 com-

662 4423 882 4480 mendat
913 4433 1057 4478 tuam
1086 4424 1486 4493 celsitudinem,
1514 4429 1786 4496 quomodo
1835 4430 1977 4484 circa
2025 4431 2258 4488 curiales

662 4517 1087 4588 uniuscujusque
1116 4518 1348 4574 civitatis
1379 4520 1686 4588 provinciae,
1719 4537 1877 4591 quam
1920 4523 2148 4594 praberi
2177 4540 2258 4580 vo-

663 4606 842 4664 lumus
887 4609 1005 4666 istis
1025 4654 1043 4680 ,
1079 4619 1134 4667 et
1155 4628 1186 4668 a
1220 4622 1309 4668 tua
1337 4613 1690 4682 celsitudine,
1725 4632 1788 4672 ac
1813 4616 2012 4688 cinguli
2042 4633 2256 4688 semper
2279 4619 2335 4684 D
2362 4606 2643 4705 gown",

664 4704 1089 4758 successoribus.
1115 4705 1450 4776 Quapropter
1475 4708 1601 4761 dum
1634 4708 1913 4764 codicillos
1939 4711 2152 4767 dederis
2171 4714 2257 4765 ad-

664 4796 1090 4853 ministrationes
1120 4799 1508 4867 accipientibus
1539 4815 1568 4854 a
1603 4811 1676 4868 te,
1708 4811 1800 4857 aut
1830 4813 2114 4872 praesente,
2153 4805 2258 4858 hoc

665 4888 748 4944 eis
792 4897 938 4942 tuam
981 4887 1301 4944 denuntiare
1330 4892 1575 4946 voiumus
1621 4894 1835 4960 sedem,
1881 4903 1940 4949 u-t
1965 4896 2258 4951 curialibus

667 4993 886 5036 omnem
913 4979 1054 5037 ferat
1070 4982 1337 5048 faverem,
1365 4984 1503 5038 nihil
1527 4986 1737 5054 penitus
1769 4987 1838 5042 ab
1863 4989 1943 5042 eis
1963 4990 2253 5059 accipiens.

666 5074 1064 5133 Probibeantur
1092 5086 1270 5132 autem
1295 5086 1356 5134 et
1379 5079 1448 5134 ab
1467 5078 1587 5135 aliis
1615 5082 1695 5137 eis
1723 5082 1902 5137 aﬂ'erri
1930 5083 2126 5138 damna
2143 5122 2158 5150 ,
2201 5091 2258 5139 et

667 5179 962 5238 agnoscant
1001 5185 1097 5239 per
1122 5183 1180 5226 te
1199 5171 1324 5242 quia
1354 5172 1401 5227 si
1431 5184 1628 5242 printer
1674 5179 1774 5231 hoc
1797 5176 1998 5248 aliquid
2021 5180 2255 5249 egerint,

668 5266 846 5332 plenis
869 5265 1230 5335 subjwebunt
1254 5269 1608 5339 gravissimis.
1633 5269 1782 5326 Sicut
1801 5273 1948 5328 enim
1965 5275 2258 5330 curialibus

668 5370 892 5427 parcere
920 5369 975 5416 te
1001 5363 1268 5430 volumus,
1299 5364 1370 5417 ita
1399 5372 1456 5418 et
1477 5362 1828 5420 defensorum
1859 5367 2125 5438 castigare
2147 5411 2160 5434 ,
2203 5379 2260 5425 et

670 5450 907 5506 retinere
931 5453 1209 5509 avaritiam
1233 5455 1524 5522 sancimus,
1551 5458 1696 5513 etab
1718 5461 1796 5514 eis
1817 5473 2148 5529 praesumere
2171 5475 2261 5518 ac-

667 5543 854 5613 cipere
880 5559 926 5600 ,a
972 5549 1170 5602 nostris
1207 5549 1502 5618 subjectis,
1538 5551 1637 5606 nisi
1669 5553 1964 5608 secundum
1997 5557 2136 5626 quod
2182 5557 2264 5612 eis

671 5637 1018 5697 administrat
1047 5643 1346 5712 respublica
1371 5653 1464 5700 aut
1501 5645 1548 5702 si
1571 5657 1679 5702 non
1707 5657 1791 5704 est
1814 5647 2033 5719 aliquod
2057 5650 2137 5705 eis
2165 5664 2266 5720 pu-

749 5841 784 5874 ι
817 5835 933 5894 Hoc
953 5852 1064 5896 non
1089 5841 1356 5900 invenitur
1373 5845 1436 5901 in
1452 5845 1663 5903 Graecis
1701 5847 2120 5918 exemplaribus.

2363 3341 2459 3386 aut
2507 3334 2727 3403 praestiti
2778 3336 2916 3403 apud
2965 3335 3249 3390 Dominum
3299 3334 3680 3406 suffragii,ulli
3703 3329 3840 3386 omnino

2374 3424 2680 3494 quidquam,
2713 3425 2798 3480 vel
2821 3426 2966 3494 dedi,
2988 3427 3069 3482 vel
3089 3427 3249 3494 dabo,
3271 3430 3354 3484 vel
3391 3428 3619 3500 promisi,
3647 3427 3711 3482 vel
3729 3433 3839 3496 pacm

2372 3530 2489 3570 sum
2521 3531 2588 3570 ex
2615 3516 2888 3586 provincia
2931 3520 3142 3574 mittere
3162 3561 3178 3587 ,
3231 3520 3315 3575 vel
3358 3523 3584 3586 mittam,
3610 3524 3701 3575 sive
3717 3517 3840 3588 glorio-

2369 3612 2571 3666 sissimi
2606 3611 2842 3680 praefecti
2871 3623 3015 3680 sunt,
3047 3613 3159 3671 sive
3183 3615 3276 3671 alii
3319 3617 3642 3673 celeberrimi
3679 3615 3748 3670 viri
3767 3627 3838 3668 cum

2362 3714 2624 3773 potestate
2661 3707 2992 3775 existentes,
3040 3709 3153 3764 sive
3183 3710 3328 3765 circa
3365 3712 3490 3767 illos
3531 3711 3702 3767 versari
3725 3707 3838 3768 soliti.

2359 3795 2473 3852 sive
2501 3799 2784 3868 quisquam
2829 3800 3066 3855 omnium
3101 3818 3114 3854 :
3140 3803 3235 3857 sed
3260 3805 3686 3874 quemadmodum
3708 3800 3836 3872 gratui-

2361 3898 2472 3946 tum
2504 3892 2737 3947 ofﬁcium
2766 3896 3003 3966 suscepi,
3037 3897 3109 3950 ita
3139 3904 3195 3953 et
3232 3913 3359 3971 etwa
3387 3902 3839 3972 pientissiuiormim-

2359 3991 2593 4039 strorum
2624 3987 2964 4043 dominorum
2996 3990 3284 4048 collatores
3313 3993 3578 4067 integrum
3613 4011 3686 4051 me
3714 4003 3754 4047 et
3773 3991 3838 4045 sia-

2358 4089 2544 4131 cerum
2587 4079 2874 4146 exhibebo,
2900 4082 3203 4138 constitutis
3230 4086 3361 4141 mihi
3386 4102 3458 4144 ex
3486 4087 3678 4159 publico
3695 4086 3837 4138 annonis

2359 4184 2667 4230 contentus.
2715 4180 2792 4232 Ac
2832 4193 2943 4249 pra:
2983 4180 3234 4237 omnibus
3280 4197 3416 4239 sane
3461 4198 3658 4255 operam
3692 4178 3838 4233 dabout

2361 4266 2576 4324 tributis
2606 4267 2889 4340 diligenter
2920 4271 3258 4344 incumbam,
3316 4285 3369 4330 et
3413 4275 3671 4333 indevolnt
3699 4268 3832 4341 quid”

2359 4372 2423 4413 ac
2471 4363 2842 4430 compulsione
2886 4363 3190 4436 indigentes
3238 4381 3359 4422 cum
3411 4369 3556 4425 omni
3602 4360 3835 4421 relicuum

2359 4451 2594 4520 exigam,
2625 4450 2680 4507 in
2705 4454 2852 4510 nullo
2884 4457 2965 4510 eis
2992 4457 3214 4525 cedens,
3242 4474 3418 4529 neque
3454 4463 3654 4516 omnino
3677 4455 3835 4511 lucrin-

2361 4546 2548 4615 ptandi
2575 4548 2772 4614 studio,
2797 4551 2880 4604 vel
2908 4565 3003 4618 per
3020 4552 3269 4621 gratiam,
3292 4555 3374 4609 vel
3399 4557 3590 4620 odium,
3613 4555 3722 4608 ultra
3739 4558 3832 4616 quam

2676 4641 2790 4696 sive
2818 4653 2993 4711 petam
3017 4643 3084 4697 ab
3109 4645 3310 4715 aliquo,
3338 4646 3454 4703 sive
3475 4647 3618 4703 alicui
3642 4643 3833 4699 remittam.

2362 4735 2586 4795 devotos
2616 4752 2744 4793 vero
2784 4749 3007 4809 paterno
3031 4743 3261 4811 quodam
3284 4745 3480 4801 affectu
3507 4746 3776 4815 complectar.
3799 4734 3832 4786 El

2362 4829 2607 4885 subditos
2621 4832 3080 4900 pientissimorum
3097 4845 3403 4894 nostrorum
3419 4840 3714 4896 dominorum
3727 4836 3833 4903 (quarr

2365 4932 2475 4978 tum
2507 4924 2558 4979 in
2590 4939 2677 4982 me
2708 4929 2834 4998 erit)
2859 4929 3090 5001 undique
3113 4947 3273 5000 noxa,
3303 4945 3357 4990 et
3383 4936 3569 4990 damno
3594 4933 3832 4988 liberoscon-

2368 5018 2616 5073 servabo.
2654 5021 2828 5090 Atque
2857 5035 3068 5092 aequum
3098 5040 3184 5082 me
3210 5031 3419 5098 utrique
3449 5029 3593 5100 parti,
3621 5040 3702 5080 tam
3721 5021 3756 5076 in
3775 5015 3834 5069 di?

2366 5111 2642 5180 captandis
2712 5117 3136 5185 controversiis,
3208 5136 3368 5190 quam
3427 5121 3602 5178 tuenda
3651 5110 3831 5181 disciP‘“

2364 5203 2572 5273 publica
2605 5207 2872 5276 praebens,
2902 5213 3076 5266 neutri
3109 5215 3242 5282 parti
3276 5225 3469 5285 praeter
3489 5215 3571 5286 jus
3590 5223 3636 5268 et
3659 5211 3718 5264 las
3745 5198 3831 5256 addi-

2363 5303 2482 5352 Ctus
2512 5309 2626 5366 ero,
2647 5301 2744 5356 sed
2766 5315 2952 5358 omnes
2975 5302 3348 5376 delinquentes
3371 5321 3652 5378 persequar.
3673 5311 3713 5356 ει
3729 5287 3830 5363 καυίν

2366 5395 2528 5445 tatem
2559 5395 2705 5448 omni
2737 5405 2802 5450 ex
2827 5407 2976 5467 parte
3012 5404 3368 5471 conservabo,
3401 5412 3453 5459 et
3483 5413 3621 5473 prout
3664 5391 3754 5450 mihi
3779 5389 3829 5455 l"'

2365 5491 2506 5539 stum
2539 5483 2825 5545 videbitur.
2870 5489 3036 5547 Simul
3065 5492 3328 5562 insontes,
3365 5512 3429 5551 ne
3454 5495 3567 5568 quid
3597 5477 3827 5546 sentiautdL-

2367 5579 2598 5646 Spendii,
2636 5583 2853 5651 tuebor,
2888 5585 3046 5640 simul
3074 5588 3182 5642 rcis
3213 5589 3453 5643 sontibus
3481 5584 3721 5642 secundum
3745 5575 3829 5639 leges

2368 5671 2618 5744 irrogabo
2658 5677 3001 5747 supplicium.
3036 5678 3101 5734 Et
3133 5680 3212 5752 (ut
3253 5680 3447 5737 dictum
3478 5676 3574 5752 est)
3601 5672 3744 5731 tamin
3773 5677 3828 5730 βυ·

2369 5763 2525 5820 blicis
2546 5779 2704 5837 quam
2731 5770 2951 5838 privatis
2973 5773 3336 5829 contractibus
3363 5793 3378 5828 :
3404 5781 3632 5846 prazterei
3652 5761 3736 5819 etsi
3753 5755 3828 5810 fisco

2372 5856 2645 5916 adferatur
2694 5861 2913 5934 injuria,
2953 5863 3222 5934 justitiam
3263 5864 3569 5926 observabo.
3608 5853 3744 5926 Neque
3771 5855 3827 5914 ei"
