4042 6348
110 344 256 403 968

986 342 1366 411 JUSTINIANI
1401 341 1750 426 uost
1790 338 2151 407 esteem.
2189 336 2513 409 uorsus
2552 336 2671 399 xv.
2788 320 2789 323 ‘

3335 337 3443 397 966

117 471 367 522 tanaim
395 462 499 525 ista
538 460 837 534 perﬁciam.
861 462 960 521 sed
998 463 1164 523 etiam
1208 463 1302 535 qui
1331 476 1565 535 unquam
1607 460 1742 521 mihi
1773 457 2129 533 Auumerum
2170 455 2307 515 intra
2348 469 2656 517 mansuram
2693 452 3068 521 cohibeantur,
3116 465 3438 527 semperque

121 557 421 624 assideat.
449 558 649 630 quique
671 559 816 617 circa
844 574 933 617 me
959 568 1116 625 sunt,
1157 557 1293 615 tales
1335 555 1565 615 studebo
1589 568 1746 613 assu-

118 667 330 720 mere,
357 660 420 710 ut
446 665 553 709 non
581 651 729 709 solus
756 667 858 724 ego
904 651 1221 711 innocenter
1255 650 1460 720 vivere,
1486 650 1579 721 qui
1618 662 1749 705 vero

118 748 297 803 circa
327 760 417 802 me
443 752 591 812 sunt,
638 759 862 816 rapere,
886 754 943 803 et
985 744 1303 816 delinquere
1345 744 1644 800 videantur.
1690 740 1748 799 Si

119 839 270 908 quis
301 846 485 894 autem
506 837 653 894 circa
682 851 769 894 me
789 837 911 895 talis
938 836 1263 904 invenietur,
1288 836 1578 906 pranstabo,
1605 834 1746 906 quod

123 930 269 1001 ipse
301 930 561 999 admisit,
607 946 841 1001 eumque
886 932 1120 1003 abigam.
1159 929 1314 999 Quod
1340 931 1386 988 si
1417 944 1524 986 non
1562 930 1749 986 omnia

121 1022 295 1093 haec,
329 1034 389 1079 ut
417 1024 552 1091 dixi,
584 1024 963 1090 observavero,
996 1025 1245 1081 omnibus
1268 1023 1625 1080 incommodis
1649 1036 1749 1080 ero

124 1114 454 1184 expositus,
496 1123 603 1171 tam
634 1114 745 1181 hic,
774 1130 934 1185 quam
964 1116 1019 1172 in
1050 1115 1228 1171 futuro
1268 1116 1490 1181 steculo,
1536 1114 1589 1171 in
1620 1115 1748 1170 hor-

126 1208 326 1264 rendo
347 1206 549 1277 iudicio
578 1208 758 1279 magni
782 1207 994 1265 Domini
1026 1208 1144 1274 Dei,
1171 1215 1226 1264 et
1254 1208 1546 1264 servatoris
1574 1204 1745 1263 nostri

132 1297 285 1355 Jesu
308 1296 531 1366 Christi,
562 1296 879 1369 lia'beboque
901 1308 1105 1370 partem
1134 1312 1257 1355 cum
1278 1297 1439 1364 Juda,
1460 1307 1514 1353 et
1539 1299 1747 1367 lepram

130 1393 325 1459 Giesi,
358 1402 410 1450 et
441 1402 729 1453 tremerem
755 1394 913 1461 Cain,
955 1394 1091 1449 ultra
1121 1392 1245 1460 hoc,
1271 1391 1416 1463 quod
1444 1391 1608 1447 etiam
1632 1404 1746 1460 pm-

132 1488 233 1543 nis
264 1488 390 1559 lege
414 1502 608 1544 eorum
650 1487 866 1556 pietatis
890 1486 1296 1557 comprehensis
1336 1498 1435 1542 ero
1459 1483 1744 1540 obnoxius.

217 1578 493 1651 Scriptum
536 1579 827 1648 mutuum
854 1578 1012 1650 hujus
1061 1577 1338 1635 Dentinieo
1373 1574 1746 1650 gloriosissimo

134 1688 239 1743 per
271 1670 553 1744 Illyricum
588 1673 950 1744 prmum
977 1671 1243 1744 prefer-ta.

731 1829 1053 1889 NOVELLA
1087 1829 1183 1887 XI.

492 1965 574 2025 Da
599 1966 964 2036 referendariis
991 1968 1128 2022 sacri
1148 1964 1335 2037 pum“
1360 1974 1413 2023 ι.

219 2103 526 2176 Imperator
560 2098 896 2162 Justinianus
911 2105 1183 2177 Augustus
1210 2096 1755 2176 Hermogenigiorio-

137 2196 494 2253 sissimdrum
524 2211 801 2253 sacrorum
825 2196 1127 2254 officiorum
1150 2196 1430 2268 magistro,
1458 2194 1752 2257 exconsule

139 2298 204 2347 et
234 2289 483 2361 patricio.

225 2404 375 2460 inter
396 2414 591 2461 czetera
614 2419 735 2475 quae
756 2405 810 2461 in
836 2405 1120 2462 decentem
1146 2404 1394 2463 ordinem
1413 2403 1752 2472 reduximus,

144 2510 333 2566 neque
361 2511 425 2553 ea
450 2512 571 2567 quae
599 2497 924 2568 spectabiles
952 2506 1166 2554 nostros
1189 2494 1591 2553 referendarios
1616 2509 1750 2555 con-

146 2597 414 2655 cernunt,
462 2596 615 2644 extra
643 2588 996 2658 providentia
1025 2597 1229 2645 nostrae
1285 2588 1547 2644 terminos
1587 2587 1755 2645 relin-

148 2679 375 2747 quenda
414 2680 713 2749 putavimus
736 2718 752 2747 ,
793 2680 953 2751 idque
980 2695 1047 2737 eo
1079 2681 1252 2752 magis
1279 2695 1387 2751 quo
1416 2680 1659 2750 pluribus
1695 2681 1756 2736 in

148 2770 329 2826 rebus
353 2786 546 2841 magno
577 2772 733 2826 nobis
760 2786 880 2827 esse
907 2771 1083 2828 solent
1112 2772 1252 2827 usui.
1294 2772 1426 2827 Nam
1449 2786 1573 2829 cum
1604 2770 1757 2829 initio

158 2876 275 2917 non
319 2860 501 2931 amplo
529 2859 820 2916 admodum
870 2876 1096 2918 numero
1136 2863 1326 2918 inclusi
1356 2871 1576 2925 essent,
1623 2876 1751 2929 nos,

154 2967 271 3023 quo
321 2952 494 3022 magis
521 2953 718 3008 multos
750 2952 963 3008 illorum
1004 2954 1310 3009 interventu
1353 2952 1754 3024 adjuvaremus,

158 3045 373 3101 facilius
401 3043 733 3115 singulorum
761 3044 1026 3101 desideria
1067 3046 1463 3117 perdiscentes,
1490 3054 1549 3102 ut
1577 3046 1758 3115 plures

157 3148 348 3194 essent
372 3154 532 3209 quam
560 3138 760 3194 dudum
790 3138 1089 3195 eﬁ'ecimus.
1119 3140 1387 3195 Caeterum
1432 3139 1758 3196 exstiterunt

1849 545 2054 618 justitia
2104 554 2156 602 et
2183 545 2309 602 aliis
2334 555 2665 617 augeantur,
2696 544 2971 616 magisque
3014 558 3079 600 as
3109 546 3275 616 magis
3312 546 3439 603 illu-

1851 647 2093 696 streutur
2124 637 2432 695 virtutibus.
2465 638 2677 697 Nullam
2707 640 2849 693 enim
2894 635 3209 708 dignitatem
3236 637 3444 697 obtinet

1852 731 2135 789 multitudo
2156 747 2277 803 quze
2297 731 2417 787 solo
2437 739 2713 798 spectatur
2735 744 2986 796 numero,
3011 729 3443 805 quandoquidem

1852 838 1923 881 ex
1958 834 2066 879 tam
2112 823 2296 880 multis
2324 824 2413 879 vix
2461 837 2661 894 paucos
2700 822 2973 893 reperias,
3014 821 3067 879 in
3114 821 3309 893 quibus
3335 822 3443 879 vita

1848 916 2148 973 secundum
2198 916 2446 971 virtutem
2491 915 2636 972 salva
2684 915 2775 973 sit.
2818 914 3153 985 QuaprOpter
3192 922 3445 971 maneant

1850 1007 2067 1080 quidem
2101 1008 2185 1080 (ut
2220 1008 2489 1081 diximus)
2521 1023 2664 1065 nunc
2710 1008 2811 1064 sub
2856 1007 2958 1065 hac
3004 1007 3442 1077 forma.Cogno-

1849 1114 2009 1157 scens
2040 1115 2167 1155 vero
2192 1115 2255 1155 ea
2280 1099 2603 1156 excellentia
2633 1108 2754 1170 tua,
2788 1101 2858 1154 ita
2886 1100 3171 1166 custodiat,
3206 1110 3262 1155 ut
3292 1101 3441 1157 nullo

1850 1207 2084 1264 unquam
2117 1202 2359 1263 tempore
2387 1192 2643 1248 transiliri
2682 1207 2869 1249 eorum
2916 1190 3116 1262 aliquid
3143 1206 3264 1264 quae
3285 1207 3317 1247 a
3349 1209 3444 1247 nu-

1850 1282 1934 1343 bis
1964 1285 2168 1340 sancita
2198 1293 2324 1341 sunt
2344 1285 2638 1355 permittat,
2667 1283 2794 1354 quin
2824 1283 2999 1356 potius
3020 1284 3088 1340 ab
3114 1284 3181 1340 iis
3210 1285 3302 1355 qui
3330 1283 3445 1339 haec

1850 1385 2039 1434 contra
2069 1376 2195 1447 quid
2220 1375 2425 1433 faciunt
2453 1377 2761 1449 praedictam
2794 1391 3008 1446 pmnam
3035 1376 3232 1448 exigat,
3261 1384 3447 1446 utpote

1850 1471 1943 1541 qui
1987 1486 2051 1527 ea
2092 1479 2351 1541 expetant
2390 1486 2510 1541 quat
2549 1485 2725 1542 neque
2754 1479 2939 1541 petere
2982 1470 3183 1526 licitum
3206 1508 3226 1537 ,
3268 1484 3444 1539 neque

1850 1562 1968 1618 dari
2012 1562 2264 1633 possibile
2290 1571 2394 1620 est.
2425 1564 2600 1630 Atque
2646 1565 2720 1619 ita
2747 1577 2969 1634 prorsus
2996 1573 3178 1621 nostra
3219 1560 3334 1619 haec
3358 1561 3446 1619 lex

1852 1653 2194 1710 multitudine
2222 1652 2447 1727 depulsa
2475 1655 2727 1711 virtutem
2775 1653 3011 1722 inducat,
3043 1668 3162 1725 quae
3201 1667 3310 1710 non
3341 1652 3440 1709 ad-

1852 1748 2073 1805 modum
2104 1749 2158 1803 in
2186 1748 2367 1803 multis
2391 1748 2669 1815 elucescit,
2696 1748 2994 1818 praesertim
3023 1747 3075 1802 in
3108 1746 3174 1801 iis
3202 1744 3337 1801 viris
3357 1743 3450 1816 qui

1779 1841 1834 1909 Β
1859 1838 2073 1896 tametsi
2103 1838 2258 1895 bonis
2288 1839 2532 1910 prognati
2560 1846 2687 1895 sunt
2716 1838 3045 1911 parentibus,
3094 1838 3338 1894 fortunas
3367 1845 3447 1891 ta-

1855 1945 1981 1989 men
2011 1946 2075 1987 ac
2100 1929 2379 1988 facultates
2403 1945 2527 1987 suas
2556 1932 2611 1987 in
2642 1930 2974 2001 exponendis
3002 1929 3301 2001 supplicum
3326 1943 3452 2000 pre-

1853 2024 2039 2093 cibus,
2086 2032 2140 2080 et
2186 2023 2520 2093 impetrando
2550 2024 2656 2080 illis
2692 2038 2723 2079 a
2750 2025 2904 2083 nobis
2953 2022 3157 2079 auxilio
3184 2021 3451 2093 repositas

1856 2116 2083 2172 habent.
2116 2115 2249 2185 Quae
2284 2116 2445 2187 igitur
2481 2116 2638 2174 nobis
2685 2117 3043 2188 placuerunt,
3088 2124 3145 2171 et
3186 2130 3283 2187 per
3311 2114 3449 2170 hanc

1856 2224 2067 2265 sacram
2115 2208 2489 2279 exprimuntur
2533 2209 2746 2280 legem,
2785 2225 2849 2266 ea
2888 2209 3101 2265 studeat
3135 2207 3452 2265 excellentia

1856 2309 1949 2356 tua
1978 2302 2045 2356 ad
2075 2300 2323 2356 en‘ectum
2346 2300 2638 2369 deducere,
2672 2308 2932 2371 certoque
2958 2301 3050 2357 lini
3073 2299 3304 2356 tradere.
3328 2298 3448 2357 Dat.

1857 2390 1996 2449 Idib.
2044 2391 2189 2461 hlaii,
2221 2392 2630 2463 Coustantinop.
2663 2393 2923 2450 Belisario
2949 2411 3000 2448 γ.
3025 2407 3079 2450 c.
3110 2406 3223 2449 cos.

2414 2524 2738 2588 NOVELLA
2778 2526 2893 2587 XV.

2266 2638 2344 2699 De
2373 2642 2731 2715 defensoribus
2762 2644 3043 2698 civitatum.

1932 2761 2238 2832 Imperator
2266 2758 2599 2817 Justinianus
2625 2745 2899 2831 Augustus
2938 2757 3137 2814 .loanni
3168 2755 3451 2827 gloriosis-

1860 2854 2001 2911 simo
2052 2853 2307 2924 praefecto
2358 2852 2775 2922 praetoriorum,
2824 2851 3021 2909 iterum
3069 2848 3365 2907 exconsule
3390 2856 3450 2907 et

1863 2944 2109 3016 patricio.

1950 3056 2065 3112 Nisi
2095 3056 2271 3127 primo
2294 3069 2513 3126 quoque
2539 3062 2785 3125 tempus
2809 3055 3156 3112 defensorum
3182 3054 3453 3111 sollicitu-

1862 3148 2043 3205 dinem
2073 3149 2130 3204 in
2157 3154 2554 3218 computantem
2598 3147 2915 3203 reducamus
2956 3146 3239 3215 «dium,
3280 3160 3459 3218 neque

158 3231 415 3301 quidam,
465 3232 554 3302 qui
605 3232 979 3288 liberalitatem
1019 3242 1258 3289 nostram
1310 3233 1379 3289 ad
1425 3233 1750 3289 immensum
1779 3209 1829 3278 ο
1860 3240 1980 3314 ἱροί
2023 3209 2374 3309 antiquorum
2421 3239 2806 3295 vocabulorum
2851 3240 3051 3296 veritas
3090 3209 3270 3295 demto
3298 3209 3458 3294 nobis

157 3332 545 3394 provocantes,
577 3324 768 3394 partim
799 3325 998 3381 multos
1022 3324 1448 3394 introducendo,
1489 3327 1576 3395 qui
1602 3328 1759 3385 nobis

159 3414 553 3485 supplicarent,
586 3416 781 3486 partim
823 3418 1007 3473 multis
1036 3418 1236 3474 utendo
1276 3419 1548 3487 precibus,
1580 3420 1758 3491 digni-

162 3502 295 3559 tatis
318 3505 685 3576 plenissimam
700 3522 814 3562 rem
851 3509 1180 3578 quotidianis
1214 3508 1598 3569 additamentis
1622 3525 1758 3579 pene

159 3595 231 3649 ad
279 3595 542 3653 infinitum
572 3597 933 3657 deduxerunt.
966 3601 1158 3672 Neque
1196 3603 1340 3659 enim
1371 3611 1499 3660 ante
1538 3604 1758 3675 petendi

163 3686 326 3742 finem
358 3688 631 3757 fecerunt,
664 3706 825 3762 quam
856 3694 908 3748 in
950 3695 1464 3764 quatuordenarium
1497 3711 1669 3768 usque
1693 3698 1760 3753 il-

162 3779 338 3836 lorum
363 3797 622 3839 numerus
646 3784 920 3841 evaderet.
954 3785 1032 3843 Ne
1056 3786 1215 3860 igitur
1243 3788 1386 3857 quod
1405 3788 1529 3857 jure
1549 3804 1580 3845 a
1603 3791 1759 3849 nobis

162 3870 220 3927 in
245 3874 420 3943 pretio
446 3874 685 3930 habitum
711 3885 815 3942 est,
843 3875 891 3931 si
914 3877 979 3930 ad
1007 3878 1406 3935 multitudinem
1429 3878 1756 3944 effundatur,

165 3978 321 4020 suam
370 3966 582 4021 amittat
619 3967 964 4038 dignitatem,
1013 3969 1212 4039 placuit
1255 3971 1413 4026 nobis
1441 3970 1509 4027 ad
1553 3983 1760 4029 certam

178 4055 394 4112 illorum
422 4073 707 4114 numerum
735 4075 1042 4116 mensuram
1085 4061 1427 4132 contrahere,
1460 4079 1566 4121 non
1597 4073 1653 4121 ut
1694 4067 1761 4125 iis

173 4148 264 4217 qui
315 4151 416 4202 hoc
447 4159 687 4221 tempore
717 4162 873 4220 sunt,
918 4167 1174 4209 concessa
1203 4154 1523 4226 derogemus
1552 4157 1761 4229 (neque

165 4238 309 4293 enim
339 4240 498 4309 regiae
526 4240 628 4296 hoc
658 4243 1067 4313 magnificentiae
1089 4247 1365 4317 proprium
1393 4251 1500 4319 est)
1523 4264 1760 4320 praeser-

170 4328 268 4385 tim
300 4347 419 4385 cum
451 4333 717 4389 neminem
746 4351 932 4392 eorum
960 4340 1049 4410 qui
1082 4339 1237 4395 nobis
1266 4342 1531 4414 placeant,
1563 4344 1764 4415 quique

176 4424 331 4479 nobis
357 4423 582 4481 honeste
611 4427 973 4497 subserviunt,
1003 4443 1190 4487 nostro
1220 4432 1490 4502 eXpellere
1520 4437 1763 4493 ministe-

1864 3332 2257 3406 suppeditabit.
2289 3331 2422 3388 Nam
2450 3347 2573 3389 cum
2598 3348 2629 3387 a
2656 3341 2924 3389 vetustate
2945 3333 3067 3387 aliis
3086 3331 3189 3387 alia
3218 3332 3330 3393 sint
3356 3333 3459 3388 im-

1868 3427 2043 3498 posita
2071 3426 2289 3483 nomina
2311 3465 2327 3492 ,
2358 3439 2480 3494 quae
2510 3433 2698 3495 aperte
2725 3434 2913 3481 eorum
2942 3438 3124 3480 rerum
3154 3424 3261 3479 vim
3290 3423 3459 3493 signi-

1861 3520 2125 3586 ﬁcarent,
2174 3526 2286 3573 tum
2329 3532 2459 3575 vero
2502 3516 2609 3572 hoc
2649 3519 2820 3588 ipsum
2864 3515 3213 3573 defensorum
3254 3530 3455 3574 «uti

1861 3613 2005 3669 clare
2053 3611 2328 3673 ostendit,
2382 3618 2703 3665 vetustatem
2744 3608 3009 3680 quosdam
3048 3608 3211 3664 rebus
3250 3608 3449 3679 praefe-

1860 3704 2036 3772 cisae,
2075 3705 2169 3775 qui
2211 3704 2280 3759 ab
2322 3703 2473 3758 omni
2512 3712 2609 3759 eas
2647 3704 2842 3773 injuria
2892 3703 3090 3760 liberas
3130 3712 3454 3773 uerentur;

1863 3798 2075 3868 hacque
2100 3798 2240 3854 adeo
2264 3798 2335 3853 de
2377 3812 2538 3853 causa
2580 3798 2754 3867 patria
2796 3798 3089 3853 etiamnum
3126 3797 3310 3868 iingaa
3346 3797 3452 3853 de-

1861 3890 2107 3950 fensores
2154 3907 2252 3948 eus
2290 3905 2584 3957 vocamus,
2630 3890 2778 3961 quod
2829 3890 3027 3960 injuria
3079 3905 3370 3961 oppressos
3412 3905 3445 3946 a

1862 3987 2021 4042 malis
2052 3988 2351 4056 eriperent.
2390 3985 2546 4041 Nunc
2578 3996 2713 4040 vero
2738 3999 2801 4040 ea
2826 3984 2942 4055 ipsa
2972 3985 3317 4041 defenorum
3345 3985 3461 4041 sola

1863 4077 2085 4134 licituda
2108 4079 2183 4134 ita
2211 4079 2265 4133 in
2297 4077 2574 4147 plerisque
2608 4077 2922 4147 reipublicae
2965 4087 3165 4134 nostra:
3204 4079 3457 4149 partibus

1865 4172 2173 4241 proculcata
2222 4180 2343 4237 est,
2390 4178 2447 4226 et
2494 4171 2848 4227 vehementer
2892 4171 3190 4243 despicatui
3238 4172 3457 4241 habita,

1872 4275 1933 4321 ut
1957 4266 2303 4323 contu-clla
2328 4265 2509 4336 potius
2534 4277 2694 4334 quam
2727 4263 2916 4323 honori
2944 4273 3001 4321 et
3026 4265 3271 4337 dignitati
3299 4265 3464 4325 alicui

1871 4357 2120 4427 exposita
2146 4371 2272 4412 esse
2301 4356 2569 4415 videatur.
2618 4355 2751 4412 lnde
2778 4357 2995 4413 obscuri
3027 4359 3094 4413 ad
3122 4361 3262 4415 hanc
3286 4358 3464 4415 homi-

1873 4466 1974 4507 nes
2001 4460 2369 4517 assumuntur,
2399 4460 2458 4505 et
2484 4450 2702 4507 decreta
2733 4465 2897 4521 super
2925 4451 3059 4520 ipsis
3084 4467 3150 4507 ex
3178 4454 3465 4508 commise-

168 4518 251 4615 rio
281 4519 387 4572 ullo
439 4533 669 4588 unquam
698 4521 858 4577 modo
900 4525 1191 4580 soleamus.
1228 4525 1335 4582 Sed
1388 4543 1606 4583 manere
1636 4528 1758 4583 illos
1787 4594 1835 4615 ἢ
1865 4546 2080 4600 ratione
2126 4545 2301 4615 magis
2352 4556 2516 4613 quam
2563 4557 2693 4599 ma
2738 4518 3004 4598 electione
3052 4542 3206 4597 fiunt.
3256 4543 3465 4612 Quibus

171 4613 272 4669 SUb
296 4615 481 4670 eadem
513 4630 616 4687 qua
642 4618 803 4671 ωοάο
844 4628 969 4673 sum
1012 4619 1184 4674 forma
1225 4621 1496 4677 δθηοίηιυε
1518 4662 1533 4689 ν
1580 4637 1757 4694 neque
1782 4594 1839 4661 υ
1866 4637 2012 4692 enim
2042 4594 2302 4691 alimotzia
2332 4594 2387 4690 ei
2419 4636 2598 4689 victus
2625 4634 2848 4689 aliunde
2873 4633 3149 4691 sufﬁciens
3190 4594 3300 4690 ne;
3336 4647 3462 4707 est,

170 4709 390 4765 omnino
415 4713 698 4782 quisquam
741 4723 1062 4783 apponatur,
1088 4715 1260 4769 donec
1301 4715 1438 4771 intra
1469 4722 1592 4770 octo
1613 4718 1760 4773 viros

171 4801 382 4857 illorum
408 4818 660 4859 mensura
684 4804 963 4868 consistat,
994 4814 1049 4860 ut
1076 4814 1336 4876 perpetuo
1352 4816 1477 4861 octo
1498 4809 1756 4875 existant,

172 4892 319 4948 nullo
346 4894 565 4959 quidem
585 4939 601 4964 ,
633 4909 807 4965 neque
837 4894 1019 4961 modo,
1063 4910 1239 4966 neque
1270 4906 1514 4967 tempore
1540 4910 1608 4951 eo
1652 4912 1762 4951 uu-

176 5002 323 5046 mero
349 4990 616 5061 augendo,
640 5003 855 5059 semper
880 4999 1057 5046 autem
1079 4988 1526 5045 contendentibus
1551 4990 1677 5055 illis,
1700 4997 1762 5045 ut

179 5083 314 5139 circa
340 5098 439 5139 nos
460 5082 741 5153 obsequio,
764 5090 819 5141 et
842 5097 967 5154 erga
995 5082 1394 5153 imperatoriam
1422 5083 1758 5152 majestatem

184 5176 547 5232 benevolentia
592 5176 729 5233 alter
764 5177 995 5233 alterum
1046 5176 1283 5233 vicissim
1330 5186 1607 5247 superent.
1651 5178 1761 5235 Ne-

183 5270 318 5325 mine
359 5268 629 5326 licentiam
668 5269 899 5326 habente
943 5279 1000 5325 ut
1020 5268 1139 5339 ejus
1181 5268 1397 5341 generis
1443 5269 1641 5340 aliquid
1694 5270 1765 5327 de

185 5369 368 5415 caetero
400 5369 567 5431 petat,
598 5362 801 5417 sciente
827 5361 972 5431 quod
1013 5376 1187 5432 neque
1216 5376 1279 5418 ea
1305 5377 1424 5433 quae
1456 5364 1587 5432 petit
1615 5378 1766 5420 asse-

188 5464 389 5526 quetur,
416 5461 474 5510 et
500 5454 623 5524 quia
652 5464 833 5524 petere
858 5469 1021 5509 ausus
1039 5464 1151 5533 .est
1171 5494 1187 5522 ,
1235 5470 1341 5512 non
1370 5455 1545 5512 solum
1572 5457 1760 5516 decem

190 5544 431 5605 librarum
458 5545 574 5603 auri
603 5562 774 5618 preme
795 5548 899 5603 erit
921 5548 1205 5617 obnoxius,
1236 5548 1333 5606 sed
1358 5549 1522 5607 etiam
1548 5550 1765 5621 propria

192 5639 385 5699 excidet
401 5641 613 5698 militia.
634 5638 892 5698 Volumus
914 5641 1061 5699 enim
1089 5650 1149 5700 ut
1165 5642 1238 5698 ad
1260 5642 1575 5715 praedictum
1598 5657 1771 5715 usque

262 5834 286 5865 ι
317 5826 444 5886 Hac
470 5830 633 5889 verba
671 5846 782 5890 non
806 5832 1071 5893 habeatur
1098 5833 1157 5891 in
1179 5833 1391 5899 Graec.

1870 4728 1927 4783 hi
1963 4727 2323 4782 emendicatis
2350 4725 2695 4780 defensorum
2725 4725 3021 4795 suffragiis,
3053 4727 3117 4780 ad
3151 4726 3289 4782 hanc
3313 4728 3465 4783 solli-

1868 4821 2164 4879 eiuidinem
2205 4819 2503 4885 accedunt,
2547 4827 2604 4874 et
2641 4832 2742 4889 pro
2779 4819 3011 4890 quedam
3038 4821 3202 4877 veluti
3248 4823 3459 4880 ludicre

1870 4912 2160 4982 prasidiis
2186 4910 2385 4966 animis
2412 4918 2539 4966 sunt
2572 4912 2873 4983 propositi,
2896 4913 3162 4984 siquidem
3188 4924 3244 4972 et
3277 4930 3457 4974 remo.

1870 5015 2001 5064 vent
2057 5017 2154 5061 eos
2210 5003 2639 5076 eundemque
2691 5007 2911 5075 velunt,
2960 5009 3184 5065 minima
3237 5022 3466 5082 quisque

1873 5103 2148 5153 vertentes
2174 5094 2340 5161 vitio,
2374 5105 2431 5151 et
2458 5096 2593 5151 alios
2616 5097 2675 5151 in
2700 5096 2920 5154 illorum
2948 5098 3126 5156 locum
3167 5101 3457 5173 ingerunt,

1872 5189 2105 5246 vicarius
2141 5203 2358 5259 quoque
2397 5188 2773 5246 defensoribus
2798 5193 3227 5264 constituentes,
3260 5208 3465 5267 perque

1875 5296 2042 5338 unum
2073 5295 2467 5351 nonnunquam
2494 5295 2698 5338 annum
2722 5282 2778 5337 in
2806 5284 3048 5354 pluribus
3076 5286 3129 5341 id
3158 5287 3464 5346 hominibus

1874 5373 2243 5432 admittentes.
2276 5373 2434 5431 Unde
2458 5385 2513 5431 et
2540 5376 2879 5447 cohortales,
2929 5387 2985 5433 et
3022 5378 3298 5434 civitatum
3344 5395 3465 5435 ma-

1873 5466 2167 5535 gistratus,
2216 5474 2274 5523 et
2319 5469 2412 5537 qui
2461 5468 2559 5525 has
2596 5468 2871 5537 iacolnnt,
2916 5486 3108 5528 omnes
3152 5474 3206 5529 in
3252 5486 3466 5530 summo

1874 5568 2188 5630 contemptu
2217 5560 2555 5618 defensorem
2588 5562 2802 5621 habent.
2828 5564 2962 5631 Qun
2988 5578 3120 5623 vero
3147 5569 3287 5639 apud
3316 5570 3465 5640 ipsos

1872 5660 2155 5722 geruntur,
2200 5654 2427 5733 perinde
2451 5669 2516 5709 ae
2538 5654 2789 5724 sineque
2828 5668 2980 5729 gem
3016 5671 3231 5730 essent,
3277 5662 3465 5722 habet!

1874 5743 2068 5802 solent.
2117 5744 2231 5801 Risi
2271 5746 2418 5801 enim
2463 5745 2857 5815 provinciarum
2902 5753 3162 5821 presides
3199 5753 3457 5829 jubeant,

1877 5852 1946 5897 ae
1976 5851 2311 5908 pmumera
2326 5836 2551 5908 quidem
2582 5838 2782 5897 eadem
2804 5842 2982 5917 aliqua
3018 5856 3295 5918 gestorum
3336 5863 3462 5905 mo-
