3994 6434
522 348 622 413 967

1588 334 1856 397 ηοω
1894 329 2101 393 εεχτι
2137 324 2716 391 ὃυΡΡιΕΜΕΝΤυΜ.

3710 321 3818 384 968

522 477 776 529 numenta
819 464 1093 525 conﬁcere
1130 462 1272 534 apud
1314 458 1638 528 semetipsos
1680 472 1778 527 per
1806 457 1983 511 omnia
2028 452 2108 508 eis
2135 452 2189 514 A
2215 454 2353 522 apud
2378 454 2689 510 defensores
2718 452 3056 508 insinuentur
3085 456 3430 517 testamenta,
3456 448 3817 517 donationes,

526 564 828 621 servientes
856 560 1169 615 defensores
1191 596 1207 620 ,
1239 562 1293 609 et
1324 552 1537 608 illorum
1571 549 1791 605 nutibus
1818 546 2105 602 intenden-

520 666 607 713 tes
624 655 774 711 solis.
798 652 855 709 Si
883 666 1014 706 vero
1034 648 1277 719 quaedam
1304 642 1618 707 conﬁciunt,
1638 643 1867 712 primum
1894 636 2108 708 quidem

525 759 583 807 et
609 748 698 803 illa
729 745 985 801 vendunt.
1021 741 1221 797 Deinde
1250 754 1372 794 cum
1404 738 1606 793 nullum
1638 735 1701 789 ad
1730 735 1834 790 hoc
1866 742 2107 802 paratum

525 839 804 895 archivum
838 835 1103 898 habeant,
1132 833 1184 886 in
1214 846 1320 901 quo
1362 836 1631 898 reponant
1658 825 1798 895 apud
1830 840 1887 879 se
1917 831 2067 894 gesta
2092 863 2109 889 ,

526 931 734 1001 deperit
762 928 902 999 quod
930 934 1140 996 gestum
1182 932 1303 989 est,
1348 936 1522 991 neque
1567 918 1707 989 apud
1752 918 1902 989 ipsos
1943 916 2110 970 ullum

527 1023 688 1080 facile
711 1020 929 1077 omnino
958 1019 1103 1088 longi
1133 1015 1391 1085 temporis
1416 1020 1823 1069 monumentum
1854 1008 2111 1079 reperias,

530 1116 629 1173 sed
660 1116 748 1184 qui
779 1111 911 1167 actis
942 1110 1212 1177 indigent,
1245 1108 1359 1177 ipsa
1391 1105 1530 1175 apud
1562 1102 1802 1158 haeredes
1831 1116 2016 1156 eorum
2061 1108 2117 1154 et

531 1208 667 1263 alias
689 1201 1059 1260 successiones
1085 1207 1354 1270 quaerunt,
1378 1198 1467 1253 ubi
1501 1197 1691 1266 partim
1726 1196 1939 1265 indigna
1969 1195 2117 1248 inve-

528 1299 769 1362 niuntur,
798 1292 991 1365 quibus
1041 1291 1301 1346 habeatur
1355 1289 1508 1353 ﬁdes,
1540 1290 1730 1359 partim
1761 1288 1919 1342 etiam
1952 1285 2115 1355 depe-

531 1394 691 1444 reunt
722 1396 778 1441 et
803 1383 1162 1451 intercidunt,
1197 1396 1366 1451 usque
1395 1380 1562 1446 adeo,
1590 1389 1648 1433 ut
1678 1378 1901 1449 perinde
1929 1388 2119 1447 puten-

526 1487 633 1542 tur,
666 1490 727 1532 ac
756 1476 800 1531 si
831 1476 968 1531 facta
994 1489 1099 1529 non
1131 1482 1331 1527 essent.
1362 1471 1472 1527 Nos
1510 1471 1671 1542 igitur
1696 1472 1949 1541 quoniam
1978 1484 2119 1539 prte-

529 1570 707 1628 sidum
738 1578 918 1639 partes
948 1569 1087 1623 bene
1133 1566 1531 1637 disposuimus,
1576 1565 1854 1635 majorque
1894 1573 1953 1619 ut
1993 1564 2123 1634 ipsis

529 1663 676 1719 inter
706 1672 895 1735 gentes
920 1670 1065 1717 esset
1094 1659 1331 1729 potentia
1361 1657 1638 1713 effecimus
1657 1697 1673 1724 ,
1707 1667 1761 1712 et
1789 1657 2001 1726 longius
2029 1655 2123 1709 ab-

532 1764 659 1811 sunt
700 1770 858 1825 quam
906 1764 965 1808 ut
1007 1753 1289 1808 civitatum
1332 1750 1618 1806 commoda
1659 1765 1874 1820 semper
1906 1752 1956 1805 in
1988 1764 2124 1805 con-

2213 555 2269 601 et
2297 561 2457 602 omne
2484 546 2718 617 denique
2744 545 2887 616 quod
2932 546 3145 615 proprie
3187 544 3254 598 ad
3292 541 3383 615 jus
3421 551 3821 597 monumento-

2213 654 2333 694 rum
2366 637 2631 706 pertinet,
2664 647 2971 707 nequeunte
2998 636 3300 693 clarissimo
3327 634 3567 705 praeside
3594 635 3823 704 provin-

2213 730 2316 785 cize
2344 729 2427 784 vel
2458 728 2598 799 quod
2632 727 2822 783 conﬁci
2848 728 3045 789 debet,
3093 726 3387 797 impedire,
3428 726 3520 780 vel
3566 726 3823 793 praui-

2214 820 2380 885 here,
2433 819 2703 887 quomodo
2756 819 2949 875 conﬁci
2994 820 3154 884 velit,
3207 818 3295 873 vel
3340 816 3661 873 confectum
3719 832 3821 870 non

2216 915 2398 969 edere.
2432 914 2616 983 Neque
2645 914 2788 968 enim
2820 912 3039 966 omnino
3068 912 3116 967 ei
3146 911 3418 965 licentiam
3445 912 3519 963 ad
3548 908 3823 976 ejusmodi

2218 1005 2550 1076 praebemus,
2601 1003 3055 1060 absurdissimum
3110 1011 3355 1071 putantes
3401 1008 3461 1055 ut
3511 1003 3826 1055 necemria

2218 1109 2337 1156 acta
2372 1098 2684 1153 hominibus
2727 1107 2947 1167 prepter
2987 1094 3276 1166 praesidum
3316 1093 3459 1150 forte
3506 1093 3831 1147 affectiones

2217 1192 2717 1263 prteceptionesque
2749 1191 2893 1245 nulla
2926 1190 3137 1246 ratione
3168 1189 3428 1245 subnixas
3458 1188 3820 1245 intercidant.

2221 1286 2328 1341 Sed
2380 1295 2436 1341 et
2474 1286 2527 1340 in
2578 1295 2697 1341 acta
2734 1284 2970 1341 referant
3012 1299 3345 1355 quascunque
3383 1284 3512 1353 quis
3553 1284 3827 1349 voluerit,

2219 1377 2520 1446 edantque,
2547 1378 2760 1433 tametsi
2791 1377 2934 1447 quod
2964 1377 3017 1431 in
3051 1386 3168 1433 aeta
3193 1376 3450 1442 refertur,
3478 1374 3831 1445 perstringat

2222 1468 2397 1538 ipsum
2441 1469 2733 1539 provinciae
2777 1467 3095 1538 praesidem,
3136 1468 3225 1522 vel
3266 1467 3503 1539 aliquem
3553 1467 3831 1537 potentio-

2223 1573 2349 1615 rum
2370 1602 2384 1626 ,
2419 1575 2597 1630 neque
2627 1560 2730 1615 hoc
2758 1560 3039 1630 quisquam
3072 1559 3375 1629 prohibeat.
3420 1561 3665 1630 Oportet
3692 1560 3832 1616 enim

2226 1668 2321 1709 eos
2351 1654 2440 1722 qui
2465 1654 2548 1707 vel
2578 1654 2630 1707 in
2661 1652 2877 1717 ofﬁciis,
2910 1653 2991 1708 vel
3021 1667 3145 1708 eum
3173 1662 3439 1724 potestate
3470 1654 3664 1724 aliqua
3691 1663 3831 1718 sunt,

2229 1745 2305 1799 ita
2332 1760 2392 1799 se
2420 1759 2609 1815 gerere
2627 1786 2643 1811 ,
2678 1755 2734 1800 ut
2759 1745 2952 1800 conﬁci
2981 1745 3243 1801 adversus
3272 1760 3331 1801 se
3359 1757 3482 1802 acta
3510 1764 3625 1801 non
3650 1747 3834 1815 prohi-

532 1857 724 1917 spectu
780 1846 980 1901 habere
1048 1845 1255 1914 possint
1288 1886 1303 1911 ,
1364 1854 1642 1912 propterea
1702 1842 2121 1897 existimavimus
2154 1825 2203 1884 Β
2231 1839 2427 1904 beant,
2464 1840 2573 1893 imo
2603 1840 2674 1894 ita
2716 1853 2776 1894 se
2817 1839 3054 1893 moribus
3093 1840 3395 1907 inculpatos
3438 1838 3739 1907 prabere,
3783 1850 3833 1892 ut

529 1938 703 2009 ipsam
736 1951 948 2009 quoque
979 1935 1325 1990 defensorum
1368 1934 1786 1989 sollicitudinem
1831 1934 1896 1987 ad
1943 1933 2121 2004 pristi-

534 2047 662 2087 num
720 2028 1029 2099 erigendum
1082 2042 1203 2083 esse
1250 2036 1471 2081 statum.
1527 2027 1737 2082 Existet
1785 2027 1926 2081 enim
1982 2026 2119 2081 bella

538 2124 785 2196 quaedam
820 2123 922 2179 hoc
949 2122 1112 2177 modo
1144 2122 1499 2177 consonantia
1529 2129 1585 2175 et
1614 2120 1893 2175 harmonia
1914 2162 1929 2187 ,
1957 2121 2001 2173 si
2047 2120 2123 2173 ci-

534 2217 758 2271 vitatum
810 2215 1122 2271 defensores
1148 2214 1386 2283 judicum
1430 2213 1672 2267 ordinem
1714 2221 2014 2282 occupent,
2064 2221 2118 2266 et

535 2308 827 2379 provincia:
856 2307 1160 2362 moderator
1188 2307 1363 2374 potius
1410 2306 1655 2374 iudicum
1699 2304 1893 2373 judex,
1935 2313 1990 2358 et
2030 2318 2126 2371 per

536 2398 641 2456 hoc
691 2398 1068 2453 decessoribus
1125 2398 1236 2450 suis
1292 2395 1605 2451 honoratior
1669 2409 1789 2449 esse
1849 2394 2120 2449 videatur.

540 2492 753 2561 Quanto
781 2493 924 2547 enim
955 2492 1182 2561 quisque
1208 2490 1675 2559 prznstantioribus
1700 2488 1945 2557 imperat,
1973 2495 2126 2541 tanto

542 2584 659 2654 ipse
684 2592 739 2638 et
766 2584 937 2653 major
966 2592 1020 2637 et
1051 2580 1363 2636 honoratior
1399 2590 1502 2635 est.
1546 2580 1753 2634 Interea
1796 2580 1956 2649 igitur
1998 2578 2126 2634 illud

539 2673 713 2745 primo
756 2673 1104 2729 sanciendum
1145 2680 1259 2737 est,
1305 2681 1363 2725 ut
1402 2687 1470 2725 ne
1499 2672 1748 2739 cuiquam
1779 2671 2017 2724 omnium
2048 2667 2130 2724 fa-

546 2765 721 2819 cultas
754 2764 825 2819 sit
854 2764 920 2818 ad
950 2762 1251 2817 defensoris
1280 2761 1677 2817 ordinationem
1710 2760 2128 2831 repudiandum,

553 2857 655 2913 sed,
681 2872 775 2925 per
804 2857 948 2911 vices
976 2856 1173 2925 quique
1201 2855 1601 2908 honoratissimi
1635 2854 1823 2909 incolae
1866 2854 1980 2910 Suis
2028 2846 2132 2909 hoc

554 2962 748 3003 munus
800 2947 1109 3001 civitatibus
1163 2945 1421 3015 impleant
1467 2945 1591 3015 (hoc
1638 2944 1779 3000 enim
1823 2956 1877 3000 ct
1934 2947 2133 3017 elapsis

550 3038 886 3107 temporibus
931 3038 1229 3094 obtinuisse
1270 3040 1432 3109 inque
1479 3052 1574 3092 usu
1606 3036 1774 3093 fuisse
1801 3038 2131 3109 didicimus)

557 3132 761 3189 nemini
810 3132 1076 3201 patefacta
1127 3132 1282 3202 copia
1332 3134 1433 3187 hoc
1476 3130 1826 3200 repudiandi,
1876 3146 2051 3202 neque
2089 3133 2132 3186 si

2226 1934 2430 1989 nemini
2464 1934 2625 1989 detur
2656 1932 3034 2003 opportunitas
3063 1933 3344 2016 movendae
3371 1932 3619 2002 alicujus
3652 1943 3837 1988 contra

2227 2025 2375 2094 ipsos
2406 2025 2665 2096 querelae.
2695 2025 2864 2079 Nemo
2895 2026 3114 2095 insuper
3145 2024 3505 2093 prohibeatur
3547 2025 3703 2094 apud
3746 2027 3836 2080 de-

2231 2118 2481 2174 fensores
2512 2120 2564 2172 in
2592 2126 2710 2173 acta
2744 2118 2990 2185 referre,
3022 2098 3315 2188 quibusde
3342 2121 3511 2174 rebus
3541 2121 3699 2185 vult,
3730 2121 3841 2175 sive

2228 2224 2431 2281 praeses
2477 2212 2530 2265 in
2570 2210 2872 2266 civitatibus
2912 2221 3110 2281 praesto
3154 2212 3253 2277 sit,
3295 2212 3409 2266 sive
3448 2227 3562 2267 non
3608 2211 3719 2277 sit,
3763 2211 3841 2267 his

2230 2302 2361 2357 solis
2388 2302 2627 2369 exceptis
2664 2317 2783 2371 quae
2821 2302 3257 2371 iurisdictionem
3302 2302 3639 2372 requirunt,
3689 2312 3745 2357 et
3780 2318 3838 2359 ex

2232 2394 2347 2464 ipsa
2376 2394 2668 2464 praesidum
2700 2395 3021 2449 auctoritate
3050 2394 3305 2462 pendent.

2305 2486 2512 2542 Deinde
2538 2495 2597 2541 ut
2624 2486 2903 2541 civitatum
2934 2485 3248 2543 defensores
3274 2486 3338 2541 iis
3368 2487 3463 2557 qui
3499 2486 3837 2556 publicamus

2236 2581 2576 2635 exactionum
2608 2580 2880 2650 negotium
2916 2580 3116 2636 habent
3142 2579 3321 2634 modis
3347 2580 3615 2635 omnibus
3641 2581 3840 2635 auxilio

2232 2671 2374 2735 sint,
2403 2681 2457 2725 et
2480 2670 2592 2725 sive
2625 2681 2841 2740 propter
2869 2670 3240 2726 indevotorum
3272 2671 3610 2726 collaturum
3656 2683 3841 2727 contn-

2237 2763 2461 2818 maciam
2493 2772 2840 2817 monumenta
2868 2764 3171 2828 conficere,
3206 2763 3321 2818 sive
3352 2762 3633 2818 interesse
3664 2775 3723 2819 et
3749 2764 3835 2820 ﬂa-

2237 2856 2460 2927 gitiosos
2491 2856 2844 2924 praesentibus
2875 2856 3045 2910 oculis
3083 2855 3359 2925 aspicere;
3405 2855 3524 2910 sive
3564 2856 3841 2926 publicum

2238 2950 2429 3006 sedare
2479 2950 2761 3005 tumultum
2816 2964 2951 3019 opus
2990 2951 3093 3017 sit,
3145 2950 3395 3005 alacriter
3444 2950 3552 3004 hoc
3605 2951 3840 3009 faciant.

2240 3057 2346 3097 uno
2373 3044 2607 3111 denique
2635 3042 2804 3098 verbo
2823 3084 2838 3110 ,
2868 3058 2963 3112 per
2990 3045 3172 3097 omnia
3201 3043 3448 3113 praesidis
3482 3044 3674 3097 locum
3706 3045 3815 3098 ohti

2242 3144 2404 3191 neant
2423 3176 2437 3200 ,
2463 3146 2518 3191 et
2543 3136 2775 3189 maxime
2801 3151 2921 3189 cum
2951 3134 3166 3190 absunt.
3198 3136 3260 3188 Et
3286 3142 3345 3189 ut
3368 3134 3692 3191 cohortales
3717 3150 3843 3204 quo-

554 3221 1210 3293 magniﬁcentissimorum
1241 3224 1531 3279 illustrium
1560 3224 1817 3294 dignitate
1847 3224 2138 3281 decoratus
2162 3204 2211 3267 C
2242 3244 2346 3299 que
2374 3229 2423 3285 ei
2457 3227 2662 3298 regioni
2694 3226 2889 3283 addicti
2914 3272 2928 3297 ,
2962 3228 3053 3298 qui
3083 3244 3177 3298 per
3201 3227 3346 3285 illam
3375 3228 3693 3283 consistunt
3720 3229 3849 3282 civi-

551 3317 654 3384 sit,
705 3330 879 3386 neque
921 3316 964 3370 si
1012 3315 1274 3386 insignem
1325 3317 1557 3385 aliquam
1605 3317 1850 3371 militiam
1901 3316 2138 3383 habeat,

566 3429 741 3485 neque
790 3413 837 3468 si
885 3413 1026 3483 quod
1074 3412 1408 3483 privilegium
1453 3427 1522 3468 ex
1566 3412 1696 3482 ipsis
1744 3414 1909 3468 sacris
1954 3412 2145 3470 formis

556 3508 892 3581 pretendat,
924 3514 979 3562 et
1004 3506 1049 3561 si
1075 3520 1345 3561 concessa:
1397 3506 1583 3560 formae
1622 3507 1961 3575 pragmaticus
1998 3508 2141 3573 sint,

556 3605 653 3660 sed
702 3601 936 3656 omnibus
981 3600 1213 3657 civitatis
1261 3598 1485 3664 incolis,
1514 3599 1603 3668 qui
1646 3599 1852 3654 scilicet
1881 3598 1932 3653 in
1967 3600 2145 3671 aliqua

564 3704 696 3752 sunt
739 3694 1110 3765 reputatione,
1153 3690 1293 3747 hanc
1335 3690 1749 3746 sollicitudinem
1796 3691 1848 3745 in
1888 3691 2145 3747 circulum

561 3787 938 3860 implentibus,
996 3796 1053 3842 et
1108 3799 1230 3841 cum
1282 3782 1517 3838 circulus
1558 3783 1786 3849 desinit,
1834 3784 2029 3839 iterum
2080 3784 2148 3839 ad

559 3896 682 3938 eam
732 3878 1159 3942 revertentibus,
1208 3884 1264 3932 et
1308 3876 1623 3945 praedictum
1667 3890 1861 3931 munus
1906 3876 2151 3933 obeunti-

560 3974 660 4029 bus
681 4015 696 4039 ,
732 3981 793 4026 ut
819 3970 1073 4026 defensor
1097 3969 1261 4039 iudex
1293 3969 1473 4039 potius
1495 4010 1511 4036 ,
1546 3984 1707 4038 quam
1737 3968 1990 4024 defensor
2029 3984 2152 4025 esse

564 4063 831 4117 videatur.
880 4062 1110 4116 Decreto
1158 4059 1342 4127 utique
1380 4075 1500 4116 cum
1531 4060 1768 4116 omnium
1794 4062 2153 4118 communiter

564 4149 914 4222 Jurejurando
961 4151 1129 4215 facto,
1164 4150 1257 4220 qui
1297 4149 1439 4205 illius
1481 4149 1714 4207 civitatis
1758 4152 1949 4209 incolae
1989 4161 2149 4219 sunt,

566 4256 674 4297 non
708 4249 886 4296 autem
916 4255 1100 4296 eorum
1128 4242 1218 4311 qui
1250 4240 1324 4295 ibi
1356 4250 1562 4297 tantum
1589 4252 2007 4300 commorantur.

637 4336 1017 4406 Jusjurandum
1062 4349 1189 4391 vero
1237 4344 1487 4405 prrestet,
1540 4336 1721 4391 omnia
1764 4352 1823 4393 se
1859 4338 2155 4394 secundum

566 4432 715 4504 leges
744 4439 800 4487 et
834 4446 923 4501 jus
966 4437 1247 4496 acturum,
1292 4439 1344 4484 et
1382 4431 1726 4486 confirmetur
1767 4431 2156 4503 (quemadmo-

2244 3328 2443 3386 tatem,
2488 3321 2540 3375 in
2579 3335 2683 3390 qua
2728 3318 2982 3375 defensor
3021 3329 3135 3384 est,
3177 3319 3253 3373 illi
3295 3318 3556 3375 obcdiant
3599 3332 3661 3376 et
3696 3336 3845 3389 opem

2244 3410 2453 3478 ferant,
2506 3420 2563 3465 ut
2601 3410 2914 3465 absentibus
2958 3411 3353 3480 provinciarum
3397 3410 3844 3466 moderatorihtu

2247 3504 2379 3559 nihil
2424 3503 2732 3558 civitatibus
2753 3503 2948 3559 deesse
2989 3518 3085 3573 per
3128 3504 3339 3558 illorum
3368 3504 3733 3573 praesentiam
3772 3507 3847 3558 vi-

2249 3596 2462 3651 deatur.
2501 3595 2744 3651 Habeant
2774 3608 2953 3650 autem
2982 3604 3037 3650 et
3066 3611 3131 3651 ex
3161 3595 3386 3651 cohorte
3429 3596 3509 3650 illi
3554 3597 3850 3665 provinci:

2249 3689 2513 3745 destinata
2543 3700 2885 3758 exceptorem
2922 3691 3155 3744 futurum
3189 3690 3293 3744 illis
3341 3690 3395 3743 in
3426 3690 3769 3754 ministerio,
3797 3700 3848 3743 et

2251 3781 2386 3836 duos
2411 3782 2747 3851 cohortales,
2779 3783 2869 3853 qui
2897 3784 2964 3837 ab
2996 3784 3128 3853 ipsis
3152 3782 3386 3852 iudicata
3416 3794 3817 3854 exsequantur.

2327 3875 2621 3946 Dicantque
2644 3876 2731 3947 jus
2761 3876 2816 3932 in
2838 3876 3088 3931 omnibus
3116 3875 3437 3945 pecuniariis
3464 3879 3655 3930 causis
3690 3891 3853 3947 usque

2255 3971 2320 4026 ad
2354 3980 2624 4027 trecentos
2650 3984 2874 4035 aureos,
2904 3969 3295 4039 nequeuntibus
3342 3968 3709 4023 collatoribus
3755 3985 3850 4025 no-

2257 4066 2385 4120 stris
2414 4079 2510 4121 eos
2537 4079 2674 4135 quos
2708 4064 2811 4119 sibi
2848 4063 3108 4134 obligatos
3149 4072 3367 4133 putant,
3416 4067 3751 4133 protrahere
3789 4067 3851 4119 ad

2260 4158 2588 4215 clarissimos
2619 4157 3012 4227 provinciarum
3046 4157 3335 4227 praesides,
3369 4155 3417 4211 si
3460 4157 3606 4211 intra
3652 4158 3849 4213 dictam

2262 4262 2631 4310 trecentorum
2659 4252 2952 4309 solidorum
2984 4253 3339 4323 quantitatem
3368 4267 3534 4310 causa
3563 4258 3847 4311 consistat.

2259 4347 2367 4404 Sed
2413 4362 2585 4417 neque
2626 4355 2835 4403 actores
2878 4360 2941 4401 ea
2982 4346 3097 4416 ipsa
3137 4346 3207 4401 de
3243 4362 3304 4403 re
3329 4347 3481 4402 litem
3513 4348 3695 4417 pluris
3720 4351 3849 4405 esti-

2263 4450 2445 4507 ment,
2476 4450 2532 4495 ut
2560 4455 2683 4495 reos
2714 4448 2994 4495 conterant
3017 4481 3031 4505 ,
3060 4454 3164 4494 non
3194 4439 3261 4493 ad
3288 4439 3637 4497 defensorem
3666 4444 3848 4497 civita-

568 4525 694 4581 dum
726 4522 888 4578 modo
923 4521 1151 4577 dicimus
1177 4520 1194 4591 )
1234 4520 1478 4590 jussione
1519 4522 2028 4591 gloriosissimorum
2059 4543 2159 4582 no-
2182 4600 2211 4603 A
2263 4532 2361 4598 tis,
2393 4531 2487 4587 sed
2518 4532 2583 4585 ad
2616 4532 2716 4586 loci
2751 4530 3030 4600 praesidem
3062 4531 3341 4586 deductos.
3370 4530 3487 4585 lmo
3508 4533 3552 4586 si
3587 4535 3720 4603 quid
3755 4536 3850 4588 tale

567 4628 803 4677 strorum
829 4616 1233 4685 praefectorum,
1261 4624 1316 4670 et
1346 4629 1440 4684 per
1468 4614 1743 4671 biennium
1774 4617 2032 4674 duntaxat
2060 4622 2152 4675 ad-
2179 4600 2233 4662 Ῐ)
2264 4623 2528 4691 fecerint,
2581 4633 2636 4679 et
2680 4624 2940 4679 sententia
2996 4624 3245 4679 ostendat
3302 4639 3520 4679 causam
3580 4600 3846 4683 minorem

565 4709 876 4771 ministret,
933 4716 1220 4776 posteaque
1277 4721 1309 4761 a
1362 4706 1721 4763 sollicitudine
1773 4722 2147 4781 removeatur,

570 4818 677 4859 non
712 4802 943 4857 habente
975 4800 1247 4856 licentiam
1278 4800 1579 4856 clarissimo
1606 4801 1836 4871 praeside
1864 4806 2153 4873 provincia:

565 4894 880 4950 removendi
923 4909 1078 4961 eum,
1129 4893 1226 4949 sed
1275 4902 1481 4949 tantum
1526 4895 1724 4965 siquid
1770 4912 1957 4965 parum
2008 4909 2154 4957 recte

565 5003 724 5060 agere
749 4988 1011 5053 videatur,
1031 4986 1298 5044 referendi
1321 4989 1385 5042 ad
1408 4988 1825 5058 gloriosissimos
1846 4992 2151 5061 praefectos,

570 5090 629 5137 ut
669 5080 736 5134 ab
773 5095 840 5135 eo
879 5079 1154 5149 contingat
1196 5076 1576 5136 sollicitudinis
1615 5082 1922 5151 absolutio,
1970 5100 2001 5140 a
2045 5100 2152 5155 quo

568 5176 727 5232 etiam
758 5178 933 5232 datur.
975 5177 1130 5231 Nulla
1170 5176 1425 5235 facultate
1463 5180 1727 5236 existente
1770 5180 1855 5235 vel
1899 5181 2152 5236 modera-

572 5268 773 5326 tionem
803 5270 1093 5339 provincim
1123 5268 1343 5325 habenti
1364 5312 1377 5337 ,
1412 5272 1499 5327 vel
1529 5272 1658 5343 ipsis
1679 5272 2072 5340 defensoribus,
2096 5281 2155 5327 ut

566 5362 909 5418 defensorum
943 5363 1168 5418 vicarius
1199 5364 1557 5431 constituant,
1589 5364 1683 5419 sed
1729 5365 1843 5421 haec
1890 5365 2000 5419 illis
2039 5379 2154 5419 om-

566 5459 723 5513 nibus
752 5458 1098 5527 prohibemus
1128 5457 1325 5514 modis.
1367 5457 1503 5525 Quin
1538 5459 1711 5527 potius
1753 5474 1927 5529 neque
1967 5458 2154 5513 claris-

570 5550 739 5604 simos
762 5547 1018 5617 praesides
1040 5563 1139 5618 pro
1163 5564 1223 5605 se
1245 5548 1476 5604 vicarius
1497 5548 1550 5603 in
1579 5549 1822 5605 civitates
1849 5550 2116 5605 dimittent
2133 5592 2149 5617 ,

566 5643 807 5712 exceptis
838 5642 968 5711 ipsis
1007 5642 1424 5710 defensoribus,
1471 5658 1605 5714 quos
1650 5642 1934 5711 pratsidum
1977 5644 2150 5699 locum

566 5738 623 5792 in
649 5737 954 5792 civitatibus
984 5738 1238 5807 supplere
1279 5739 1559 5804 volumus,
1600 5738 1851 5807 ipsosque
1887 5738 1943 5791 in
1978 5738 2153 5792 omni-

570 5831 671 5884 bus
699 5827 972 5884 civitatum
1000 5829 1057 5883 in
1090 5830 1280 5899 quibus
1310 5840 1438 5885 sunt
1461 5845 1646 5886 curam
1686 5843 1896 5899 gerere.
1933 5832 2065 5887 Item
2094 5842 2153 5890 ut

2260 4732 2379 4775 esse
2410 4717 2661 4770 trecentis
2691 4714 2907 4782 solidis,
2936 4714 3222 4783 deditoque
3246 4729 3407 4783 opera
3432 4716 3849 4772 aestimationem

2260 4811 2605 4881 ampliatam,
2639 4818 2697 4862 ut
2726 4807 2864 4876 apud
2900 4807 3180 4877 praesidem
3210 4808 3537 4878 provinciae,
3569 4824 3686 4863 non
3717 4811 3849 4879 apd

2259 4903 2494 4960 civitatis
2535 4901 2876 4956 defensorem
2921 4903 3339 4965 examinaretur,
3379 4901 3532 4956 solus
3580 4912 3743 4957 actor
3781 4916 3851 4958 to-

2262 4995 2367 5050 tius
2412 4993 2519 5047 litis
2561 4990 2878 5061 subjiciatur
2914 4989 3219 5060 dispendio.
3270 4991 3564 5047 Enimvero
3616 4995 3854 5063 appella-

2258 5088 2432 5142 tiones
2463 5100 2491 5139 a
2531 5082 2907 5138 defensoribus
2947 5083 3011 5136 ad
3040 5084 3184 5153 ipsos
3213 5083 3527 5141 deferantur
3567 5090 3850 5156 praesides,

2259 5179 2315 5235 Si
2346 5176 2472 5248 quid
2503 5189 2632 5231 vero
2660 5174 2966 5229 cohortales
2996 5184 3182 5230 eontra
3213 5176 3529 5232 defensores
3570 5193 3850 5239 uenturae.

2260 5273 2393 5328 liose
2425 5268 2773 5335 admiserint,
2807 5277 2932 5323 tunc
2963 5269 3358 5337 provinciarum
3391 5283 3645 5335 rectores
3693 5281 3849 5335 viridi-

2260 5376 2400 5420 ctam
2428 5372 2708 5432 repetant,
2734 5359 3145 5431 cohortalesque
3171 5362 3460 5433 castigem.
3488 5371 3698 5427 namus
3717 5374 3844 5427 enim

2261 5454 2638 5512 defensoribus
2670 5453 2941 5507 licentiam
2964 5493 2980 5519 ,
3001 5453 3046 5508 si
3081 5454 3183 5508 hoc
3207 5461 3445 5529 gentium
3472 5465 3739 5532 pmsides
3762 5480 3840 5518 ne.

2260 5551 2502 5622 gligant,
2536 5561 2597 5602 ca
2630 5544 2835 5600 referre
2867 5544 2934 5600 ad
2966 5546 3221 5608 thronum
3254 5555 3595 5611 excellentiae
3630 5568 3761 5624 tuae,
3792 5563 3845 5611 ut

2260 5643 2369 5698 illis
2400 5641 2526 5697 inde
2556 5639 2816 5694 auxilium
2848 5638 3191 5710 impertiatur
3230 5656 3287 5703 et
3323 5660 3650 5718 competens
3690 5649 3847 5705 vindi-

2255 5746 2375 5806 cta,
2427 5752 2481 5794 ct
2527 5740 2842 5796 defensores
2898 5763 3085 5804 revera
3128 5748 3356 5805 habeant
3414 5760 3606 5806 contra
3678 5748 3843 5806 delin-

2255 5844 2483 5905 αυειιιθε
2514 5836 2805 5905 quamdam
2839 5840 3140 5914 iudiciaria:
3166 5847 3447 5916 gravitatis
3487 5845 3835 5902 imitationem
