3994 6434
182 331 285 390 969

949 329 1319 389 JUSTINIANI
1356 329 1699 387 NOVELLIE
1738 324 2095 387 SELEC'UE.
2136 328 2453 388 NOVELIA
2495 328 2633 388 XVI.

3339 332 3445 392 970

182 460 239 508 et
264 451 506 523 ﬁguram.
534 458 610 504 Ac
631 450 676 504 si
698 448 928 503 civitatis
949 448 1286 506 defensorem
1305 450 1575 519 contingat
1598 450 1763 505 inter-
1786 452 1840 508 Α
1867 463 2085 517 operam
2133 451 2281 515 dent,
2334 465 2439 519 quo
2484 449 2653 521 magis
2684 448 2734 503 hi
2765 447 3075 506 defensores
3105 449 3448 507 nominentur

186 542 395 609 cidere,
450 544 691 611 protinus
734 539 801 594 ad
849 540 1043 607 alium,
1097 543 1185 611 qui
1229 524 1293 597 ex
1343 542 1531 597 ordine
1576 542 1762 597 circuli

182 641 424 697 vocatur,
449 648 570 687 cum
602 634 853 702 przedicto
877 635 1178 699 iuramento
1207 634 1462 690 decurrat
1488 635 1758 701 calculus,

184 724 531 796 protinusque
570 724 616 778 is
654 739 774 779 eam
819 740 1001 779 curam
1048 726 1258 780 subeat.
1307 727 1587 782 Decretum
1632 740 1762 782 vero

182 817 443 874 referatur
469 825 520 871 et
551 816 835 872 roboretur
859 832 889 872 a
922 817 1240 873 celsitudine
1281 829 1387 873 tua.
1441 819 1625 889 Neque
1655 819 1761 874 ullo

182 926 409 980 unquam
446 919 687 979 tempore
714 911 1109 966 constituantur
1140 912 1249 980 (uti
1275 912 1541 984 diximus)
1572 913 1762 968 defen-

178 1002 388 1056 soribus
437 1002 652 1068 vicarii,
708 1018 775 1057 ne
826 1018 1012 1058 rursus
1058 1003 1263 1073 absque
1308 1007 1518 1061 ratione
1566 1022 1754 1061 ansam

179 1095 347 1165 priori
375 1095 760 1165 perturbationi
792 1096 1145 1165 praebeamus.
1175 1096 1436 1153 Conﬁciat
1463 1099 1624 1153 etiam
1647 1100 1763 1169 jus-

179 1193 363 1248 siones
386 1191 704 1247 excellentia
727 1201 814 1245 tua
838 1207 931 1261 per
951 1208 1381 1263 unamquamque
1407 1194 1757 1262 provinciam,

177 1295 237 1340 ut
264 1285 316 1339 in
346 1282 654 1337 civitatibus
678 1282 870 1337 domus
897 1282 1074 1352 aliqua
1104 1283 1312 1352 publica
1342 1293 1673 1349 secernatur,
1707 1284 1760 1338 in

176 1391 331 1447 quam
356 1374 669 1431 defensores
690 1374 878 1431 deceat
899 1385 1142 1429 actorum
1162 1390 1385 1431 suorum
1409 1384 1757 1432 monumenta

176 1482 463 1537 reponere,
507 1475 690 1522 creato
731 1467 911 1537 aliquo
954 1467 1029 1523 ibi
1064 1468 1344 1535 locorum,
1394 1483 1561 1538 penes
1600 1483 1759 1539 quem

174 1558 332 1628 hujus
360 1557 430 1613 sit
458 1556 699 1613 custodia
717 1598 735 1624 ,
762 1572 870 1629 quo
894 1558 1064 1629 magis
1089 1568 1145 1614 et
1185 1559 1494 1628 incorrupta
1540 1574 1602 1613 ea
1643 1575 1759 1613 ma-

177 1660 335 1707 neant
353 1692 369 1717 ,
398 1659 453 1706 et
481 1650 712 1707 celerius
740 1652 964 1721 quaesita
992 1652 1356 1708 inveniantur.
1398 1653 1587 1722 Sitque
1616 1654 1758 1723 apud

179 1745 324 1814 ipsos
350 1744 571 1814 aliquod
601 1743 876 1800 archivum
899 1788 916 1813 ,
949 1754 1006 1801 et
1032 1747 1174 1816 quod
1204 1748 1463 1802 hactenus
1491 1748 1543 1802 in
1573 1749 1759 1803 civita-

1868 541 1948 612 (in
1979 542 2237 597 circulum
2267 542 2491 607 scilicet,
2532 550 2592 596 ut
2630 542 2825 597 dictum
2856 546 2962 612 est)
2992 542 3059 598 de
3086 542 3278 612 quibus
3305 543 3447 600 bona

1865 645 1947 689 est
1976 636 2025 688 in
2057 618 2265 706 quaque
2309 637 2526 690 civitate
2575 635 2779 704 opinio,
2810 646 2865 691 et
2893 642 2953 690 ut
2979 636 3193 692 decreta
3220 638 3272 692 in
3297 652 3446 694 com-

1865 740 2029 781 mune
2057 729 2183 781 tiant
2212 744 2312 783 una
2356 744 2476 783 cum
2504 727 2815 798 jusjurando
2852 728 2919 782 ab
2964 730 3093 799 ipsis
3118 732 3445 800 praestando,

1867 831 2042 885 neque
2069 833 2172 872 non
2196 817 2371 873 dictus
2400 819 2635 881 circulus
2661 818 3014 886 describatur,
3065 830 3118 876 et
3157 823 3226 876 ita
3255 822 3448 893 singuli

1864 923 1962 977 per
1987 909 2260 965 biennium
2286 910 2474 965 ordine
2512 925 2629 964 eam
2658 910 3068 966 sollicitudinem
3109 913 3321 967 obeant.
3366 914 3447 969 Ac

1863 1001 1907 1054 si
1939 1002 2056 1070 quis
2102 1016 2169 1057 ex
2216 1003 2331 1057 istis
2361 1002 2663 1067 intercidat,
2696 1001 2750 1056 in
2779 1003 3048 1057 demortui
3098 1003 3270 1058 locum
3312 1004 3447 1060 alius

1864 1094 2181 1159 sufficiatur,
2233 1110 2447 1165 semper
2476 1095 2691 1166 quidem
2723 1095 2939 1151 decreto
2966 1110 3086 1148 cum
3133 1094 3448 1165 jusjurandn

1864 1185 2222 1241 conﬁciendo.
2254 1187 2375 1255 lpso
2400 1202 2631 1257 quoque,
2664 1202 2787 1241 cum
2818 1186 3236 1242 sollicitudinem
3264 1202 3451 1242 susce-

1866 1287 2053 1349 pturus
2075 1288 2177 1349 est,
2202 1279 2907 1351 praelinitumjusjurandum
2925 1280 3207 1345 subeunte,
3230 1288 3281 1334 et
3302 1294 3452 1335 crea-

1866 1370 2013 1423 tione
2040 1368 2157 1437 ejus
2178 1386 2206 1423 a
2240 1369 2333 1424 Dei
2376 1369 2744 1425 amantissimo
2775 1370 3045 1439 episcopo,
3076 1378 3131 1423 et
3155 1370 3452 1424 venerabili

1863 1461 2030 1530 clero,
2061 1471 2221 1532 atque
2253 1461 2392 1528 aliis,
2420 1462 2507 1532 qui
2539 1462 2735 1516 bonam
2781 1462 2833 1516 in
2878 1462 3092 1517 civitate
3141 1462 3448 1532 opinionem

1864 1553 2131 1622 obtinent,
2168 1553 2513 1623 perﬁcienda.
2547 1553 2701 1620 Quod
2722 1554 2932 1623 quidem
2955 1563 3010 1610 et
3031 1569 3173 1609 nunc
3195 1553 3451 1609 continuo

1865 1644 1985 1699 fieri
2013 1647 2287 1710 convenit,
2320 1646 2568 1700 omnibus
2614 1630 2697 1715 (ut
2748 1644 2948 1700 dictum
2994 1645 3101 1714 est)
3158 1646 3451 1701 secundum

1868 1737 2005 1793 hanc
2036 1749 2273 1794 nostram
2301 1740 2603 1807 generalem
2650 1740 2820 1809 legem
2845 1740 3278 1810 procedentibus.
3311 1739 3455 1797 Prte-

177 1835 318 1889 tibus
347 1842 625 1904 peccatum
655 1843 772 1901 est,
801 1835 963 1891 modo
1003 1836 1071 1891 ad
1107 1837 1393 1907 pristinum
1434 1846 1630 1893 statum
1673 1853 1760 1895 re.
1789 1836 1840 1895 Β
1868 1841 2015 1887 terea
2039 1844 2095 1886 ut
2126 1833 2164 1886 ii
2183 1848 2415 1902 quoque,
2440 1834 2531 1903 qui
2558 1832 2659 1889 hoc
2679 1834 2970 1915 etiamnum
3005 1843 3242 1903 tempore
3271 1834 3455 1891 defen-

175 1928 419 1984 ducatur.
452 1927 614 1983 Fient
641 1937 821 1982 autem
863 1938 919 1984 et
956 1928 1271 1985 defensores
1311 1931 1528 1985 omnino
1568 1933 1754 2000 gratis.

176 2020 243 2076 Et
271 2035 368 2089 pro
398 2018 528 2089 ipsis
553 2019 924 2090 jussionibus,
970 2022 1014 2077 si
1056 2022 1288 2090 majores
1327 2023 1436 2078 sint
1477 2023 1756 2090 civitates,

179 2120 403 2180 quatuor
431 2112 802 2167 tantummodo
830 2113 981 2169 aurei
1010 2113 1277 2169 dabantur
1317 2115 1369 2168 in
1409 2114 1613 2183 judicio
1657 2128 1759 2170 tua:

178 2203 549 2269 celsitudinis;
583 2203 629 2257 si
662 2205 933 2272 minores,
978 2216 1119 2275 tres,
1163 2207 1631 2276 quemadmodum
1657 2224 1756 2264 no-

177 2295 303 2351 stris
327 2295 438 2365 jam
471 2294 677 2365 legibus
713 2296 1059 2352 constitutum
1100 2310 1202 2354 est.
1246 2300 1305 2357 Si
1347 2315 1481 2371 quas
1518 2317 1649 2356 vero
1693 2316 1760 2356 ex

182 2386 397 2456 publico
438 2400 679 2442 annonas
723 2387 958 2457 habent,
1002 2390 1299 2461 percipient
1337 2403 1392 2448 et
1435 2393 1581 2464 ipsas
1607 2406 1760 2449 more

180 2480 359 2536 solito.

251 2593 586 2664 Cognoscent
614 2594 795 2665 utique
824 2604 879 2651 et
904 2595 971 2651 de
997 2596 1287 2654 levioribus
1314 2599 1651 2665 criminibus,
1702 2609 1757 2655 et

181 2694 572 2756 competentem
591 2686 993 2757 castigationem
1023 2689 1373 2746 adhibebunt.
1396 2690 1505 2748 Sed
1530 2706 1646 2759 eos,
1671 2691 1767 2762 qui

180 2778 236 2833 in
290 2777 579 2846 majoribus
604 2777 815 2832 delictis
845 2780 1129 2847 capiuntur
1162 2781 1451 2852 conjicient
1490 2783 1543 2837 in
1587 2790 1767 2837 custo-

181 2866 347 2935 diam,
380 2876 434 2921 et
458 2867 523 2921 ad
546 2868 833 2936 provinciae
856 2870 1251 2926 moderatorem
1278 2874 1664 2928 transmittent.
1690 2873 1769 2928 ita

184 2960 326 3016 enim
353 2973 583 3029 quaeque
610 2973 707 3029 pro
735 2972 796 3014 se
814 2959 1002 3015 civitas
1024 2960 1270 3030 judiciali
1298 2978 1426 3018 cura
1456 2962 1684 3028 fruetur,
1713 2972 1771 3019 et

185 3053 433 3107 universa
464 3067 597 3123 gens
624 3053 724 3108 sub
752 3054 957 3123 majore
977 3055 1486 3125 constitutajudice,
1512 3056 1767 3128 majorem

183 3148 378 3201 sentiet
408 3144 819 3215 providentiam,
858 3154 915 3201 et
942 3146 1082 3202 bona
1112 3162 1237 3217 pars
1261 3148 1621 3218 praesidalium
1672 3163 1766 3205 cu-

1863 1939 2016 1980 sores
2045 1937 2188 1991 sunt,
2223 1928 2276 1981 in
2305 1927 2565 1981 circulum
2593 1927 2985 1993 describantur,
3014 1928 3058 1983 si
3079 1928 3341 1998 ejusmodi
3375 1931 3453 1984 vi-

1863 2018 2108 2085 deantur,
2139 2020 2230 2089 qui
2263 2020 2472 2089 placere
2503 2022 2729 2090 possint,
2754 2030 2809 2076 et
2840 2021 3253 2077 sollicitudinem
3282 2037 3452 2092 usque

1866 2111 1931 2164 ad
1979 2112 2255 2166 biennium
2310 2111 2646 2167 continuent.
2697 2112 2848 2181 Quod
2881 2113 2925 2167 si
2951 2113 3061 2183 jam
3092 2102 3365 2168 biennium
3399 2115 3453 2168 in

1867 2216 1929 2256 ea
1959 2216 2087 2254 cura
2117 2204 2587 2272 conisumpserint,
2612 2217 2642 2258 a
2666 2203 2962 2264 defensoris
2986 2204 3344 2260 sollicitudine
3372 2205 3460 2260 di-

1875 2305 2219 2365 moveantur,
2271 2296 2371 2349 nisi
2422 2297 2690 2350 communi
2734 2296 2907 2365 ipsum
2939 2296 3154 2352 decreto
3192 2298 3357 2353 velint
3404 2297 3458 2353 in

1868 2384 2096 2439 alterum
2130 2400 2343 2456 quoque
2372 2385 2646 2441 biennium
2673 2385 2728 2441 in
2756 2387 2946 2442 eodem
2973 2387 3217 2444 detinere
3257 2388 3459 2445 officio.

1867 2477 1925 2533 Si
1966 2494 2092 2532 vero
2120 2480 2359 2533 nondum
2390 2480 2663 2535 biennium
2694 2482 3066 2551 expleverunt,
3096 2484 3345 2555 dignique
3377 2486 3457 2539 vi-

1877 2570 2095 2640 dentur,
2136 2572 2223 2641 qui
2267 2572 2320 2626 in
2366 2572 2676 2628 societatem
2724 2574 2909 2629 circuli
2942 2576 3284 2645 recipiantur,
3336 2578 3463 2632 reli-

1869 2677 2030 2733 quum
2062 2672 2273 2732 tempus
2302 2666 2634 2733 compleant,
2687 2676 2745 2720 ut
2806 2677 2983 2722 tamen
3032 2683 3190 2723 nemo
3238 2670 3374 2724 ultra
3407 2670 3460 2724 id

1870 2756 2141 2812 civitatem
2168 2757 2441 2825 defendat,
2484 2758 2577 2812 sed
2609 2757 2677 2813 ad
2708 2760 2808 2814 hoc
2837 2760 3093 2815 duntaxat
3131 2770 3339 2832 tempus
3366 2778 3461 2816 us-

1871 2864 1977 2920 que
2003 2851 2285 2915 subsistat,
2315 2853 2415 2905 nisi
2447 2853 2751 2907 communis
2775 2868 2898 2908 enm
2916 2854 3142 2909 civitatis
3168 2870 3465 2911 consensus

1876 2943 2030 2996 nullo
2059 2943 2398 2999 reclamante
2418 2946 2749 3012 comprobet.
2783 2946 2934 3011 Quod
2958 2948 3001 3000 si
3035 2946 3115 3016 ﬁt,
3145 2948 3314 3002 altero
3333 2964 3458 3018 quo-

1879 3050 1983 3105 que
2023 3035 2242 3090 biennio
2284 3050 2407 3090 eam
2454 3034 2872 3090 sollicitudinem
2903 3037 3146 3107 recipiet,
3177 3048 3230 3092 et
3261 3048 3380 3106 post
3410 3038 3461 3093 id

1875 3128 2082 3183 ﬁnitum
2112 3128 2337 3184 omnino
2372 3144 2433 3183 ea
2464 3129 2709 3197 desistat,
2745 3137 2874 3184 tunc
2900 3129 3115 3184 demum
3154 3144 3340 3184 rursus
3369 3130 3462 3185 de-

187 3251 364 3291 rarum
404 3234 811 3306 praascindetur,
848 3236 894 3291 si
933 3238 1206 3294 civitatum
1252 3240 1566 3297 defensores
1594 3256 1686 3297 eas
1715 3244 1768 3297 in

1874 3220 2052 3276 fensor
2082 3221 2314 3287 futurus,
2354 3235 2475 3276 cum
2511 3225 2624 3291 ipse
2655 3236 2778 3276 eum
2810 3222 3040 3277 circulus
3094 3226 3146 3276 in
3195 3223 3337 3277 hunc
3373 3238 3462 3279 re-

185 3345 247 3387 se
272 3338 641 3399 transponant,
672 3329 1022 3401 releventque
1061 3346 1221 3387 curas
1252 3335 1591 3402 praesidibus,
1638 3350 1772 3406 quas

190 3438 287 3494 pro
332 3423 539 3494 pepulis
590 3434 801 3495 gerunt,
837 3426 935 3495 ipsi
976 3440 1071 3495 per
1100 3436 1281 3496 partes
1319 3430 1402 3485 vel
1430 3445 1490 3485 ea
1529 3445 1648 3500 qua:
1676 3445 1774 3501 per

190 3514 439 3585 injuriam
485 3514 873 3583 admittuntur,_
904 3528 1311 3586 componentes,
1340 3518 1425 3574 vel
1469 3518 1776 3588 disceptan-

191 3606 333 3663 tibus
358 3606 670 3663 dirimentes
698 3607 1093 3664 controversias
1123 3609 1198 3679 (et
1223 3618 1378 3678 prout
1403 3625 1546 3680 saepe
1572 3611 1774 3665 dictum

193 3699 323 3767 est),
352 3712 448 3767 per
475 3697 578 3753 hoc
620 3711 717 3753 eos
758 3697 849 3766 qui
869 3697 1059 3753 ofﬁciis
1088 3700 1373 3768 praesident
1402 3701 1775 3758 honoratiores

193 3789 511 3846 efﬁcientes.
559 3789 617 3845 Si
641 3791 730 3860 qui
766 3790 929 3845 etiam
960 3806 1055 3861 per
1087 3791 1482 3848 indevotionem
1511 3796 1653 3850 circa
1680 3811 1777 3865 pu-

195 3882 334 3939 blica
385 3883 584 3939 tributa
639 3883 894 3939 solvenda
942 3886 1219 3955 segniores
1260 3887 1532 3954 existant,
1588 3904 1775 3945 eorum

193 3976 509 4033 exactiones
549 3977 640 4046 qui
678 3976 750 4031 ita
796 3991 856 4033 se
905 3976 1186 4033 indevotos
1237 3979 1494 4048 praebent,
1536 3983 1775 4050 gentium

190 4070 459 4140 praesides
487 4070 810 4126 demandent
838 4069 1232 4137 defensoribus,
1264 4080 1323 4126 ut
1349 4082 1403 4127 et
1432 4073 1485 4127 in
1519 4074 1620 4129 hoc
1644 4074 1776 4144 ipsis

189 4162 393 4218 auxilio
411 4163 539 4218 sint.
561 4160 827 4219 Caeterum
841 4163 886 4218 si
909 4177 1014 4233 qua
1031 4162 1330 4219 defensoris
1349 4164 1617 4221 ordinatio
1637 4181 1776 4237 prae-

191 4263 276 4311 ter
302 4254 416 4311 hate
441 4253 581 4309 facta
603 4254 692 4320 sit,
718 4262 810 4309 aut
837 4255 882 4311 is
903 4254 968 4310 ad
991 4270 1150 4323 quem
1178 4270 1242 4311 ex
1275 4256 1462 4312 ordine
1480 4257 1776 4314 defensoris

186 4345 392 4401 creatio
423 4345 684 4415 pervenit,
717 4355 979 4415 praetextu
1000 4345 1293 4417 dignitatis,
1323 4347 1409 4403 vel
1439 4347 1669 4418 militiai,
1688 4351 1775 4407 vel

190 4436 478 4508 privilegii,
507 4437 588 4491 vel
618 4436 840 4492 alterius
871 4438 969 4505 rei,
997 4454 1116 4495 eam
1146 4438 1558 4497 sollicitudinem
1584 4444 1775 4512 depre-

187 4538 363 4597 cetur,
393 4528 528 4584 sciat
556 4528 643 4583 ille
668 4528 904 4598 quinque
930 4545 989 4586 se
1018 4529 1275 4587 librarum
1298 4532 1413 4586 auri
1441 4548 1652 4602 poenam
1683 4550 1775 4590 su-

1877 3313 2096 3367 duxerit
2125 3313 2400 3377 ordinem,
2426 3329 2494 3368 ne
2522 3322 2775 3382 perpetua
2801 3314 2915 3383 ejus
2936 3315 3312 3369 sollicitudinis
3336 3330 3454 3371 con-

1878 3408 2201 3476 tinuatione,
2230 3418 2285 3462 et
2312 3406 2651 3462 fraudulenta
2680 3421 2778 3476 per
2804 3406 3013 3478 singula
3061 3407 3277 3462 biennia
3307 3423 3453 3462 reno-

1878 3500 2124 3565 vatione,
2168 3499 2434 3568 aliquibus
2476 3499 2727 3568 prmdicta
2764 3498 3153 3553 administratio
3194 3513 3360 3568 usque
3409 3499 3462 3554 in

1876 3592 2148 3646 inlinitum
2185 3591 2522 3646 extendatur.
2578 3591 2675 3645 llis
2713 3592 2960 3647 omnibus
3000 3591 3053 3645 in
3094 3606 3251 3646 omne
3291 3608 3465 3648 aevum

1878 3684 2246 3739 obtinentibus
2276 3684 2711 3754 quandoquidem
2742 3699 2953 3739 summo
3000 3699 3121 3739 cum
3165 3685 3343 3739 studio
3373 3700 3461 3753 ea,

1878 3785 1931 3831 et
1966 3775 2265 3844 vigilantia,
2317 3786 2374 3831 et
2414 3777 2626 3831 Domini
2670 3776 2768 3832 Dei
2806 3791 2933 3847 erga
2964 3792 3060 3832 nos
3092 3776 3466 3834 benevolentia

1878 3868 2248 3924 adinvenimus
2283 3910 2299 3937 ,
2373 3868 2683 3939 nostrisque
2738 3870 2965 3926 subditis
3019 3869 3463 3927 condonavimus.

1880 3960 2002 4016 Dat.
2033 3975 2120 4016 xvx
2150 3960 2275 4015 Kal.
2309 3965 2444 4032 Aug.
2473 3961 2754 4017 Constant.
2788 3962 2937 4018 Bilis.
2968 3978 3019 4017 v.
3051 3977 3101 4018 c.
3132 3976 3282 4019 cons.

2431 4072 2755 4131 NOVELLA
2792 4074 2931 4131 XVI.

1884 4165 1954 4223 Ut
1990 4166 2165 4222 clerici
2203 4184 2265 4222 ea:
2302 4185 2413 4222 una
2444 4167 2660 4222 ecclesia
2695 4168 2750 4221 iu
2786 4167 2946 4221 aliam
2985 4173 3361 4239 transferantur
3396 4173 3464 4227 ad

1998 4239 2341 4311 supplendum
2380 4239 2725 4309 deﬁcientium
2763 4249 3014 4293 statutum
3053 4257 3338 4295 numerum.

1952 4334 2097 4390 Idem
2130 4334 2422 4404 imperator
2452 4335 2741 4389 Anthemio
2767 4336 3129 4389 sacratissimo
3173 4345 3227 4390 et
3267 4337 3456 4390 beatis.

1878 4428 2016 4485 simo
2047 4428 2452 4500 archiepiscopo
2495 4428 3091 4500 Constantinopolitano
3137 4439 3192 4484 et
3234 4430 3464 4485 universi

1878 4522 1999 4593 ejns
2027 4530 2228 4577 tractus
2256 4523 2599 4591 patriarchae.

186 4624 447 4688 biturum,
473 4634 527 4679 et
554 4622 898 4677 nihilominus
918 4631 1039 4691 post
1061 4624 1176 4693 ejus
1202 4627 1445 4694 pecunia:
1465 4627 1519 4681 in
1544 4627 1775 4684 civitatis
1801 4612 1856 4675 Ῐ)
1950 4614 2148 4683 Legem
2172 4628 2341 4684 "up"
2363 4615 2431 4669 de
2450 4628 2704 4669 mellsum
2728 4612 3118 4668 οτάῖηθῑίοηυῐη
3146 4615 3441 4685 Conseri?“

186 4730 352 4786 opera
383 4730 617 4771 cessura:
639 4714 1000 4779 exactionem,
1028 4716 1327 4785 cogendum
1356 4717 1654 4772 defensoris
1682 4733 1777 4773 ex-

188 4808 379 4878 pedire
401 4805 842 4863 sollicitudinem.
865 4805 1132 4860 Convenit
1151 4806 1317 4873 enim,
1346 4815 1405 4860 ut
1435 4806 1777 4863 honestiores

186 4901 387 4970 quique
426 4897 753 4965 civitatibus,
812 4912 949 4969 quas
995 4898 1257 4964 incolunt,
1296 4914 1512 4968 operam
1543 4911 1595 4955 et
1622 4901 1780 4956 mini-

184 4992 410 5048 sterium
439 5006 593 5046 suum
622 4991 929 5057 exhibeant,
961 4999 1016 5045 et
1046 4991 1185 5046 hanc
1215 4990 1611 5061 quodammodo
1646 4994 1778 5062 ipsis

185 5099 287 5155 pro
327 5084 559 5140 incolatu
598 5084 826 5154 gratiam
874 5083 1188 5152 rependant.
1236 5083 1367 5149 Quae
1413 5083 1571 5153 igitur
1615 5084 1770 5140 nobis

184 5175 532 5246 placuerunt,
561 5183 617 5230 et
644 5189 739 5244 per
766 5176 904 5230 hanc
926 5188 1132 5230 sacram
1158 5174 1528 5243 exprimuntur
1573 5175 1768 5245 legem,
1809 5170 1819 5181 ”

184 5282 253 5323 ea
300 5268 511 5324 studeat
562 5267 880 5323 excellentia
930 5277 1023 5322 tua
1076 5282 1172 5337 per
1224 5267 1526 5337 provincias
1576 5268 1770 5336 quibus

180 5374 403 5437 praeest,
436 5356 667 5435 propriis
694 5363 973 5421 destinatis
997 5362 1350 5433 jussionibus,
1380 5362 1664 5418 manifesta
1692 5362 1768 5418 fa-

179 5470 331 5521 cere,
376 5463 435 5510 ut
473 5470 660 5510 omnes
688 5462 1011 5523 cognoscant
1039 5452 1179 5523 quod
1209 5462 1266 5508 et
1293 5453 1547 5517 maxima,
1574 5461 1630 5508 et
1654 5468 1767 5509 me-

178 5546 414 5613 diocria,
445 5554 501 5601 et
529 5544 750 5600 minima
779 5558 932 5614 aeque
962 5542 1118 5598 nobis
1168 5558 1313 5598 cura:
1352 5543 1478 5611 sint,
1530 5543 1771 5614 nihilque

178 5624 301 5709 ejus
331 5638 542 5711 generis
571 5654 600 5693 a
629 5636 987 5693 sollicitudine
1014 5645 1196 5691 nostra
1224 5650 1627 5691 removeamus.

252 5730 510 5786 Assumet
529 5744 661 5786 vero
680 5728 998 5785 excellentia
1028 5737 1116 5783 tua
1142 5737 1198 5783 et
1218 5726 1394 5783 hocin
1420 5735 1625 5797 partem
1649 5736 1768 5783 tua-

176 5836 300 5881 rum
324 5822 650 5895 jussionum,
674 5832 733 5879 ut
747 5823 858 5894 jam
880 5822 1006 5878 inde
1027 5823 1232 5880 scilicet
1251 5821 1489 5894 gentium
1511 5823 1770 5891 praesides

464 5940 738 6005 Persen.
781 5938 1045 6006 LXXII.

1880 4718 2020 4765 mus,
2047 4703 2296 4772 quodque
2340 4718 2440 4757 nec
2486 4704 2539 4756 in
2580 4716 2922 4757 sacrosancta
2968 4704 3171 4773 majore
3217 4705 3464 4775 ecclesia,

1882 4809 2057 4863 neque
2082 4797 2133 4848 in
2165 4794 2287 4849 aliis
2317 4794 2517 4850 effusas
2546 4811 2636 4851 eas
2666 4810 2785 4851 esse
2810 4799 3111 4852 conveniat.
3146 4798 3315 4865 Quam
3338 4814 3464 4856 sane

1880 4891 2052 4937 ratam
2087 4898 2328 4948 manere,
2354 4895 2408 4940 et
2438 4900 2534 4955 pro
2558 4887 2809 4942 universo
2828 4902 2928 4943 suo
2950 4897 3135 4945 tenore
3158 4891 3467 4947 ﬁrmitatem

1880 4978 2126 5033 obtinere
2154 4980 2447 5033 etiamnum
2478 4980 2745 5036 volumus.
2778 4981 3040 5050 Quoniam
3069 4999 3195 5039 vero
3236 4985 3469 5041 intendi-

1884 5087 2005 5127 mus
2037 5072 2403 5128 ordinationes
2434 5074 2488 5127 in
2520 5085 2725 5129 arctum
2752 5075 3092 5143 contrahere,
3117 5077 3347 5147 indeque
3370 5092 3467 5134 ex-

1881 5182 2165 5236 pensarum
2204 5169 2607 5237 exuperantiam
2656 5169 2720 5224 ad
2760 5173 3085 5226 mediocrem
3128 5182 3182 5227 et
3214 5173 3465 5229 tolerabi-

1879 5258 1984 5315 lem
2014 5260 2366 5330 quantitatem
2411 5270 2772 5317 sacrosanctte
2803 5263 2990 5333 majori
3019 5264 3264 5320 ecclesiae
3308 5268 3468 5323 redu-

1877 5368 2024 5421 cere,
2066 5370 2173 5425 quo
2215 5355 2384 5425 magis
2413 5366 2719 5428 sumptuum
2751 5358 2830 5413 illi
2859 5359 3143 5415 multitudo
3170 5362 3465 5430 minuatur,

1878 5455 2160 5515 propterea
2206 5460 2303 5515 per
2344 5461 2532 5503 omnes
2577 5448 2810 5518 undique
2836 5452 2950 5504 vias
2979 5450 3312 5518 aberrantes,
3347 5463 3468 5508 tan-

1876 5538 1999 5593 dem
2029 5538 2095 5591 ad
2147 5538 2285 5593 hanc
2334 5540 2496 5594 etiam
2539 5550 2855 5607 praesentem
2883 5542 3055 5611 legem
3098 5545 3463 5613 pervenimus,

1874 5647 1983 5687 non
2014 5634 2229 5703 quidem
2264 5634 2420 5702 plane
2445 5632 2715 5687 diversam
2763 5649 2793 5688 a
2849 5637 3045 5704 priore,
3094 5636 3188 5693 sed
3230 5653 3350 5709 quae
3398 5654 3466 5694 ex

1872 5725 2063 5781 eodem
2096 5726 2332 5795 profecta
2361 5726 2655 5795 proposito,
2686 5726 2971 5796 aliquando
2997 5729 3229 5800 amplius
3275 5744 3460 5787 sacru-

1873 5832 2075 5878 sanctae
2112 5822 2301 5891 majori
2330 5820 2587 5894 prodesse
2608 5824 2777 5893 possit
2801 5825 3066 5883 ecclesiae.

2905 5944 2979 6008 31
