3994 6434
502 299 611 364 975

1576 298 1843 361 ΞᾹΞϐυίιΙ
1884 303 2086 360 SEXTI
2128 298 2715 359 SUPPLEMENTUM.

3714 319 3821 373 976

501 421 740 484 rumpat,
769 426 945 483 neque
968 406 1033 467 ad
1062 400 1410 483 proferendas
1434 413 1799 485 blasphemias
1823 432 1917 472 eos
1948 417 2099 471 indu-
2131 421 2183 480 Α
2207 424 2261 470 et
2288 413 2417 468 illud
2451 414 2732 481 habemus,
2767 409 3247 490 imperialibusque
3276 425 3328 479 id
3371 426 3584 499 legibus
3620 446 3812 492 cor-ro.

498 514 612 572 eat,
639 520 809 573 neque
828 513 1017 559 contra
1044 519 1168 560 vera
1198 506 1443 574 dogmata
1468 508 1588 561 novi
1613 507 1812 578 aliquid
1841 508 2096 575 inveniat,

499 614 599 669 per
627 599 767 669 quod
813 598 991 655 denuo
1020 601 1175 656 nobis
1202 610 1572 657 sacrosanctas
1616 602 1934 672 perturbare
1982 612 2098 658 stu-

498 690 628 752 deat
668 692 953 748 Ecclesias.

574 783 685 841 Sed
716 799 887 855 neque
926 784 1164 854 Petrum,
1207 788 1297 855 qui
1351 787 1602 857 Apamea:
1646 786 1929 857 episcopus
1976 785 2097 855 fuit,

499 888 767 935 remotum
797 893 825 931 a
855 876 1021 948 gradu
1047 877 1431 944 ecclesiastico,
1464 889 1518 934 et
1564 878 1756 934 iisdem
1803 878 1873 935 de
1902 880 2099 944 causis,

504 966 855 1040 quamobrem
888 968 1143 1035 Severus,
1191 968 1535 1025 anathemate
1588 971 1670 1039 (ut
1717 970 1936 1040 vocant)
1983 986 2101 1041 per-

501 1077 743 1129 cussum,
798 1063 1053 1134 majestas
1112 1064 1456 1135 imperatoria
1520 1065 1775 1119 admittit.
1831 1064 1934 1121 Sed
1988 1075 2103 1137 rata

496 1167 662 1211 sunto
701 1155 863 1211 etiam
912 1170 1033 1226 quae
1074 1154 1337 1211 adversus
1390 1156 1567 1225 ipsum
1616 1156 1831 1212 decreta
1862 1165 2019 1223 sunt;
2049 1167 2107 1212 et

498 1248 953 1318 quemadmodum
981 1248 1083 1304 sub
1111 1248 1366 1318 generale
1396 1250 1683 1304 anathema
1712 1248 1966 1305 redactus
1997 1258 2100 1315 est,

498 1338 575 1393 ita
628 1348 684 1394 et
733 1338 983 1394 redactus
1039 1346 1179 1407 esto,
1230 1339 1497 1395 sententia
1553 1355 1672 1410 quae
1702 1340 1769 1395 de
1800 1340 1883 1394 his
1912 1339 2043 1410 ipsis
2071 1355 2101 1396 a

496 1434 853 1490 sanctissimis
890 1435 1117 1489 summis
1165 1435 1504 1503 pontificibus
1531 1436 1798 1505 processit
1834 1446 1947 1492 rata
1982 1452 2102 1506 per-

496 1538 773 1584 manente.
807 1531 887 1584 Ac
913 1543 1094 1599 neque
1124 1528 1201 1585 illi
1243 1530 1604 1599 permittimus
1635 1540 1693 1584 ut
1735 1531 1871 1585 hanc
1902 1531 2100 1600 regiam

495 1623 709 1690 urbem,
736 1624 920 1693 ejusve
949 1623 1203 1690 confinia,
1255 1632 1347 1678 aut
1396 1624 1826 1692 praestantiorem
1867 1624 2098 1694 aliquam

498 1714 773 1772 civitatem
805 1716 1035 1781 incolat,
1067 1717 1163 1770 sed
1203 1731 1430 1787 quorum
1461 1726 1679 1772 secutus
1708 1727 1792 1772 est
1834 1733 2097 1783 errorem,

2202 505 2476 571 boramus,
2501 506 2723 574 perinde
2749 509 2900 575 quasi
2928 510 2995 563 ah
3012 512 3124 578 ipsa
3158 519 3439 583 majestate
3460 520 3813 590 imperatoria

2203 596 2504 666 prodiisset.
2536 597 2687 665 Quod
2719 600 2762 654 si
2790 601 2910 671 quis
2937 617 3124 658 eorum
3162 607 3424 664 adversus
3460 612 3581 667 haec
3610 625 3810 673 statuta

2202 688 2637 757 deprehendatur
2658 690 3009 760 delinqueret,
3035 695 3171 750 sciat
3197 699 3338 767 quod
3371 700 3425 754 in
3454 702 3648 759 civiles
3673 706 3816 775 leges

2202 778 2425 846 incidet,
2465 796 2585 851 quae
2616 782 2667 835 in
2710 783 2971 851 majorem
3013 784 3441 857 indignationem
3478 802 3538 846 et
3577 794 3819 849 animad-

2204 874 2513 928 versionem
2562 873 2857 943 conjiciunt
2893 890 2989 931 eos
3027 878 3120 947 qui
3158 894 3345 947 prunas
3389 881 3631 939 leviores
3659 887 3821 942 decli-

2205 972 2355 1018 nant.
2387 962 2570 1017 Pontio
2616 965 2868 1019 omnibus
2906 967 2997 1035 qui
3037 969 3122 1023 vel
3159 972 3459 1028 secundum
3500 975 3807 1031 doctrinam

2204 1054 2470 1110 dementis
2495 1055 2849 1123 Nestorii,vel
2862 1059 3159 1115 secundum
3182 1063 3434 1118 stolidam
3460 1067 3817 1124 traditiOnem

2205 1148 2543 1220 Eutychetis,
2572 1150 2653 1205 vel
2682 1152 2976 1205 secundum
3008 1152 3215 1222 Severi,
3248 1157 3340 1226 qui
3366 1158 3512 1214 idem
3552 1174 3683 1215 cum
3720 1163 3821 1218 illis

2205 1248 2391 1311 sentit,
2420 1254 2515 1299 aut
2541 1246 2663 1300 illos
2683 1246 3019 1315 sequentium
3053 1247 3465 1321 blasphemiam,
3496 1254 3824 1311 catholicam

2206 1335 2302 1392 Dei
2341 1336 2642 1393 Ecclesiam
2685 1348 2951 1393 conantur
3008 1339 3291 1408 divellere,
3344 1345 3713 1413 prohibemus
3762 1364 3833 1405 ne

2208 1430 2470 1484 tumultus
2511 1430 2771 1486 Ecclesiis
2792 1432 3097 1497 immittant,
3124 1444 3214 1489 aut
3239 1435 3309 1491 de
3340 1437 3447 1493 ﬁde
3473 1439 3692 1510 aliquid
3723 1441 3833 1495 dis-

2205 1532 2408 1577 serant.
2452 1523 2557 1579 Sed
2603 1526 2877 1579 sancimus
2906 1536 2965 1581 ut
3007 1529 3378 1599 unusquisque
3423 1546 3623 1588 eorum
3656 1536 3823 1590 silen-

2202 1613 2332 1667 tium
2366 1622 2509 1684 agat,
2541 1625 2595 1669 ct
2626 1630 2799 1685 neque
2837 1616 2973 1671 ullos
3005 1619 3057 1672 in
3087 1635 3252 1674 unum
3284 1634 3620 1689 convocent,
3651 1640 3834 1694 neque

2202 1704 2468 1759 adeuntes
2496 1707 2777 1776 recipiant,
2807 1723 2979 1778 neque
3006 1709 3311 1777 improbata
3334 1728 3489 1770 more
3522 1715 3831 1784 baptizare,

493 1808 694 1865 horum
715 1809 954 1865 imitetur
974 1808 1137 1863 etiam
1161 1810 1216 1865 in
1243 1810 1481 1880 degenda
1494 1811 1601 1866 vita
1622 1811 1908 1880 rationem,
1942 1826 2100 1881 quam
2133 1808 2182 1868 B
2207 1809 2300 1853 am
2321 1813 2532 1854 sacram
2556 1802 2989 1857 communionem
3010 1804 3305 1873 ἀείωάπεν
3329 1818 3385 1863 ει
3409 1809 3693 1881 aliquibus
3712 1828 3828 1866 ⁸³1³

493 1900 811 1970 longissime
831 1900 899 1955 ab
924 1900 1202 1956 hominum
1223 1901 1613 1959 consuetudine
1640 1913 1899 1969 remotus,
1933 1918 2097 1973 seque

493 1993 675 2064 ipsum
708 1994 927 2048 latebris
964 1993 1265 2050 occultans.
1299 1994 1576 2064 Siquidem
1608 1996 1778 2050 multo
1816 1996 2099 2065 praestabi-

496 2084 609 2141 lius
635 2092 719 2140 est
764 2084 867 2139 hoc
910 2099 1079 2155 genus
1126 2085 1403 2141 hominum
1444 2086 1677 2152 latitare,
1710 2102 1868 2157 quam
1916 2087 1969 2142 in
2003 2102 2099 2157 pu-

495 2174 638 2231 hlica
669 2176 786 2231 luce
814 2185 869 2232 et
892 2184 1018 2232 ante
1040 2178 1280 2232 omnium
1321 2178 1510 2233 oculos
1539 2180 1762 2235 versari.
1797 2178 1927 2233 Nam
1954 2180 1997 2234 si
2030 2179 2101 2234 la-

496 2266 679 2334 titent,
712 2268 815 2324 sibi
843 2268 975 2337 ipsis
1028 2269 1400 2325 tantummodo
1452 2279 1611 2325 erunt
1664 2270 2020 2337 incommodi;
2052 2272 2100 2327 si

494 2371 627 2415 vero
655 2360 903 2431 dogmata
933 2375 1031 2415 sua
1057 2361 1349 2430 publicent,
1370 2371 1425 2416 et
1446 2366 1605 2431 vulgo
1634 2362 1931 2432 proferant,
1956 2365 2098 2420 mul-

495 2454 569 2507 tis
593 2454 1015 2523 simplicioribus
1043 2456 1384 2509 occasionem
1414 2455 1659 2524 prtebent
1683 2455 1749 2511 ad
1796 2456 2098 2511 interitum.

500 2544 654 2612 Quod
683 2545 899 2614 quidem
936 2554 995 2599 ut
1021 2545 1200 2614 aliquo
1234 2545 1396 2600 modo
1426 2543 1480 2600 in
1504 2544 1811 2602 Christiano
1838 2547 1933 2603 Dei
1966 2549 2099 2603 ovili

497 2648 553 2693 et
583 2638 670 2705 pio
696 2645 950 2705 recteque
977 2636 1245 2692 sentiente
1274 2636 1473 2706 populo
1517 2639 1753 2702 eveniat,
1803 2653 1977 2707 neque
2017 2639 2103 2708 ju-

497 2738 642 2784 stum
671 2737 778 2792 est,
818 2742 993 2798 neque
1024 2742 1055 2781 a
1085 2728 1367 2795 majestate
1412 2724 1755 2798 imperatoria
1802 2729 2102 2786 conceden-

498 2826 650 2879 dum.
684 2824 817 2891 Quia
844 2838 978 2879 vero
1005 2832 1062 2879 et
1101 2823 1328 2879 Zooram
1374 2826 1624 2896 religiose
1652 2827 1815 2882 simul
1864 2837 1920 2883 et
1960 2828 2104 2898 juste

499 2915 803 2984 iudicantes
830 2915 1068 2985 episcopi
1098 2917 1316 2984 dignum
1347 2926 1672 2987 putaverunt
1702 2934 1860 2989 quem
1882 2922 2103 2977 omnino

499 3008 601 3064 sub
628 3007 913 3063 anathema
958 3007 1301 3079 redigerent,’
1321 3018 1377 3064 ttt
1423 3011 1513 3079 qui
1544 3011 1707 3067 veluti
1734 3013 1896 3070 breve
1934 3014 2106 3085 quod-

499 3101 623 3155 dam
649 3100 1071 3156 additamentum
1100 3111 1245 3156 esset
1268 3101 1537 3169 ejusmodi
1567 3106 1858 3171 malorum,
1891 3107 1957 3162 ad
1980 3122 2102 3178 quae

2202 1890 2545 1961 distribuere,
2581 1902 2673 1947 aut
2713 1894 2907 1950 vetitas
2948 1896 3222 1954 doctrinas
3262 1901 3563 1972 explanare
3593 1906 3831 1967 audeas:

2202 1984 2285 2040 vel
2318 1984 2369 2038 in
2400 1986 2542 2055 regia
2590 1986 2690 2042 hac
2729 2000 2907 2043 nostra
2942 1991 3094 2057 urbe,
3132 1993 3221 2049 vel
3250 1995 3376 2061 alia,
3406 1997 3505 2052 sed
3539 1999 3684 2053 nihil
3715 2015 3819 2056 nou

2204 2076 2427 2145 periculi
2485 2090 2856 2145 revereantur,
2883 2081 2927 2135 si
2994 2083 3120 2152 quid
3192 2086 3298 2141 tale
3359 2094 3826 2158 perpetraveriut.

2202 2167 2462 2225 Omnibus
2496 2170 2715 2241 insuper
2746 2174 3090 2242 prohibemus
3124 2194 3191 2233 ne
3234 2180 3355 2249 quis
3394 2181 3543 2238 hunc
3574 2187 3831 2255 recipiat.

2203 2258 2341 2328 Quin
2384 2262 2561 2329 potius
2592 2266 2864 2321 sancimus
2904 2277 2962 2323 ut
2989 2284 3055 2324 ex
3098 2271 3318 2327 urbibus
3364 2275 3559 2342 etiam,
3605 2294 3734 2347 qua
3762 2283 3830 2335 ab

2204 2350 2341 2422 ipsis
2365 2352 2718 2420 seducuntur,
2746 2358 2964 2425 ejiciant
3000 2377 3012 2411 :
3052 2362 3291 2418 scientes
3311 2378 3503 2434 pmnas
3529 2374 3714 2425 sacris
3739 2387 3831 2426 uo—

2210 2443 2340 2495 stris
2376 2440 2489 2510 jam
2529 2445 2949 2511 comprehensas
2986 2452 3487 2521 constitutionibus,
3519 2472 3652 2527 qua:
3693 2461 3834 2530 ipsas

2203 2532 2364 2586 etiam
2406 2533 2598 2590 domus
2644 2537 2697 2590 in
2730 2538 2923 2607 quibus
2963 2540 3069 2596 tale
3101 2544 3228 2612 quid
3261 2548 3571 2618 peragitur,
3611 2560 3674 2606 et
3700 2569 3837 2623 pra-

2205 2622 2295 2678 dia
2343 2640 2410 2679 ex
2456 2626 2651 2696 quibus
2689 2630 2944 2686 alimenta
2984 2635 3415 2704 suppeditantur,
3458 2622 3838 2700 sacrosanctis

2203 2715 2460 2773 addicnnt
2481 2717 2760 2789 Ecclesiis,
2785 2726 2896 2781 suis
2918 2726 3204 2785 adimenda
3225 2736 3681 2806 possessoribus,
3706 2742 3833 2810 quia

2206 2807 2630 2880 simplicioribus
2673 2830 2889 2872 causam
2920 2821 3045 2876 mali
3104 2824 3377 2891 praebent;
3436 2832 3662 2896 optimo
3711 2807 3842 2889 vero

2202 2898 2326 2970 jure
2355 2904 2455 2958 sub
2484 2903 2782 2963 dominium
2829 2924 3292 2972 sacrosanctarum
3324 2933 3420 2975 eas
3453 2921 3839 2982 Ecclesiarum

2206 2990 2557 3052 deducentes.
2592 2998 2718 3054 Haec
2762 3016 2861 3056 nos
2902 3019 3000 3073 pro
3035 3011 3311 3064 communi
3355 3026 3842 3073 sacrosanctam:-

2208 3082 2573 3142 Ecclesiarum
2602 3104 2733 3159 pace
2763 3094 3059 3162 sancimus,
3090 3099 3207 3155 bzec
3234 3101 3588 3160 decernimus
3618 3121 3841 3164 sancto-

500 3195 808 3266 peragenda
830 3196 1267 3265 promptissimus
1291 3194 1414 3261 fuit,
1440 3207 1495 3252 et
1521 3213 1766 3268 magnam
1797 3200 2104 3258 facultatem
2135 3199 2181 3263 C
2219 3190 2338 3232 tum
2370 3179 2587 3237 Patrum
2612 3182 2829 3240 decreta
2860 3188 3053 3256 seculi:
3093 3200 3153 3245 υι
3189 3209 3379 3250 omnes
3407 3197 3483 3252 de
3514 3209 3728 3255 (πιετο
3757 3216 3846 3257 53-

501 3290 711 3354 ltahuit,
745 3303 813 3344 ne
856 3289 1076 3344 omnino
1104 3291 1419 3345 memoriam
1469 3290 1546 3346 illi
1594 3292 1921 3361 adimamus,
1962 3296 2107 3365 quod

503 3384 681 3455 aliqua
710 3384 765 3439 in
786 3398 847 3439 re
875 3384 1126 3440 facultate
1154 3384 1413 3453 praeditus
1442 3386 1601 3443 fuerit
1635 3406 1647 3442 :
1680 3399 1800 3445 esto
1820 3406 1950 3448 sane
1973 3393 2110 3451 Zoo-

504 3494 595 3534 ras
618 3479 781 3534 etiam
827 3478 1104 3546 particula:
1151 3478 1309 3548 hujus
1356 3480 1447 3550 (de
1501 3482 1779 3551 Anthimo,
1821 3484 2027 3542 Severo
2055 3496 2111 3543 et

504 3574 667 3629 Petro
693 3571 983 3643 loquimur)
1016 3572 1133 3627 leve
1162 3572 1431 3639 quoddam
1458 3574 1908 3646 additamentum,
1939 3590 1994 3635 et
2027 3578 2111 3635 in-

507 3678 590 3721 ter
615 3680 711 3721 eos
742 3666 832 3734 qui
870 3664 1215 3719 anathemate
1264 3666 1434 3721 notati
1488 3678 1633 3735 sunt,
1692 3685 1758 3725 ex
1789 3674 2109 3730 sacerdotali

508 3770 699 3816 contra
726 3760 901 3829 ipsum
945 3759 1153 3829 prolata
1192 3762 1460 3815 sententia
1497 3761 1615 3831 ipse
1642 3778 1853 3836 quoque
1878 3768 2110 3823 colloca-

506 3864 612 3918 tor,
644 3867 804 3922 quam
838 3851 1051 3906 tametsi
1083 3866 1177 3920 per
1225 3866 1285 3907 se
1310 3854 1442 3908 satis
1488 3855 1781 3922 valentem,
1824 3859 1994 3914 multo
2027 3868 2109 3914 ta-

509 3960 633 4000 men
660 3943 840 3999 adhuc
865 3944 1218 3999 valentiorem
1244 3944 1421 4000 reddit
1451 3945 1705 4017 majestas
1738 3949 2106 4021 imperatoria,

511 4052 634 4107 quae
663 4036 809 4105 regia
840 4034 941 4089 hac
970 4034 1102 4090 urbe
1141 4036 1317 4104 ipsum
1370 4041 1620 4109 expellit,
1672 4043 1897 4114 ejusque
1943 4047 2110 4101 conli-

512 4129 619 4183 niis
645 4138 699 4183 ct
728 4127 936 4182 urbium
980 4126 1215 4183 incolatu
1244 4131 1579 4189 omnifariam
1612 4134 1658 4192 ei
1689 4137 1955 4194 interdicit
1986 4158 1997 4193 :
2056 4149 2115 4196 ut

509 4234 633 4276 cum
663 4217 792 4273 solis
821 4215 923 4270 illis
951 4232 1085 4287 quos
1131 4226 1255 4275 ante
1305 4224 1691 4290 recensuimus,
1747 4227 1813 4281 ad
1861 4229 2108 4286 eumdem

509 4313 730 4369 modum
772 4309 1292 4378 blasphemantibus,
1337 4313 1404 4367 ad
1458 4316 1707 4372 eumdem
1753 4336 1965 4390 quoque.
1996 4339 2111 4378 mu-

511 4405 640 4459 dum
690 4403 965 4475 relegatis,
1016 4400 1221 4458 habitet
1259 4414 1540 4477 captetquc
1586 4411 1828 4469 consilia.
1880 4415 1936 4471 Si
1983 4419 2110 4489 quid

510 4508 775 4567 praeterea
805 4493 949 4548 aliud
980 4509 1191 4563 quoque
1228 4499 1688 4558 sanctissimorum
1731 4506 2108 4579 episcoporum

2211 3271 2459 3327 cerdotes
2485 3273 2586 3329 sub
2646 3278 3038 3346 tranquillitate
3084 3290 3138 3336 et
3184 3285 3367 3354 quiete
3424 3304 3847 3357 permaneant;

2212 3363 2405 3433 quibus
2436 3365 2567 3434 ipsis
2598 3366 2649 3421 in
2692 3382 2825 3438 pace
2852 3374 3214 3439 conservatis,
3257 3377 3469 3449 reliqua
3524 3384 3699 3440 etiam
3736 3388 3845 3443 rei-

2212 3454 2441 3523 publicre
2472 3458 2647 3527 portio
2688 3462 2845 3517 nobis
2874 3464 3181 3535 pergliscet,
3228 3484 3360 3539 pace
3402 3473 3657 3546 desuper
3687 3482 3835 3551 vige-

2212 3559 2419 3613 sccnte,
2450 3565 2610 3619 quam
2640 3555 2892 3611 omnibus
2924 3574 3152 3630 magnus
3174 3563 3266 3619 ille
3303 3564 3449 3622 Deus
3492 3580 3547 3624 et
3583 3573 3848 3631 Servatur

2212 3649 2397 3696 noster
2421 3643 2577 3698 Jesus
2604 3644 2873 3716 Christus,
2905 3666 3043 3707 unus
3081 3655 3147 3709 de
3168 3654 3453 3723 Trinitate,
3490 3664 3843 3735 unigenitum

2214 3733 2309 3789 Dei
2330 3736 2573 3804 verbum,
2605 3748 2711 3794 tam
2758 3743 3013 3811 praedicat
3041 3762 3200 3817 quam
3265 3733 3725 3824 suppeditat—bis
3752 3764 3845 3833 qui

2212 3840 2339 3883 vere
2369 3838 2423 3882 et
2442 3845 2510 3883 ex
2530 3832 2709 3887 animo
2738 3835 3040 3903 glorificare
3065 3842 3237 3911 ipsum
3264 3855 3321 3900 et
3346 3840 3594 3908 adorare
3616 3832 3845 3924 dignam

2215 3927 2318 3972 tur.
2353 3919 2483 3986 Quae
2511 3922 2668 3991 igitur
2706 3935 2852 3982 recte
2881 3930 3033 3985 nobis
3072 3934 3412 4006 placuerunt,
3455 3956 3519 3997 ea
3550 3919 3843 4003 beatitudo

2215 4018 2303 4091 tua
2351 4026 2690 4081 conservato,
2744 4027 2800 4073 et
2857 4022 2923 4076 ad
2956 4024 3204 4081 effectum
3256 4030 3533 4103 deducito,
3598 4055 3701 4108 per
3750 4042 3843 4097 Dei

2215 4107 2459 4160 amantes
2486 4122 2611 4161 snas
2657 4110 2862 4167 litteras
2906 4129 2967 4169 ea
3001 4120 3251 4176 omnibus
3292 4124 3391 4178 sub
3423 4143 3487 4182 se
3519 4134 3845 4189 constituta

2218 4196 2639 4266 religiosissimis
2690 4207 3116 4275 metropolitanis
3160 4218 3559 4275 transmittens.
3597 4223 3841 4290 Quorum

2216 4296 2508 4359 unicuique
2534 4307 2679 4347 curae
2709 4296 2814 4349 erit
2852 4306 3213 4360 sacrosanctis
3261 4308 3361 4363 sub
3404 4326 3467 4366 se
3519 4319 3840 4374 constitutis

2216 4381 2479 4439 Ecclesiis
2506 4386 2620 4441 hac
2646 4389 2928 4447 manifesta
2962 4394 3161 4465 facere,
3195 4411 3254 4454 ut
3281 4405 3560 4460 neminem
3594 4416 3837 4465 omnium

2216 4474 2419 4531 lateant
2454 4492 2575 4547 qua:
2620 4493 2892 4539 sumntum
2948 4491 3307 4547 sacerdotium
3336 4494 3673 4567 decreverit,
3722 4518 3839 4573 qua:

513 4592 802 4657 sententia,
829 4603 949 4658 quae
977 4588 1262 4657 prazdictos
1300 4605 1328 4643 a
1371 4593 1537 4661 gradu
1578 4595 1817 4654 detrahit
1856 4576 2111 4659 θρξιεδίδ,
2139 4576 2345 4649 Ditem
2378 4579 2631 4649 majestas
2664 4581 3004 4653 imperatoria
3046 4593 3497 4651 corroboraverit.
3560 4600 3687 4659 Dat.
3730 4616 3836 4656 xvn

513 4686 669 4751 stico,
701 4695 754 4739 et
794 4681 1140 4737 anathemate
1190 4686 1453 4755 percellit,
1496 4689 1819 4761 continetur,
1862 4708 1958 4763 pro
1997 4704 2117 4752 rato

584 4849 1044 4906 CONSTITUTIO
1085 4860 1109 4888 ⁸
1153 4852 1380 4908 SACRA
1421 4854 1801 4913 JUSTINIANI
1826 4858 2039 4914 “IMPE-

1151 4942 1472 5001 RATORIS.

590 5055 785 5111 Contra
814 5057 1110 5111 Anthimum
1140 5100 1154 5125 ,
1190 5058 1456 5127 Severum,
1489 5060 1702 5118 Petrum
1727 5076 1773 5119 et
1796 5064 2038 5121 Zoaram.

589 5176 649 5229 ltt
678 5175 899 5229 nomine
943 5174 1157 5230 Domini
1189 5175 1313 5231 Jesu
1347 5177 1544 5233 Christi
1588 5180 1683 5236 Dei
1716 5180 1905 5247 nostri,
1937 5182 2112 5251 impe-

526 5278 678 5324 rator
704 5266 886 5323 Caesar
915 5269 1129 5323 Flavius
1152 5268 1508 5339 Justinianus,
1536 5273 1902 5340 Alemanicus,
1925 5275 2113 5331 Gothi-

520 5375 638 5426 cus,
701 5361 1016 5423 Francicus,
1072 5361 1445 5427 Germanicus,
1505 5364 1748 5427 Anticus.
1804 5366 2106 5433 Alanicus,

517 5451 869 5508 Wandalicus
893 5493 909 5518 ,
943 5450 1156 5507 Africus
1190 5494 1204 5519 ,
1238 5452 1386 5519 Pius,
1419 5453 1567 5517 felix,
1597 5455 1884 5522 gloriosus,
1914 5457 2111 5523 victor,

520 5546 913 5616 triumphator,
942 5560 1158 5616 semper
1198 5549 1503 5617 Augustus,
1537 5546 1742 5602 Mennae
1775 5549 2112 5617 patriarchae.

601 5774 628 5801 ἰ
655 5764 752 5820 llic
779 5767 1046 5835 subjicere
1073 5766 1243 5820 visum
1275 5778 1360 5824 est
1388 5769 1629 5839 ejusdem
1661 5771 1887 5826 novellae
1911 5781 2110 5829 textum

526 5833 774 5893 Gmcum
814 5833 935 5892 cum
990 5838 1347 5894 vetustissima
1398 5833 1839 5910 interpretatione
1877 5860 2034 5914 quam
2083 5862 2116 5904 e

2217 4677 2340 4734 Kal.
2371 4679 2510 4750 Aug.
2535 4682 2946 4757 ConstantinOp.
2989 4689 3137 4749 Bilis.
3174 4709 3224 4750 v.
3264 4711 3313 4751 c.
3343 4711 3498 4755 cons.

2423 4912 2477 4969 Ἦ
2516 4923 2803 4975 ΔΙΑΤΑΞΙΣ
2840 4921 3279 4987 ἰοΥΣΤιΝιΔΝΟΥ
3319 4941 3615 4989 ΒΑΣΙΛΕοΣ

2360 5057 2510 5110 Κατὰ
2538 5054 2793 5131 ’Δνθίμου,
2825 5066 3065 5140 Σευῆρον,
3102 5068 3315 5142 Πέτρου,
3361 5071 3448 5123 καὶ
3478 5072 3683 5143 Ζωὸρα.

2289 5188 2365 5244 Ἐν
2408 5192 2616 5264 ὀνόματι
2659 5204 2750 5253 τοῦ
2791 5196 3048 5257 δεσπότου
3077 5202 3243 5262 Ἰησοῦ
3283 5212 3508 5281 Χριστοῦ
3552 5217 3649 5264 τοῦ
3698 5220 3815 5267 Θου-δ

2217 5282 2379 5352 ἡμῶν,
2408 5287 2734 5365 αὐτοκράτωρ
2766 5296 2998 5367 Καῖσαρ,
3030 5294 3243 5357 Φλάϐιος
3272 5293 3654 5369 Ἰουστινιανὸς,
3688 5302 3814 5358 ’Δὶς-

2219 5376 2455 5443 μανικὸς,
2513 5382 2775 5447 Γοτθικὸς,
2829 5389 3138 5459 Φραγγικός,
3184 5393 3521 5465 Γερμανικὸς,
3577 5396 3811 5457 Ἀντιιὲς.

2218 5469 2494 5537 ’ᾼλανικός,
2551 5473 2915 5541 Οὐανδαλικός,
2971 5475 3215 5554 Ἄφρικός,
3273 5485 3507 5551 εὐσεϐής,
3568 5491 3811 5558 εὐτυχές,

2220 5557 2443 5628 ἔνδοξος,
2473 5572 2701 5634 νικητὴς,
2722 5577 3104 5644 τροπαιοῦχος,
3133 5575 3473 5638 ἀεισέϐαστος
3510 5578 3809 5653 Δῧτονσττς.

2228 5659 2397 5726 Μηννᾷ
2427 5661 2758 5732 πατριάρχῃ.

2224 5780 2441 5848 regione
2467 5783 2753 5863 descripsit
2774 5786 2954 5863 Mansi
2986 5790 3190 5847 Concil.
3225 5802 3356 5848 tom.
3388 5794 3460 5851 IX
3482 5836 3499 5863 ,
3529 5798 3625 5854 ubi
3649 5801 3802 5855 sinsi:-

2222 5863 2314 5905 rus
2346 5855 2641 5923 prmligitur
2672 5856 2879 5932 titulus,
2903 5861 3029 5917 alibi
3052 5863 3397 5934 depravatus.
3438 5855 3600 5926 sm.
