3994 6434
286 55 407 113 9.77

1052 65 1431 134 JUSTINIAN]
1473 79 1815 136 NOVELLZE
1852 81 2223 142 SELECT/E.
2267 89 2589 151 NOVELLA
2634 97 2802 155 XLII.

3481 106 3588 163 978

365 184 596 256 ’Πρᾶγμα
618 184 703 239 οὐκ
729 182 877 249 ἄηθες
901 189 1136 267 βασιλείᾳ
1162 199 1244 250 καί
1267 197 1413 268 ἡμεῖς
1437 202 1770 270 πράττοντες,
1803 201 1873 253 ἔπι

526 273 537 290 .
673 276 704 290 ..
747 278 764 290 .
791 281 834 290 .-
1023 284 1032 290 .
1282 289 1287 290 γ

2060 201 2241 258 (ΣΑΡυτ
2282 223 2505 264 pntuuu.
2543 241 2610 252 —
2641 212 2772 268 Rem
2805 231 2910 271 non
2955 215 3226 273 insolitam
3277 219 3501 290 imperio
3529 229 3587 278 et

278 270 383 325 ’τόν
409 273 638 347 παρόντα
665 276 961 351 ἐληλύθαμεν
983 284 1149 356 νόμον.
1176 289 1376 349 Ὁσάκις
1405 293 1506 365 γὰρ
1535 294 1566 350 ἡ
1590 299 1688 346 τῶν
1719 295 1891 368 ἱερέων

280 360 460 432 We
488 387 626 426 τινας
654 376 756 422 τῶν
800 373 892 426 οὐκ
921 374 1070 438 ἀξίων
1116 385 1207 438 τῆς
1239 380 1517 454 ἱερωσύνης
1547 391 1645 439 τῶν
1692 385 1885 460 ἱερατι-

280 461 398 506 ηιῶν
431 457 744 514 κατεϐίϐασε
791 462 1000 537 θρόνων,
1045 466 1218 522 ὁποῖον
1262 470 1324 530 δὴ
1368 473 1636 548 Νεστόριόν
1681 497 1756 541 τε,
1809 480 1892 532 καί

281 546 530 618 Ἐὐτυχῄ
556 551 742 623 ’Λρειόν
781 575 860 620 τε,
893 559 976 610 καί
1023 559 1346 628 Μακεδόνων,
1378 570 1464 620 καὶ
1507 568 1764 638 Εὐνόμιον,
1804 575 1891 626 καὶ

283 633 476 699 ἄλλους
505 638 567 699 δή
593 664 735 704 τινας
762 647 835 706 είς
864 651 1039 703 κακίαν
1061 652 1148 705 οὐκ
1179 653 1415 718 ἐλάττους
1445 659 1662 727 ἐκείνων,
1691 683 1888 718 τοσαυ-

285 731 440 791 τάκις
484 735 515 791 ἡ
553 734 796 805 βασιλεία
833 741 1108 815 σύμψηφος
1143 748 1319 821 γέγονε
1348 759 1410 825 τῇ
1444 760 1545 808 τῶν
1589 755 1759 829 ἱερέων
1790 759 1888 813 αὖ·

290 823 486 896 θεντίᾳ,
514 826 650 881 ὥστε
681 832 747 884 τά
795 832 1024 909 θειότιρά
1071 858 1148 902 τε,
1199 845 1283 894 καί
1330 844 1618 919 ἀνθρώπινα
1658 847 1888 925 συνδρα-

286 914 454 983 μόντα
483 917 604 986 μίαν
637 924 932 993 συμφωνίαν
976 935 1090 988 ταῖς
1121 930 1296 1003 ὀρθαῖς
1334 939 1645 994 ποιήσασθαι
1673 940 1884 1013 ψήφοις·

283 1013 494 1061 ’Όποῖον
527 1006 588 1066 δή
618 1033 669 1066 τι
695 1015 778 1068 καί
816 1012 1040 1088 ἔναγχος
1080 1023 1340 1094 γενόμενον
1382 1033 1502 1104 περὶ
1532 1028 1760 1105 ’Ἂνθιμον
1805 1034 1889 1091 ἵσ-

275 1119 399 1169 μεν,
431 1102 745 1161 ἀπελαθέντα
776 1110 867 1177 μέν
896 1117 989 1164 τοῦ
1019 1121 1110 1174 τῆς·
1139 1115 1400 1187 βασιλίδος
1446 1102 1640 1187 ταύτης
1694 1127 1886 1191 πόλεως

283 1310 390 1356 μης
411 1291 660 1368 προέδρου
689 1298 954 1370 γεγονότος
993 1309 1081 1362 ri;
1108 1308 1238 1360 κατά
1265 1312 1356 1366 τὴν
1379 1291 1741 1390 πρεσϐυτέραν
1770 1319 1886 1370 ⁸Ρὼ-

273 1399 387 1448 parnt
413 1380 702 1453 ἁγιωτάτης
727 1385 1041 1456 Ἐκκλησίας,
1085 1393 1163 1450 οἷά
1195 1418 1250 1454 τε
1296 1404 1429 1456 κατὰ
1473 1401 1667 1475 μηδένα
1695 1409 1885 1484 τρόπον

275 1472 426 1543 αὐτῷ
474 1482 782 1550 προσήκοντι
832 1491 973 1562 παρὰ
1022 1492 1220 1552 πάντας
1271 1497 1393 1556 τούς
1432 1499 1632 1570 εὐαγεῖς
1673 1504 1884 1565 κανόνας

274 1566 746 1630 ἄπεισπηδήσαντα
797 1578 972 1648 θρόνῳ,
1017 1591 1154 1658 κοινῇ
1201 1583 1254 1639 δέ
1284 1586 1434 1660 ψήφῳ
1481 1598 1572 1645 τοῦ
1620 1615 1676 1649 τε
1723 1598 1880 1652 αὐτοῦ
1913 1588 1960 1648 Β

272 1667 380 1720 τῆς
408 1661 555 1732 ἁγίας
590 1670 790 1737 μνήμης
818 1670 998 1747 ἀνδρὸς
1027 1676 1299 1752 πρότερον,
1346 1685 1430 1735 καί
1458 1689 1554 1754 μην
1586 1688 1672 1739 καὶ
1698 1696 1788 1747 τῆς
1814 1691 1888 1743 ἐν·

270 1754 452 1810 ταῦθα
478 1760 747 1828 γενομένης
774 1763 917 1836 ἱερᾶς
943 1763 1163 1821 συνόδου
1188 1768 1672 1846 καταδεδικασμένον
1698 1799 1774 1842 τε,
1799 1784 1886 1835 καί

273 1849 644 1922 καθῃρημένον,
689 1851 820 1911 διότι
848 1863 946 1910 τῶν
987 1860 1145 1932 ὀρθῶν
1191 1863 1441 1935 ἀπεφοίτα
1473 1864 1763 1940 δογμάτων,
1791 1893 1885 1946 και

273 1934 362 1999 οἷς
388 1943 640 2019 πρότερον
661 1948 974 2021 πολλαχόθεν
998 1955 1224 2026 ἐφαίνετο
1255 1961 1506 2032 στέργων,
1538 1971 1704 2019 ταῦτα
1725 1966 1880 2022 ὕστεο

269 2052 373 2108 ρον
401 2032 655 2112 διαφόροις
698 2043 948 2117 ἀπέφευγε
976 2049 1276 2121 περινοίαις,
1308 2057 1753 2128 προσποιούμενος
1790 2062 1882 2131 μέν

275 2133 400 2186 ταῖς
429 2129 714 2207 τέσσαρσιν
753 2135 924 2208 ἁγίαις
969 2139 1200 2203 συνόδοις
1243 2147 1551 2215 ἀκολουθεῖν,
1601 2160 1663 2226 τῇ
1686 2174 1741 2208 τε
1781 2163 1880 2210 τῶν

274 2215 376 2274 ταί
418 2221 650 2298 Πατέρων
685 2233 786 2294 τῶν
816 2229 864 2281 ἐν
910 2234 1113 2305 Νικαίᾳ,
1271 2256 1326 2291 τε
1366 2246 1464 2292 τῶν
1492 2239 1537 2315 ρ’
1568 2247 1650 2296 καί
1696 2244 1732 2298 ν’
1778 2254 1880 2302 τῶν

277 2310 330 2364 ἓν
353 2315 519 2389 ταύτῃ
549 2325 613 2391 τῇ
660 2319 918 2393 εὐδαίμονι
955 2325 1119 2387 πόλει,
1151 2336 1214 2402 τῇ
1263 2351 1317 2385 τε
1369 2339 1468 2387 τῶν
1507 2336 1555 2388 έν
1585 2334 1770 2409 Ἐφέσῳ
1817 2341 1878 2396 τὸ

267 2415 485 2481 πρῶτον
536 2416 894 2484 συναχθέντων
942 2418 1010 2484 σ’,
1042 2429 1104 2496 τῇ
1134 2443 1184 2476 τε
1232 2430 1332 2478 τῶν
1373 2427 1604 2498 θεοφιλῶν
1644 2433 1875 2510 Πατέρων

272 2505 380 2550 τῶν
409 2501 458 2552 ἐν
484 2502 764 2560 Χαλκηδόνι
793 2507 896 2576 χλ’.
929 2511 1000 2563 Οὐ
1026 2518 1123 2583 μην
1144 2522 1248 2576 τοῖς
1269 2519 1462 2572 τούτων
1496 2518 1718 2593 δόγμασι
1749 2548 1873 2582 κατ-

272 2589 576 2656 ακολουθῶν,
624 2592 741 2651 οὔτε
781 2603 872 2657 τὴν
923 2603 1172 2676 ἡμετέραν
1219 2609 1611 2686 φιλανθρωπίαν,
1655 2621 1741 2672 καὶ
1783 2625 1873 2680 τήν

276 2685 694 2754 συγκατάϐασιν,
719 2689 777 2747 ἣν
798 2689 879 2745 διά
902 2697 991 2751 τήν
1014 2697 1169 2751 αὐτοῦ
1194 2705 1452 2777 σωτηρίαν
1471 2705 1683 2779 ἔχομεν,
1710 2733 1875 2788 προσ-

278 2771 362 2788 ..-
439 2777 462 2788 η
557 2779 581 2788 λ
643 2781 657 2788 -
710 2784 724 2788 -
763 2786 770 2788 μ
919 2785 932 2788 -

1338 2771 1348 2777 .
1498 2771 1539 2776 --
1573 2771 1582 2779 .
1669 2771 1677 2774 ν
1752 2771 1763 2788 .

272 2771 519 2838 δέξασθαι
547 2779 824 2852 βουληθείς,
854 2785 964 2842 οὐδέ
993 2791 1314 2869 ἀποκηρύξαι
1336 2801 1423 2852 καί
1450 2801 1603 2862 αὑτός
1623 2806 1745 2867 τοὺς
1765 2814 1866 2862 τῶν

237 2870 476 2923 ,ἀσεϐῶν
514 2870 778 2946 δογμάτων
813 2880 1088 2955 ἀρχηγοὺς
1142 2891 1264 2950 τούς
1320 2894 1422 2947 ὑπό
1469 2903 1570 2950 τῶν
1605 2903 1870 2976 προτέρων

274 2953 294 2970 .
353 2955 366 2976 ρ
469 2959 481 2974 .
521 2959 550 2976 ο
584 2961 630 2976 ω
723 2964 735 2976 .
1001 2968 1043 2976 --
1265 2973 1276 2976 -

2000 307 2096 347 nos
2124 294 2401 368 facientes,
2431 302 2496 356 ad
2522 315 2842 371 praesentem
2872 310 3120 365 venimus
3144 311 3334 378 legem.
3357 313 3586 379 Quoties

1996 388 2138 440 enim
2167 391 2505 447 sacerdotum
2537 399 2801 451 sententia
2830 399 3088 468 quosdam
3121 401 3368 470 indignos
3394 417 3582 458 sacer-

1992 475 2216 534 dotiode
2239 484 2408 538 sacris
2433 485 2651 544 sedibus
2688 489 2933 560 deposuit
2951 494 2968 561 (
2989 495 3439 562 quemadmodum
3473 496 3582 552 Ne-

1993 573 2215 627 storium
2239 619 2253 642 ,
2301 578 2619 650 Eutychen],
2656 585 2863 650 Arium,
2896 585 3283 655 lliacedonium,
3311 597 3367 644 et
3398 589 3580 643 Euno-

1993 665 2157 719 mium
2182 708 2196 731 ,
2242 683 2304 723 ac
2335 672 2592 738 quosdam
2623 675 2757 731 alios
2786 679 2852 731 ad
2881 677 3216 746 iniquitatem
3261 695 3365 734 non
3400 681 3579 736 mino-

1994 773 2085 814 res
2116 760 2263 832 illis),
2300 765 2458 820 toties
2488 767 2774 838 imperium
2809 771 3047 839 ejusdem
3097 775 3380 828 sententiae
3409 784 3461 828 et
3491 788 3582 827 or-

1992 847 2285 908 dinationis
2315 870 2436 911 cum
2467 860 2806 916 sacerdotum
2849 864 3170 920 auctoritate
3217 865 3331 919 fuit.
3383 866 3582 936 Sicque
3619 878 3628 886 '

1991 943 2173 1000 divina
2203 953 2260 1002 et
2295 948 2526 1005 humana
2558 954 2760 1022 pariter
2790 957 3166 1011 concurrentia
3198 972 3358 1012 unam
3389 971 3584 1012 conso-

1992 1043 2226 1118 nantiam
2259 1047 2422 1100 rectis
2461 1049 2744 1104 sententiis
2789 1048 2966 1105 fecere
2997 1067 3010 1103 :
3040 1050 3491 1121 quemadmodum
3523 1061 3582 1105 et:

1991 1145 2170 1200 nuper
2200 1133 2398 1190 factum
2431 1153 2552 1193 esse
2578 1139 2722 1194 circa
2755 1142 3069 1196 Authimum
3099 1143 3322 1208 scimus,
3351 1143 3438 1212 qui
3466 1143 3585 1212 qui-

1989 1221 2111 1278 dem
2144 1225 2383 1297 dejectus
2405 1239 2487 1284 est
2515 1229 2584 1286 de
2609 1232 2738 1288 sede
2766 1231 2924 1302 hujus
2974 1233 3134 1303 regiae
3189 1235 3334 1288 urbis
3381 1243 3585 1289 sanctas

1989 1328 2044 1374 et
2069 1320 2322 1389 gloriosae
2351 1325 2628 1380 memorize
2672 1327 2899 1396 Agapito
2940 1327 3295 1382 sanctissimae
3331 1327 3581 1382 ecclesias

1989 1415 2222 1478 antiquae
2268 1417 2452 1472 Romae
2497 1419 2783 1488 pontifice;
2835 1435 2901 1475 eo
2931 1420 3074 1491 quod
3103 1419 3252 1474 nullo
3282 1419 3444 1474 modo
3474 1419 3582 1475 sibi

1991 1507 2090 1576 ipsi
2120 1513 2468 1567 convenienti
2520 1514 2748 1581 (contra
2790 1529 2981 1570 omnes
3013 1529 3196 1569 sacros
3223 1512 3491 1583 canones)
3519 1528 3580 1568 se

1987 1601 2278 1658 intruserat
2326 1604 2466 1670 sedi,
2522 1607 2615 1660 sed
2665 1615 2720 1661 et
2765 1607 3034 1661 communi
3084 1606 3348 1661 sententia
3408 1605 3581 1673 ipsius

1987 1704 2190 1749 sancte
2250 1697 2523 1750 memoriae
2579 1697 2679 1752 viri
2731 1700 2992 1768 primum,
3027 1707 3188 1767 atque
3223 1698 3383 1752 etiam
3410 1711 3581 1752 sacrze

1961 1784 1964 1787 ’
1995 1787 2190 1856 synodi
2223 1786 2308 1841 hic
2337 1788 2622 1843 celebratae
2652 1791 3046 1845 condemnatus
3074 1801 3128 1846 et
3148 1789 3426 1858 depositus
3454 1787 3578 1855 fuit,

1987 1892 2054 1932 eo
2083 1878 2226 1947 quod
2257 1893 2286 1932 a
2317 1880 2481 1936 rectis
2511 1881 2850 1950 dogmatibus
2881 1884 3135 1948 recessit;
3165 1890 3220 1939 e‘t
3265 1899 3385 1951 quas
3423 1885 3578 1953 prius

1991 1968 2268 2024 multoties
2321 1969 2547 2041 diligere
2602 1972 2919 2039 videbatur,
2951 1973 3067 2029 haec
3095 1974 3311 2030 demum
3341 1971 3578 2030 diversis

1985 2058 2396 2116 lustrationibus
2455 2061 2826 2134 [fraudibus]
2877 2063 3047 2134 fugit;
3097 2065 3354 2120 simulans
3421 2064 3581 2134 sequi

1983 2160 2200 2204 sanctas
2238 2159 2469 2220 quatuor
2497 2154 2730 2224 synodos
2762 2155 3148 2218 (trecentorum
3186 2156 3438 2212 videlicet
3467 2156 3569 2210 de-

1986 2256 2103 2296 cem
2135 2251 2189 2297 et
2216 2254 2338 2297 octo
2369 2245 2584 2300 Patrum
2626 2247 2681 2302 in
2731 2247 2928 2315 Nicaea,
2971 2258 3025 2304 et
3059 2257 3274 2304 centum
3305 2249 3578 2320 quinqua-

1988 2330 2133 2399 ginta
2166 2332 2218 2386 in
2254 2333 2353 2387 hac
2387 2333 2527 2391 felici
2554 2337 2811 2403 civitate;
2836 2349 2890 2394 et
2915 2340 2967 2395 in
3001 2340 3216 2411 Epheso
3247 2342 3421 2410 primo
3446 2356 3578 2396 con-

1986 2433 2328 2493 gregatarum
2359 2426 2740 2492 ducentorum,
2759 2437 2814 2484 et
2833 2440 3213 2486 sexcentorum
3237 2432 3451 2501 triginta
3480 2446 3578 2486 ve-

1954 2513 2302 2568 nerabilium
2334 2513 2548 2570 Patrum
2588 2517 2640 2571 in
2670 2517 3058 2590 Chalcedone).
3089 2524 3158 2575 At
3205 2520 3420 2591 quidem
3473 2536 3576 2577 nec

1985 2606 2210 2661 istorum
2247 2608 2498 2678 dogmata
2527 2612 2710 2681 sequi,
2744 2629 2843 2669 nec
2872 2626 3110 2671 neSIram
3150 2616 3492 2672 clementiam
3521 2625 3580 2672 et

1977 2697 2407 2755 condr-scensum
2436 2742 2449 2766 ,
2499 2717 2657 2772 quem
2690 2714 2910 2775 propter
2950 2707 3117 2777 ipsius
3147 2708 3374 2765 salutem
3409 2710 3580 2764 liabe-

1983 2792 2192 2858 bamus,
2211 2796 2490 2863 suscipere
2520 2795 2718 2862 voluit;
2751 2813 2925 2868 neque
2951 2799 3068 2868 ipse
3093 2800 3344 2857 abdicare
3376 2811 3568 2856 aucto-

1981 2898 2071 2939 res
2099 2884 2385 2953 impiorum
2407 2885 2738 2955 dogmatum,
2767 2890 2858 2959 qui
2887 2892 3033 2959 prius
3059 2907 3088 2944 a
3114 2892 3316 2947 sanctis
3346 2893 3568 2962 synodis

266 2953 434 3026 ἇγίων
461 2953 858 3034 ἐκϐεξλημένους
893 2968 1138 3026 συνόδων·
1174 2973 1277 3029 ἀλλ’
1306 2978 1528 3049 οἰόμενος
1560 2953 1870 3060 χρηναιικαὶ

1977 2975 2186 3048 expulsi
2240 2953 2501 3046 fuerant;
2549 2979 2644 3035 sed
2693 2953 2898 3050 putavit
2959 2992 3212 3054 oportere
3267 2986 3569 3042 secundum

267 3053 375 3102 τῶν
425 3053 555 3106 κατά
595 3057 781 3110 ταυτὸν
826 3063 910 3114 καί
939 3061 988 3115 έν
1028 3061 1125 3134 ἴσῳ
1167 3070 1288 3128 τοὺς
1319 3071 1865 3150 καταδεδικασμένους,

265 3140 393 3198 τούς
436 3161 491 3194 τι
533 3143 980 3213 κατκδικάσαντας
1028 3150 1187 3228 ἄγειν.
1216 3156 1381 3227 Ἀπαξ
1425 3168 1522 3243 γάρ
1560 3177 1674 3230 ταῖς
1719 3171 1869 3227 ἀλλο·

266 3234 439 3306 τρίαις
489 3242 581 3296 τῆς
610 3237 896 3310 ἁγιωτάτης
947 3247 1215 3311 ἐκκλησίας
1263 3254 1464 3316 ἐννοίαις
1509 3259 1868 3338 κατανδραπο-

270 3320 302 3338 .
362 3325 386 3338 ..
421 3327 431 3338 .
582 3330 591 3338 -
666 3337 683 3338 η
755 3333 765 3338 -
815 3335 827 3338 -
960 3337 967 3338 κ

1701 3320 1712 3338 θ

270 3320 482 3390 δισθείς,
509 3330 594 3380 καί
619 3337 719 3383 τῶν
746 3333 902 3407 ὀρθῶν
927 3337 1317 3414 ἡλλοτριωμένος
1341 3345 1629 3420 δογμάτων,
1664 3352 1868 3418 εἰκότως

269 3418 344 3479 είς
391 3424 483 3478 τήν
535 3425 699 3479 αὐτῶν
749 3428 836 3480 οὐκ
871 3427 1100 3501 ἴσχυσεν
1152 3438 1433 3495 ἐπανελθεῖν
1465 3446 1735 3518 ὀρθότητα,
1785 3454 1867 3504 καί

237 3510 240 3512 ⁷
268 3517 435 3568 ταῦτα
461 3515 586 3590 παρ’
617 3519 758 3595 ἡμῶν
783 3524 868 3575 καί
912 3532 1231 3600 προτραπεὶς
1271 3536 1351 3586 καί
1407 3535 1686 3609 ὁδηγηθεὶς,
1733 3549 1868 3599 πᾶσι

272 3611 620 3683 χρησαμένων
647 3613 870 3690 σπουδῇ,
908 3621 1037 3694 πρὸς
1066 3627 1156 3679 τήν
1179 3630 1438 3700 σωτηρίαν
1461 3637 1550 3690 τήν
1577 3637 1754 3692 αὐτοῦ.

342 3701 430 3755 Διά
463 3710 632 3759 ταῦτα
678 3709 845 3761 τοίνυν
876 3706 1106 3778 ἅπαντα,
1139 3719 1227 3773 τὴν
1276 3723 1543 3791 γενομένην
1592 3726 1670 3780 ἐπ’
1723 3731 1864 3806 αὐτῷ

268 3800 362 3853 τῆς
390 3797 733 3872 καθαιρέσεως
775 3801 936 3874 ψῆφον
959 3807 1102 3876 παρά
1130 3816 1221 3868 τῆς
1266 3809 1414 3883 ἁγίας
1456 3816 1696 3882 συνόδου,
1736 3845 1863 3900 προ-

266 3888 420 3958 φάσει
451 3897 541 3950 τῆς
581 3911 635 3944 τε
661 3894 716 3945 οὺ
758 3893 988 3962 Θεμιτῆς,
1019 3895 1137 3952 οὐδέ
1176 3903 1276 3956 ηΣπό
1305 3912 1402 3958 τῶν
1447 3906 1603 3981 ἁγίων
1648 3917 1860 3972 κανόνων

266 3983 695 4054 μαρτυρουμένης
748 3994 848 4042 τῶν
901 3998 993 4048 τῆς
1047 3989 1306 4060 βασιλίδος
1353 3997 1546 4062 ταύτης
1597 4005 1861 4076 ίερατικῶν
1927 4005 1930 4008 ’

265 4071 452 4146 θρόνων
479 4073 852 4148 ἁρπαγῆς,-καὶ
876 4087 969 4142 τῆς
997 4083 1099 4138 ἀπό
1130 4092 1228 4140 τῶν
1269 4089 1426 4163 ὀρθῶν
1451 4115 1506 4148 τε
1548 4101 1633 4152 καί
1668 4099 1860 4159 ἀληθῶν

263 4161 532 4234 δογμάτων
569 4168 838 4242 ἐκτροπῆς,
869 4176 1044 4247 κυρίαν
1075 4177 1105 4234 ἡ
1137 4179 1358 4256 ἡμετέρα
1384 4188 1573 4242 τίθεται
1600 4191 1855 4261 βασιλεία,

263 4257 348 4308 καὶ
391 4257 475 4309 ἐπί
499 4259 701 4319 τούτοις
728 4263 814 4315 τόν
843 4267 1072 4340 παρόντα
1117 4271 1292 4345 γράφει
1320 4276 1488 4348 νόμον.
1520 4279 1858 4363 Ἀπαγορεύο-

389 4347 434 4363 ε..
512 4353 524 4363 .
580 4362 586 4363 ,
705 4359 715 4363 -
983 4362 987 4363 ν

1979 3072 2151 3141 ipsum
2185 3082 2238 3128 et
2292 3075 2345 3128 in
2389 3075 2580 3143 aequali
2608 3075 2806 3159 ducere
2835 3086 2890 3132 et
2916 3081 3319 3147 condemnatos,
3349 3090 3406 3137 et
3433 3096 3571 3137 con-

1974 3162 2339 3219 demnatores.
2377 3164 2509 3220 Nam
2540 3168 2708 3222 semel
2739 3168 2930 3225 alienis
2955 3185 2984 3224 a
3011 3172 3347 3227 sanctissima
3384 3174 3569 3229 Eccle-

1973 3255 2056 3310 sia
2088 3256 2450 3315 intellectibus
2483 3260 2815 3330 mancipatus
2844 3306 2858 3328 ,
2892 3271 2947 3316 et
2972 3277 3000 3316 a
3033 3264 3196 3318 rectis
3227 3265 3568 3336 dogmatibus

1974 3347 2262 3417 alienatus,
2297 3350 2492 3408 merito
2519 3352 2586 3407 ad
2625 3352 2866 3421 ipsorum
2925 3357 3306 3414 rectitudinem
3364 3363 3568 3416 reverti

1973 3453 2080 3492 non
2111 3439 2297 3505 valuit,
2336 3441 2498 3496 etiam
2530 3442 2594 3496 ad
2627 3443 2742 3499 haec
2789 3444 3046 3502 invitatus
3075 3463 3104 3503 a
3137 3449 3290 3504 nobis
3320 3461 3374 3506 et
3417 3451 3566 3508 direv

1969 3539 2111 3597 ctus,
2139 3533 2229 3600 qui
2260 3534 2407 3586 omni
2437 3534 2616 3589 studio
2645 3536 2727 3590 usi
2757 3551 2942 3593 sumus
2963 3539 3029 3594 ad
3064 3539 3230 3610 ipsius
3253 3543 3510 3601 salutem.

2042 3731 2266 3801 Propter
2291 3732 2405 3790 haec
2434 3735 2596 3805 igitur
2622 3740 2822 3807 omnia,
2853 3743 3174 3801 sententiam
3197 3747 3553 3818 depositionis

1966 3821 2019 3878 in
2074 3826 2246 3894 ipsum
2304 3843 2334 3881 a
2391 3839 2580 3885 sancta
2611 3834 2818 3904 synodo
2848 3833 3045 3893 factam
3077 3843 3417 3899 occasionem
3449 3861 3561 3903 non

1965 3914 2140 3981 liciti,
2174 3932 2350 3988 neque
2378 3935 2408 3975 a
2439 3925 2640 3978 sanctis
2691 3930 2987 3986 canonibus
3038 3936 3316 4004 approbati
3373 3951 3560 4009 raptus

1965 4022 2240 4064 sacrarum
2268 4013 2477 4068 sedium
2513 4016 2672 4088 hujus
2703 4023 2864 4091 regia:
2894 4025 3037 4082 urbis
3061 4067 3076 4093 ,
3116 4040 3171 4084 et
3196 4035 3494 4091 aversionis
3524 4053 3559 4092 α

1963 4101 2125 4154 rectis
2155 4111 2209 4156 et
2237 4105 2376 4159 veris
2417 4107 2756 4178 dogmatibus
2781 4158 2796 4181 ,
2857 4115 3065 4173 ﬁrmam
3106 4132 3346 4178 nostrum
3379 4127 3560 4183 reddit

1968 4194 2349 4267 imperium,et
2369 4213 2553 4258 contra
2587 4205 2746 4260 istum
2779 4223 3100 4277 praesentem
3138 4215 3324 4270 scribit
3356 4216 3553 4286 legem.

1963 4287 2340 4347 lnterdicimus
2386 4307 2563 4351 autem
2615 4314 2670 4354 et
2713 4301 2762 4355 ei
2811 4308 3133 4360 commorari
3173 4309 3227 4364 in
3273 4311 3372 4365 hac
3403 4310 3553 4369 felici

261 4367 355 4422 μιν
383 4347 437 4403 δέ
467 4353 561 4406 αὐτ
576 4362 602 4424 ξ)
631 4359 717 4409 καί
745 4365 836 4418 τῆς
867 4362 999 4414 κατά
1039 4367 1128 4421 την
1155 4363 1424 4440 εὐδαίμονα
1466 4380 1654 4437 ταύτην
1692 4383 1853 4448 πόλιν,

265 4447 346 4469 ---Α
376 4455 431 4469 _~
453 4468 458 4469 ,
538 4468 546 4469 κ
692 4448 734 4469 ιθ
863 4454 875 4469 ιι
927 4462 948 4469 ..
1028 4454 1052 4469 α
1204 4461 1227 4469 ,ι
1243 4468 1258 4469 η

2618 4347 2669 4354 _-
2715 4347 2762 4355 -.
2813 4347 3133 4360 -ν......υ.....
3273 4347 3372 4365 ...ιν
3403 4347 3553 4369 mu...

1977 4379 2183 4436 :ivitate
2212 4393 2264 4438 et
2295 4383 2412 4454 ejus
2444 4388 2720 4455 districto,
2776 4407 2838 4446 ac
2873 4395 2926 4448 in
2965 4412 3282 4469 quacunque
3335 4403 3438 4457 alia
3470 4407 3556 4460 in-

263 4447 461 4507 καὶτῆς
486 4448 791 4525 περιοικίδος
818 4454 980 4516 αὐτῆς
1024 4454 1310 4533 διατριϐῆς,
1352 4471 1436 4520 καί
1477 4473 1650 4533 πάσης
1677 4476 1855 4552 ἐτέρας

264 4543 365 4591 τῶν
396 4539 656 4612 ἐπισήμων
705 4543 908 4610 πόλεων,
957 4547 1279 4612 θεσπίζοντες
1311 4555 1383 4625 ἐφ’
1432 4561 1668 4632 ἡσυχίας
1704 4563 1853 4632 εἶναι,

220 4631 222 4634 ’
264 4637 348 4687 καὶ
390 4637 595 4698 τούτοις
642 4642 892 4714 στέργειν,
940 4640 1013 4703 οἷς
1057 4644 1238 4701 ἑαυτὸν
1284 4649 1435 4713 ἀξίως
1476 4656 1713 4723 ὑπέθηκε,
1765 4665 1855 4716 καί

261 4727 386 4796 μήτε
409 4729 540 4781 τισίν
564 4731 923 4795 ἐπικοινωνεῖν,
951 4746 1080 4805 μήτε
1113 4738 1392 4806 ἐκϐιϐάζειν
1422 4747 1608 4808 αὐτοὺς
1634 4756 1724 4808 τὴν
1752 4763 1852 4809 τῶν

263 4815 678 4892 ἀπηγορευμένων
719 4821 984 4896 δογμάτων
1027 4830 1304 4897 ἀπώλειαν.
1353 4838 1424 4890 Οὐ
1475 4847 1576 4910 μην
1605 4841 1720 4897 οὐδέ
1763 4854 1851 4908 τήν

263 4907 464 4972 δικαίως
492 4915 842 4986 ἐξενεχθεῖσαν
873 4923 1000 4975 κατά
1040 4934 1256 5018 Σευῆρον
1289 4932 1475 5009 ψῆφον,
1506 4939 1598 4992 τήν
1639 4937 1693 4992 ἐκ
1725 4944 1857 4997 πάν-

264 5020 379 5067 των,
399 5005 467 5064 ὡς
490 5006 663 5072 εἰπεῖν,
691 5015 788 5062 τῶν
815 5005 1177 5100 ἀρχιερατικῶ
1195 5059 1281 5105 τε,
1309 5028 1400 5082 καὶ
1421 5043 1854 5108 πατριαρχικῶν,

264 5096 386 5164 μετά
414 5103 506 5157 τῆς
548 5108 826 5169 μοναχικῆς
868 5113 1089 5176 συναινέσ

1090 5151 1175 5211 ea):
1227 5117 1607 5211 προελθοῦσαν
1636 5128 1862 5207 θρόνων,

263 5191 345 5246 τὴν
371 5191 455 5245 τόν
483 5192 870 5262 ἀναθεματισμόν
893 5195 1096 5279 inin/0U-
1113 5179 1175 5230 ωῙ

911 5212 1161 5304 ῖτ²7ουθῆβ
1202 5219 1402 5301 αὐτῷ,
1443 5212 1720 5293 βασιλικῆς
1758 5225 1872 5295 ἔξω

1251 5279 1273 5285 ν
1339 5279 1350 5286 .
1444 5279 1452 5282 -
1563 5279 1711 5293 ...μνη
1762 5279 1780 5281 -
1800 5279 1871 5295 τ..

261 5279 689 5352 καταλιμπάνομεν
734 5283 1014 5367 έπικνρὼσεαἱ
1064 5279 1142 5342 νίν
1202 5279 1238 5301 μ
1287 5308 1506 5378 ἅτερον
1650 5331 1677 5372 Ι,
1718 5326 1881 5380 τοὺ-

261 5361 418 5412 ἱεροὺς
460 5369 668 5412 θεσμοὺς
695 5366 940 5412 γαταλαϐώυ
1014 5351 1046 5412 9.
1097 5379 1154 5409 1"
1363 5400 1392 5407 -
1423 5411 1432 5412 ,
1552 5349 1682 5412 παρέ
1852 5366 1873 5389 ⁵

995 5357 1012 5367 ν
1287 5357 1500 5378 "'1"
1552 5357 1584 5386 π
1650 5357 1663 5372 ’
1718 5357 1880 5389 ἰυυῗ

260 5361 940 5484 ﬁerifieri.ficii“
962 5357 1046 5484 τί)
1079 5357 1279 5484 ego?”
1306 5400 1437 5484 τῆς
1483 5357 1893 5484 afﬁne»

260 5452 524 5526 ἁγιωτάτης
551 5459 794 5518 ἐκκλησίας,
819 5455 927 5530 οὕτω,
967 5444 1320 5552 ὀθῃὶάνθέἰν
1388 5444 1705 5552 ἆπῖεουπσξ·

209 5583 213 5586 .
255 5549 596 5618 μιταπσποίηκε
636 5551 834 5620 ταραχῆς,
867 5576 905 5651 6;
938 5543 970 5659 Oi

896 5628 1094 5762 θῦε

901 5749 1010 5809 /,/

876 5795 964 5892 Μ

1509 5667 1587 5765 ττιίβ

1017 5507 1320 5640 ίίίῖηθτῖῗ
1382 5507 1586 5636 ῖπίθτρι
1651 5512 1897 5589 οὕτω

1033 5628 1052 5640 ι
1168 5617 1209 5640 λι
1425 5611 1486 5640 ουρ
1705 5627 1897 5640 -μ-νλμ

1961 4470 2100 4540 signi
2128 4474 2344 4528 civitate
2372 4478 2675 4534 sancientes
2721 4481 2772 4536 in
2803 4485 2981 4552 quiete
3007 4500 3127 4544 esse
3151 4532 3165 4556 ,
3219 4501 3275 4546 et
3319 4493 3386 4547 iis
3416 4510 3552 4550 con-

1963 4567 2163 4616 tentum
2195 4578 2318 4619 esse
2342 4606 2358 4632 ,
2407 4567 2602 4636 quibus
2630 4571 2862 4640 seipsum
2889 4578 3083 4634 merito
3106 4580 3392 4639 obnoxium
3424 4587 3550 4642 red-

1960 4652 2126 4719 didit;
2155 4662 2211 4710 et
2239 4671 2344 4712 non
2376 4659 2643 4730 aliquibus
2672 4671 3090 4739 communicare,
3118 4688 3292 4746 neque
3315 4693 3410 4734 eos
3441 4681 3548 4735 im-

1962 4742 2126 4800 buere
2157 4747 2210 4800 in
2242 4747 2598 4818 perditionem
2621 4755 3030 4818 interdictorum
3073 4742 3403 4837 dogmatum.
3435 4772 3548 4829 Nec

1961 4835 2146 4906 utique
2170 4848 2320 4894 extra
2343 4841 2677 4912 imperialem
2693 4852 3157 4914 confirmationem
3187 4862 3547 4933 relinquimus

1916 4947 1918 4954 τ
1961 4930 2284 4985 sententiam
2312 4929 2456 4998 juste
2477 4946 2663 4993 contra
2694 4939 2956 5001 Severum
2997 4949 3183 5020 latam,
3216 4968 3278 5008 ac
3317 4929 3382 5009 ex
3433 4973 3551 5012 om-

1917 5035 1920 5038 ‘
1964 5019 2120 5075 uibus
2157 5021 2251 5092 (ut
2275 5023 2348 5077 ita
2377 5027 2652 5102 dicamus)
2685 5037 3078 5102 pontiﬁcalibus
3119 5019 3175 5097 et
3212 5046 3550 5112 patriarcha-

1969 5113 2108 5170 libus
2137 5113 2264 5186 (una
2292 5133 2414 5174 cum
2445 5125 2776 5182 monachicis
2816 5133 3192 5205 consensibus)
3226 5140 3551 5205 provenien-

1977 5216 2079 5264 tem
2129 5209 2380 5282 sedibus,
2429 5226 2485 5269 et
2515 5219 3017 5278 anathematismum
3051 5227 3149 5295 ipsi
3181 5230 3501 5287 inferentem
3529 5248 3548 5288 :

1984 5306 2072 5377 qui
2099 5305 2242 5376 prius
2271 5316 2454 5362 contra
2483 5324 2663 5366 Sacras
2688 5316 2995 5370 ‘sauctiones
3020 5321 3331 5388 accipiendo
3360 5323 3548 5381 sedem

1993 5401 2331 5460 sanctissima:
2358 5401 2598 5458 ecclesia:
2624 5403 3168 5479 Theopolitanorum,
3197 5416 3273 5469 sic
3303 5416 3550 5474 universa

1952 5522 1957 5528 λ
2001 5503 2338 5569 conturbavit,
2370 5504 2552 5571 sicque
2572 5505 2926 5562 accumulatas
2948 5510 3278 5569 turbationes
3308 5513 3431 5569 fecit
3450 5559 3466 5584 ,
3490 5523 3552 5573 ut

1135 5581 1306 5678 ;,va
1382 5600 1486 5675 »τρί
1523 5581 1586 5662 fit
1651 5581 1907 5686 ;€¢.°,
1966 5633 1970 5644 .
2009 5581 2273 5660 commune
2298 5595 2558 5666 quondam
2588 5612 2648 5654 ac
2674 5598 3028 5657 abominabile
3075 5604 3271 5661 bellum
3316 5607 3545 5664 sanctis-

1509 5663 1644 5710 Chl/IV
