4020 6232
480 308 535 359 II

1817 308 1871 357 S.
1910 305 2182 360 JOANNIS
2219 306 2410 361 PAP£
2449 307 2517 361 III

3772 309 3837 373 12

474 412 568 486 (a),
595 427 818 468 menses
847 410 1131 482 undecim,
1160 410 1279 469 dies
1308 411 1509 485 viginti
1534 427 1652 468 sex.
1683 410 1780 465 Hic
1815 410 2105 482 ampliavit
2126 427 2184 499 Α
2212 412 2360 487 (Cod.
2396 416 2548 477 Luc.,
2583 415 2682 467 aut
2717 414 2867 467 certe
2908 415 2964 466 et
2999 409 3299 485 civitatem]
3360 410 3698 481 Romanam,
3740 417 3840 468 aut

478 505 629 580 [Cod.
655 510 806 570 Luc.,
837 506 1064 581 amavit]
1096 510 1153 562 et
1171 506 1504 562 restauravit
1537 502 1856 560 coemeteria
1879 511 2101 561 sancto-

471 617 604 655 rum
628 605 967 673 martyrum.
992 600 1092 656 Hic
1122 599 1411 656 constituit
1439 603 1502 654 ut
1526 597 1833 653 oblatidnes
1859 602 1917 654 et
1938 616 2102 655 amu-

470 693 561 761 laa,
599 693 688 749 vel
727 693 1031 749 luminaria
1069 693 1131 748 in
1174 692 1370 748 eadem
1406 689 1728 746 coemeteria
1765 706 1871 761 per
1906 709 2104 748 omnes

471 786 780 841 dominicas
821 787 889 842 de
914 785 1201 842 Lateranis
1236 784 1716 839 ministrarentur.
1746 784 1843 839 Hic
1869 786 2106 856 perfecit

468 879 763 935 ecclesiam
788 884 1111 935 sanctorum
1136 876 1385 949 Philippi
1424 881 1481 932 et
1502 876 1710 946 Jacobi,
1741 881 1799 931 et
1823 877 2103 933 dedicavit

471 989 621 1029 eam.

539 1066 749 1121 Eodem
776 1068 1029 1135 tempore
1052 1064 1206 1119 Ernli
1241 1061 1483 1135 (Forsan,
1516 1064 1710 1119 Heruli
1737 1064 1799 1119 in
1821 1065 2095 1138 Tusciam]

468 1159 529 1213 in
552 1158 809 1213 Tursiam
841 1155 989 1229 [Cod.
1024 1160 1176 1218 Luc.,
1221 1155 1488 1228 Tassiam]
1519 1156 1800 1227 exierunt,
1843 1163 1901 1212 et
1948 1158 2099 1213 leva-

468 1256 673 1308 verunt
710 1250 817 1305 sibi
871 1266 1067 1321 regem
1125 1249 1359 1305 Sindual
1412 1248 1560 1321 (Cod.
1609 1253 1759 1313 Luc.,
1802 1250 2097 1324 Sinduad],

468 1350 525 1402 et
548 1343 885 1417 premebant
921 1346 1182 1398 cunctam
1225 1342 1459 1397 Italiam.
1499 1346 1569 1397 At
1607 1358 1866 1413 egressus
1901 1345 2101 1400 Narses

467 1438 538 1495 ad
564 1453 716 1506 eum,
747 1435 1031 1491 interfecit
1054 1452 1250 1507 regem
1284 1432 1430 1507 [Cod.
1459 1438 1610 1499 Luc.,
1650 1436 1980 1492 interfectus
2018 1442 2103 1493 est

467 1530 614 1605 rex],
655 1534 713 1585 et
747 1544 979 1585 omnem
1024 1532 1253 1599 gentem
1290 1527 1591 1583 Erulorum
1619 1528 1723 1583 sibi
1758 1529 2097 1601 subjugavit.

466 1624 679 1680 Deinde
720 1623 877 1678 venit
917 1621 1196 1692 Amingus
1233 1620 1347 1675 dux
1384 1621 1750 1692 Francorum,
1795 1628 1852 1678 et
1902 1624 2098 1679 Bucel-

464 1716 615 1772 linus
635 1715 727 1787 (ὁ),
754 1719 811 1770 et
835 1713 1008 1770 simili
1024 1713 1196 1768 modo
1215 1713 1323 1785 ipsi
1343 1714 1679 1785 premebant
1704 1714 1941 1771 Italiam.
1967 1716 2096 1785 Sed,

2204 510 2355 562 certe
2408 505 2670 578 gentibus
2735 505 3131 560 deserviemus.
3195 505 3315 569 Quo
3366 503 3579 572 audito,
3639 505 3841 561 Narses

2204 599 2348 655 dixit
2376 616 2389 655 :
2424 600 2484 656 Si
2512 600 2661 654 mala
2684 598 2792 653 feci
2835 599 3138 667 Romanis;
3171 598 3317 651 male
3347 596 3655 653 inveniam.
3684 600 3839 653 Tunc

2204 709 2462 763 egressus
2491 693 2691 747 Narses
2716 693 2785 747 de
2824 694 3026 760 Roma,
3052 691 3206 745 venit
3247 690 3307 744 in
3357 690 3747 761 Campaniam,
3783 698 3841 746 et

2203 786 2426 858 scripsit
2501 784 2656 857 genti
2720 784 3224 856 Langobardorum
3290 786 3357 837 ut
3426 782 3716 852 venirent,
3784 789 3841 838 et

2201 878 2557 949 possiderent
2584 878 2819 933 Italiam.
2854 879 2921 932 Ut
2946 876 3215 947 cognovit
3236 876 3478 930 Joannes
3501 892 3665 947 papa,
3703 876 3840 947 quia

2202 971 2628 1042 suggestionem
2662 987 2819 1025 suam
2859 969 2931 1025 ad
2970 968 3376 1040 imperatorem
3405 972 3602 1023 contra
3645 969 3840 1023 Narse—

2200 1067 2318 1119 tem
2373 1064 2679 1132 misissent,
2721 1062 2961 1117 festinus
2999 1061 3154 1115 venit
3203 1060 3515 1131 Neapolim,
3558 1060 3837 1131 carpitque

2201 1172 2334 1212 eum
2357 1157 2602 1213 Joannes
2630 1171 2777 1227 papa
2807 1170 3033 1225 rogare,
3067 1158 3128 1209 ut
3152 1158 3531 1208 reverteretur
3571 1154 3836 1209 Romam.

2200 1252 2351 1307 Tunc
2386 1252 2585 1307 Narses
2625 1248 2767 1303 dixit
2820 1248 2870 1302 ei
2912 1265 2927 1303 :
2973 1247 3088 1317 Dic,
3135 1247 3450 1302 santissime
3492 1264 3657 1319 papa,
3697 1248 3839 1319 quid

2200 1346 2339 1400 mali
2364 1344 2472 1400 feci
2509 1341 2822 1399 Romanis?
2872 1341 3082 1396 Vadam
3127 1340 3199 1396 ad
3242 1340 3413 1411 pedes
3452 1341 3573 1411 ejus
3621 1340 3720 1411 qui
3746 1356 3838 1395 me

2198 1438 2375 1507 misit,
2426 1442 2491 1492 ut
2532 1439 2838 1507 cognoscat
2889 1434 3076 1489 omnis
3125 1433 3301 1502 Italia,
3359 1432 3649 1505 quomodo
3703 1434 3839 1488 totis

2199 1530 2412 1585 viribus
2439 1529 2691 1583 laboravi
2715 1544 2821 1601 pro
2847 1544 2934 1583 ea.

2272 1622 2585 1694 Respondit
2597 1623 2839 1676 Joannes
2853 1636 3017 1692 papa,
3041 1618 3232 1674 dicens
3252 1634 3265 1670 :
3287 1618 3460 1674 Citius
3484 1636 3592 1690 ego
3610 1619 3835 1689 vadam,

2199 1732 2372 1789 quam
2395 1720 2458 1771 tu
2483 1716 2553 1770 de
2587 1715 2695 1768 hac
2730 1718 2881 1768 terra
2918 1727 3178 1783 egressus
3218 1711 3413 1791 fueris.
3447 1713 3724 1768 Reversus
3752 1718 3841 1768 est

465 1808 773 1865 auxiliante
797 1806 1061 1877 Domino,
1089 1810 1146 1862 et
1170 1806 1277 1877 ipsi
1301 1822 1335 1876 a
1362 1806 1589 1862 Narsete
1625 1807 1909 1864 interfecti
1946 1813 2097 1864 sunt.
2122 1797 2177 1868 Β
2201 1826 2341 1881 ergo
2392 1809 2591 1863 Narses
2630 1823 2761 1862 cum
2808 1806 3022 1861 Joanne
3067 1804 3418 1859 sanctissimo
3462 1822 3628 1877 papa.
3681 1808 3840 1861 Tunc

466 1904 600 1959 Erat
624 1916 764 1973 ergo
791 1905 911 1957 tota
934 1899 1089 1956 Italia
1108 1898 1381 1970 gaudens.
1421 1899 1574 1955 Tunc
1614 1900 1857 1955 Romani
1886 1900 1969 1973 (c),
2009 1903 2100 1957 in-

464 1995 615 2052 vidia
648 1993 801 2050 ducti
848 1996 1256 2065 suggesserunt
1297 1991 1517 2047 Justino
1568 1990 1716 2064 [Cod.
1749 1996 1901 2058 Luc.,
1940 1995 2104 2050 Justi-

464 2086 656 2161 niano]
684 2091 740 2144 et
756 2086 1004 2158 Sophiae,
1019 2085 1154 2158 quia
1170 2084 1463 2156 expediret
1489 2084 1729 2158 (Forsan,
1746 2087 1878 2158 quia
1894 2088 2095 2163 magis]

465 2183 752 2238 Romanos
781 2179 979 2235 Gothis
1025 2177 1256 2247 servire,
1284 2194 1459 2249 quam
1502 2179 1728 2250 Graecis,
1769 2180 1864 2235 ubi
1903 2181 2102 2238 Narses

466 2274 758 2330 eunuchus
783 2272 1046 2345 imperat,
1078 2276 1135 2327 et
1158 2271 1386 2326 servitio
1413 2289 1518 2327 nos
1544 2272 1789 2344 subjicit,
1833 2277 1889 2329 et
1911 2275 2100 2345 piissi-

465 2384 593 2423 mus
615 2367 933 2438 imperator
951 2365 1071 2419 haac
1101 2362 1249 2436 [Cod.
1279 2366 1428 2428 Luc.,
1450 2365 1715 2437 princeps
1734 2371 1930 2422 noster
1956 2367 2093 2441 haec]

465 2462 713 2533 ignorat.
758 2461 870 2514 Aut
909 2457 1087 2513 libera
1129 2473 1235 2513 nos
1275 2457 1345 2513 de
1381 2474 1556 2513 manu
1586 2459 1707 2530 ejus
1733 2464 1790 2515 et
1817 2459 2100 2517 civitatem

467 2566 722 2623 obscenis
766 2564 1072 2631 volutatus,
1130 2564 1324 2619 illicita
1382 2564 1647 2636 conjugia
1699 2567 2100 2623 constitutione

466 2655 568 2694 sua
594 2636 975 2709 approbasset,
991 2636 1779 2709 justumqueumatrimonium
1810 2640 2100 2693 communi

466 2706 782 2781 conjugum
824 2706 1129 2781 _consensu
1155 2706 1407 2781 _diSsolvi
1477 2723 1665 2781 posse,
1714 2708 1840 2781 lege
1891 2711 2101 2765 sancite.

467 2776 762 2853 edixisset;
808 2778 1077 2853 denique,
1124 2776 1174 2853 si_
1208 2793 1321 2853 non
1354 2776 1606 2853 pecunia:
1631 2776 1899 2853 ardenter
1922 2796 2096 2853 appe-

465 2858 611 2919 tens,
642 2851 814 2905 etiam
839 2848 1292 2921 ipsa’sacerdotia
1317 2848 1550 2921 plebeiis
1574 2849 1902 2905 hominibus
1926 2848 2096 2906 vena-

465 2923 537 2978 lia
566 2920 915 2993 exposuisset
954 2921 1242 2993 (Evagrius
1278 2920 1371 2973 lib.
1412 2936 1466 2987 v,
1506 2924 1731 2993 caput).
1775 2921 1851 2977 De
1878 2923 2098 2977 Justino

467 2991 656 3049 refert
677 2992 979 3058 Cedrenus,
1028 2991 1180 3062 quod
1224 3006 1355 3045 cum
1390 2992 1542 3062 apud
1576 2991 1813 3049 rebelles
1847 2993 2099 3048 subditos

466 3064 825 3144 scriptisnon
850 3062 1167 3144 proficeret,
1196 3062 1267 3144 ad
1296 3063 1569 3144 populum
1596 3063 1773 3144 libere
1799 3063 2023 3144 dixerit,
2048 3064 2099 3144 si

464 3132 759 3219 praeceptis
784 3132 898 3188 suis
924 3149 1123 3219 parere
1148 3132 1385 3219 nollent,
1402 3134 1586 3215 alium_
1606 3134 1714 3219 sibi
1725 3151 1839 3219 suo
1862 3135 2098 3219 arbitrio

465 3150 759 3219 praeceptis
784 3150 898 3188 suis
912 3150 1123 3259 (parere
1148 3150 1385 3199 nouem,
1402 3150 1586 3215 auum
1606 3150 1714 3215 SIDI
1738 3151 1839 3189 suo
1862 3150 2098 3216 arbitrio

465 3214 917 3278 1mperatorem_
951 3204 1251 3278 eligerent.
1288 3224 1315 3253 «
1346 3205 1651 3278 Egouemm
1682 3206 1864 3278 (illum
1891 3207 2098 3261 dmsse

467 3274 569 3349 ait]
585 3274 1285 3349 conttlmacibus,:in_justis
1321 3280 1378 3329 et
1400 3274 1601 3349 aliena
1636 3274 1954 3349 volentibus
1987 3278 2096 3332 im-

467 3345 669 3422 perare
715 3348 870 3402 nolo.
903 3365 932 3397 ι)
955 3345 1148 3422 _Addit
1167 3345 1359 3422 _nnius
1398 3346 1707 3422 refractarii
1744 3348 1998 3422 graviore
2041 3353 2100 3422 et

469 3416 757 3475 acerbiore
810 3416 1083 3490 supplicio
1127 3416 1409 3490 effectum‘
1438 3416 1636 3490 fuisse,
1675 3416 1992 3490 utiubique
2036 3420 2096 3474 in

468 3506 692 3545 summa
717 3505 853 3562 pace
872 3486 1178 3562 viveretur,
1196 3493 1366 3558 atque
1395 3486 1540 3542 intra
1568 3486 1918 3562 trigesimani
1945 3490 2098 3545 diem

468 3576 657 3633 neque
680 3558 835 3615 actor
859 3559 1005 3633 ullus
1042 3565 1207 3633 esset,
1231 3574 1417 3633 neque
1444 3574 1573 3633 reus
1592 3558 1951 3633 injuriarum.

542 3629 703 3688 Anno
726 3634 758 3687 9
789 3631 1145 3703 pontiﬁcatus
1180 3630 1426 3703 Joannis,
1474 3629 1573 3703 qui
1613 3629 1698 3685 eSt
1722 3631 1932 3703 Christi
1972 3636 2095 3703 568,

470 3702 740 3759 Alboinus
765 3701 1384 3774 requangobardorum
1420 3716 1451 3755 e
1478 3701 1767 3756 Pannonia
1795 3702 2005 3774 (quam,
2028 3701 2100 3759 ex

471 3773 838 3853 Scaudinavia
866 3772 1050 3853 iusula
1076 3787 1431 3853 progressus,
1460 3787 1577 3853 per
1610 3789 1741 3853 suos
1771 3772 2098 3853 occupatam

470 3844 842 3917 quadraginta
892 3842 1115 3917 duobus
1168 3842 1332 3897 annis
1381 3842 1718 3917 obtinuerat)
1766 3842 1984 3917 primus
2022 3846 2100 3917 in

468 3912 935 3988 lialiam'magnis
959 3914 1170 3988 viribus
1187 3912 1748 3988 poten‘singreditnr.
1766 3912 1880 3971 Per
1904 3916 2100 3988 conju-

474 3987 633 4059 gium
678 3984 1061 4059 Clothosindaa_
1084 3984 1311 4039 Clotarii
1348 3984 1497 4053 tiliae,
1540 4001 1733 4056 quam,
1779 3993 1919 4042 teste
1957 3984 2096 4043 Gre-

473 4056 654 4129 gorio,
680 4057 739 4111 in
766 4072 1005 4129 uxorem
1030 4056 1554 4129 duxerat,__quatuor
1575 4073 1738 4129 reges
1755 4059 2099 4115 Francorum

470 4125 577 4183 sibi
604 4125 1019 4193 cenfmderavit,
1049 4127 1123 4180 ita
1153 4131 1215 4180 ut
1249 4125 1490 4181 aliorum
1520 4125 1691 4182 etiam
1724 4129 2098 4185 barbarorum

469 4200 677 4255 auxilia
701 4199 963 4271 adeptus,
978 4197 1243 4252 Romanis
1264 4196 1493 4271 effectus
1514 4197 1684 4253 fuerit
1701 4199 2095 4256 formidabilis.

470 4270 600 4326 Post
624 4267 897 4343 vastatam
924 4270 1191 4343 venetum
1205 4267 1573 4343 proviuciam,
1596 4275 1899 4343 captasque
1921 4289 2096 4343 prope

472 4343 774 4414 universas]
803 4340 1046 4414 Liguriae
1086 4338 1335 4414 civitates
1373 4338 1730 4414 (justo’eni'm
1769 4338 1865 4396 D_ei
1882 4338 2097 4414 judicio

470 4414 723 4485 primum
750 4409 893 4485 feris
905 4409 1158 4485 barbaris
1183 4411 1555 4485 consumendi
1580 4409 2093 4468 traduntur'schis-

471 4481 662 4540 inatici
698 4482 1071 4554 Aquileiensis
1095 4481 1402 4554 provincia:
1422 4482 1522 4554 illi,
1560 4499 1703 4554 quos
1741 4488 1858 4538 tam
1898 4486 2096 4540 multis

471 4500 662 4540 manci
698 4500 742 4538 A
786 4500 1071 4539 uueiensis
1095 4500 1397 4552 provmcuB
1422 4500 1522 4552 un,
1560 4500 1703 4554 quos
1741 4500 1858 4538 tam
1898 4500 2092 4540 mutus

470 4555 673 4611 litteris
700 4500 953 4627 Pgagius
977 4569 1122 4623 papa
1157 4551 1247 4627 ad_
1284 4553 1540 4627 Ecclesiae
1581 4554 1850 4627 unionem
1888 4556 2092 4611 invita-

472 4627 654 4698 verat),
684 4623 892 4698 printer
934 4640 1034 4698 eas
1059 4638 1186 4694 quae
1231 4623 1303 4698 in_
1340 4624 1748 4698 littore_maris
1782 4627 1903 4681 sitae
1940 4633 2092 4698 sunt,

2118 3165 2172 3239 C

470 4695 702 4752 insidiis
730 4695 1090 4752 Rosimundte
1142 4695 1335 4767 uxoris
1383 4695 1739 4765 interficitur,
1797 4714 1929 4753 cum
1982 4695 2119 4767 tres.

471 4784 650 4824 annos
686 4772 743 4839 et
784 4782 880 4839 sex
917 4780 1156 4839 menses
1171 4766 1231 4839 in
1270 4767 1770 4839 Italiauregnasset.
1823 4770 2098 4825 Successit

471 4845 601 4912 post
650 4838 949 4894 Alhoinum
1006 4836 1251 4962 Clephis,
1295 4836 1589 4918 tenuitque
1633 4856 1877 4911 regnum
1926 4842 2097 4896 Italiae

472 4925 623 4962 anno
669 4925 784 4962 uno
827 4913 883 4962 et
924 4924 1101 4962 meum
1148 4925 1210 4962 us
1249 4925 1520 4962 aumaue.
1563 4911 1637 4962 Ita
1680 4912 1778 4962 Dei
1816 4913 2095 4962 nermissu

472 4908 623 4984 anno
669 4925 784 4984 uno
819 4913 897 4984 et
924 4908 1210 4984 mensibus
1244 4908 1520 4984 quinque}
1563 4911 1637 4964 Ita
1680 4908 1779 4966 Dei
1816 4913 2097 4984 permissu

472 4982 578 5055 feri
604 4980 833 5055 barbari
863 4978 1075 5055 Italiam
1098 4978 1360 5035 invadere
1382 4978 1692 5055 cmperunt,
1740 4978 1968 5055 ut'ejus
2004 4984 2099 5040 do-

472 5053 649 5109 minio
699 5049 1004 5107 orientales
1055 5049 1796 5123 imperatorem—quibusvis
1846 5049 2099 5110 barbaris

470 5124 734 5207 adversus
761 5123 1041 5207 Rbmauos
1056 5122 1508 5207 truculentiores,
1522 5122 1811 5207 paulatim
1832 5132 2093 5195 exueret;

470 5195 662 5267 sicque
689 5193 918 5249 tandem
943 5193 1122 5261 ﬁeret,
1169 5197 1232 5247 ut
1276 5210 1511 5249 excussa
1541 5193 1876 5250 Graecorum
1903 5193 2095 5268 tyran-

468 5266 623 5336 nide,
657 5270 712 5321 et
738 5264 1039 5336 vendicataﬁ
1066 5279 1098 5316 a
1126 5264 1350 5319 Francis
1374 5282 1504 5321 cum
1529 5266 1672 5320 urbe
1701 5267 1870 5335 Italia,
1903 5268 2098 5322 eadem

471 5352 681 5407 magna
709 5353 779 5391 ex
818 5339 979 5407 parte
1022 5335 1275 5390 Romano
1313 5337 1563 5406 pontiﬁci
1590 5338 1833 5393 cederet.
1872 5338 2099 5407 (Paulus

470 5406 733 5480 diaconus
759 5406 837 5462 de
860 5406 1033 5462 Gestz's
1066 5407 1549 5475 Langobardorum
1589 5409 1682 5462 lib.
1723 5425 1760 5463 ιι
1802 5406 1921 5480 cap.
1954 5413 2020 5465 IO
2049 5415 2101 5466 et

466 5495 613 5535 8900.

495 5479 802 5624 Ἳὲᾖῖὶηῐιὶε
826 5548 1095 5624 tredecim
1119 5552 1288 5624 atque
1306 5549 1503 5605 diebus
1519 5550 1944 5624 quatuordecim
1963 5569 2102 5624 pon-

465 5620 740 5677 tiﬁcatum
784 5620 1033 5694 tenuisse
1071 5619 1323 5694 indicant
1342 5637 1422 5694 _ea
1459 5619 1724 5694 tempora
1741 5619 2101 5694 quibus'hoc

464 5706 678 5765 muuus
713 5691 1092 5765 apostolicum
1141 5691 1535 5765 administrare
1588 5691 1778 5765 coepit—
1804 5698 1863 5751 et
1910 5694 2097 5755 desiit.

464 5778 523 5821 Ill
548 5761 680 5817 Idus
704 5761 834 5821 Julii
874 5763 1207 5822 defunctum
1247 5779 1365 5821 esse
1388 5763 1610 5823 fatetur
1645 5761 1989 5824 Anastasius.
2044 5766 2101 5826 Si

459 5849 601 5905 ergo
617 5832 710 5887 die
726 5838 792 5892 27
817 5834 967 5891 Junii
987 5838 1113 5911 post
1129 5834 1519 5909 interregnum
1543 5835 1721 5893 trium
1743 5838 2027 5895 mensium
2045 5842 2103 5897 et

2204 1900 2586 1957 sanctissimus
2613 1916 2763 1971 papa
2786 1897 3021 1953 retinuit
3060 1913 3119 1952 se
3151 1896 3211 1952 iu
3246 1899 3568 1953 ccemeterio
3606 1904 3837 1955 sancto-

2201 2012 2333 2052 rum
2359 1989 2597 2050 Tihiirtii
2642 1997 2699 2047 et
2743 1990 3042 2060 Valeriani,
3084 1995 3141 2045 et
3175 1990 3449 2046 habitavit
3474 1991 3553 2046 ibi
3587 1993 3841 2049 multum

2202 2087 2494 2160 temporis,
2522 2090 2588 2141 ut
2612 2085 2783 2141 etiam
2811 2084 3105 2155 episcopos
3133 2083 3211 2138 ibi
3230 2090 3604 2140 consecraret.
3632 2086 3840 2141 Narses

2200 2198 2334 2238 vero
2359 2181 2648 2251 ingressus
2675 2179 2936 2248 Romam,
2964 2181 3093 2249 post
3118 2194 3237 2232 non
3272 2176 3353 2249 [In
3392 2178 3521 2236 Cod.
3558 2182 3685 2234 Luc.
3713 2196 3839 2235 non

2199 2273 2361 2346 deest]
2391 2273 2639 2328 multum
2662 2271 2936 2343 temporis
2972 2274 3235 2325 mortuus
3263 2274 3367 2325 est.
3412 2270 3582 2341 Cujus
3628 2288 3842 2344 corpus

2199 2367 2446 2440 positum
2469 2366 2625 2421 estin
2655 2364 2854 2420 locello
2881 2363 3170 2435 plumbeo,
3190 2367 3247 2418 et
3270 2362 3564 2424 reductum
3594 2368 3678 2419 est
3701 2382 3840 2420 cum

2201 2460 2464 2516 omnibus
2489 2458 2698 2515 divitiis
2717 2458 2838 2529 ejus
2857 2456 3433 2528 Constantinopolim.
3465 2458 3676 2514 Eodem
3694 2463 3844 2514 tem-

2199 2568 2400 2639 viginti
2436 2566 2690 2639 quinque
2727 2565 2971 2634 dierum,
3010 2564 3407 2639 pontiﬁcatum
3445 2564 3682 2639 adeptus
3724 2566 3842 2622 fuit

2198 2636 2351 2693 anno
2377 2636 2583 2694 Christi
2598 2636 2712 2691 7559
2750 2641 2816 2691 ut
2853 2652 3026 2707 supra
3060 2636 3176 2690 dixi
3215 2636 3530 2690 necessario
3557 2636 3842 2691 aftirmari

2200 2710 2366 2782 debet
2392 2710 2545 2782 quod
2570 2707 2668 2779 qui
2696 2708 2767 2761 ad
2794 2723 3047 2782 mensem
3072 2707 3286 2782 Julium
3318 2707 3455 2782 anni
3495 2710 3597 2782 572
3636 2724 3841 2782 super-

2197 2780 2357 2849 vixit,
2388 2777 2495 2852 per
2534 2777 2713 2852 annos
2744 2778 3014 2852 tredecim
3061 2783 3117 2833 et
3151 2777 3271 2833 dies
3309 2777 3605 2832 duodecim
3638 2777 3840 2834 sedem

2197 2849 2548 2925 pontificiam
2574 2849 2903 2925 obtinuerit.
3310 2919 3342 2925 Α-
3520 2856 3531 2863 ‘

2374 2924 2497 3003 time
2525 2926 2664 3003 teste
2696 2920 2934 3004 Agatbia
2966 2919 3064 2974 lib.
3103 2936 3170 3004 iv."
3195 2919 3556 3004 contigerunt
3587 2936 3737 3004 anno
3762 2924 3839 2976 29

2196 2990 2496 3050 JuStiniani
2532 2990 2910 3063 imperatoris,
2954 3007 3105 3063 anno
3128 2990 3505 3063 Domini'555,
3536 2991 3640 3045 sub
3683 3008 3839 3062 pon-

2198 3065 2411 3119 tiﬁcatu
2465 3061 2672 3134 Vigilii,
2726 3068 2781 3117 et
2825 3061 3220 3117 Theodobaldo
3274 3062 3619 3134 Francorum
3651 3061 3837 3134 rege.

2200 3138 2360 3192 Errat
2384 3132 2579 3213 itaque
2605 3134 3078 3213 Anastasiushqui
3103 3134 3248 3213 hanc
3264 3132 3573 3213 historiam
3596 3133 3667 3188 ad
3690 3132 3841 3213 tein-

2199 3224 2336 3278 pora
2377 3204 2606 3261 Joannis
2647 3221 2808 3276 papa:
2858 3205 2926 3278 III
2964 3204 3056 3258 hic
3108 3204 3283 3259 refert
3332 3205 3492 3274 (Vide
3532 3206 3840 3261 Baronium

2200 3276 2344 3333 anno
2371 3281 2472 3332 555
2498 3293 2646 3331 num.
2680 3280 2745 3330 I2
2770 3281 2820 3330 et
2851 3276 2957 3345 Ili).

2272 3349 2335 3419 (c)
2364 3348 2445 3403 Ad
2475 3347 2767 3419 historiam
2795 3346 2960 3419 istam
3002 3345 3279 3419 Anastasii
3315 3345 3839 3419 Paulusudiaconus

2199 3417 2299 3475 lib.
2322 3417 2348 3474 ἰ
2375 3435 2497 3489 cap.
2531 3422 2561 3473 5
2592 3418 2660 3472 de
2687 3417 2870 3489 Gestis
2891 3417 3387 3489 Langobardorum
3419 3417 3593 3489 addit,
3626 3418 3837 3474 Narse-

2198 3496 2316 3546 tem
2340 3487 2726 3545 Romanorum
2762 3487 3029 3542 invidiam
3058 3488 3383 3553 incurrisse,
3415 3488 3550 3558 quia
3582 3490 3840 3545 multum

2198 3562 2322 3615 auri
2347 3567 2404 3617 et
2427 3560 2670 3631 argenti,
2696 3560 3066 3631 aliarumque
3105 3575 3313 3631 rerum'
3338 3559 3559 3631 divitias
3578 3561 3840 3631 acquisi-

2199 3633 2384 3687 visset.
2412 3633 2473 3686 In
2502 3629 2734 3703 reliquis
2758 3630 2875 3703 fere
2901 3630 3274 3703 conveniunt;
3306 3629 3416 3703 nisi
3441 3630 3591 3700 quod
3623 3629 3840 3687 Paulus

2198 3704 2468 3758 diaconus
2510 3700 2805 3757 historiam
2842 3702 2989 3755 hanc
3012 3701 3180 3773 paulo
3206 3700 3480 3773 prolixius
3517 3708 3835 3758 recenseat.

2199 3775 2498 3845 Utriusque
2550 3773 2847 3845 historiam
2889 3771 3159 3845 tanquam
3201 3771 3511 3825 fabulosam
3557 3777 3613 3826 et
3657 3773 3839 3844 plane

2198 3842 2642 3900 commentitiam
2666 3844 2871 3897 refellit
2906 3842 3180 3898 Barﬁonius
3207 3858 3358 3896 anno
3404 3844 3527 3910 567,
3566 3842 3729 3898 num.
3768 3849 3831 3901 II

2199 3922 2255 3971 et
2278 3933 2459 3988 seqq.,
2489 3916 2604 3983 ubi,
2634 3919 2860 3968 auctore
2885 3914 3127 3985 Corippo
3154 3913 3522 3988 grammaticb
3545 3914 3834 3988 Africano,

2198 3985 2441 4042 ostendit
2468 3988 2753 4040 Narsetem
2783 3989 2915 4039 ante
2938 4001 3153 4039 annum
3180 3987 3303 4054 567,
3334 4001 3448 4056 quo
3475 3985 3838 4055 Langobardi

2198 4075 2267 4113 ex
2296 4058 2580 4112 Pannonia
2605 4056 2666 4111 in
2696 4057 2910 4110 Italiam
2936 4056 3155 4110 irruere
3191 4060 3504 4127 coeperunt,
3548 4056 3837 4113 Constan-

2196 4129 2500 4199 tinopolim
2526 4126 3291 4199 revocatum,magnumque
3316 4126 3598 4181 honorem
3622 4143 3833 4183 conse-

2197 4198 2390 4254 cutum
2418 4200 2608 4255 fuisse.
2637 4199 2845 4253 Deinde
2873 4198 3024 4252 idem
3050 4214 3116 4251 eo
3143 4204 3482 4268 argumento
3520 4198 3831 4269 convincit,

2197 4272 2347 4342 quod
2389 4270 2495 4342 ipsi
2523 4271 2731 4340 scripto
2775 4269 3311 4342 proprioufatentur
3338 4269 3549 4325 mortui
3590 4270 3839 4342 cadaver

2196 4339 2326 4397 eum
2346 4339 2562 4397 honore
2583 4339 3122 4410 Constantinopolim
3143 4339 3476 4395 translatum
3501 4356 3639 4394 esse.
3663 4341 3834 4405 Quod

2197 4413 2244 4467 si
2274 4430 2471 4469 verum
2496 4418 2598 4481 est,
2630 4412 2738 4483 ipsi
2768 4412 3055 4465 Narsetcm
3083 4412 3153 4465 ab
3182 4411 3338 4483 Italia
3362 4411 3698 4482 proditionis
3725 4413 3834 4467 crio

2196 4485 2348 4540 mine
2375 4482 2691 4539 immunem
2715 4483 2979 4549 reddunt,
3004 4498 3277 4553 suamque.
3297 4482 3400 4537 hac
3418 4484 3487 4538 de
3509 4498 3569 4536 re
3590 4498 3831 4537 enarra-

2113 4542 2411 4614 Dtionem
2458 4556 2519 4609 in
2572 4542 2999 4608 mendaciorum
3060 4542 3310 4609 textrina
3371 4559 3631 4609 contexta
3682 4570 3829 4619 esse,

2194 4628 2426 4698 propria
2462 4624 3118 4698 confessione‘revelant.
3160 4625 3298 4698 Eam
3336 4624 3383 4677 si
3421 4626 3641 4698 Narses,
3671 4625 3835 4697 quod

2194 4695 2450 4754 refe—runt
2484 4698 2586 4765 illi,
2631 4695 3027 4768 Langobardos
3059 4695 3119 4749 in
3166 4695 3379 4768 Italiam
3414 4695 3834 4768 evocavit,‘pro

2196 4770 2421 4824 sceleris
2476 4766 2888 4838 magnitudine,
2941 4782 3059 4821 non
3106 4766 3278 4821 modo
3321 4771 3477 4822 tanto
3519 4766 3741 4822 honore
3777 4772 3837 4822 et

2196 4841 2490 4912 triumpho
2507 4838 3051 4912 spoliandusfuerat,
3074 4838 3171 4892 sed
3185 4838 3831 4912 _potius_exhumandus,

2198 4909 2615 4981 combustisque
2653 4909 2937 4965 cineribus
2964 4910 3147 4981 plane,
3174 4909 3323 4963 foras
3349 4909 3657 4979 ejiciendus
3683 4915 3832 4981 erat.

2198 4983 2253 5038 Si
2280 4983 2430 5038 dicas
2470 4980 2659 5053 ipsum
2699 4982 2986 5036 Narsetem
3024 4980 3094 5053 ab
3134 4980 3479 5051 imperatore
3515 4981 3724 5053 iterum
3771 4980 3836 5036 in

2199 5054 2409 5109 Italiam
2436 5052 2554 5108 esse
2574 5053 2808 5107 missum
2827 5069 2959 5124 cum
2975 5052 3173 5106 eodem
3188 5068 3425 5124 munere
3441 5052 3832 5124 praefecturae;

2199 5130 2521 5196 repugnant
2552 5141 2749 5196 omnes
2785 5123 3105 5196 scriptores,
3133 5122 3232 5196 qui
3268 5122 3535 5196 unanimi;
3554 5139 3835 5179 consensu

2197 5193 2466 5251 fatentur.
2496 5195 2818 5266 Longinum
2865 5193 3147 5266 inilocum
3187 5194 3429 5266 Narsetis
3455 5194 3836 5266 subrogatum

2198 5266 2387 5322 fuisse.
2411 5265 2647 5338 Explosa
2672 5266 2853 5337 igitur
2874 5265 3128 5338 fabulosa
3146 5265 3577 5338 utriusqnehac
3604 5265 3839 5321 enarra-

2198 5339 2356 5393 tione
2382 5338 2451 5394 de
2477 5336 2793 5410 proditione
2820 5336 3083 5410 Narsetis,
3110 5336 3346 5410 ejusque
3373 5337 3530 5391 obitu
3556 5342 3613 5392 et
3641 5342 3833 5410 trans-

2198 5410 2427 5477 latione,
2458 5407 2588 5464 eum
2617 5409 2823 5480 Graecis
2864 5407 3230 5480 scriptoribus
3254 5407 3607 5477 ’asseramus,
3642 5408 3835 5480 ipsum

2199 5481 2510 5536 honorifice
2535 5478 3089 5550 Constantinopolim
3118 5495 3238 5533 esse
3264 5495 3573 5548 reversum,
3616 5478 3831 5535 substi-

2199 5558 2434 5624 tutoque
2484 5551 2567 5606 illi
2616 5551 2871 5624 Longino
2917 5566 3269 5624 successore,
3301 5550 3540 5607 miriﬁce
3587 5551 3830 5620 cultum,

2200 5622 2412 5695 ibidem
2438 5638 2623 5695 usque
2647 5622 2718 5678 ad
2744 5622 2961 5678 abitum
2988 5622 3386 5695 permansisse,
3416 5628 3472 5695 et
3498 5628 3835 5695 sumptuosa

2200 5692 2741 5769 editicia__erexisse.
2763 5695 2887 5769 Hinc
2913 5692 3282 5769 ex’Cedreno,
3303 5693 3566 5769 Corippo,
3590 5692 3834 5769 aliisque

2200 5765 2588 5842 scriptoribus,
2618 5767 2890 5827 Baronius
2916 5781 3051 5824 ann.
3099 5767 3200 5824 687
3241 5770 3299 5824 et
3340 5765 3665 5835 568‘,'num.
3710 5765 3829 5823 3'et

2200 5838 2587 5895 sequentibus.

2200 5854 2587 5912 δθίιιιθηῑωιιε.
