4020 6232
142 294 198 346 t3
998 289 1315 346 EPISTOLA
1353 289 1439 345 AD
1477 287 1832 344 EPISCOPOS
1871 287 2234 342 GERMANLE
2270 287 2354 342 ET
2390 288 2669 343 GALLIIE.
3448 287 3511 341 14

139 414 266 471 pore
293 399 546 453 Joannes
574 413 726 470 papa
755 401 813 453 et
836 398 955 470 ipse
998 403 1261 454 mortuus
1287 401 1391 466 est,
1431 401 1488 452 et
1526 395 1778 469 sepultus
1801 395 1982 482 Atim
2009 411 2141 450 eum
2177 394 2370 450 nullus
2409 412 2479 476 ex_
2516 393 2877 466 septuaginta
2912 391 3219 465 discipulis,
3265 408 3513 464 quorum

137 495 190 548 in
213 491 445 546 basilica
463 491 621 546 beati
646 492 798 546 Petri
816 492 1166 563 apostoli,-In
1193 493 1320 546 Idus
1339 491 1511 546 Julias
1545 489 1625 562 [In
1646 491 1775 548 Cod.

138 588 257 641 Luc.
284 601 346 639 ιιι
391 584 471 639 id.
515 584 629 639 Jul.
669 584 858 657 deest].
900 585 996 638 Hic
1047 585 1180 640 fecit
1221 583 1606 640 ordinationes
1643 584 1780 638 duas

135 694 236 749 per
260 694 523 732 mensem
553 677 974 746 Decembrium,
1003 679 1363 750 presbyteros
1388 677 1625 748 triginta
1652 681 1778 732 octo

142 769 220 842 [In
255 771 386 828 Cod.
444 774 601 834 Luc.,
641 771 879 842 triginta
922 770 1148 843 novem]
1199 771 1460 825 diacones
1508 769 1780 824 tredecim

135 865 431 936 episcopos
455 881 563 935 per
591 863 811 920 diversa
835 864 959 919 loca
986 880 1231 919 numero
1260 863 1550 934 sexaginta
1580 879 1777 918 unum.

135 960 200 1014 Et
223 958 459 1013 cessavit
510 957 868 1030 episc0patus
916 974 1158 1026 menses,
1202 957 1321 1012 dies
1364 961 1479 1012 tres
1527 957 1607 1029 [In
1648 958 1778 1015 Cod.

132 1055 284 1115 Lua,
327 1068 556 1108 menses
600 1053 816 1123 decem,
861 1051 981 1107 dies
1027 1056 1142 1106 tres
1186 1051 1290 1106 sub
1334 1051 1424 1106 die
1467 1055 1528 1107 l3
1567 1051 1780 1106 mensis

132 1145 265 1218 1111.]

388 1238 760 1295 EPISTOLA‘
792 1238 864 1310 (a)
901 1239 1184 1294 JOANNIS
1224 1241 1420 1294 PAPIE
1461 1240 1529 1294 ιιι

439 1351 510 1388 ΔΒ
540 1350 820 1388 EPISCOPOS
850 1350 1136 1388 GERMANLE
1163 1351 1226 1388 ET
1251 1350 1477 1388 GALLIE.

135 1429 176 1483 Ι.
207 1431 453 1484 Pri-mum
483 1429 882 1498 chorepiscopos
907 1427 1168 1496 quosdam
1194 1428 1506 1481 temerarios
1525 1425 1652 1479 olim
1659 1425 1780 1494 jam

202 1522 497 1576 damnatos
526 1523 734 1591 arguit,
768 1520 914 1590 quod
954 1522 1182 1574 nimium
1212 1521 1318 1576 sibi
1353 1523 1621 1575 sumerent
1647 1534 1778 1573 auc-

207 1617 453 1669 toritatis
476 1617 536 1669 in
563 1616 904 1684 impositione
927 1629 1209 1668 manuum.

133 1709 198 1760 Il.
237 1708 444 1763 Deinde
470 1711 738 1762 monstrat
766 1707 1082 1764 Clementem
1110 1709 1142 1762 Ι
1168 1710 1291 1777 post
1318 1706 1530 1760 beatum
1562 1708 1781 1760 Petrum

1879 489 2126 560 speciem
2150 489 2210 544 in
2236 489 2470 545 ecclesia
2497 492 2725 559 gerunt,
2756 488 2981 558 legatur
3020 487 3236 541 donum
3273 485 3514 556 Spiritus

1879 583 2056 638 sancti
2081 599 2182 654 per
2210 599 2413 638 manus
2438 577 2864 653 impositionem
2889 579 3201 637 tradidisse.
3230 581 3392 645 Quod
3421 598 3516 636 au-

1881 681 1998 731 tem
2028 676 2162 730 solis
2188 677 2476 747 apostolis,
2507 692 2823 748 eorumque
2850 675 3264 730 successoribus
3295 675 3515 747 proprii

1880 771 1953 826 sit
1982 770 2154 826 officii
2183 770 2404 824 tradere
2449 770 2726 841 Spiritum
2769 775 3047 839 sanctum,
3085 769 3227 824 liber
3271 772 3514 824 Actuum

1879 865 2270 937 apostolorum
2299 864 2441 934 (Act.
2472 865 2585 935 νιιι)
2617 865 2801 919 docet.
2830 865 2891 918 In
2917 863 3156 918 concilio
3181 878 3315 919 vero
3342 864 3516 918 Caesa-

1881 959 2063 1013 reensi
2089 958 2166 1013 ita
2183 958 2252 1013 de
2273 957 2693 1029 chorepisc0pis
2712 957 2953 1012 habetur
2965 957 3238 1029 scriptum
3261 960 3511 1027 (Neocws.

1881 1053 2093 1116 concil.,
2124 1069 2244 1106 can.
2281 1052 2363 1122 l3)
2388 1069 2402 1105 :
2427 1050 2830 1121 Chorepiscopi
2855 1066 3083 1122 quoque
3101 1051 3172 1106 ad
3189 1052 3515 1123 exemplum

1880 1150 1938 1201 et
1955 1146 2201 1200 formam
2221 1143 2580 1217 septuaginta
2605 1144 2870 1199 videntur
2889 1161 3006 1199 esse
3028 1160 3042 1198 :
3059 1148 3125 1199 ut
3141 1144 3519 1200 comministri

1879 1244 2090 1309 autem,
2123 1243 2361 1311 propter
2386 1236 2637 1292 studium
2668 1237 2824 1309 quod
2859 1254 2994 1308 erga
3028 1253 3306 1310 pauperes
3350 1238 3513 1293 exhi-

1879 1331 2034 1402 bent,
2064 1333 2444 1387 honorentur.
2489 1331 2548 1385 Si
2586 1330 2740 1384 enim
2783 1330 3048 1385 meliores
3095 1331 3515 1404 sanctioresque

1880 1425 2084 1480 sanctis
2127 1425 2398 1496 apostolis
2445 1422 2580 1496 [vos]
2630 1439 2748 1478 esse
2788 1423 3018 1495 putatis,
3059 1424 3222 1479 facite
3268 1441 3395 1495 qua:
3433 1425 3516 1479 illi

1879 1533 1994 1572 non
2041 1518 2316 1588 fecerunt,
2369 1523 2426 1573 et
2473 1517 2899 1589 superextollite
2940 1533 3039 1571 vos
3098 1516 3228 1573 illis.
3276 1518 3335 1572 Si
3384 1533 3516 1573 vero

1881 1611 2134 1682 ejusdem
2164 1610 2378 1666 ordinis
2407 1610 2556 1678 estis,
2585 1615 2641 1665 et
2668 1609 3020 1682 aequiparare
3056 1628 3155 1666 vos
3197 1611 3366 1666 vultis
3388 1611 3515 1682 illis,

1881 1704 2058 1760 nolite
2078 1722 2143 1760 ea
2161 1721 2351 1775 agere,
2374 1721 2502 1776 quas
2519 1703 2603 1758 illi
2625 1721 2744 1759 non
2764 1708 3039 1775 egerunt:
3063 1704 3162 1760 sed
3191 1703 3516 1772 imitamini,

205 1802 388 1857 sedem
415 1802 766 1872 apostolicam
793 1802 1014 1864 reabse,
1040 1800 1204 1871 idque
1238 1799 1484 1855 tradente
1521 1799 1630 1854 sibi
1664 1800 1780 1868 ipso
1800 1787 1857 1859 B
1880 1802 2052 1869 prout
2079 1797 2282 1852 melius
2301 1798 2556 1869 potestis,
2581 1797 2842 1869 exempla
2862 1803 2920 1853 et
2935 1797 3174 1869 vestigia
3189 1813 3412 1853 eorum.
3435 1797 3517 1852 Illi

207 1897 369 1949 Petro

135 1989 223 2043 ill.
263 1989 446 2042 Tertio
493 1987 668 2041 tradit
717 1990 925 2057 quanta
966 2001 1098 2041 cura
1149 1990 1314 2057 atque
1349 1985 1657 2041 sollicitudo
1695 1985 1786 2039 illi

199 2080 489 2136 subeunda
512 2083 605 2143 sit,
633 2083 732 2149 qui
757 2095 970 2150 gregem
999 2081 1202 2137 Christi
1220 2084 1436 2150 pascat.

199 2175 456 2229 Joannes
506 2172 803 2244 episcopus
856 2172 1138 2228 universis
1190 2189 1295 2243 per
1361 2171 1661 2228 Germania
1727 2179 1784 2228 et

132 2267 331 2323 Gallia:
359 2266 684 2338 provincias
707 2266 1050 2333 constitutis,
1081 2265 1140 2320 in
1170 2266 1413 2320 Domino
1443 2267 1708 2322 salutem.

205 2362 557 2432 Optaveram
581 2360 883 2431 siquidem,
912 2359 1249 2428 charissimi,
1291 2377 1397 2431 pro
1439 2360 1620 2415 nostri
1646 2361 1779 2415 cha-

130 2454 300 2509 ritate
327 2454 577 2525 collegii,
619 2469 818 2508 omnes
847 2454 1072 2508 Domini
1097 2453 1415 2508 sacerdotes
1443 2453 1503 2508 in
1541 2471 1652 2508 una
1682 2455 1781 2509 de-

129 2549 366 2603 votione
392 2547 716 2618 persistere,
757 2563 861 2602 nec
901 2563 1245 2619 quemquam
1280 2547 1568 2619 prohibita
1603 2548 1786 2618 gratia

129 2645 230 2695 aut
257 2642 457 2696 favore
482 2641 841 2695 sacerdotum
865 2641 1086 2707 sectari,
1117 2645 1215 2695 aut
1241 2658 1273 2694 a
1309 2640 1397 2694 via
1423 2645 1574 2695 recta
1601 2640 1782 2696 disce-

133 2734 293 2789 dere.
326 2735 396 2789 Et
419 2751 753 2806 quanquam
790 2735 1108 2804 credamus,
1138 2733 1503 2789 Dilectionem
1539 2739 1784 2790 vestram

132 2828 205 2882 ad
230 2843 408 2882 omne
437 2844 583 2898 opus
627 2827 846 2882 bonum
884 2844 1003 2882 esse
1045 2831 1304 2898 paratam
1356 2825 1682 2900 [devotam],
1723 2833 1785 2882 ut

134 2926 333 2976 tamen
362 2919 651 2975 efﬁcacior
675 2922 773 2975 ﬁat
801 2937 1122 2991 congruum
1151 2919 1317 2974 nobis
1341 2919 1524 2974 visum
1553 2925 1656 2990 est,
1687 2921 1782 2975 lit-

134 3015 274 3069 teris
303 3014 458 3068 sedis
484 3014 812 3085 apostolica;
841 3015 925 3085 (ut
950 3019 1378 3069 antecessorum
1417 3030 1648 3086 quoque
1674 3031 1782 3069 no-

135 3113 394 3162 strorum
441 3107 681 3178 vestigia
721 3107 1014 3162 imitemur
1078 3123 1178 3162 vos
1214 3123 1472 3174 monere,
1504 3112 1785 3179 praecepta

135 3201 329 3256 divina
349 3206 407 3255 et
433 3159 760 3272 apostolica:
778 3200 925 3255 sedis
949 3200 1207 3256 instituta
1224 3159 1472 3255 viriliter,
1487 3159 1781 3272 peragere,
1806 3159 1860 3234 Ο

137 3300 192 3349 et
218 3294 520 3366 prohibita
554 3310 674 3348 non
702 3299 960 3366 tangere,
993 3294 1089 3349 sed
1123 3311 1354 3364 cavere;
1383 3311 1488 3349 nec
1517 3295 1784 3366 cuiquam

135 3389 302 3443 liceat
331 3403 590 3459 unquam
617 3387 934 3442 doctrinam
959 3389 1192 3442 Patrum
1217 3388 1497 3458 deserere,
1529 3394 1586 3444 et
1609 3405 1786 3444 sacer-

137 3482 316 3537 dotali
346 3482 571 3536 honore
600 3481 865 3552 gaudere.

213 3577 254 3631 l.
285 3576 580 3630 Perlatum
615 3579 701 3630 est
740 3575 812 3630 ad
853 3575 1045 3630 sedem
1081 3576 1454 3648 apostolicam
1492 3576 1785 3650 emersisse

138 3675 198 3724 et
227 3669 420 3724 denuo
451 3668 785 3724 reviviscere
809 3669 1167 3742 prohibitum
1209 3675 1266 3725 et
1295 3670 1551 3726 funditus
1579 3671 1784 3725 exstir-

137 3767 342 3835 patum
368 3770 490 3818 tam
519 3780 552 3817 a
580 3767 772 3818 sancto
800 3764 1057 3832 Damaso,
1089 3780 1262 3835 quam
1287 3781 1322 3818 a
1357 3770 1549 3820 sancto
1578 3765 1783 3836 Leone,

139 3857 276 3911 viris
302 3856 655 3928 apostolicis,
685 3862 854 3928 atque
882 3857 953 3910 ab
981 3857 1258 3912 universis
1293 3859 1550 3929 synodali
1589 3863 1784 3913 aucto-

136 3950 310 4005 ritate
345 3951 646 4022 episc0pis,
676 3950 1182 4020 reprehensibilem
1213 3956 1382 4022 atque
1413 3951 1625 4023 oppido
1655 3951 1784 4007 ino-

138 4042 311 4098 litum
337 4059 530 4110 usum,
562 4059 630 4098 eo
660 4043 817 4114 quod
841 4043 1076 4114 quidam
1101 4044 1499 4115 chorepisc0pi
1527 4044 1644 4116 (qui
1671 4050 1727 4100 et
1755 4061 1788 4100 a

135 4137 554 4209 praedictorum
568 4142 991 4191 antecessorum
1009 4142 1334 4192 sanctorum
1346 4139 1787 4209 apostolicorum

135 4231 400 4302 patribus
438 4235 498 4285 et
519 4230 653 4284 viris
679 4229 1024 4302 apostolicis,
1052 4236 1108 4286 et
1131 4231 1201 4285 ab
1227 4230 1384 4302 ipsis,
1413 4231 1526 4286 sive
1562 4249 1594 4285 a
1623 4232 1788 4287 nobis

136 4329 277 4379 sunt
300 4323 602 4396 prohibiti,
631 4322 776 4378 sicut
811 4339 1012 4378 eorum
1065 4325 1336 4379 hactenus
1379 4329 1663 4380 testantur
1686 4327 1786 4381 de-

138 4420 313 4489 creta)
343 4419 496 4472 ultra
524 4416 763 4472 modum
789 4434 954 4472 suum
974 4418 1405 4490 progredientes
1427 4419 1603 4488 (Cone.
1635 4422 1790 4476 Pari-

1880 1896 2092 1962 autem,
2121 1891 2482 1964 praecipiente
2498 1890 2762 1962 Domino,
2789 1891 3012 1964 illisque
3043 1892 3434 1962 denuntiante,
3455 1895 3520 1946 ut

1880 1985 1966 2040 illi
2007 1990 2064 2041 et
2101 2001 2448 2041 successores
2487 2001 2690 2040 eorum
2728 1985 3125 2040 tantummodo
3159 2001 3264 2057 per
3313 2000 3518 2041 manus

1881 2079 2306 2151 impositionem
2325 2078 2613 2133 traderent
2641 2077 2919 2148 Spiritum
2948 2083 3225 2148 sanctum,
3243 2079 3388 2133 nulli
3417 2093 3518 2134 un-

1883 2189 2056 2244 quam
2076 2189 2146 2228 ex
2180 2171 2537 2244 septuaginta
2570 2170 2791 2226 tradere
2821 2170 3098 2242 Spiritum
3130 2177 3386 2226 sanctum
3412 2187 3516 2243 per

1883 2282 2084 2320 manus
2119 2264 2545 2336 impositionem
2583 2263 2982 2335 permiserunt,
3021 2264 3101 2319 eis
3144 2264 3412 2336 (quorum
3435 2269 3519 2336 ty-

1881 2376 2042 2432 pum,
2069 2363 2134 2414 ut
2157 2358 2491 2430 praedictum
2511 2361 2614 2426 est,
2631 2357 3042 2429 chorepisc0pi,
3059 2363 3368 2431 antequam
3389 2375 3519 2430 pro-

1883 2453 2051 2508 hibiti
2078 2457 2283 2522 essent,
2315 2451 2586 2522 gerebant
2611 2451 2670 2505 in
2697 2450 2948 2522 ecclesia)
2979 2450 3215 2507 scientes
3257 2453 3518 2510 illicitum

1883 2545 2025 2612 fore,
2078 2545 2274 2600 dantes
2322 2544 2734 2600 successoribus
2780 2560 2983 2600 eorum
3047 2546 3392 2618 exemplum,
3445 2563 3517 2604 ne

1881 2655 2137 2710 unquam
2165 2639 2290 2694 talia
2316 2643 2746 2710 praesumerent.
2775 2639 2932 2694 Unde
2952 2639 3012 2694 in
3039 2640 3270 2695 Actibus
3298 2646 3522 2713 aposto-

1882 2733 2071 2788 lorum
2097 2732 2374 2803 scriptum
2408 2737 2492 2786 est
2530 2732 2670 2803 (Act.
2711 2732 2803 2802 vn)
2836 2748 2850 2786 :
2884 2734 3014 2790 Cum
3062 2734 3341 2790 audissent
3369 2751 3523 2806 apos-

1886 2828 1985 2882 toli
2005 2829 2104 2896 qui
2129 2831 2285 2881 erant
2311 2826 2716 2895 Hierosolymis,
2750 2827 2882 2895 quia
2911 2829 3111 2897 recepit
3138 2829 3394 2884 Samaria
3406 2844 3523 2885 ver-

1887 2921 2009 2974 bum
2040 2922 2153 2982 Dei,
2179 2921 2440 2974 miserunt
2458 2920 2534 2974 ad
2558 2934 2640 2974 eos
2657 2921 2878 2975 Petrum
2897 2924 2948 2974 et
2973 2923 3250 2976 Joannem.
3277 2924 3520 2989 Quicum

1883 3016 2167 3076 venissent,
2199 3018 2487 3068 creverunt
2509 3029 2612 3083 pro
2636 3015 2788 3083 ipsis,
2827 3017 2891 3067 ut
2911 3015 3211 3084 acciperent
3249 3017 3517 3085 Spiritum

1883 3113 2151 3164 sanctum.
2178 3110 2286 3166 Nec
2313 3107 2443 3162 dum
2462 3109 2602 3162 enim
2620 3109 2678 3162 in
2696 3123 3019 3177 quemquam
3045 3109 3263 3164 illorum
3279 3115 3520 3176 venerat,

1884 3203 1978 3257 sed
2020 3203 2291 3272 baptizati
2333 3205 2545 3258 tantum
2591 3206 2746 3256 erant
2786 3204 2843 3256 in
2881 3204 3092 3257 nomine
3137 3204 3345 3258 domini
3376 3207 3520 3261 Iesu.

1890 3299 2034 3352 Tunc
2076 3295 2420 3366 imponebant
2464 3310 2658 3349 manus
2704 3311 2864 3366 super
2903 3296 3045 3360 illos,
3092 3301 3143 3352 et
3187 3299 3525 3369 accipiebant

1883 3391 2150 3460 Spiritum
2173 3393 2439 3444 sanctum.
2473 3389 2598 3444 Non
2624 3405 2761 3459 ergo
2789 3389 2870 3458 (ut
2887 3389 3010 3460 jam
3039 3389 3255 3445 dictum
3282 3393 3384 3463 est)
3413 3392 3517 3449 ali-

1885 3499 2059 3554 quem
2116 3497 2182 3536 ex
2225 3481 2604 3553 septuaginta,
2643 3481 2775 3536 licet
2830 3482 2996 3553 pauci
3037 3489 3224 3539 essent
3257 3485 3520 3556 apostoli,

1885 3575 1957 3630 ad
1982 3576 2091 3630 hoc
2111 3590 2254 3646 opus
2274 3574 2686 3647 perficiendum
2712 3574 3063 3645 direxerunt,
3084 3576 3181 3631 sed
3201 3577 3436 3634 Petrum
3465 3584 3523 3635 et

1885 3671 2162 3726 Joannem
2184 3668 2472 3740 apostolos
2497 3684 2601 3740 per
2625 3685 2825 3723 manus
2849 3669 3273 3740 impositionem
3304 3673 3524 3728 tradere

1889 3764 2166 3836 Spiritum
2179 3767 2435 3818 sanctum
2461 3763 2739 3818 miserunt
2761 3779 2774 3817 :
2795 3778 3044 3834 quorum
3064 3763 3244 3820 vicem
3271 3765 3523 3838 episcopi

1887 3857 1946 3912 in
1973 3856 2207 3912 ecclesia
2231 3859 2455 3927 gerunt,
2490 3859 2546 3911 et
2587 3871 2706 3910 non
2750 3855 3143 3929 chorepisc0pi
3169 3856 3362 3928 (Nicol.
3393 3862 3439 3924 Ι,
3466 3862 3525 3915 in

1887 3954 2042 4022 epist.
2071 3951 2146 4005 ad
2184 3950 2527 4020 Rudolphum
2569 3952 2746 4006 Bitur.
2791 3950 2988 4022 arch.),
3031 3950 3131 4023 qui
3166 3953 3524 4026 septuaginta

1888 4043 2300 4116 discipulorum
2327 4043 2572 4098 formam
2590 4049 2719 4098 ante
2738 4044 3186 4115 prohibitionem
3207 4061 3410 4102 eorum
3432 4063 3524 4119 ge-

1887 4137 2116 4218 rebant.
2139 4137 2302 4202 Quod
2326 4136 2409 4190 illi
2431 4152 2549 4191 non
2573 4137 2848 4208 fecerunt,
2879 4154 2980 4194 vos
3009 4139 3193 4195 facere
3223 4140 3420 4212 nolite,
3449 4157 3525 4198 ne

1889 4230 2188 4286 dissimiles
2217 4230 2316 4300 eis,
2347 4233 2404 4285 et
2428 4230 2650 4302 indigni
2677 4248 2880 4289 eorum
2900 4233 3252 4289 successione
3270 4238 3328 4289 et
3354 4234 3524 4290 minio

1889 4325 2058 4380 sterio
2088 4341 2209 4380 esse
2233 4324 2539 4380 videamini
2558 4342 2571 4379 :
2588 4326 2723 4397 quia
2750 4325 2832 4397 (ut
2856 4326 2936 4381 ait
2961 4327 3235 4382 Dominus
3265 4326 3326 4382 in
3351 4329 3527 4384 Evan-

1891 4418 2059 4489 gelia)
2099 4421 2195 4487 qui
2237 4433 2345 4473 non
2391 4423 2467 4474 est
2497 4434 2720 4482 mecum,
2755 4420 3041 4476 adversum
3081 4435 3164 4476 me
3188 4425 3267 4476 est
3292 4439 3310 4475 :
3341 4425 3393 4476 et
3430 4426 3529 4492 qui

136 4515 312 4567 :iense
343 4527 422 4566 vi.
476 4511 570 4566 lib.
617 4528 632 4564 ι
674 4528 720 4566 c.
751 4513 862 4582 27),
909 4511 1127 4566 donum
1166 4513 1345 4567 sancti
1395 4512 1640 4584 Spiritus
1686 4530 1867 4612 perD
1887 4529 1993 4568 non
2022 4512 2229 4582 colligit
2252 4527 2474 4577 mecum,
2507 4513 2772 4584 dispergit
2795 4513 2940 4584 (Luc.
2971 4530 3050 4584 χι,
3082 4514 3193 4585 23).

137 4605 575 4676 impositionem
604 4620 876 4660 manuum
908 4605 1152 4674 tradant,
1180 4611 1236 4662 et
1259 4605 1387 4677 alia,
1415 4623 1564 4679 quas,
1605 4608 1789 4662 solum

137 4699 513 4772 pontiﬁcibus
539 4698 837 4768 debentur,
869 4703 1069 4754 contra
1085 4699 1168 4754 fas
1192 4706 1473 4773 peragant
1505 4717 1518 4756 :
1552 4718 1788 4773 praeser-

1964 4608 2027 4661 Π.
2058 4605 2118 4661 Si
2155 4611 2348 4661 autem
2376 4607 2576 4662 Petrus
2625 4607 2890 4680 princeps
2926 4607 3321 4680 apostolorum
3357 4609 3524 4682 adju-

1887 4706 2040 4758 tores
2066 4701 2172 4757 sibi
2198 4701 2394 4758 ascivit
2434 4701 2640 4756 Linum
2689 4706 2744 4757 et
2781 4702 3024 4774 Cletum,
3060 4719 3181 4759 non
3205 4707 3400 4760 tamen
3425 4722 3526 4777 po-

219 4855 294 4925 (a)
324 4852 716 4909 Adulterinam
743 4869 939 4910 omnes
965 4853 1114 4910 docti
1142 4857 1393 4926 censent,
1421 4872 1526 4911 nec
1553 4855 1671 4928 ipse
1701 4856 1939 4912 Baronio
1967 4858 2261 4929 praaeunte
2285 4871 2455 4911 ausus
2480 4859 2565 4912 est
2593 4854 2871 4926 refragari
2901 4854 3112 4912 Binius.
3143 4855 3307 4913 Lana.

1458 4978 1636 5036 NOTA
1675 4981 1987 5037 SEVERINI
2027 4981 2207 5036 BINII.

215 5083 243 5112 ⁸
273 5083 429 5159 Hanc
446 5083 742 5159 epistolam
773 5085 857 5159 ab
876 5085 1080 5159 aliquo,
1104 5085 1411 5159 impostore
1436 5088 1538 5143 sub
1555 5089 1786 5145 nomine

141 5155 383 5231 Joannis
403 5172 564 5226 papae
582 5157 650 5210 [ll
670 5162 795 5231 post
810 5155 1027 5231 obitum
1047 5155 1208 5213 illius
1220 5159 1573 5231 suppositam
1592 5161 1785 5229 fuisse,

145 5226 346 5302 multis
372 5226 732 5302 argumentis
749 5229 979 5302 ostendi
1003 5235 1206 5302 potest.
1246 5226 1457 5299 Pri—mo,
1489 5233 1642 5302 quod
1682 5226 1786 5287 sub

145 5297 450 5373 consulatu
506 5301 570 5353 16
621 5299 856 5373 Justini_
885 5315 938 5373 ιγ
996 5297 1277 5373 Kalendas
1320 5297 1584 5373 Augusti,
1638 5320 1788 5358 anno

145 5373 175 5421 ’ἴ
230 5368 464 5437 Justini,
531 5375 588 5423 et
650 5374 752 5446 572
803 5371 1011 5424 Christi
1053 5373 1260 5446 scripta
1299 5368 1481 5446 fuisse
1535 5368 1786 5446 reperia-

147 5446 262 5515 tur,
291 5457 412 5515 quo
436 5446 693 5515 tempore
717 5441 956 5515 Joannes
983 5459 1126 5515 papa
1147 5441 1267 5514 jam
1293 5444 1353 5498 in
1377 5445 1518 5498 vivis
1541 5441 1658 5500 esse
1687 5446 1786 5501 de-

150 5511 849 5588 sierat._Secundo,__quod
892 5511 1027 5588 nota
1056 5511 1362 5588 consulari,
1384 5516 1656 5588 insignita
1693 5518 1786 5588 sit,

149 5599 264 5662 qua
295 5583 392 5637 his
421 5583 792 5662 Ateinporibus
829 5584 1078 5662 epistolae
1114 5587 1426 5662 pontiﬁcis;
1461 5583 1789 5662 consignari

148 5654 457 5710 desierant.
483 5654 691 5724 Tertio,
721 5654 880 5727 quod
893 5655 954 5710 in
980 5673 1046 5711 ea
1069 5654 1345 5715 scribatur
1370 5659 1576 5715 Linum
1604 5654 1660 5716 et
1671 5661 1789 5716 Cle-

149 5742 280 5782 rum
297 5727 477 5805 fuisse
505 5731 729 5805 tantum
754 5728 1184 5805 chorepisc0pos
1197 5749 1214 5801 ;
1245 5748 1359 5805 quo
1385 5736 1580 5805 tamen
1603 5733 1790 5805 omnis

151 5814 296 5876 pene
321 5798 638 5876 antiquitas
673 5798 1018 5875 scriptorum
1052 5798 1513 5877 optimorum,,ut
1553 5803 1613 5860 in
1640 5804 1789 5860 notis

1887 5089 1956 5144 ad
1987 5089 2501 5162 Vitaseorumdem
2548 5088 2882 5161 pontiﬁcum
2927 5088 3196 5160 diximus,
3239 5106 3344 5162 pro
3375 5089 3524 5146 veris

1885 5161 2258 5233 pontiﬁcibus
2284 5162 2535 5232 agnovit.
2579 5163 2753 5217 Taceo
2796 5162 2948 5233 quod
3000 5177 3213 5218 nomen
3244 5161 3521 5232 ’chorepi-

1887 5232 2206 5313 scoporurn,
2231 5232 2576 5313 [dequorurn
2604 5232 2840 5313 munere
2871 5234 3094 5313 integra
3128 5234 3362 5313 epistola
3391 5233 3527 5313 scri-

1885 5303 2112 5376 pta'est,
2142 5305 2203 5358 in
2225 5303 2400 5376 Gallia
2425 5309 2481 5358 et
2509 5304 2804 5359 Germania
2833 5303 3520 5376 plane—abolitumrfuerit.

1887 5375 1998 5429 Hoc
2024 5392 2206 5430 unum
2236 5375 2514 5430 duntaxat
2539 5375 2877 5430 sanctissimi
2904 5375 3186 5447 pontificis
3199 5375 3523 5447 scriptum‘

1887 5446 2363 5515 commentitium,
2395 5447 2682 5518 germanis
2707 5445 2961 5518 ejusdem
2988 5445 3241 5518 epistolis
3266 5445 3525 5518 deperdi-

1883 5519 1975 5586 tis,
2004 5524 2244 5587 exstare,
2286 5517 2652 5573 vehementer
2693 5517 2776 5574 est
2811 5517 3118 5574 dolendum
3149 5517 3310 5587 (Vide
3347 5519 3521 5572 Baro-

1885 5592 2038 5644 nium
2068 5606 2213 5644 anno
2245 5593 2369 5659 572,
2395 5606 2544 5645 num.
2575 5591 2647 5660 3).

1949 5690 1968 5711 '
1996 5687 2071 5738 Ab
2112 5686 2324 5738 inficeto
2352 5688 2584 5761 plagiaro
2612 5686 3040 5761 qu‘ilsubolsidor‘i
3064 5687 3229 5761 larva.
3247 5687 3521 5761 delitescit,

1885 5764 2204 5864 mgrcquun:
2218 5764 2338 5801 suas
2353 5748 2873 5815 imperitis'obtrudit
2903 5752 2954 5799 et
2980 5748 3259 5799 obctecatis
3301 5749 3523 5811 scripto-

1885 5827 1932 5864 ﬂ
1970 5827 2047 5864 us.
2207 5849 2220 5864 .

1885 5827 2047 5864 1⁵10118.
2073 5827 2220 5864 ωδε.
