4020 6232
563 304 627 365 is
1138 310 1191 364 S.
1232 309 1413 367 JOAN.
1456 294 1645 364 ΡΑΡᾹΞ
1682 308 1751 363 Ill
1791 307 1996 363 EPIST.
2039 307 2126 362 AD
2165 304 2520 363 EPISCOPOS
2555 308 2917 365 GERMANIzE
2956 310 3039 366 ET
3073 311 3350 367 GALLIE.
3856 319 3905 369 16

556 421 815 475 testatem
840 414 1140 489 pontiﬁcii,
1166 422 1265 473 aut
1288 416 1524 490 ligandi,
1552 420 1650 472 aut
1674 415 1927 472 solvendi
1950 416 2030 471 eis
2057 433 2187 472 nor—
2209 428 2268 502 Α
2287 415 2514 472 difﬁcile
2541 416 2713 475 fuerit
2750 422 2849 475 aut
2890 424 3127 492 propter
3162 419 3469 475 instantem
3509 419 3905 492 necessitatem,
3984 482 3985 513 ἰ

555 525 710 568 mam
738 510 989 582 tradidit,
1019 511 1117 567 sed
1162 510 1469 567 successori
1504 527 1609 566 suo
1652 513 1845 566 sancto
1888 509 2182 580 Clementi,

554 604 654 678 qui
699 604 891 661 sedem
941 602 1311 677 apostolicam
1358 607 1488 677 post
1535 619 1688 674 eum,
1744 607 1799 659 et
1846 607 2185 675 potestatem

552 696 957 771 pontiﬁcalem,
990 698 1245 755 tradente
1267 696 1375 752 sibi
1401 697 1566 752 beato
1597 698 1784 766 Petro,
1818 701 2011 753 tenere
2044 713 2181 768 pro—

552 793 783 851 meruit.
810 793 981 849 Linus
1003 808 1137 848 vero
1159 795 1215 847 et
1238 790 1426 847 Cletus
1454 789 1851 846 ministrabant
1877 791 2180 862 exteriora,

548 886 814 959 princeps
829 891 1019 942 autem
1034 885 1427 958 apostolorum
1446 885 1645 940 Petrus
1662 885 1834 941 verbo
1863 889 1920 940 et
1942 884 2184 940 orationi

549 980 843 1037 insistebat
872 998 887 1035 :
918 996 1045 1052 quae
1070 994 1187 1033 non
1211 978 1528 1050 incongrue
1558 978 1630 1034 ad
1655 977 2023 1033 traditionem
2052 977 2180 1049 Spi-

550 1073 692 1129 ritus
709 1074 881 1129 sancti
901 1088 1005 1144 per
1021 1088 1226 1127 manus
1243 1071 1672 1144 impositionem
1696 1070 2004 1143 pertinent.
2024 1071 2181 1127 Unde

551 1172 607 1223 et
626 1168 685 1222 in
706 1166 932 1223 Actibus
947 1167 1337 1239 apostolorum
1354 1165 1633 1238 scriptum
1660 1165 1903 1220 habetur
1928 1165 2068 1236 (Act.
2084 1165 2177 1237 v1):

548 1263 668 1321 Non
711 1265 788 1317 est
831 1275 1066 1331 (equum,
1111 1274 1207 1315 nos
1246 1260 1549 1330 relinquere
1583 1259 1802 1315 verbum
1840 1260 1954 1322 Dei,
2008 1262 2058 1313 et
2082 1261 2182 1313 mi-

546 1356 783 1410 nistrare
820 1355 1035 1409 mensis.
1080 1352 1435 1424 Quapropter
1474 1350 1832 1424 septuaginta
1859 1350 2020 1407 electi
2048 1355 2181 1407 sunt

547 1447 827 1522 discipuli,
857 1447 956 1520 qui
981 1446 1262 1502 exteriora
1289 1449 1647 1519 peragerent,
1694 1444 1803 1517 ipsi
1846 1461 1980 1500 vero
2020 1462 2181 1517 apos-

545 1541 649 1597 toli
675 1541 849 1596 verbo
885 1545 942 1596 et
988 1538 1233 1595 orationi
1269 1539 1624 1609 insisterent;
1655 1537 1786 1594 inde
1826 1543 1883 1594 et
1919 1538 1981 1593 in
2006 1539 2181 1594 Evan-

546 1634 694 1707 gelio
732 1633 1044 1689 secundum
1082 1634 1291 1688 Lucam
1330 1632 1605 1704 scriptum
1644 1634 1727 1687 est
1769 1631 1883 1686 ita:
1911 1634 2037 1687 Post
2068 1633 2178 1688 hac

543 1732 724 1784 autem
747 1726 1055 1798 designavit
1073 1729 1329 1783 Dominus
1357 1730 1407 1782 et
1431 1727 1567 1782 alios
1582 1728 1929 1797 septuaginta
1954 1725 2107 1789 duos,
2127 1730 2178 1782 et

2281 515 2383 565 aut
2408 515 2646 583 propter
2694 512 2909 569 itineris
2949 513 3388 586 longitudinem,
3430 530 3463 567 a
3497 512 3679 569 tribus
3731 518 3907 571 tamen

2287 603 2631 661 omnimodis
2650 605 2709 661 in
2734 606 2982 678 idipsum
3007 607 3494 678 convenientibus,
3517 610 3574 663 et
3599 607 3907 664 absentibus

2284 712 2514 769 quoque
2564 698 2687 769 pari
2737 699 2910 755 modo
2956 699 3409 769 decernentibus,
3453 703 3510 754 et
3567 716 3671 772 per
3716 700 3908 772 scripta
3984 732 3985 745 ι

2284 792 2790 860 consentientibus,
2812 797 2948 847 tunc
2978 793 3261 849 ordinatio
3291 793 3628 851 celebratur.
3660 794 3907 851 Firmitas
3984 834 3985 853 ξ

2282 887 2473 939 autem
2494 901 2695 941 eorum
2724 902 2851 958 qua:
2877 891 3150 958 gerentur
3173 903 3278 958 per
3300 903 3765 959 unamquamque
3792 905 3907 960 pro-

2283 976 2546 1050 vinciam,
2585 979 3024 1051 metrOpolitano
3073 980 3356 1035 tribuatur
3378 980 3667 1053 episcopo.
3717 981 3908 1037 Omnia
3984 1004 3985 1011 η

2283 1087 2510 1144 quoque
2543 1072 2794 1128 maxima
2834 1072 3070 1129 concilia
3108 1073 3415 1142 affirmant,
3454 1089 3588 1129 eum
3639 1091 3757 1129 non
3799 1092 3905 1132 esse

2282 1163 2633 1236 episcopum,
2664 1166 2761 1239 qui
2788 1166 2977 1221 minus
3003 1183 3175 1239 quam
3199 1184 3232 1222 a
3255 1167 3437 1223 tribus
3466 1167 3763 1239 episcopis,
3783 1186 3904 1224 auc.

2280 1256 2505 1313 toritate
2523 1259 2693 1315 etiam
2718 1260 3166 1332 metropolitani,
3196 1260 3368 1316 fuerit
3391 1260 3573 1319 factus
3597 1261 3903 1334 episcopus.

2281 1348 2524 1423 Ideoque
2574 1352 2702 1408 illos
2744 1368 2889 1424 quos
2934 1352 3371 1425 chorepiscopos
3411 1353 3642 1424 vocatis,
3686 1354 3905 1426 quiaab
3984 1416 3985 1423 γ

2279 1457 2394 1496 uno
2421 1442 2505 1515 (ut
2528 1445 2865 1518 audivimus)
2916 1445 3064 1501 ﬁunt
3108 1446 3397 1518 episcopo,
3451 1446 3749 1519 episcopos
3795 1464 3902 1503 non
3984 1472 3985 1479 η

2279 1551 2418 1607 esse,
2457 1554 2562 1593 nec
2590 1539 2799 1612 aliquid
2827 1540 2898 1595 de
2924 1539 3235 1612 pontiﬁcali
3277 1540 3576 1612 privilegio
3612 1557 3782 1613 agere
3813 1542 3904 1597 de-

2276 1628 2430 1701 bcre,
2458 1632 2820 1704 perspicuum
2856 1637 2959 1689 est.
2999 1633 3281 1698 Quoniam
3319 1633 3366 1688 si
3410 1650 3622 1689 nomen
3663 1650 3782 1690 non
3808 1634 3903 1689 ha-

2275 1721 2431 1793 bent,
2471 1726 2761 1797 quomodo
2806 1726 3060 1782 ofﬁcium
3096 1732 3334 1799 possunt
3372 1727 3581 1783 habere
3628 1727 3905 1799 [facere]?

542 1823 693 1878 misit
734 1823 857 1877 illos
897 1823 1046 1876 binos
1090 1824 1216 1875 ante
1248 1822 1447 1888 faciem
1494 1835 1650 1875 suam
1694 1821 1754 1875 in
1796 1834 2000 1875 omnem
2041 1804 2253 1875 civi-B
2279 1815 2338 1871 Si
2365 1832 2503 1890 ergo
2543 1819 2792 1892 episcopi
2834 1836 2953 1875 non
2991 1825 3142 1892 sunt,
3186 1825 3243 1876 et
3282 1821 3599 1893 presbyteri
3643 1823 3904 1893 (quorum
3959 1832 3966 1857 ν

543 1920 709 1971 tatem
731 1919 783 1971 et
802 1915 993 1978 locum,
1011 1929 1114 1984 quo
1133 1917 1250 1969 erat
1266 1914 1379 1985 ipse
1394 1917 1669 1968 venturus.
1691 1915 1762 1969 Et
1780 1912 1993 1968 dicebat
2020 1912 2135 1968 illis
2155 1932 2173 1967 :

540 2011 726 2067 Messis
744 2003 960 2080 quidem
972 2008 1164 2070 multa,
1180 2009 1421 2078 operarii
1431 2011 1607 2062 autem
1623 2008 1810 2077 pauci.
1830 2009 2033 2078 Rogate
2049 2022 2173 2076 ergo

537 2102 813 2158 dominum
839 2103 1042 2165 messis,
1074 2104 1135 2155 ut
1162 2102 1346 2155 mittat
1374 2102 1646 2171 operarios
1664 2101 1722 2154 in
1749 2115 1966 2156 messem
1994 2115 2171 2155 suam.

535 2198 632 2253 Ite.
658 2199 791 2253 Ecce
836 2211 930 2266 ego
967 2197 1124 2251 mitto
1148 2209 1238 2250 vos
1267 2197 1408 2251 sicut
1434 2210 1599 2264 agnos
1628 2196 1770 2250 inter
1796 2195 1967 2265 lupos.
1996 2194 2172 2252 Nolite

529 2294 751 2361 portare
782 2290 1075 2352 sacculum,
1113 2303 1282 2358 neque
1312 2303 1526 2358 peram,
1567 2303 1735 2358 neque
1769 2288 2167 2355 calceamenta;

533 2387 586 2437 et
623 2384 885 2437 neminem
920 2397 1021 2452 per
1060 2383 1209 2436 viam
1260 2382 1654 2436 salutaveritis.
1696 2383 1759 2436 In
1797 2396 2172 2451 quamcunque

532 2475 749 2531 domum
771 2477 1127 2538 intraveritis,
1153 2476 1395 2546 primum
1418 2474 1581 2530 dicite
1607 2494 1624 2528 :
1657 2476 1780 2530 Pam
1803 2475 1930 2530 huic
1958 2473 2165 2529 domui.

530 2571 602 2627 Et
627 2571 678 2624 si
697 2570 778 2625 ibi
797 2570 970 2638 fuerit
992 2570 1140 2639 ﬁlius
1162 2571 1337 2642 pacis,
1366 2570 1657 2640 requiescet
1680 2583 1842 2639 super
1870 2569 2028 2624 illum
2048 2584 2168 2639 pax

528 2667 736 2732 vestra;
764 2666 849 2719 sin
878 2668 1079 2726 autem,
1106 2663 1183 2718 ad
1220 2678 1311 2718 vos
1336 2667 1650 2719 revertetur.
1676 2665 1739 2719 In
1770 2662 1956 2718 eadem
1984 2667 2165 2718 autem

529 2757 684 2814 domo
712 2761 942 2821 manete,
968 2757 1179 2813 edentes
1204 2761 1255 2812 et
1281 2758 1512 2813 bibentes
1539 2771 1660 2827 qua:
1675 2757 1824 2828 apud
1858 2758 1981 2812 illos
2015 2762 2163 2812 sunt.

525 2854 733 2923 Dignus
765 2863 839 2908 est
864 2852 1005 2906 enim
1024 2852 1302 2922 operarius
1314 2851 1552 2906 mercede
1567 2865 1686 2905 sua.
1714 2851 1893 2908 Nolite
1931 2852 2165 2905 transire

528 2946 596 3002 de
609 2945 763 3001 domo
778 2946 836 2999 in
855 2945 1091 3001 domum.
1117 2947 1189 3000 Et
1203 2946 1262 2999 in
1281 2960 1651 3016 quamcunque
1672 2946 1945 3000 civitatem
1982 2946 2162 2999 intra-

2274 1909 2452 1966 vicem
2479 1917 2704 1984 gerunt,
2729 1914 2862 1986 quia
2888 1915 2959 1970 ad
2986 1915 3313 1987 exemplum
3336 1920 3391 1970 et
3415 1916 3662 1971 formam
3688 1920 3904 1988 septua—

2276 2003 2432 2075 ginta
2450 2006 2586 2061 olim
2615 2007 2841 2081 ﬁebant)
2871 2024 2991 2064 esse
3011 2008 3349 2080 despiciunt,
3379 2009 3515 2081 quid
3540 2010 3755 2065 erunt?
3776 2011 3904 2065 Pro-

2272 2097 2417 2153 fecto
2443 2100 2598 2172 quod
2622 2101 2843 2157 ratione
2869 2106 3038 2170 caret,
3069 2107 3170 2158 aut
3195 2103 3342 2157 nihil
3368 2107 3468 2158 aut
3505 2120 3709 2175 parum
3743 2119 3904 2175 pror-

2272 2207 2365 2245 sus
2391 2197 2493 2248 est.
2517 2193 2575 2249 Si
2600 2194 2726 2266 quis
2752 2195 2820 2250 de
2846 2195 2936 2250 his
2961 2195 3226 2268 amplius,
3249 2201 3303 2252 et
3331 2197 3487 2269 quod
3516 2196 3642 2252 ﬁeri
3667 2214 3788 2252 non
3816 2196 3903 2252 de-

2269 2283 2458 2355 beant,
2486 2287 2730 2343 voluerit
2751 2288 2910 2360 scire,
2940 2288 3094 2360 legat
3118 2289 3520 2361 praedic-torum
3559 2290 3901 2361 apostolico4

2268 2394 2398 2434 rum
2427 2379 2664 2451 (Damasi
2689 2382 2900 2439 scilicet
2923 2387 2980 2438 et
3004 2383 3224 2455 Leonis)
3251 2383 3493 2452 decreta,
3526 2389 3583 2439 et
3617 2384 3696 2438 ibi
3734 2401 3897 2457 repe-
3980 2384 3986 2392 “

2266 2472 2393 2529 riet.
2409 2474 2484 2529 De
2496 2474 2699 2546 quibus
2709 2475 2891 2548 aliqua
2909 2481 2965 2532 et
2975 2477 3068 2532 hic
3077 2476 3593 2548 inserere,dignum
3607 2477 3878 2533 duximus
3889 2518 3901 2532 .

2342 2566 2426 2621 IIl.
2444 2566 2503 2621 Si
2528 2567 2755 2623 Domini
2769 2567 3153 2625 desideramus
3169 2586 3289 2626 esse
3316 2570 3574 2642 discipuli
3605 2570 3698 2641 (a),
3723 2571 3903 2642 ipsius

2265 2658 2557 2715 imitemur
2597 2661 2849 2732 vestigia,
2891 2667 2951 2718 ut
2990 2662 3059 2719 de
3094 2662 3258 2718 nobis
3298 2662 3518 2718 dicatur
3568 2680 3581 2718 :
3618 2665 3732 2732 Ego
3783 2680 3903 2719 sum

2259 2757 2452 2823 pastor
2483 2754 2672 2816 bonus,
2702 2761 2752 2810 et
2777 2771 3005 2823 agnosco
3042 2772 3162 2811 oves
3195 2772 3362 2819 meas,
3391 2761 3443 2811 et
3465 2773 3591 2812 voco
3618 2772 3708 2813 eas
3736 2759 3906 2812 nomi-

2264 2848 2457 2909 natim,
2500 2853 2552 2902 et
2587 2854 2912 2916 cognoscunt
2951 2866 3034 2904 me
3069 2865 3214 2912 meat,
3263 2854 3320 2905 et
3356 2850 3573 2921 reliqua
3616 2851 3795 2921 (Joan.
3826 2852 3902 2921 x).

2263 2939 2331 2994 Et
2356 2940 2586 3010 iterum,
2628 2945 2897 2997 monente
2932 2941 3229 2998 dominicae
3275 2942 3429 2998 vocis
3472 2943 3736 3014 imperio,
3787 2960 3904 3016 quo

522 3042 730 3103 veritis,
757 3044 811 3095 et
835 3040 1165 3110 susceperint
1181 3054 1292 3101 vos,
1323 3038 1649 3093 manducate
1671 3054 1793 3109 qua:
1815 3042 2165 3109 apponuntur
2261 3031 2614 3089 beatissimus
2636 3036 2926 3105 apostolus
2953 3036 3151 3091 Petrus
3182 3036 3334 3091 trina
3377 3037 3671 3108 repetione
3694 3038 3904 3109 mysti-

519 3135 689 3197 vobis,
720 3137 772 3188 et
813 3136 996 3188 curate
1028 3135 1264 3202 inﬁrmos
1311 3135 1409 3203 qui
1446 3135 1505 3187 in
1546 3132 1649 3187 illa
1699 3136 1848 3195 sunt,
1896 3136 1948 3186 et
1997 3132 2161 3187 dicite
2181 3174 2231 3203 η
2262 3141 2341 3180 cae
2367 3127 2670 3182 sanationis
2705 3127 2981 3184 imbuitur
3023 3129 3197 3199 (Joan.
3235 3130 3381 3201 ult.),
3411 3134 3477 3184 ut
3510 3129 3715 3185 Christi
3741 3146 3905 3200 oves,
3983 3140 3985 3169 ι

524 3174 689 3197 ww,
720 3174 770 3188 ν.
814 3174 995 3188 ea...“
1030 3174 1263 3202 ...νυ
1311 3174 1406 3203 τυ..
1449 3174 1505 3187 ν..
1549 3174 1649 3187 νην.
1699 3174 1848 3195 mm,
1896 3174 1946 3186 υ.
1997 3174 2157 3187 “mw
2265 3174 2340 3180 νη
2368 3174 2668 3182 ---π-η.--
2705 3174 2971 3184 "mm.--
3023 3174 3197 3199 μνη...
3238 3174 3381 3201 .....,,
3415 3174 3477 3184 η-
3514 3174 3715 3185 wn-..
3743 3174 3905 3200 ww,

521 3229 675 3284 illis:
706 3226 1184 3298 Appropinquabit
1210 3229 1269 3281 in
1286 3242 1377 3282 vos
1404 3242 1628 3296 regnum
1649 3228 1760 3282 Dei.
1782 3228 1846 3282 In
1869 3241 2160 3295 quamcun-
2179 3174 2234 3248 C
2260 3218 2359 3291 qui
2387 3220 2672 3276 Christum
2697 3227 2869 3291 amat,
2906 3222 3211 3295 diligenter
3251 3227 3307 3278 et
3343 3239 3476 3279 cum
3523 3239 3732 3295 magna
3764 3242 3907 3281 cura
3936 3222 3937 3227 “

522 3337 626 3393 que
648 3324 829 3376 autem
853 3323 1124 3375 civitatem
1138 3322 1496 3383 intraveritis,
1525 3325 1577 3374 et
1599 3335 1705 3374 non
1728 3320 2025 3390 receperint
2046 3335 2157 3383 vos,
2257 3318 2464 3385 pascat,
2496 3316 2766 3386 quoniam
2792 3316 2966 3388 ipsius
2989 3320 3198 3373 sanctae
3233 3316 3378 3372 sedis
3423 3317 3535 3386 (cui
3578 3334 3683 3389 per
3706 3319 3907 3376 abun-

522 3418 770 3471 eareuntes
792 3415 851 3468 in
878 3414 1095 3484 plateas
1126 3413 1258 3484 ejus,
1298 3414 1463 3469 dicite
1492 3432 1509 3467 :
1542 3415 1727 3468 Etiam
1748 3413 2027 3483 pulverem
2065 3414 2162 3482 qui
2257 3406 2504 3462 dantiam
2554 3408 2757 3464 divinae
2792 3410 2985 3480 gratiae
3026 3414 3360 3482 praesumus)
3399 3411 3576 3482 ipsius
3613 3428 3820 3470 amore
3850 3419 3908 3469 et

518 3508 750 3565 adhcesit
775 3507 924 3563 nobis
947 3507 1014 3562 de
1031 3510 1248 3563 civitate
1268 3511 1467 3570 vestra,
1495 3507 1823 3576 extergimus
1839 3508 1895 3560 in
1919 3521 2030 3561 vos.
2058 3508 2159 3561 Ta-
2255 3501 2567 3555 reverentia
2595 3507 2967 3574 coarctamur,
3006 3509 3070 3559 ut
3093 3510 3263 3560 tantae
3290 3504 3730 3576 superstitionis,
3767 3524 3903 3579 quas

518 3618 640 3658 men
662 3603 759 3658 hoc
783 3605 987 3663 scitote,
1014 3604 1145 3672 quia
1166 3601 1629 3673 appropinquabit
1647 3615 1869 3668 regnum
1891 3602 2007 3655 Dei.
2028 3601 2156 3655 Dico
2254 3593 2465 3649 nullius
2495 3594 2576 3665 (ut
2601 3612 2748 3667 saepe
2775 3596 2991 3652 dictum
3019 3600 3119 3670 est)
3152 3597 3385 3654 fulcitur
3409 3597 3775 3671 auctoritate,
3808 3618 3907 3673 pe-

517 3697 685 3761 υοδίε,
716 3698 847 3768 quia
875 3695 1119 3754 Sodomis
1147 3697 1205 3749 in
1231 3695 1336 3749 illa
1363 3694 1451 3749 die
1476 3695 1748 3748 remissius
1767 3696 1870 3748 erit
1891 3709 2055 3763 quam
2069 3694 2159 3747 illi
2254 3685 2497 3742 riculum
2526 3686 2822 3760 (quantum
2860 3692 3179 3763 possumus)
3218 3691 3582 3761 declinemus,
3624 3708 3697 3748 ne
3743 3693 3906 3751 beati

519 3791 734 3847 civitati
760 3788 907 3860 (Luc.
938 3789 1016 3862 x).
1041 3789 1109 3844 Et
1127 3788 1186 3842 in
1209 3787 1470 3844 Matthan
1497 3786 1843 3858 evangelista
1868 3790 1953 3841 est
1980 3802 1994 3841 :
2022 3789 2155 3842 Ecce
2253 3780 2508 3852 magistri
2533 3784 2711 3838 nostri
2735 3784 2889 3839 Petri
2916 3784 3124 3839 summi
3150 3782 3390 3856 apostoli
3406 3784 3655 3853 dilectio,
3690 3803 3815 3858 qua
3843 3805 3905 3843 se

517 3898 612 3953 ego
639 3885 797 3938 mmo
817 3897 910 3937 υοε
935 3885 1076 3937 sicut
1101 3897 1220 3938 ουεε
1250 3884 1308 3936 in
1331 3881 1508 3936 medio
1534 3881 1804 3951 luporum.
1831 3882 2011 3936 Estote
2030 3896 2153 3951 ergo
2251 3879 2565 3930 amatorem
2592 3876 2687 3932 Dei
2716 3894 2835 3933 esse
2863 3882 3095 3933 testatus
3138 3882 3242 3945 est,
3293 3894 3438 3932 vana
3482 3877 3817 3937 inveniatur
3844 3882 3908 3938 in

510 3974 803 4047 prudentes
825 3977 965 4029 sicut
988 3979 1275 4044 serpentes,
1312 3979 1364 4029 et
1396 3974 1667 4045 simplices
1705 3976 1846 4029 sicut
1874 3974 2149 4029 columbw.
2250 3968 2414 4023 nobis
2443 3987 2457 4024 :
2485 3970 2761 4043 quoniam
2810 3971 2999 4027 omnis
3039 3970 3402 4043 negligenter
3443 3988 3678 4044 pascens
3720 3976 3908 4032 toties

517 4070 708 4126 Cavete
732 4070 913 4122 autem
941 4066 1011 4121 ab
1036 4065 1357 4121 hominibus.
1390 4066 1627 4122 Tradent
1656 4068 1796 4121 enim
1824 4080 1915 4121 vos
1939 4069 1997 4120 in
2023 4082 2150 4121 con-
2250 4064 2713 4139 commendatum
2728 4064 2835 4119 sibi
2860 4064 3213 4120 dominicum
3243 4081 3499 4138 gregem,
3530 4067 3908 4125 convincitur

514 4159 677 4224 ciliis,
694 4164 746 4215 et
773 4163 831 4214 in
857 4161 1146 4231 synagogis
1160 4161 1285 4215 'suis
1307 4159 1666 4229 ‘ﬂagellabunt
1686 4173 1810 4225 vos;
1833 4163 1884 4214 et
1900 4160 1977 4214 ad
2005 4175 2152 4228 reges
2249 4170 2539 4213 summum
2580 4175 2697 4213 non
2740 4174 2930 4213 amare
2976 4162 3281 4229 pastorem,
3335 4176 3439 4214 nec
3480 4159 3602 4230 ejus
3640 4160 3794 4217 velle
3844 4179 3907 4219 se

512 4259 565 4310 et
580 4253 844 4325 praesides
866 4254 1139 4310 ducemini
1156 4256 1383 4324 propter
1410 4267 1511 4313 me,
1543 4254 1601 4306 in
1631 4255 1989 4310 testimonium
2037 4254 2150 4309 illis
2249 4248 2586 4320 discipulum
2606 4250 2750 4320 ﬁeri,
2773 4251 2934 4321 cujus
2950 4252 3212 4323 exempla
3232 4252 3475 4323 negligit
3487 4253 3727 4310 imitari.
3749 4256 3908 4312 Nam

513 4352 567 4403 et
593 4348 860 4418 gentibus.
907 4348 1039 4406 Cum
1077 4350 1261 4401 autem
1307 4345 1527 4401 tradent
1552 4360 1664 4409 vos,
1711 4345 1876 4400 nolite
1914 4348 2150 4416 cogitare
2250 4342 2432 4413 gratia
2456 4360 2688 4415 prorsus
2712 4344 2898 4415 major
2918 4345 3250 4417 acquiritur,
3275 4346 3322 4401 si
3342 4347 3411 4401 de
3429 4347 3746 4403 commissis
3780 4352 3910 4406 ovi-

510 4441 771 4512 quomodo
798 4445 897 4497 aut
932 4440 1067 4511 quid
1124 4440 1443 4509 loquamini.
1484 4439 1716 4495 Dabitur
1737 4441 1877 4494 enim
1916 4439 2063 4497 vobis
2090 4442 2148 4495 in
2246 4434 2352 4491 bus
2377 4438 2602 4493 lucrum
2633 4437 2831 4493 offerat
2855 4438 3089 4494 domino
3120 4438 3440 4495 sollicitudo
3464 4440 3727 4512 pastoris.
3747 4443 3911 4501 Nam

509 4535 611 4588 illa
631 4534 764 4588 hora
784 4533 921 4604 quid
949 4534 1267 4603 loquamini.
1290 4533 1413 4590 Non
1434 4534 1575 4586 enim
1600 4547 1692 4587 vos
1712 4534 1839 4587 estis
1851 4534 1949 4602 qui
1970 4534 2144 4604 quui-
2165 4548 2225 4620 D
2247 4536 2303 4587 et
2341 4532 2572 4587 beatum
2612 4531 2802 4601 Jacob,
2842 4532 2942 4603 qui
2979 4549 3085 4604 pro
3129 4534 3402 4590 uxoribus
3444 4534 3543 4589 diu
3584 4536 3898 4606 servierat,

508 4628 666 4689 mini,
694 4627 790 4682 sed
814 4626 1056 4697 Spiritus
1078 4627 1261 4681 Patris
1285 4627 1452 4682 vestri
1480 4627 1577 4695 qui
1603 4626 1844 4695 loquitur
1875 4627 1935 4679 in
1972 4628 2140 4683 vobis.
2246 4626 2450 4681 dixisse
2492 4625 2858 4681 meminimus
2894 4626 3102 4697 (Genes.
3132 4629 3280 4699 χχχι)
3316 4644 3330 4683 :
3370 4629 3580 4696 Viginti
3603 4633 3778 4685 annis
3806 4636 3907 4702 fui

514 4720 713 4776 Tradet
756 4725 934 4777 autem
982 4722 1164 4789 frater
1207 4722 1441 4788 fratrem
1488 4720 1548 4774 in
1589 4724 1831 4783 mortem,
1886 4724 1936 4776 et
1983 4727 2147 4792 pater
2246 4724 2417 4775 tecum
2450 4725 2734 4774 :ovestuw
2752 4725 2802 4774 et
2827 4736 3003 4791 caprae
3028 4723 3237 4777 steriles
3260 4738 3369 4776 non
3386 4723 3616 4795 fuerunt
3643 4741 3660 4776 :
3685 4726 3905 4782 arietes

505 4814 700 4885 ﬁlium,
728 4819 779 4869 et
802 4817 1087 4883 insurgent
1113 4815 1219 4884 ﬁlii
1242 4816 1300 4867 in
1324 4816 1603 4883 parentes,
1633 4817 1683 4867 et
1707 4817 1876 4868 morte
1901 4830 1988 4869 eos
2015 4818 2140 4885 afﬁ-
2243 4815 2420 4882 gregis
2442 4815 2525 4868 tui
2542 4830 2650 4868 non
2672 4815 2894 4878 comedi,
2917 4831 3014 4871 nec
3033 4821 3249 4887 captum
3265 4832 3298 4869 a
3322 4816 3492 4869 bestia
3510 4817 3725 4871 ostendi
3747 4821 3901 4877 tibi:

507 4908 666 4962 cient.
709 4908 781 4961 Et
818 4908 969 4963 eritis
1004 4907 1127 4962 odio
1163 4907 1411 4961 omnibus
1449 4910 1677 4976 propter
1718 4922 1910 4961 nomen
1945 4924 2139 4963 meum.
2244 4924 2337 4976 ego
2358 4909 2618 4962 damnum
2643 4922 2796 4963 omne
2818 4909 3129 4973 reddebam,
3163 4914 3214 4963 et
3251 4909 3487 4980 quiquid
3518 4912 3673 4978 furto
3702 4917 3907 4981 perie-

505 5000 611 5067 Qui
653 5006 832 5057 autem
866 5003 1296 5071 perseveraverit
1321 5014 1490 5070 usque
1514 5002 1572 5054 in
1604 5003 1784 5070 ﬁnem,
1830 5001 1917 5056 hic
1957 5002 2142 5057 salvus
2241 5007 2350 5064 rat,
2383 5018 2416 5055 a
2440 5017 2522 5056 me
2547 5002 2818 5070 exigebas.
2849 5004 2948 5057 Die
2974 5007 3239 5071 noctuque
3262 5006 3395 5057 aestu
3424 5003 3624 5058 urebar
3655 5007 3707 5058 et
3731 5007 3903 5074 gelu,

502 5096 605 5150 erit
631 5094 842 5165 (Matth.
870 5096 945 5167 x).
975 5094 1179 5148 Linum
1204 5109 1452 5165 namque
1478 5097 1535 5148 et
1569 5093 1790 5149 Cletum
1820 5094 1967 5149 nihil
1993 5095 2135 5167 legi-
2238 5096 2489 5164 fugiebat
2510 5112 2729 5151 somnus
2756 5097 2824 5151 ab
2870 5096 3039 5151 oculis
3074 5098 3225 5150 meis.
3256 5094 3314 5151 Si
3349 5096 3527 5167 igitur
3553 5096 3629 5152 sic
3655 5096 3909 5161 laborat

501 5192 597 5243 tur
626 5203 882 5260 unquam
909 5203 978 5242 ex
996 5185 1307 5259 pontiﬁcali
1333 5186 1650 5242 ministerio
1681 5187 1862 5258 egisse
1889 5192 2139 5259 potesta-
2241 5193 2297 5244 et
2338 5189 2551 5261 vigilat,
2595 5190 2694 5262 qui
2743 5190 2921 5261 pascit
2969 5205 3099 5243 oves
3142 5190 3349 5260 Laban,
3388 5196 3601 5261 quanto
3656 5192 3903 5268 labore,

499 5281 610 5337 tive
643 5298 657 5336 :
689 5280 784 5337 sed
812 5284 1090 5354 quantum
1113 5279 1194 5334 eis
1229 5279 1446 5335 abeato
1477 5280 1645 5335 Petro
1680 5280 2133 5353 praecipiebatur,
2238 5282 2573 5355 quantisque
2608 5281 2815 5353 vigiliis
2839 5281 3006 5337 debet
3051 5282 3366 5353 intendere,
3412 5283 3511 5356 qui
3536 5283 3719 5356 pascit
3751 5305 3906 5348 oves

442 5362 451 5371 ’
497 5379 723 5430 tantum
747 5373 1107 5432 solummodo
1137 5373 1402 5445 agebant.
1427 5374 1568 5429 Nam
1592 5372 1733 5430 etin
1759 5390 1976 5430 canone
2000 5375 2140 5447 legi-
2237 5375 2379 5431 Dei?
2406 5376 2517 5433 Sed
2544 5376 2604 5430 in
2630 5374 2718 5430 his
2745 5375 3008 5431 omnibus
3035 5376 3156 5448 ipse
3190 5393 3297 5431 nos
3337 5376 3599 5446 instruat,
3640 5380 3749 5451 qui
3778 5401 3904 5455 pro

497 5474 594 5524 tur
643 5469 867 5523 Nicaeno
924 5467 1150 5538 (Nicami
1203 5468 1419 5523 concilii
1471 5484 1590 5523 can.
1631 5467 1683 5538 4)
1741 5484 1755 5522 :
1796 5468 2137 5541 Episcopum
2237 5469 2353 5524 suis
2376 5470 2532 5525 dedit
2560 5469 2761 5525 ovibus
2786 5469 3060 5539 animam,
3088 5475 3146 5526 et
3167 5471 3395 5542 adjuvet
3418 5487 3545 5539 nos,
3576 5477 3639 5527 ut
3682 5472 3763 5530 de
3797 5478 3907 5535 his

494 5577 741 5635 namque
771 5561 1033 5618 convenit
1059 5561 1305 5617 maxime
1336 5562 1569 5634 quidem
1608 5560 1678 5617 ab
1725 5561 1989 5617 omnibus
2037 5563 2133 5636 qui
2235 5563 2333 5636 qui
2362 5563 2525 5618 nobis
2548 5564 2831 5620 commissi
2860 5568 3014 5632 sunt,
3033 5564 3280 5619 fructum
3306 5565 3680 5638 multiplicem
3700 5566 3905 5640 [mu]-

494 5661 627 5715 sunt
649 5656 711 5712 in
746 5654 1034 5728 provincia
1075 5655 1354 5730 episcopis
1389 5654 1661 5713 ordinari.
1697 5654 1758 5712 Si
1800 5660 1992 5714 autem
2023 5657 2133 5715 hoc
2232 5657 2491 5731 tiplicet],
2531 5674 2595 5714 ac
2631 5675 2960 5716 mensuram
3000 5658 3505 5733 superetﬂuentem
3544 5659 3615 5718 ad
3655 5666 3905 5728 aeterna

565 5833 636 5912 (α)
668 5830 891 5890 Damasi
921 5850 1083 5910 papm
1108 5832 1339 5912 epistola
1368 5837 1418 5911 ὅ,
1450 5834 1568 5892 imo
1594 5834 1917 5912 impostoris
1946 5835 2264 5896 Mercatoris
2290 5836 2517 5913 ineptus
2543 5841 2727 5898 cento.
2756 5838 2918 5900 Lua.
