4020 6232
154 411 204 466 l7
1214 416 1267 469 S.
1310 415 1647 471 MARTI‘NUS
1684 412 2055 471 DUMIENSIS.
2096 412 2381 471 NOTlTlA.
3416 400 3479 467 Ν

148 517 319 592 gaudia
363 522 659 592 reportare
712 521 983 579 concedat
1033 539 1047 580 :
1102 527 1406 598 tantusque
1450 540 1549 581 vos
1593 524 1744 581 beati
1766 534 1824 608 Α
1845 538 1962 578 non
1987 522 2067 579 eis
2092 522 2298 592 favere,
2323 519 2783 593 decertavcritis;
2833 522 2890 578 et
2917 517 2995 578 ita
3023 518 3080 577 in
3110 517 3478 594 postmodum

143 613 268 668 Petri
296 614 687 686 apostolorum
728 615 1000 689 principis
1049 635 1212 675 amor
1250 619 1535 687 accendat,
1571 624 1636 676 ut
1683 620 1744 676 in
1845 616 1914 672 de
1938 616 2035 671 tali
2064 633 2125 672 re
2148 616 2381 690 querela
2421 615 2657 673 cessabit
2688 633 2701 673 :
2732 615 2867 690 quia
2896 614 3257 671 contumelia
3286 613 3475 671 studio

144 707 251 764 ovili
274 707 459 780 ipsius,
482 708 576 764 cui
610 726 810 766 omnes
829 716 1101 767 creaturae
1127 716 1259 768 sunt
1274 712 1514 783 traditae,
1548 729 1745 769 omnes
1843 709 1908 765 fit
1944 710 2292 784 [appetitur],
2334 706 2573 783 quiquid
2612 709 2980 767 interdictum
3016 708 3186 766 toties
3227 724 3473 781 usurpa-

141 802 300 857 taliter
323 808 592 872 errantes,
623 808 679 859 et
696 805 887 861 illicita
907 809 1077 879 atque
1097 806 1383 879 prohibita
1400 822 1746 879 praesumen-
1842 806 1953 858 tur.
1988 803 2191 859 Omnia
2207 804 2327 859 haec
2344 804 2660 875 decretalia,
2682 807 2737 860 et
2756 808 3091 859 cunctorum
3113 803 3475 859 decessorum

140 900 226 964 tes,
250 895 438 950 sanctis
464 897 669 952 vestris
700 898 902 953 studiis
936 916 1161 955 summo
1197 900 1585 972 redintegrare
1612 917 1744 956 cum
1843 901 2102 952 nostrum
2129 898 2453 969 constituta,
2485 915 2612 971 quae
2649 898 2718 953 de
2758 896 3142 953 ecclesiasticis
3184 895 3476 952 ordinibus

142 987 382 1041 desiderio
404 988 707 1061 festinetis,
737 992 978 1064 qualiter
1008 993 1213 1049 animae
1250 992 1502 1066 pretioso
1537 993 1743 1049 Christi
1843 994 1898 1045 et
1921 1007 2202 1047 canonum
2230 991 2591 1064 promulgata
2616 996 2747 1047 sunt
2766 990 3099 1064 disciplinis,
3127 990 3205 1046 ita
3230 989 3391 1045 vobis
3419 993 3476 1046 et

138 1080 378 1152 sanguine
421 1082 755 1156 redemptae,
803 1101 1007 1141 eorum
1057 1103 1175 1143 non
1226 1087 1533 1159 depereant
1587 1087 1743 1143 dece-
1842 1084 2104 1141 omnibus
2129 1084 2425 1158 episcopis,
2466 1101 2530 1141 ac
2555 1086 2772 1140 cunctis
2799 1083 3143 1157 generaliter
3164 1083 3470 1139 sacerdoti-

136 1172 323 1244 ptione.
345 1174 535 1231 Restat
560 1174 926 1251 etiam,quod
946 1196 1051 1252 per
1071 1180 1281 1237 ostium
1302 1180 1739 1253 hinequaquam
1838 1178 1943 1233 bus
1981 1178 2251 1235 custodiri
2288 1178 2493 1235 debere
2536 1179 2891 1249 mandamus,
2920 1182 2986 1233 ut
3020 1176 3066 1232 si
3099 1178 3227 1250 quis
3264 1176 3323 1232 in
3371 1176 3472 1233 illa

138 1265 513 1339 subintrarunt,
544 1270 683 1343 quia
719 1288 836 1327 non
877 1273 1163 1330 habebant
1200 1275 1411 1332 ostium
1447 1276 1550 1349 per
1584 1277 1739 1349 quod
1838 1272 2203 1343 commiserit,
2236 1272 2458 1328 veniam
2488 1272 2591 1327 sibi
2619 1272 2882 1343 deinceps
2907 1271 3132 1327 noverit
3157 1270 3462 1342 denegari:

136 1360 539 1431 ingrederentur
585 1381 599 1419 :
641 1365 776 1437 quia
820 1366 904 1437 (ut
954 1368 1169 1424 dictum
1212 1371 1311 1442 est)
1358 1370 1404 1424 si
1466 1386 1572 1426 nec
1613 1371 1735 1443 epi-
1837 1366 2108 1438 quoniam
2154 1370 2476 1423 occurreret
2516 1365 2736 1437 veritas,
2784 1365 2830 1420 si
2867 1364 3079 1420 falsitas
3126 1364 3465 1436 displiceret.

137 1454 265 1525 scepi
289 1461 433 1524 sunt,
484 1461 543 1512 et
582 1459 887 1532 plusquam
928 1462 1245 1535 presbyteri
1287 1480 1406 1519 esse
1451 1464 1732 1533 ambiunt,
1836 1461 1902 1515 Et
1931 1460 2137 1517 merito
2175 1477 2301 1531 nos,
2332 1460 2431 1534 qui
2460 1476 2683 1516 summa
2709 1458 2957 1516 ecclesiae
2977 1462 3170 1514 tenere
3197 1456 3469 1512 debemus

136 1562 222 1616 per
241 1549 378 1619 quod
405 1550 618 1607 ostium
656 1553 987 1610 intrabunt!
1015 1572 1148 1611 cum
1173 1557 1235 1611 hi
1261 1560 1483 1613 tantum
1510 1558 1623 1613 duo
1647 1574 1736 1613 or-
1835 1552 2237 1625 gubernacula,
2294 1572 2458 1610 causa
2509 1553 2773 1626 respicit;
2818 1553 2863 1608 si
2909 1550 3130 1607 silentio
3183 1549 3467 1605 faveamus

136 1638 268 1695 dines
292 1641 345 1696 in
370 1643 602 1700 ecclesia
633 1645 921 1719 legantur,
952 1666 1055 1705 nec
1083 1651 1326 1722 amplius
1354 1651 1424 1707 ad
1453 1652 1732 1723 pastorale
1833 1647 2014 1702 errori
2043 1648 2136 1720 (α).
2176 1649 2309 1704 Data
2346 1665 2435 1704 xxv
2469 1648 2744 1703 Kalendas
2787 1644 3049 1718 Augusti,
3092 1643 3312 1701 Justino
3356 1644 3467 1716 [Ju-

137 1733 590 1809 oﬂiciumaliquod
606 1744 763 1812 patet
782 1742 1008 1813 ostium,
1031 1744 1303 1816 perquod
1325 1748 1519 1817 pastor
1537 1745 1728 1802 intret.
1830 1740 2097 1814 stiniano]
2141 1746 2299 1798 sexto
2347 1747 2403 1799 et
2440 1744 2669 1798 Narsete
2711 1739 2845 1795 viris
2897 1737 3221 1795 clarissimis
3259 1752 3462 1793 consu-

133 1826 321 1897 Audite,
346 1828 565 1901 fratres,
598 1850 718 1888 non
749 1851 860 1905 me,
890 1836 986 1891 sed
1011 1836 1193 1909 ipsam
1212 1838 1519 1894 Veritatem
1546 1839 1731 1894 dicen-
1828 1834 1975 1890 libus
2002 1835 2092 1907 (bl-

134 1921 410 1991 tem(Joan.
452 1926 507 1996 ι)
556 1943 571 1981 :
625 1927 731 1994 Qui
770 1945 877 1984 non
918 1931 1092 1987 intrat
1130 1948 1234 2002 per
1256 1935 1451 1988 ostium
1497 1935 1555 1987 in
1594 1910 1805 1989 ovileB
2114 1938 2444 2001 EPISTOLA
2496 1943 2776 2000 JOANNIS
2832 1943 3026 1999 PAPE
3083 1942 3171 2011 ΙΙΙ,

134 2015 300 2076 arium,
328 2018 420 2071 sed
450 2021 701 2077 ascendit
740 2023 986 2088 aliunde,
1029 2026 1121 2079 ille
1158 2028 1258 2093 fur
1298 2030 1376 2081 est
1407 2031 1458 2081 et
1484 2027 1644 2090 latro,
1672 2031 1721 2082 ei

1527 2030 1644 2090 ιίνο,
1672 2031 1729 2082 et
2162 2053 2231 2092 an
2259 2053 2511 2093 eoALnou
2538 2053 2749 2093 manus:
2778 2051 3114 2093 aurism‘en.

130 2106 331 2178 reliqua.
353 2111 488 2166 Cum
514 2113 687 2169 etiam
710 2116 976 2188 egregius
1002 2118 1339 2190 prtedicator
1382 2119 1562 2175 dicat:
1586 2122 1727 2176 Fun-
2288 2143 2682 2195 OBSERVATIO
2729 2143 2995 2194 LABBEL

133 2197 402 2258 damean
433 2206 592 2262 aliud
625 2224 776 2265 nemo
806 2215 984 2280 potest
1022 2228 1224 2282 ponere
1258 2218 1457 2284 praeter
1485 2215 1544 2268 in
1581 2214 1729 2284 quod
1885 2223 2111 2272 Joannes
2136 2237 2165 2272 a
2189 2224 2352 2273 Bosco
2378 2222 2668 2273 monachus
2696 2223 2809 2272 0rd.
2844 2220 3459 2284 Caelestinorum,editor

126 2295 705 2419 ffff‘jfi‘.ff‘.:_‘f.ﬂ°i:
721 2304 806 2419 11‘)
842 2320 855 2358 ³
886 2304 1157 2419 Piedi“?
1198 2305 1726 2419 ίὲυοέέωέέξῗεξξῗ
1822 2284 3027 2419 ἓέἓῑέὲὲῗθὲξμιῗίὲῖἔίδῖῗιί¹⁸⁵ἓςιὲἓὲῗ⁰ἐ³ἐέειῖίεὲ³
3058 2283 3457 2396 ἕᾶ¹¹³⁸ἒ⁷ἆέιὲιῖέιῖ

131 2384 401 2445 inEcclesia
426 2396 826 2452 tantummodo
840 2397 1022 2469 posita
1036 2399 1417 2469 inveniantur,
1446 2399 1723 2472 quidquid
1823 2384 2037 2460 V1553;
2059 2384 2819 2474 aiii'i‘iﬁEm,'&hm’éié’i’abBi‘£

131 2481 333 2551 “mplius
370 2484 431 2540 in
466 2486 557 2541 his
590 2488 839 2561 positum
872 2492 1178 2560 invenitur,
1217 2496 1364 2548 Stare
1400 2493 1720 2549 nllllatenus
1889 2505 2134 2560 Joannes
2208 2503 2506 2577 episcopus
2562 2504 2772 2561 Edaldo
2823 2501 3154 2574 Viennensi,
3231 2500 3449 2558 archie-

130 2575 318 2670 poterit.
334 2578 397 2634 Et
410 2578 539 2636 ideo
560 2599 692 2638 cum
714 2585 979 2641 omnibus
994 2585 1109 2641 suis
1132 2586 1531 2656 fundamentis,
1550 2587 1721 2643 actio-
1818 2596 2072 2670 piscopo.

127 2664 260 2722 nibus
280 2674 441 2743 atque
468 2675 750 2732 radicibus
764 2682 829 2733 ut
853 2680 1141 2751 avellatur,
1172 2696 1399 2737 necesse
1422 2689 1527 2752 est,
1550 2681 1628 2739 ita
1657 2687 1719 2738 ut
1818 2664 1838 2669 -
1887 2664 2193 2747 De-ofﬁciis
2218 2692 2542 2761 missarum,
2572 2692 2640 2747 de
2682 2691 2890 2764 quibus
2930 2676 2991 2746 in
3028 2689 3229 2746 litteris
3253 2689 3449 2747 vestris

128 2761 327 2830 amplius
338 2781 438 2821 nec
455 2769 876 2842 pullulare,nec
889 2773 1211 2845 germinare
1227 2775 1423 2831 valeat.
1440 2776 1565 2831 Non
1577 2792 1714 2848 ergo
1816 2784 2152 2857 requisistis,
2185 2786 2319 2841 sciat
2346 2785 2601 2842 Charitas
2632 2761 2813 2841 vestra
2838 2784 2971 2857 quia
2998 2784 3148 2839 varie
3181 2784 3332 2856 apud
3360 2783 3445 2839 di-

130 2860 336 2949 generet,
366 2864 419 2915 et
449 2879 571 2918 non
611 2864 780 2921 faciat
806 2866 987 2937 vobis,
1020 2868 1240 2936 fratres,
1270 2868 1437 2925 toties
1476 2870 1715 2941 repetita
1815 2895 2001 2933 versas
2030 2878 2301 2934 Ecclesias
2328 2880 2501 2949 ﬁant;
2533 2879 2697 2935 aliter
2743 2878 2896 2933 enim
2939 2877 3317 2933 Alexandrina
3352 2878 3448 2932 Ec.

126 2942 292 3044 locutio
316 2951 603 3011 fastidium
632 2974 646 3013 :
675 2958 808 3031 quia
833 2976 1056 3015 summa
1084 2961 1384 3018 necessitas
1404 2967 1488 3018 est
1508 2963 1713 3035 saepius
1812 2971 1980 3027 clesia
2005 3014 2019 3041 ,
2083 2972 2246 3027 aliter
2309 2942 2814 3044 Ηίρι-οέοιγωίωηε
2836 3014 2850 3043 ,
2899 2970 3064 3027 aliter
3125 2969 3406 3043 Ephesum
3426 3012 3440 3040 ,

126 3040 367 3137 prohiberi
394 3050 545 3120 quod
576 3051 740 3107 toties
763 3053 956 3110 illicita
981 3060 1326 3127 usurpatur:
1356 3055 1711 3128 etquoniam
1810 3066 1972 3120 aliter
2008 3040 2277 3121 Romana
2336 3065 2472 3121 facit
2524 3040 2752 3137 {cujus
2805 3040 3026 3120 morem
3078 3067 3135 3119 et
3170 3040 3443 3119 instituta

126 3133 287 3190 Veritas
309 3142 512 3213 sapius
538 3145 841 3217 exagitata,
861 3148 1044 3219 magis
1064 3149 1399 3220 splendescit
1421 3149 1483 3204 in
1499 3151 1706 3221 lucem;
1810 3158 1975 3214 debet
2000 3175 2221 3214 servare
2248 3159 2487 3214 Ecclesia
2506 3162 2623 3228 tua,
2645 3133 2773 3231 qum
2798 3158 3237 3214 fundamentum
3263 3155 3439 3211 sancti

128 3228 165 3351 fl
188 3231 316 3351 qucod
338 3234 500 3291 toties
530 3240 842 3310 repetendo
868 3241 1228 3311 admonetur,
1251 3243 1441 3297 minus
1474 3261 1710 3317 usurpa-
1729 3279 1783 3351 Ο
1810 3251 2032 3307 habitus
2056 3252 2128 3307 ab
2151 3252 2244 3307 illa
2267 3252 2529 3325 sumpsit.
2559 3228 2906 3307 Venerabilis
2951 3250 3105 3323 pallii
3132 3265 3297 3305 usum
3334 3266 3439 3322 per

128 3320 208 3374 t1”-
236 3323 402 3417 Supel‘
443 3329 533 3385 hi3
580 3331 733 3387 enim
772 3334 949 3389 mu"?!
978 3335 1099 3405 iam
1147 3335 1218 3390 ab
1262 3338 1709 3393 antecessoribus
1729 3320 1783 3351 υ
1808 3349 2067 3400 sanctum
2089 3320 2486 3417 presbyterum
2510 3349 2757 3401 vestrum
2785 3320 3027 3400 Felicem
3060 3343 3163 3400 tibi
3198 3320 3438 3399 destina-

128 3416 287 3512 llostris
300 3419 440 3477 dicta
460 3428 628 3494 sunt;
658 3442 692 3479 a
719 3427 927 3498 quibus
950 3428 1079 3499 ipsi,
1108 3428 1253 3483 sicut
1277 3446 1431 3485 nunc
1459 3448 1491 3485 a
1519 3432 1704 3503 nobis,
1802 3437 1987 3493 vimus
1999 3416 2332 3494 nolenteste
2345 3439 2553 3510 privari
2568 3438 2802 3512 antiquo
2823 3437 2973 3494 beati
2996 3436 3143 3493 Petri
3163 3452 3433 3492 munere:

128 3502 387 3568 itaolimab
402 3516 540 3588 ipsis
556 3518 1164 3592 damnatietprohibiti
1180 3524 1478 3579 sunt.ldeo
1498 3502 1707 3597 saepius
1802 3531 1972 3586 simul
2016 3531 2303 3588 mittentes
2346 3502 2425 3587 .de
2466 3532 2681 3604 capillis
2704 3502 2896 3586 sancti
2942 3531 3119 3597 Pauli,
3173 3533 3239 3586 ut
3291 3533 3436 3586 esset

127 3606 406 3677 mpetentes,
430 3626 631 3667 omnes
647 3629 967 3685 monemus,
994 3620 1060 3669 ut
1083 3615 1333 3671 vitentur
1352 3617 1700 3691 hujusmodi,
1802 3625 2058 3680 Ecclesiae
2101 3629 2299 3681 vestrae
2366 3625 2499 3680 illus
2549 3624 2951 3681 intercessione
2997 3624 3281 3694 solatium,
3330 3640 3435 3697 per

127 3697 163 3743 et
183 3710 207 3746 a
229 3698 413 3757 talibus
438 3721 497 3760 se
525 3706 866 3777 abstineant,
887 3708 986 3780 qui
1013 3710 1301 3765 noluerint
1327 3727 1440 3766 una
1468 3729 1599 3768 cum
1624 3714 1704 3769 eis
1800 3717 1963 3789 cujus
2008 3718 2349 3790 discipulum
2393 3718 2637 3791 suscepit
2660 3718 2910 3790 primum
2937 3716 3228 3791 religionis
3253 3717 3434 3773 hono-

125 3793 452 3852 asacerdotali
477 3799 896 3869 ministerio,ut
922 3804 1172 3873 rebelles,
1192 3804 1315 3859 ﬁeri
1340 3804 1703 3871 alieni.Quod
1799 3826 1942 3866 rem.
1979 3815 2050 3867 Et
2098 3813 2210 3866 alia
2246 3828 2413 3866 manu
2454 3830 2471 3865 :
2526 3810 2848 3866 Benedictio
2890 3811 3281 3884 apostolorum
3330 3825 3430 3866 vos

125 3878 304 3941 demam
344 3891 588 3961 probare
634 3894 970 3966 poterimus,
1009 3897 1055 3951 si
1089 3897 1227 3965 tales
1266 3898 1596 3971 exstirpare,
1646 3905 1703 3957 et
1798 3903 1868 3959 ab
1893 3903 2074 3961 imbre
2103 3904 2486 3978 malignorum
2523 3903 2806 3959 defendat.

122 3992 225 4120 degat}
240 3998 583 4129 Haclinuslex
606 4005 821 4061 laciniis
851 4007 1048 4064 lsidori
1075 4010 1178 4064 sub
1210 4026 1449 4081 persona
1478 4012 1699 4069 Damasi
1872 4016 1939 4089 (ὁ)
1966 4016 2125 4072 Falsa
2152 4016 2446 4074 consulum
2477 4019 2632 4071 nota.
2665 4016 2826 4073 Lana.

188 4083 369 4126 iescen
396 4091 460 4129 is.
538 4092 658 4129 sua.

222 4084 440 4127 950811113
448 4117 460 4129 .
495 4084 638 4131 LABB
646 4119 658 4131 .

125 4196 3427 4228 M'W
1016 4218 1100 4227 ____

1391 4311 1555 4358 ANNO
1602 4311 1819 4359 DOMINI
1866 4314 2104 4359 DLXXll.

187 4413 346 4618 S.
470 4420 1439 4630 ΜΑΒΤΙΝ
1466 4431 1778 4636 US
1939 4433 3331 4640 DUMIENSIS

920 4681 1591 4791 EPlSCOPUS
1668 4686 2557 4794 BRACARENSIS.

1226 4823 1538 4902 (Galland.
1571 4824 1870 4887 Biblioth.
1906 4830 2067 4887 tom.
2102 4825 2261 4908 XII.)

295 4997 1071 5125 NOTITIA.
1161 5008 1403 5127 DE
1494 5011 2231 5135 SANGTO
2323 5012 3187 5135 MARTINO

1055 5166 1602 5250 EPISCOPO
1685 5171 2416 5256 BBACARENSI.
3126 5216 3133 5220 ·

164 5337 192 5391 1.
215 5341 348 5399 inter
369 5361 463 5401 eos
492 5347 640 5403 viros
668 5350 917 5407 eruditos
946 5354 1044 5425 qui
1083 5354 1259 5410 sancti
1286 5357 1507 5413 Martini
1544 5359 1682 5412 Bra-
1705 5370 1765 5442 D
1788 5357 2032 5413 ciensem
2058 5377 2090 5413 a
2112 5360 2400 5432 provincia
2420 5362 2715 5436 Hispanica
2738 5364 2800 5420 in
2820 5381 2933 5437 qua
2957 5363 3133 5435 degit,
3159 5365 3426 5423 Dumicn-

122 5437 302 5539 farensis
337 5439 583 5513 episcopi
621 5447 776 5514 gesta
808 5444 1012 5501 litteris
1055 5448 1356 5519 tradidere,
1386 5451 1456 5505 cl.
1490 5450 1683 5506 Mabil-
1706 5437 1750 5442 —
1785 5467 1903 5506 sem
1931 5456 1987 5507 et
2014 5454 2411 5511 Bracarensem
2438 5457 2533 5512 alii
2562 5474 2595 5512 a
2623 5458 2853 5515 sedibus
2884 5457 3089 5532 quibus
3123 5458 3425 5539 episcopus

123 5517 249 5582 lenius
266 5532 508 5590 eminere
527 5535 688 5591 nobis
707 5537 958 5609 videtur;
983 5557 1053 5596 ex
1073 5558 1188 5614 quo
1204 5543 1441 5615 proinde
1467 5545 1685 5600 ueteris
1784 5545 2029 5617 praefuit,
2074 5548 2572 5620 coguOminarunt.
2606 5573 2633 5601 η
2665 5554 2741 5609 Ex
2781 5551 2870 5606 his
2906 5567 3076 5623 porro
3119 5551 3229 5607 viri
3275 5528 3426 5609 docti

125 5624 383 5717 tummatim
407 5644 514 5699 pro
539 5629 782 5686 instituti
813 5633 991 5688 nostri
1030 5635 1246 5692 ratione
1285 5638 1559 5694 nonnulla
1591 5638 1685 5694 hic
1784 5639 1967 5695 verbis
1992 5641 2154 5697 nobis
2186 5643 2483 5713 succurrit,
2512 5645 2664 5717 quod
2702 5645 2762 5700 in
2799 5644 3038 5700 Baronio
3079 5650 3274 5701 nostro
3313 5647 3417 5701 Ta-

124 5703 414 5812 dtfctibenda
465 5724 811 5781 censuimus.
865 5727 933 5803 Et
982 5728 1236 5800 primum
1290 5731 1524 5802 quidem
1592 5732 1683 5788 in-
1785 5750 1985 5807 mayus
2010 5735 2227 5792 notavit
2256 5737 2355 5810 (b);
2383 5703 2573 5811 ipsum
2597 5754 2804 5811 nempe
2830 5754 2921 5795 res
2957 5738 3281 5812 Hispanicas
3306 5737 3424 5793 obi—

127 5802 340 5877 ίῖυὶιξα)ε‹‹
362 5802 1687 5893 MartinumaliiPannoniumaPatria,aliiGalli-
1785 5802 1897 5883 ter'
1917 5802 2273 5900 tractantem,
2308 5802 2427 5886 Ide-
2446 5831 2613 5886 unico
2664 5802 2901 5887 Mdrtino
2955 5802 3073 5887 tres
3127 5830 3415 5899 conﬂasse,

172 5914 221 5985 εξαὶ
242 5919 426 5983 ὶίεώω.
447 5928 567 5988 Act.
600 5928 691 5986 SS.
722 5929 858 5990 0rd.
893 5932 1029 5989 Ben.
1058 5950 1183 5991 saec.
1218 5935 1413 5993 1.244.
1860 5940 1928 6010 (b)
1959 5940 2186 6013 Tamay.
2215 5941 2441 6013 Martyr.
2469 5941 2623 6014 Hisp.
2651 5924 2883 6007 tom.ill,
2914 5950 3045 6012 pag.
3076 5944 3225 5997 306."
