4020 6232
508 386 569 443 19
1798 389 1851 440 S.
1896 387 2172 443 MARTINI
2210 387 2563 443 DUMIENSIS
3804 385 3883 438 2O

500 493 893 550 Galliciensem
910 494 1142 566 scilicet,
1164 497 1566 551 Bracarensem
1582 496 1639 548 et
1655 493 2016 549 Dumiensem
2039 493 2130 566 (a).
2157 509 2215 582 Α
2236 495 2524 550 struxisse.
2555 516 2582 542 »
2613 495 2946 567 Huiusmodi
2967 499 3158 552 autem
3184 492 3594 551 monasterium
3629 507 3700 547 ex
3739 506 3884 546 con-

501 589 711 643 Verum
738 588 786 643 si
813 605 1014 644 censor
1047 590 1152 646 iste
1186 590 1465 662 Hispanus
1489 605 1555 644 ea
1579 587 1824 643 novisset
1845 605 1974 661 quae
2008 605 2130 642 ma-

503 698 651 752 gnus
675 683 982 738 Annalium
1010 684 1511 739 ecclesiasticorum
1539 698 1746 753 parens
1781 682 1850 737 de
1880 682 1995 736 suis
2027 682 2136 736 illis

500 775 885 831 notationibus
923 778 984 832 in
1024 777 1260 832 Tabulas
1300 775 1698 832 ecclesiasticas
1734 775 2136 847 praemonitum

501 869 772 926 lectorem
827 872 1027 941 voluit,
1081 872 1315 926 fortasse
1369 872 1536 942 paulo
1587 870 1780 925 mitius
1833 886 1964 925 cum
2016 869 2135 922 viro

501 964 752 1019 maximo
781 965 1007 1036 egisset.
1034 965 1122 1020 Sic
1144 964 1322 1036 igitur
1346 964 1439 1019 ille
1468 964 1536 1034 (b)
1570 980 1583 1018 :
1619 985 1644 1011 ‹‹
1673 964 1832 1028 Quod
1858 967 2048 1017 autem
2076 962 2136 1017 in

501 1058 708 1113 nostris
732 1059 881 1113 notis
907 1059 978 1113 ad
1015 1060 1334 1113 Romanum
1366 1057 1830 1129 Martyrologium
1865 1061 2137 1129 negatum

504 1157 608 1219 est,
636 1153 873 1208 Lucium
907 1168 1027 1208 esse
1061 1168 1294 1223 passum
1326 1152 1432 1206 sub
1457 1151 1776 1221 Volusiano,
1807 1167 1875 1205 ex
1903 1149 2135 1205 Annali-

502 1244 608 1301 bus
624 1261 875 1302 errorem
894 1245 1116 1317 corrige
1139 1265 1152 1301 :
1177 1245 1367 1317 sicque
1387 1261 1630 1316 semper,
1653 1261 1784 1299 cum
1804 1243 2012 1298 videris
2030 1243 2139 1298 dis-

503 1354 734 1410 crepare
758 1340 829 1395 ab
858 1339 1059 1394 iisdem
1084 1339 1232 1394 notis
1257 1339 1518 1408 Annales,
1541 1355 1635 1393 eas
1665 1354 1733 1392 ex
1760 1338 1849 1392 his
1874 1337 2132 1392 emenda.

501 1431 805 1504 Nunquam
853 1434 1125 1488 hactenus
1171 1449 1500 1488 concessum
1548 1431 1738 1500 doleo,
1805 1435 1868 1486 ut
1915 1431 2137 1486 easdem

503 1525 753 1597 singulas
772 1542 1256 1598 recognoscerem.
1286 1548 1314 1576 ››
1337 1527 1447 1580 Hac
1467 1525 1645 1597 igitur
1665 1525 1916 1597 generali
1940 1525 2136 1595 regula
2166 1528 2172 1534 '

502 1618 776 1686 adhibita,
808 1636 982 1692 quam
1010 1620 1251 1692 ipsemet
1274 1619 1639 1674 Notationum
1663 1623 1860 1674 auctor
1886 1617 2138 1690 praescri-

502 1711 634 1783 psit,
657 1728 716 1767 se
735 1713 923 1785 ipsum
935 1713 1054 1784 jam
1075 1713 1291 1781 dudum
1317 1713 1664 1781 emendasse,
1689 1728 1875 1785 neque
1895 1712 2136 1781 Tamayo

501 1813 730 1877 παιδευτῇ
775 1823 915 1879 opus
952 1806 1216 1862 habuisse
1258 1807 1653 1879 intelligimus.
1697 1805 1940 1878 Agnovit
1981 1804 2137 1860 enim

2235 589 2347 644 cilii
2367 588 2634 645 Lucencis
2654 607 2672 644 1
2691 590 2913 645 decreto
2931 590 2992 645 in
3013 591 3204 646 sedem
3223 587 3596 662 episcopalem
3611 589 3882 642 erectum

2235 683 2614 755 comperimus
2645 683 2700 754 (τ’)
2725 683 2889 756 eique
2921 686 3144 752 familia
3185 685 3358 754 regia,
3397 681 3510 737 sive
3543 685 3608 736 ut
3645 680 3708 736 in
3745 678 3882 734 aliis

2235 777 2671 850 exemplaribus,
2700 779 2924 845 familia
2963 764 3236 834 servorum
3278 793 3371 833 sea:
3411 775 3700 832 attributa.
3733 775 3881 839 Quae

2235 875 2426 926 tamen
2467 873 2741 944 posterior
2768 873 2935 928 lectio
2964 873 3045 927 sic
3083 869 3446 927 reformanda
3472 869 3694 924 videtur
3733 885 3879 923 cum

2237 965 2540 1034 Harduino,
2564 970 2630 1021 ut
2652 967 2876 1038 legatur
2898 968 3131 1023 Familia
3154 968 3446 1022 Suevorum
3470 981 3575 1036 pro
3593 977 3881 1018 servo-rum

2236 1058 2485 1129 vulgata.
2523 1061 2779 1114 Testatur
2819 1059 3103 1132 siquidem
3149 1059 3390 1114 Isidorus
3440 1057 3520 1127 (ﬁ,
3564 1056 3881 1112 Martinum

2237 1168 2366 1206 cum
2392 1152 2451 1206 in
2468 1152 2778 1208 Gallaeciam
2803 1154 3167 1225 pervenisset,
3201 1175 3227 1202 ‹‹
3255 1151 3538 1206 conversis
3562 1150 3632 1204 ab
3660 1149 3882 1204 Ariana

2235 1244 2525 1318 impietate
2556 1247 2627 1301 ad
2661 1247 2833 1302 ﬁdem
2858 1247 3189 1302 catholicam
3230 1246 3543 1302 Suevorum
3569 1243 3800 1315 populis
3845 1263 3877 1289 υ

2237 1356 2367 1393 cum
2409 1340 2784 1396 Thcodemiro
2839 1357 3040 1396 eorum
3082 1357 3236 1411 rege,
3276 1362 3302 1387 ‹‹
3347 1339 3604 1409 regulam
3642 1335 3775 1391 ﬁdei
3815 1340 3884 1391 et

2237 1439 2442 1487 sanctae
2470 1434 2765 1505 religionis
2790 1434 3161 1501 constituisse,
3193 1433 3450 1488 ecclesias
3483 1432 3878 1498 confirmasse,

2235 1527 2580 1582 monasteria
2607 1528 2942 1596 condidisse,
2971 1533 3078 1582 etc.
3109 1548 3135 1576 »
3165 1527 3523 1597 Quapropter
3552 1524 3882 1579 Dumiensis

2235 1621 2478 1674 coenobii
2506 1621 2575 1675 ab
2603 1638 2670 1675 eo
2698 1621 3006 1678 constructi
3033 1620 3252 1696 primus
3278 1620 3449 1674 abbas
3476 1624 3531 1674 et
3567 1618 3874 1689 episcopus

2237 1713 2485 1783 etlectus,
2517 1715 2622 1769 sibi
2659 1716 2955 1786 assignataz
2995 1716 3237 1770 Familia:
3265 1717 3428 1784 regiae
3470 1712 3583 1766 sive
3623 1712 3880 1766 Familia

2237 1809 2527 1864 Sacrorum
2553 1809 2813 1878 regimen
2849 1808 3152 1879 sumpsisse
3188 1807 3462 1862 dicendus
3486 1806 3728 1860 videtur.
3758 1805 3875 1858 Ve-

503 1899 678 1954 fuisse
709 1917 889 1956 unum
928 1901 1308 1972 eumdemque
1346 1899 1646 1956 Martinam
1683 1899 2046 1956 Dumiensem
2083 1902 2140 1952 ct
2158 1881 2215 1953 B
2239 1917 2369 1955 rum
2388 1901 2498 1956 alio
2520 1919 2691 1957 sensu
2721 1903 2921 1975 synodi
2947 1901 3210 1956 Lucensis
3234 1901 3424 1967 verba,
3445 1901 3678 1954 Familia
3695 1913 3884 1953 serra-

505 1994 921 2063 Bracarensem,
951 1999 1016 2050 ut
1044 2010 1113 2051 ex
1141 1993 1452 2050 Annalibus
1480 1997 1835 2064 compertum
1864 1992 2139 2048 habemus

508 2090 593 2162 (c);
617 2091 716 2162 qui
739 2088 1016 2144 nimirum
1041 2088 1296 2160 primum
1321 2088 1494 2143 fuerit
1518 2086 1849 2143 monasterii
1876 2085 2139 2142 Dumien—

505 2185 581 2240 sis
608 2183 920 2257 episcopus,
952 2182 1156 2238 deinde
1194 2187 1467 2253 tanquam
1501 2180 1969 2252 metropolitanus
2001 2195 2136 2233 con-

505 2277 631 2333 cilio
659 2276 984 2332 Bracarensi
1011 2293 1049 2330 n
1074 2275 1425 2348 praesederit.
1459 2274 1620 2338 Quod
1653 2273 1700 2328 si
1735 2273 1940 2329 alicubi
1970 2272 2140 2328 etiam

505 2371 891 2427 Galliciensem
912 2369 1385 2440 episcopum-post
1403 2368 1737 2440 Gregorium
1759 2369 2143 2423 Turonensem

508 2465 582 2537 (ἆ)
611 2463 875 2536 appellat,
909 2461 1319 2517 existimandus
1356 2466 1654 2534 propterea
1682 2478 1816 2517 eum
1853 2461 1931 2515 sic
1965 2460 2145 2516 nomi-

504 2573 687 2624 nasse,
717 2556 867 2628 quod
895 2557 1134 2610 Bracara
1178 2572 1291 2627 qua
1317 2555 1376 2609 in
1413 2555 1555 2610 urbe
1594 2556 1843 2626 sedebat,
1873 2554 2145 2611 Callaeciae

507 2649 840 2721 metropolis
865 2649 1062 2704 ordine
1089 2650 1442 2704 censebatur.

490 2792 500 2811 ,
584 2745 648 2799 ll.
670 2745 879 2799 Verum
904 2743 994 2798 his
1019 2742 1223 2810 missis,
1253 2747 1320 2798 ut
1346 2743 1417 2799 ad
1444 2759 1508 2798 ea
1536 2744 1769 2815 propius
1814 2745 2147 2802 accedamus

511 2852 641 2909 quae
693 2843 826 2893 sunt
863 2836 1082 2910 reliqua
1114 2836 1183 2890 de
1230 2835 1474 2908 praesule
1512 2842 1705 2892 nostro
1750 2840 2084 2909 enarranda,
2114 2856 2146 2894 e

511 2933 796 2990 Pannonia
826 2931 1111 3003 digressus
1145 2931 1257 2997 ille,
1293 2930 1353 2984 in
1383 2929 1671 2986 Orientem
1697 2936 1821 2986 tum
1858 2932 2147 3004 religionis

513 3034 637 3082 tum
679 3026 999 3080 litterarum
1043 3023 1441 3079 discendarum
1481 3024 1665 3096 gratia
1699 3025 1985 3097 profectus
2031 3031 2142 3092 est;

512 3120 663 3177 unde
688 3123 881 3192 postea
909 3118 1088 3174 redux
1113 3117 1174 3172 in
1200 3117 1519 3176 Gallaeciam
1543 3119 1820 3188 pervenit,
1842 3123 1906 3174 ut
1930 3135 1998 3174 ex
2019 3120 2144 3173 Gre-

513 3213 670 3287 gorio
695 3211 1008 3268 Turonensi
1038 3211 1100 3281 (e)
1139 3216 1196 3266 et
1224 3210 1453 3267 lsidorio
1495 3211 1813 3283 llispalensi
1847 3212 1910 3282 (η
1953 3213 2143 3267 erudi-
2169 3250 2223 3324 Ο

514 3324 674 3376 mur;
697 3321 942 3377 quorum
973 3303 1128 3375 prior
1156 3303 1419 3359 disertius
1450 3305 1571 3368 haec
1598 3305 1802 3360 habet:
1828 3326 1855 3353 «
1882 3305 2149 3360 Martinus

513 3398 857 3456 Galliciensis
876 3397 1174 3469 episcopus
1201 3397 1504 3453 Pannonias
1531 3403 1689 3452 ortus
1713 3397 1840 3465 fuit,
1869 3403 1926 3452 et
1949 3399 2148 3453 exinde

515 3494 586 3549 ad
622 3491 898 3546 visitanda
940 3491 1060 3546 loca
1097 3496 1289 3546 sancta
1315 3490 1375 3545 in
1412 3491 1701 3545 Orientem
1731 3507 2060 3562 properans,
2091 3491 2150 3546 in

515 3592 737 3643 tantum
755 3602 813 3640 se
828 3585 1031 3640 litteris
1050 3584 1276 3652 imbuit,
1298 3588 1365 3638 ut
1383 3584 1527 3638 nulli
1545 3584 1857 3639 secundum
1879 3585 1994 3639 suis
2013 3589 2152 3640 tem-

515 3680 744 3753 poribus
769 3679 1096 3734 haberetur.
1126 3677 1338 3732 Exinde
1365 3676 1652 3731 Galliciam
1691 3677 1863 3744 venit,
1895 3678 1994 3732 ubi
2021 3695 2150 3734 cum

514 3773 665 3830 beati
700 3773 922 3828 Martini
962 3772 1221 3842 reliquiae
1245 3773 1626 3842 portarentur,
1656 3771 1952 3843 cpiscopus
1994 3772 2148 3826 ordi-

516 3873 704 3923 natur.
722 3888 748 3916 »
764 3865 1045 3921 Posterior
1059 3881 1189 3920 vero
1215 3881 1228 3918 :
1248 3863 1582 3934 «Martinus,
1605 3864 1810 3936 inquit,
1835 3864 2152 3920 Dumiensis

516 3959 842 4015 monasterii
861 3958 1242 4012 sanctissimus
1259 3957 1532 4028 pontifex,
1552 3975 1619 4013 ex
1638 3958 1879 4013 Orientis
1896 3958 2151 4030 partibus

516 4053 810 4123 navigans,
838 4051 898 4105 in
924 4051 1240 4104 Gallaeciam
1278 4052 1451 4106 venit.
1483 4074 1508 4100 ››
1538 4054 1710 4105 Porro
1749 4057 1811 4106 ut
1835 4053 2010 4106 sancti
2045 4069 2149 4106 an-

517 4145 704 4201 tistitis
746 4142 1088 4216 Hispalensis
1130 4143 1554 4214 verbakquibus
1591 4149 1713 4198 tum
1768 4144 1879 4212 hic,
1925 4149 2051 4199 tum
2093 4145 2153 4200 in

518 4237 797 4294 Chronico
837 4237 1148 4292 Suevorum
1185 4236 1288 4289 sub
1325 4236 1500 4291 finem
1546 4235 1638 4307 (g),
1681 4236 1982 4290 Martinam
2037 4239 2150 4291 Du-

520 4331 754 4387 miensis
792 4329 1123 4384 monasterii
1168 4328 1495 4401 pontificem
1521 4333 1577 4384 et
1604 4329 1930 4400 episc0pum
1973 4335 2148 4400 vocat,

521 4425 626 4480 rite
661 4423 1071 4497 percipiantur,
1113 4423 1681 4477 animadvertendum
1719 4423 2022 4492 praesulem
2057 4440 2153 4477 no-

520 4523 702 4573 strum
728 4519 797 4573 de
834 4534 948 4589 quo
976 4515 1288 4588 loquimur,
1311 4516 1616 4571 aedificasse
1641 4516 1701 4570 in
1725 4515 1948 4582 Dumio,
1977 4517 2153 4571 nobili

2236 2011 2357 2049 rum
2401 2011 2514 2064 sex,
2550 1996 2955 2067 interpretatur
2998 1995 3218 2050 Garsias
3263 1995 3475 2064 Loaysa
3524 1993 3612 2062 (Ia),
3653 1991 3732 2045 sic
3778 1990 3876 2044 in-

2239 2087 2478 2159 quiens:
2516 2111 2542 2137 ‹‹
2574 2089 2911 2144 Attribuitur
2942 2089 2994 2144 ei
3029 2094 3250 2144 tantum
3284 2088 3515 2142 Familia
3544 2087 3716 2154 regia,
3762 2083 3883 2139 hoc

2240 2186 2344 2252 est,
2367 2182 2623 2252 regimen
2642 2188 2972 2237 sanctorum
2990 2182 3432 2249 monachorum;
3453 2196 3584 2233 nam
3607 2177 3714 2248 ipsi
3740 2181 3883 2230 sunt

2241 2292 2310 2330 ex
2340 2276 2496 2348 regia
2529 2276 2769 2344 familia;
2801 2282 2858 2332 et
2894 2276 3030 2330 alibi
3065 2275 3269 2330 dicitur
3306 2275 3538 2329 Familia
3576 2286 3880 2332 servorum,

2241 2370 2342 2442 qui
2379 2370 2599 2425 Christo
2640 2370 2762 2443 regi
2801 2386 3026 2424 summo
3071 2367 3258 2435 dicati,
3305 2366 3557 2420 studium
3605 2380 3776 2418 omne
3816 2364 3884 2417 in

2243 2465 2400 2519 cultu
2444 2463 2736 2536 religionis
2775 2469 2832 2518 et
2872 2463 3093 2534 pietatis
3133 2461 3429 2516 collocant.
3474 2481 3500 2506 η
3544 2459 3657 2513 Cur
3697 2474 3883 2528 porro

2242 2574 2362 2617 non
2411 2558 2708 2617 edisseruit
2757 2557 3037 2628 interpres
3090 2570 3398 2609 numerum
3458 2553 3618 2606 illum
3669 2567 3766 2607 sea:
3816 2552 3886 2606 in

2243 2652 2446 2724 synodi
2484 2655 2750 2706 contextu
2793 2650 3050 2704 additum
3082 2648 3266 2703 verbis
3306 2647 3395 2714 iis,
3436 2647 3667 2702 Familia
3702 2661 3890 2700 servo-

2244 2747 2410 2800 rum?
2434 2743 2816 2799 Existimarim
2851 2742 3116 2814 equidem
3145 2758 3250 2816 pro
3286 2756 3380 2796 sca:
3418 2740 3534 2810 (Vl)
3567 2738 3890 2794 rescriben-

2246 2839 2381 2893 dum
2406 2838 2771 2908 undecimXXl)
2791 2841 2856 2890 ut
2875 2835 3229 2907 intelligatur
3255 2835 3455 2893 Christi
3477 2853 3492 2888 :
3516 2849 3627 2904 qua
3644 2831 3892 2904 quidem

2246 2931 2600 2986 restitutione
2631 2930 2890 2998 admissa,
2919 2929 3095 3000 proba
3119 2927 3298 2983 videri
3323 2930 3494 2999 queat
3517 2925 3722 2981 Garsias
3748 2942 3886 2980 sen-

2245 3025 2440 3092 tentia,
2464 3029 2529 3080 ut
2546 3023 2748 3096 synodi
2766 3023 2921 3077 locus
2941 3021 3247 3093 accipiatur
3266 3021 3335 3076 de
3356 3021 3591 3076 Familia
3607 3035 3894 3076 servorum

2248 3121 2466 3178 Christi.

2319 3213 2408 3266 lll.
2441 3213 2735 3284 Utcunque
2764 3215 2956 3266 autem
2983 3227 3072 3266 res
3100 3227 3158 3266 se
3183 3210 3408 3277 habeat,
3451 3208 3718 3263 Martinus
3756 3206 3891 3278 epi-

2248 3305 2461 3377 scopali
2485 3305 2806 3360 charactere
2833 3305 3160 3376 insignitus,
3187 3309 3496 3375 antequam
3523 3301 3716 3356 sedem
3742 3302 3893 3355 Bra-

2248 3416 2540 3455 carensem
2563 3399 2917 3468 obtinuisset,
2938 3399 3176 3453 concilio
3206 3396 3529 3452 Bracarensi
3557 3413 3575 3449 1
3604 3395 3898 3468 subscrip-

2249 3498 2397 3549 serat
2423 3494 2501 3564 (l),
2535 3494 2688 3565 quod
2715 3493 2859 3548 male
2898 3493 2959 3547 in
2995 3492 3158 3547 editis
3199 3491 3397 3546 ordine
3440 3507 3480 3544 11
3515 3489 3893 3561 inscribitur;

2250 3588 2524 3659 adeoque,
2545 3592 2611 3641 ut
2639 3591 2788 3642 recte
2813 3586 3004 3657 arguit
3028 3585 3382 3641 Mabillonius
3408 3583 3498 3656 (τη)
3529 3605 3556 3633 ‹‹
3586 3583 3632 3638 si
3655 3587 3780 3638 acta
3800 3601 3897 3656 sy-

2251 3681 2386 3736 nodi
2424 3680 2687 3735 Lucensis
2713 3699 2734 3735 1
2753 3680 3116 3735 conferantur
3133 3696 3264 3734 cum
3286 3678 3499 3750 synodo
3520 3678 3846 3732 Bracarensi
3874 3697 3896 3733 1

2250 3791 2398 3829 anno
2421 3778 2451 3829 3
2482 3774 2634 3846 regis
2662 3773 3018 3829 Theodemiri
3044 3775 3158 3828 sive
3186 3771 3392 3827 Christi
3420 3775 3521 3826 563
3554 3771 3764 3840 habita,
3794 3773 3897 3826 cui

2250 3867 2519 3923 Martinus
2548 3867 2670 3937 jam
2713 3867 3008 3939 episcopus
3048 3865 3366 3922 Dumiensis
3399 3863 3762 3934 subscripsit;
3797 3865 3895 3919 fa-

2251 3961 2354 4016 cile
2401 3961 2783 4033 intelligemus
2827 3961 3129 4015 concilium
3181 3961 3514 4014 Bracarense
3553 3975 3571 4012 1
3608 3957 3900 4030 posterius

2251 4071 2369 4110 esse
2386 4055 2620 4109 Lucensi
2637 4054 2835 4109 itidem
2853 4071 2890 4124 1,
2913 4054 2972 4108 in
2995 4070 3107 4125 quo
3129 4051 3364 4107 Martino
3384 4050 3573 4106 abbati
3597 4050 3902 4106 Dumiensi

2251 4147 2583 4218 episcopalis
2608 4147 2852 4218 dignitas
2877 4151 2934 4202 et
2959 4147 3097 4202 ditio
3122 4162 3382 4200 concessa
3411 4149 3516 4200 est.
3545 4167 3573 4192 »
3617 4144 3899 4216 Deinceps

2251 4256 2384 4294 vero
2404 4241 2782 4312 metropolita:
2815 4240 3147 4295 Bracarensi
3171 4239 3429 4293 Lucretio
3455 4237 3748 4292 decedenti
3775 4238 3898 4292 suf~

2250 4333 2428 4388 fectus
2452 4333 2781 4405 perhibetur
2799 4333 3029 4388 antistes
3047 4337 3238 4387 noster
3262 4331 3580 4386 Dumiensis
3610 4347 3623 4382 :
3651 4347 3763 4402 quo
3783 4348 3894 4384 au-

2251 4430 2367 4481 tem
2392 4443 2561 4495 anno,
2592 4427 2745 4482 haud
2782 4426 2916 4481 satis
2952 4426 3149 4497 liquet.
3191 4427 3342 4481 Hanc
3382 4429 3532 4479 certe
3567 4441 3770 4479 novam
3807 4424 3899 4478 di-

2253 4519 2528 4591 gnitatem
2579 4520 2796 4575 dudum
2847 4524 3181 4574 consecutus
3246 4519 3417 4573 fuisse
3481 4517 3897 4573 existimandus

517 4611 946 4684 Tarraconensis
986 4609 1266 4681 Hispaniae
1310 4608 1538 4681 Oppido,
1575 4609 1666 4663 vix
1710 4625 1825 4662 uno
1870 4609 2098 4664 milliari
2123 4627 2154 4665 a
2172 4612 2232 4684 D
2255 4630 2404 4668 anno
2423 4617 2546 4682 572,
2566 4629 2677 4684 quo
2697 4611 2927 4684 praefuit
2945 4613 3181 4667 concilio
3203 4612 3579 4667 Bracarensin
3595 4611 3745 4683 quod
3765 4627 3897 4682 per-

519 4707 754 4759 Bracara
791 4704 1052 4773 distante,
1090 4703 1310 4758 illustre
1339 4702 1658 4758 casnobium
1693 4702 1933 4758 instituti
1973 4704 2150 4758 Bene-

517 4797 735 4866 dictini,
757 4802 822 4852 ut
839 4796 1143 4852 concilium
1167 4798 1503 4852 Toletanum
1524 4813 1576 4864 x,
1606 4813 1755 4850 anno
1777 4800 1878 4852 656
1899 4797 2149 4852 celebra-

521 4896 665 4958 tum,
693 4890 960 4962 perhibet
986 4889 1139 4945 hisce
1166 4891 1350 4945 verbis
1370 4889 1441 4960 (h)
1464 4905 1477 4942 :
1503 4911 1529 4937 ‹‹
1562 4889 1817 4944 Delatum
1846 4896 1930 4945 est
1949 4891 2019 4944 ad
2049 4907 2153 4945 nos

514 4985 574 5040 in
602 4989 884 5040 conventu
905 4985 1084 5039 sancti
1110 4984 1428 5038 concilii....
1461 4987 1865 5039 testamentum
1893 4983 2154 5055 gloriosae

517 5078 807 5133 memoriae
847 5077 1022 5132 sancti
1061 5076 1281 5131 Martini
1333 5076 1580 5130 ecclesiae
1632 5077 1984 5131 Bracarensis
2026 5077 2150 5149 epi-

520 5172 691 5244 scopi,
721 5172 818 5244 qui
845 5175 901 5226 et
930 5171 1232 5225 Dumiense
1267 5169 1672 5224 monasterium
1709 5169 1858 5223 visus
1897 5175 1981 5224 est
2014 5187 2150 5225 con-

545 5396 560 5406 '
591 5325 911 5406 (_a)_B_aron.
959 5325 1140 5378 Notat.
1188 5323 1249 5378 in
1289 5324 1513 5394 Martyr.
1565 5325 1729 5379 Rom.
1783 5323 1854 5378 ad
1897 5322 2048 5378 diem
2099 5341 2152 5378 x1

523 5395 780 5451 Kahlul.

592 5467 660 5540 (b)
688 5468 793 5540 ld.,
821 5468 891 5540 ad
915 5483 1049 5520 ann.
1077 5468 1202 5540 257,
1222 5463 1262 5540 _§
1287 5467 1340 5540 r37.

685 5539 786 5606 ld.,
810 5539 881 5592 ad
901 5553 1034 5592 ann.
1061 5537 1184 5615 560,
1215 5535 1340 5625 ἑίὲ
1368 5540 1421 5591 et
1449 5540 1571 5617 572,
1604 5535 1635 5607 §
1667 5539 1751 5590 l0.

593 5614 608 5661 ί
653 5610 666 5661 l
694 5609 862 5661 Greg.
888 5609 1019 5661 Tur.
1049 5607 1186 5661 Hist.
1222 5607 1414 5661 hanc.
1446 5607 1543 5661 11b.
1571 5624 1602 5660 v
1631 5623 1751 5661 can.

689 5609 1019 5692 Greg.."l‘hr.
1049 5607 1186 5662 Hist.
1222 5607 1414 5663 Franc.
1446 5607 1543 5662 lib.
1571 5624 1602 5660 v
1631 5623 1755 5676 cap.
1786 5609 1874 5662 38.

589 5678 1045 5822 i%_lijsi’dl.bliilisp.
1093 5749 1192 5805 lib.
1225 5751 1294 5807 de
1323 5749 1435 5804 Vir.
1476 5749 1678 5804 illustr.
1727 5765 1849 5820 cap.
1899 5753 1964 5806 35
2012 5750 2145 5805 edit.

520 5816 746 5877 Breul.;
775 5818 872 5877 al..
898 5823 987 5877 22.

1012 5894 1176 5952 Suev.
1207 5909 1338 5966 pag.
1372 5893 1472 5948 404
1495 5891 1631 5948 edit.
1662 5891 1833 5948 Paris.
1867 5896 2020 5950 1601.

2251 4723 2448 4778 peram
2473 4707 2532 4760 in
2570 4705 2813 4760 editione
2841 4705 3131 4761 Labbeana
3173 4706 3377 4761 dicitur
3413 4721 3473 4758 111
3513 4705 3607 4773 (η).
3638 4703 3895 4775 Denique

2252 4805 2381 4871 post
2397 4799 2643 4873 plurima
2661 4799 2936 4854 virtutum
2959 4799 3202 4870 insignia
3227 4799 3432 4869 quibus
3459 4797 3558 4852 Dei
3585 4797 3891 4852 Ecclesiam

2253 4893 2550 4948 illustravit
2577 4893 2638 4948 in
2662 4894 2826 4948 caelos
2851 4893 3135 4965 migravit.
3164 4893 3295 4962 Ejus
3321 4891 3542 4946 obitum
3581 4889 3893 4963 Gregorius

2253 4987 2596 5043 Turonensis
2629 5004 2780 5042 anno
2803 4991 2832 5042 5
2855 4986 3196 5043 Childeberti
3218 4987 3257 5039 ll
3277 4983 3576 5056 consignat
3603 4984 3698 5053 (0);
3727 4983 3896 5038 adeo—

2253 5098 2363 5153 que
2403 5097 2739 5152 supremum
2783 5080 2936 5135 diem
2975 5078 3240 5133 clauserit
3281 5077 3643 5132 beatissimus
3679 5078 3892 5148 praesul

2253 5191 2401 5229 anno
2431 5177 2555 5244 580,
2584 5176 2644 5230 in
2671 5190 2844 5246 quem
2865 5173 3031 5244 juxta
3058 5171 3512 5226 communiorem
3549 5170 3893 5226 sententiam

2323 5329 2394 5399 (h)
2425 5328 2638 5383 Concil.
2667 5331 2806 5382 tom.
2836 5325 2943 5390 VII,
2974 5339 3108 5394 pag.
3138 5324 3263 5393 482,
3293 5340 3342 5391 c,
3386 5321 3653 5378 editionis
3688 5323 3892 5394 primae

2252 5400 2390 5454 Ven.
2420 5399 2591 5454 Labb.

2325 5471 2381 5540 (ι’)
2407 5468 2615 5540 concil.
2642 5472 2784 5540 tom.
2815 5468 2924 5533 νη,
2954 5479 3086 5536 pag.
3112 5467 3237 5534 557,
3267 5483 3319 5521 a.

2323 5538 2385 5611 (j)
2413 5538 2697 5611 lsid.,__loc.
2720 5538 2814 5592 cit.

2325 5608 2626 5688 _(_Zoncil.
2655 5610 2908 5688 tom__._\_ll,
2936 5627 3048 5681 pag
3075 5611 3198 5675 570,
3233 5623 3283 5662 e.

2345 5679 2381 5749 Ι)
2405 5679 2567 5744 Ibid.,
2599 5695 2732 5750 pag.
2762 5681 2885 5746 523,
2915 5679 2964 5736 cl.
3019 5679 3035 5681 ⁷

2341 5752 2413 5830 m)
2431 5749 2664 5830 ’φαῦὶυὲ
2692 5753 2975 5830 pag._246,
3004 5751 3036 5820 §
3063 5753 3147 5804 ll.

2343 5819 2404 5890 η)’
2425 5821 2592 5891 Greg.
2621 5819 2753 5876 Tur.
2777 5819 2881 5875 lib;
2911 5838 2944 5873 v
2972 5819 3135 5890 capp.
3167 5819 3234 5873 34
3261 5823 3320 5891 et
3345 5821 3432 5874 38.

2325 5893 2391 5960 (ο)
2417 5889 2628 5946 Concil.
2659 5896 2698 5946 t.
2735 5907 2807 5960 v1,
2837 5907 2896 5962 p.
2929 5889 3116 5945 575’ét
3139 5892 3262 5959 581,
3289 5889 3346 5944 d.
