4020 6232
192 369 241 421 2t
1040 363 1438 418 OPUSCULUM
1478 352 1756 417 PRIMUM.
1798 358 2113 415 FORMULA
2154 361 2476 417 HONESTrE
2511 362 2703 421 νιτδε.

3481 366 3549 423 22

186 470 1348 543 inciditannu55Childebertijunioris.Sic
1360 469 1811 541 Mabillonius(a).
1837 478 1895 553 Α
1916 483 2089 539 opera
2111 469 2343 526 Gilberti
2378 470 2621 543 Cognati
2655 486 2806 528 anno
2836 473 2991 540 1562,
3027 468 3280 541 Basilea,
3320 473 3448 529 tum
3486 471 3549 530 in

186 569 290 633 Qua
319 566 387 622 de
433 582 499 621 re
549 565 760 621 videsis
798 566 1036 637 Pagium
1083 567 1153 637 (b)
1193 569 1251 621 et
1285 564 1680 621 Bollandianos
1723 562 1810 634 (c).

186 660 305 732 Ejus
324 659 442 714 dies
462 659 649 715 festus
667 660 985 716 celebratur
1010 659 1101 715 die
1121 662 1190 715 20
1214 658 1416 715 Martii.
1446 660 1637 714 Exstat
1660 657 1813 729 apud

187 755 549 809 Fortunatam
580 752 658 824 (d)
686 753 1041 810 luculentum
1068 769 1298 808 carmen
1323 752 1414 807 cui
1451 751 1816 824 praemittitur

187 847 406 920 epistola
430 848 628 902 eidem
665 846 900 904 Martino
929 846 1219 918 inscripta,
1251 846 1353 901 ubi
1388 845 1656 917 praeclare
1692 845 1815 917 ejus

189 946 327 1011 gesta
355 940 519 995 miris
556 940 823 995 laudibus
855 944 1223 996 exornantur.
1256 940 1330 994 De
1365 956 1432 994 eo
1466 939 1605 995 item
1643 938 1818 993 refert

185 1034 280 1087 alia
302 1035 603 1102 nonnulla,
633 1037 843 1106 praeter
864 1034 1125 1107 superius
1150 1033 1338 1104 allata,
1369 1032 1674 1106 Gregorius
1700 1034 1812 1088 Tu-

186 1128 423 1183 ronensis
448 1128 514 1199 (e)
525 1170 540 1183 .

1913 561 2157 618 heroicis
2190 568 2247 619 et
2282 564 2669 621 ecclesiasticis
2705 564 3120 631 Quaestionibus
3149 564 3370 623 Boethii
3396 567 3547 640 Epo-

1913 656 2003 712 nis
2026 657 2217 727 Duaci,
2246 674 2397 714 anno
2432 660 2590 716 1581.
2952 710 2965 731 ,

1983 749 2333 822 Opusculum
2357 751 2509 808 istud
2532 753 2741 826 excipit
2765 755 3010 810 alterum
3036 757 3110 812 De
3131 755 3387 822 moribus,
3414 769 3550 809 cura

1914 844 2243 916 Leodegarii
2279 862 2313 899 a
2350 846 2571 912 Quercu
2604 864 2756 903 anno
2800 851 2957 918 1556,
2983 847 3225 917 Parisiis,
3256 847 3318 903 in
3360 849 3551 905 lucem

1915 937 2205 993 emissum.
2224 939 2537 1012 Utrumque
2555 957 2728 1013 porro
2756 957 3027 997 excusum
3055 945 3236 996 exstat
3259 941 3319 997 in
3341 940 3547 997 biblio-

1914 1032 2073 1087 theca
2100 1033 2204 1088 PP.
2231 1032 2598 1104 Lugdunensi
2623 1034 2702 1105 (ι),
2729 1038 2794 1090 ut
2830 1034 2966 1090 alias
3006 1034 3282 1090 editiones
3320 1034 3548 1091 omitta-

1916 1141 2062 1181 mus.
2089 1127 2224 1191 Quie
2251 1142 2384 1181 vero
2419 1131 2735 1199 sequuntur
2771 1128 2991 1200 reliqua
3024 1128 3298 1200 quinque,
3326 1131 3432 1184 Pro
3471 1144 3554 1184 re-

250 1222 328 1275 ιν.
359 1223 531 1276 Plura
554 1226 780 1277 exstant
796 1221 972 1294 ipsius
996 1220 1216 1292 ingenii
1241 1222 1613 1275 monumenta
1644 1238 1658 1274 :
1692 1241 1719 1271 «
1754 1221 1817 1275 In
1906 1218 2167 1289 pellenda
2191 1220 2490 1288 jactantia,
2517 1224 2594 1275 De
2623 1222 2900 1291 superbia,
2923 1222 3242 1276 Exhortatio
3267 1222 3547 1279 humilita-

186 1316 288 1381 his,
310 1314 498 1386 inquit
525 1314 777 1370 Mariana
803 1315 894 1386 (ﬂ,
911 1314 1184 1387 quoniam
1210 1313 1420 1369 crebris
1447 1313 1738 1368 sententiis
1760 1317 1817 1369 et

187 1408 303 1478 styli
323 1407 590 1463 acumine
613 1408 683 1463 ad
711 1408 935 1464 Senecae
974 1407 1409 1463 similitudinem
1444 1406 1705 1478 proxime
1729 1423 1817 1462 ac.

187 1501 339 1569 cedit,
367 1501 484 1556 duo
514 1501 649 1556 libri
675 1505 751 1558 De
778 1503 1039 1565 moribus,
1063 1506 1119 1557 et
1136 1505 1211 1556 De
1239 1501 1553 1571 differentia
1581 1505 1817 1570 quatuor

188 1598 432 1649 virtutum
460 1595 854 1657 cardinaiium,
886 1596 1010 1665 ejus
1049 1594 1370 1666 phi1030phi
1396 1593 1626 1649 nomine
1667 1594 1818 1649 inter
1854 1636 1861 1643 .

189 1687 391 1759 reliqua
415 1688 542 1759 ejus
571 1705 744 1760 opera
770 1688 1268 1744 circumferuntur.
1300 1709 1328 1737 »
1371 1688 1598 1759 Septem
1625 1687 1817 1760 itaque

189 1781 323 1835 beati
344 1781 519 1852 hujus
540 1783 799 1853 praesulis
816 1782 966 1855 typis
984 1781 1311 1837 excudenda
1331 1781 1667 1837 tradidimus
1682 1798 1818 1853 opu-

1916 1314 2005 1375 tis,
2031 1315 2108 1368 De
2131 1314 2216 1366 ira
2244 1317 2300 1367 et
2324 1317 2397 1368 De
2423 1315 2655 1377 Pascha,
2689 1329 2759 1370 ex
2786 1313 3072 1369 codicibus
3100 1330 3276 1369 manu
3305 1313 3552 1370 exaratis

1916 1405 2213 1477 descripsit
2239 1406 2525 1479 ediditque
2543 1407 2789 1463 Joannes
2814 1408 3091 1478 Tamayus
3115 1407 3338 1462 Salazar
3363 1408 3422 1462 in
3448 1423 3551 1464 suo

1916 1499 2313 1571 Martyrologio
2356 1500 2602 1571 Hispano
2638 1499 2748 1572 (m),
2785 1500 2939 1555 unde
2975 1499 3073 1555 illa
3109 1499 3550 1572 desumpsimus.

1915 1592 2181 1662 subjectis
2204 1593 2493 1648 nonnullis
2519 1593 2882 1665 conjecturis,
2911 1592 3118 1666 quibus
3145 1592 3348 1649 melior
3382 1593 3550 1649 lectio

1915 1684 2149 1741 fortasse
2165 1686 2369 1742 alicubi
2388 1686 2675 1742 reddatur.
2707 1687 2957 1759 Denique
2983 1691 3200 1759 septem
3229 1685 3383 1742 hisce
3415 1701 3555 1758 opu-

1918 1778 2085 1834 sculis
2119 1779 2474 1836 subdidimus
2516 1780 2770 1851 ejusdem
2818 1780 2995 1837 sancti
3036 1780 3260 1836 Martini
3301 1778 3556 1835 carmina

192 1874 349 1944 scula,
375 1850 505 1947 qua;
540 1850 610 1931 in
645 1880 813 1931 antea
842 1850 1019 1931 editis
1055 1875 1274 1930 divulsa
1301 1874 1675 1930 habebantur.
1708 1850 1815 1930 ἑο·
1838 1850 1895 1923 Β
1918 1872 2044 1942 tria,
2072 1888 2200 1943 quia
2228 1873 2528 1930 Sirmondo
2548 1850 2784 1945 accepta
2822 1873 3122 1930 referimus
3164 1873 3263 1945 (η),
3304 1889 3554 1946 quorum

190 1984 306 2021 rum
329 1968 587 2039 primum
607 1969 937 2023 inscribitur
953 1969 1211 2023 Formula
1232 1969 1462 2033 honeste
1480 1970 1624 2031 vita,
1646 1971 1821 2040 prout

190 2060 317 2115 illud
341 2078 410 2116 ex
435 2062 693 2117 auctoris
716 2063 996 2117 sententia
1019 2062 1253 2117 laudant
1285 2061 1629 2116 Trithemius
1656 2061 1725 2132 (g)
1762 2065 1822 2117 et

192 2154 502 2226 Sigebertus
519 2156 617 2228 (h).
643 2156 796 2211 [dem
820 2160 1013 2211 tamen
1033 2171 1091 2209 se
1112 2154 1320 2227 legisse
1337 2159 1574 2210 testatur
1596 2159 1821 2211 sanctus

194 2247 419 2303 lsidorus
436 2248 547 2303 sub
563 2249 732 2304 titulo
752 2252 827 2306 De
851 2250 1178 2319 differentiis
1199 2254 1436 2319 quatuor
1453 2251 1717 2303 virtutum
1738 2249 1816 2320 (2);

194 2342 273 2395 cui
331 2341 599 2414 proxime
665 2342 881 2398 accedit
945 2358 1266 2413 anonymus
1341 2342 1667 2397 Mellicensis
1731 2342 1817 2412 (ﬂ.

195 2434 508 2506 Hujusmodi
535 2436 800 2491 libellum
825 2436 1030 2492 dicavit
1061 2442 1263 2491 auctor
1277 2438 1482 2491 Mironi
1504 2437 1621 2504 regi
1645 2435 1819 2491 Galli-

1918 1965 2076 2038 prius
2100 1966 2375 2039 Gregorio
2400 1968 2716 2023 Turonensi
2736 1972 3091 2023 memoratur
3115 1968 3204 2023 his
3231 1966 3416 2023 verbis
3441 1966 3507 2039 (o)
3536 1983 3552 2020 :

1923 2082 1950 2109 ‹‹
1987 2060 2318 2128 Versiculos,
2346 2060 2552 2132 inquit,
2581 2060 2682 2132 qui
2716 2077 2891 2132 super
2926 2060 3137 2118 ostium
3166 2064 3300 2116 sunt
3336 2077 3370 2115 a
3395 2064 3557 2132 parte

1920 2153 2229 2208 meridiana
2269 2152 2329 2208 in
2368 2152 2600 2208 basilica
2628 2152 2806 2208 sancti
2831 2153 3070 2224 Martini,
3107 2153 3227 2225 ipse
3268 2152 3558 2223 (Martinus

1921 2245 2265 2301 Galliciensis
2292 2246 2607 2318 episcopus)
2630 2246 2965 2318 composuit.
2992 2268 3019 2296 »
3040 2244 3147 2311 Qui
3170 2246 3401 2318 quidem
3424 2246 3556 2303 Gre-

1922 2339 2067 2410 gorii
2091 2340 2248 2395 locus
2272 2340 2340 2394 cl.
2374 2338 2580 2395 editori
2617 2340 2773 2395 haud
2797 2339 3095 2396 succurrit.
3126 2341 3301 2395 Porro
3324 2356 3445 2395 non
3470 2343 3556 2396 est

1920 2450 2021 2488 cur
2044 2433 2136 2488 hic
2165 2433 2505 2489 disseramus
2525 2449 2713 2505 neque
2740 2434 2806 2489 de
2830 2434 3118 2492 Sententiis
3136 2437 3363 2504 patrum
3393 2436 3556 2503 Egy-

196 2531 275 2583 ciae
290 2548 307 2583 :
324 2546 497 2601 quam
514 2530 999 2602 nuncupatoriam
1019 2529 1315 2602 epistolam
1334 2529 1489 2584 velut
1504 2528 1689 2584 adhuc
1706 2528 1821 2585 ine-
1912 2529 2155 2599 ptiarum
2181 2525 2252 2580 ab
2277 2530 2504 2582 auctore
2529 2532 2726 2582 nostro
2752 2543 2820 2582 ex
2847 2527 3037 2582 Graeco
3065 2526 3259 2582 Latine
3295 2525 3553 2593 redditis,

196 2621 355 2677 ditam
382 2623 694 2678 Dacherius
713 2624 772 2678 in
792 2640 895 2678 suo
915 2623 1215 2695 Spicilegio
1241 2623 1524 2693 evulgavit
1549 2624 1619 2692 (Ic)
1643 2640 1659 2693 ;
1688 2639 1821 2678 cum
1920 2636 2059 2692 quas
2098 2620 2158 2675 in
2194 2619 2332 2675 Vitis
2373 2621 2606 2675 Patrum
2647 2620 2824 2676 edidit
2855 2620 3193 2692 Rosweydus
3208 2638 3226 2690 ;
3269 2635 3455 2693 neque
3488 2619 3556 2674 de

191 2716 295 2784 jam
319 2715 545 2787 pridem
575 2733 705 2772 eam
738 2717 1003 2772 edidisset
1042 2716 1278 2771 Pictavis
1311 2720 1462 2773 anno
1502 2717 1636 2773 1544
1674 2716 1821 2771 Elias
1921 2713 2237 2770 Collectione
2279 2730 2546 2769 canonum
2585 2715 2934 2770 orientalium
2972 2730 3041 2768 ea:
3077 2713 3276 2769 Graecis
3307 2712 3553 2782 synodis.

198 2808 427 2876 Vinetus,
459 2815 519 2865 et
536 2811 783 2883 quidem
807 2810 1015 2866 alicubi
1041 2811 1517 2879 emendationem,
1539 2815 1603 2866 ut
1626 2826 1697 2866 ex
1714 2810 1822 2865 col-

196 2902 387 2958 latione
410 2904 483 2959 ab
511 2904 734 2960 editore
760 2904 1107 2959 Dacheriano
1132 2904 1389 2960 instituta
1413 2909 1651 2960 constat.
1682 2905 1819 2959 Pro-

198 2993 287 3052 diit
306 3012 437 3054 vero
451 2998 697 3057 libellus
720 2998 873 3054 idem
896 2997 1107 3070 absque
1132 2998 1469 3070 praefatione
1514 3002 1640 3053 tum
1672 2996 1823 3053 inter

259 3154 325 3223 (α)
355 3154 567 3209 Mabill.
602 3154 708 3209 loc.
737 3152 832 3219 cit,
861 3170 992 3225 pag.
1021 3153 1148 3220 247,
1175 3167 1336 3207 num.
1373 3155 1455 3207 15.

258 3225 327 3366 éb}
357 3226 514 3298 Pagi.
545 3226 620 3281 ad
646 3241 786 3279 ann.
815 3228 939 3292 583,
968 3225 1076 3296 §8.

279 3314 303 3350 c
349 3296 607 3352 Bolland.
646 3299 769 3351 Act.
813 3300 990 3350 sanet.
1020 3299 1076 3349 to

279 3295 319 3365 c)
349 3295 607 3352 Bolland.
646 3299 769 3351 Act.
813 3300 990 3350 sanet.
1020 3299 1159 3349 tom.
1196 3296 1288 3349 Ill.
1328 3295 1513 3361 Mart.,
1545 3312 1678 3367 pag.
1726 3297 1816 3365 86,

201 3365 631 3510 ἕίάιῗθῖξὲιῖω.
682 3437 782 3492 lib.
836 3454 888 3507 ν,
945 3452 1120 3491 carm.
1179 3441 1226 3503 1,
1285 3434 1425 3491 Bibl.
1478 3437 1580 3492 rp.
1633 3437 1818 3510 Ludg.

202 3516 321 3565 tom.
351 3512 409 3580 Χ,
438 3526 578 3581 pag.
612 3511 716 3563 552
742 3524 800 3563 se

262 3580 321 3649 (ε)
342 3580 508 3653 Greg.
532 3580 765 3635 'Turon.

341 3657 577 3777 Mariam
615 3721 683 3777 de
712 3721 849 3779 Reb.
893 3719 1125 3792 Hispan.
1150 3720 1250 3775 lib.
1278 3736 1333 3776 γ.
1371 3736 1492 3792 cap.
1524 3723 1577 3789 9,
1604 3724 1746 3777 tom.
1776 3723 1816 3791 Ι,

204 3808 251 3861 p.
281 3798 390 3860 177,
422 3794 561 3848 edit.
592 3794 730 3861 Hag.
760 3794 917 3848 Com.
951 3795 1105 3847 1733.

264 3864 330 3934 (g)
353 3865 636 3919 Trithem.
667 3862 738 3919 de
764 3864 1038 3936 Scciptor.
1067 3862 1203 3918 eccl.
1232 3879 1356 3934 cap.
1387 3865 1512 3920 221.

956 3595 975 3633 ι
1027 3578 1096 3634 de
1144 3578 1331 3633 Mirac.
1377 3577 1555 3633 sancti
1595 3578 1815 3635 Martia.

1843 3214 1897 3288 C

1918 2824 2169 2882 quorum
2193 2808 2329 2862 item
2354 2806 2610 2863 Latinam
2634 2807 2952 2863 versionem
2976 2806 3127 2863 idem
3162 2805 3513 2862 elucubravit
3533 2847 3550 2873 ,

1921 2902 1990 2958 de
2031 2918 2145 2974 qua
2170 2917 2302 2957 vero
2340 2901 2684 2957 Collectione
2728 2902 2895 2973 plura
2942 2901 3135 2957 videas
3169 2898 3321 2973 apud
3368 2898 3554 2954 Fabri-

1920 2995 2073 3051 cium
2098 2995 2195 3067 (p).

2016 3149 2069 3220 h)
2098 3148 2372 3220 Sigebert.
2404 3147 2474 3220 de
2500 3148 2769 3220 Scriptor.
2803 3147 2937 3202 eccl.
2970 3163 3093 3219 cap.
3128 3149 3214 3202 19.

2016 3165 2069 3220 η)
2098 3165 2372 3274 Sigencrt.
2404 3165 2474 3203 ae
2500 3165 2769 3220 scriptor.
2803 3165 2937 3202 eccl.
2970 3165 3093 3219 cap.
3128 3165 3214 3202 is.

2016 3222 2057 3289 i)
2085 3220 2155 3275 Isi
2201 3261 2215 3274 .
2244 3219 2400 3289 Hisp.
2429 3219 2498 3274 de
2522 3220 2636 3273 Vir.
2662 3219 2867 3273 illustr.
2895 3220 3019 3289 capi
3049 3221 3115 3274 35
3137 3235 3155 3287 ;
3183 3217 3280 3283 a1.,
3313 3218 3402 3272 32.

2028 3289 2056 3361 ῐ)
2082 3294 2264 3346 Anon.
2290 3290 2491 3361 Mellic.
2519 3290 2588 3345 de
2616 3289 2816 3361 Script.
2846 3289 2981 3344 eccl.
3011 3305 3134 3360 cap.
3165 3290 3254 3343 68.

2013 3358 2062 3433 li)
2089 3361 2322 3433 Dacher.
2352 3360 2539 3433 Spicil.
2570 3365 2712 3416 tom.
2733 3358 2844 3433 ᾘΙ,
2871 3376 2930 3431 p.
2958 3358 3216 3416 312'nov.
3247 3358 3383 3413 edit.

2015 3431 2052 3503 ι)
2083 3432 2220 3486 Bibl.
2249 3432 2351 3485 PP.
2382 3431 2561 3503 Lugd.
2591 3432 2823 3503 tomLX,
2848 3447 3021 3502 pagg.
3050 3433 3152 3485 382
3178 3445 3335 3502 seqq.

2013 3501 2087 3575 in)
2116 3504 2345 3572 Tamay.
2383 3502 2667 3573 Martyrol.
2712 3501 2866 3574 Hispi
2910 3506 3052 3558 tom.
3097 3503 3162 3569 II,
3203 3501 3377 3573 pagg.
3416 3502 3552 3556 317-

2013 3646 2067 3716 n)
2094 3643 2374 3700 Sirmond.
2404 3660 2537 3716 opp.
2565 3645 2805 3716 tomLII,
2830 3659 2890 3713 p.
2923 3645 3038 3716 997
3063 3659 3180 3713 seq.
3209 3642 3344 3716 edit.
3375 3642 3549 3697 Paris.

2015 3713 2064 3786 ο)
2089 3716 2255 3786 Greg.
2283 3713 2497 3770 Turoni
2527 3716 2664 3771 Hist.
2695 3714 2891 3786 Frange.
2923 3713 3020 3767 lib.
3048 3730 3081 3766 v
3105 3730 3227 3784 cap.
3258 3715 3348 3769 38.

2053 3789 2069 3860 )
2100 3785 2317 3842 Fabric.
2345 3786 2487 3841 Bibl.
2517 3786 2610 3841 Gr.
2644 3789 2787 3840 tom.
2813 3785 2899 3853 X1,
2927 3800 2986 3855 p.
3015 3786 3080 3838 65
3112 3800 3229 3855 seq.

567 4172 1210 4355 SANCTI
1319 4171 2079 4301 MARTINI
2189 4165 3180 4297 DUMIENSIS

1236 4379 1713 4462 EPISCOPI
1788 4375 2520 4461 BRACARENSIS

844 4528 1924 4714 OPUSCULA
2054 4565 2905 4706 SEPTEM

1175 4808 2549 4864 ψ

1063 4995 1255 5098 ΟΡ
1280 4990 1743 5097 USCUL
1778 4990 1988 5094 ΠΜ
2070 4989 2455 5092 PRM]
2480 4986 2713 5092 ΠΜ.

580 5171 1469 5298 POBMULA
1595 5167 2509 5291 HONESTE
2634 5161 3179 5285 VITE.

1217 5463 1322 5526 AD
1367 5458 1735 5525 MIRONEM
1779 5457 2052 5522 REGEM
2096 5456 2482 5522 GALLICUE
2509 5469 2555 5518 ³.

272 5581 680 5641 Gloriosissimo
705 5601 768 5639 ac
788 5580 1278 5655 tranquillissimo,
1307 5582 1364 5635 et
1388 5578 1601 5650 insigni
1629 5577 1826 5633 catho-
1848 5590 1907 5662 D
1929 5576 2081 5632 milis
2106 5576 2424 5649 episcopus.
2449 5575 2575 5630 Non
2601 5574 2830 5647 ignoro,
2859 5568 3299 5626 clementissime
3324 5586 3445 5635 rex,
3474 5566 3566 5621 ﬂa-

214 5672 318 5730 licm
341 5678 471 5733 fidei
501 5678 740 5750 praedito
767 5677 998 5750 pietate,
1028 5674 1229 5733 Mironi
1256 5672 1381 5746 regi
1415 5672 1686 5728 Martinus
1718 5671 1827 5726 hu-

1934 5669 2355 5743 grantissimam
2384 5668 2559 5724 animi
2582 5668 2668 5723 tui
2692 5666 2842 5722 sitim
2868 5661 3156 5736 sapientia:
3176 5659 3567 5717 insatiabiliter

276 5799 297 5826 ³
327 5800 473 5882 {Iane
510 5801 905 5882 praefationem
943 5799 1364 5882 desumpsimus
1402 5812 1471 5854 ex
1513 5795 1772 5852 Dacherii
1810 5793 2132 5870 Spicilegio,
2156 5797 2297 5851 tom.
2330 5794 2422 5860 lll,
2470 5807 2603 5865 pag.
2646 5794 2770 5847 312.
2808 5790 2943 5845 Eam
2988 5784 3185 5841 laudat
3223 5777 3564 5839 Trithemius

219 5864 304 5923 lib.
330 5870 394 5927 de
418 5864 688 5944 Scriptor.
715 5872 853 5929 eccl.
884 5888 1009 5944 cap.
1040 5864 1165 5927 221.
