  <div class='ocr_page' id='page_1' title='image "/cluster/home/n/w/nwhite01/storage/ocr_20150623/72/uva.x000827084/019.png"; bbox 0 0 4020 6232; ppageno 0'>
   <div class='ocr_carea' id='block_1_1' title="bbox 420 354 3785 423">
    <p class='ocr_par' dir='ltr' id='par_1_1' title="bbox 420 354 3785 423">
     <span class='ocr_line' id='line_1_1' title="bbox 420 354 3785 423; baseline -0.002 0"><span class='ocrx_word' id='word_1_1' title='bbox 420 362 488 423; x_wconf 73' lang='lat'><strong>23</strong></span> <span class='ocrx_word' id='word_1_2' title='bbox 1727 362 1779 417; x_wconf 93' lang='lat' dir='ltr'><strong>S.</strong></span> <span class='ocrx_word' id='word_1_3' title='bbox 1822 356 2099 415; x_wconf 79' lang='lat' dir='ltr'><strong>MARTINI</strong></span> <span class='ocrx_word' id='word_1_4' title='bbox 2137 356 2490 414; x_wconf 77' lang='lat' dir='ltr'><strong>DUMIENSIS</strong></span> <span class='ocrx_word' id='word_1_5' title='bbox 3711 354 3785 416; x_wconf 66' lang='grc'><strong>24</strong></span> 
     </span>
    </p>
   </div>
   <div class='ocr_carea' id='block_1_2' title="bbox 418 464 3784 551">
    <p class='ocr_par' dir='ltr' id='par_1_2' title="bbox 418 464 3784 551">
     <span class='ocr_line' id='line_1_2' title="bbox 418 464 3784 551; baseline -0.002 -20"><span class='ocrx_word' id='word_1_6' title='bbox 418 472 638 547; x_wconf 86' lang='lat' dir='ltr'><strong>poculis</strong></span> <span class='ocrx_word' id='word_1_7' title='bbox 675 472 916 543; x_wconf 80' lang='lat' dir='ltr'><strong>inhiare,</strong></span> <span class='ocrx_word' id='word_1_8' title='bbox 947 488 1124 547; x_wconf 87' lang='lat' dir='ltr'><strong>eaque</strong></span> <span class='ocrx_word' id='word_1_9' title='bbox 1158 476 1215 529; x_wconf 91' lang='lat' dir='ltr'><strong>te</strong></span> <span class='ocrx_word' id='word_1_10' title='bbox 1246 472 1510 530; x_wconf 83' lang='lat' dir='ltr'><strong>ardenter</strong></span> <span class='ocrx_word' id='word_1_11' title='bbox 1542 470 1749 545; x_wconf 87' lang='lat' dir='ltr'><strong>quibus</strong></span> <span class='ocrx_word' id='word_1_12' title='bbox 1783 467 2051 524; x_wconf 76' lang='lat' dir='ltr'><strong>moralis&#39;</strong></span> <span class='ocrx_word' id='word_1_13' title='bbox 2072 477 2132 551; x_wconf 79' lang='grc' dir='ltr'><strong>Α</strong></span> <span class='ocrx_word' id='word_1_14' title='bbox 2152 467 2391 538; x_wconf 88' lang='lat' dir='ltr'><strong>videtur,</strong></span> <span class='ocrx_word' id='word_1_15' title='bbox 2420 483 2535 522; x_wconf 90' lang='lat' dir='ltr'><strong>non</strong></span> <span class='ocrx_word' id='word_1_16' title='bbox 2579 465 2846 524; x_wconf 90' lang='lat' dir='ltr'><strong>continuo</strong></span> <span class='ocrx_word' id='word_1_17' title='bbox 2884 465 3089 523; x_wconf 86' lang='lat' dir='ltr'><strong>falsum</strong></span> <span class='ocrx_word' id='word_1_18' title='bbox 3124 470 3227 524; x_wconf 85' lang='lat' dir='ltr'><strong>est.</strong></span> <span class='ocrx_word' id='word_1_19' title='bbox 3257 464 3463 524; x_wconf 85' lang='lat' dir='ltr'><strong>Crebro</strong></span> <span class='ocrx_word' id='word_1_20' title='bbox 3501 465 3784 541; x_wconf 83' lang='lat' dir='ltr'><strong>siquidem</strong></span> 
     </span>
    </p>
   </div>
   <div class='ocr_carea' id='block_1_3' title="bbox 417 563 2050 639">
    <p class='ocr_par' dir='ltr' id='par_1_3' title="bbox 417 563 2050 639">
     <span class='ocr_line' id='line_1_3' title="bbox 417 563 2050 639; baseline -0.006 -14"><span class='ocrx_word' id='word_1_21' title='bbox 417 568 665 625; x_wconf 68' lang='lat' dir='ltr'><strong>scientias</strong></span> <span class='ocrx_word' id='word_1_22' title='bbox 687 568 849 625; x_wconf 88' lang='lat' dir='ltr'><strong>rivuli</strong></span> <span class='ocrx_word' id='word_1_23' title='bbox 878 573 1130 636; x_wconf 81' lang='lat' dir='ltr'><strong>manant,</strong></span> <span class='ocrx_word' id='word_1_24' title='bbox 1164 568 1379 625; x_wconf 86' lang='lat' dir='ltr'><strong>ﬂuenta</strong></span> <span class='ocrx_word' id='word_1_25' title='bbox 1403 566 1711 639; x_wconf 86' lang='lat' dir='ltr'><strong>requirere.</strong></span> <span class='ocrx_word' id='word_1_26' title='bbox 1742 567 1807 620; x_wconf 87' lang='lat' dir='ltr'><strong>Et</strong></span> <span class='ocrx_word' id='word_1_27' title='bbox 1838 563 1910 619; x_wconf 90' lang='lat' dir='ltr'><strong>ob</strong></span> <span class='ocrx_word' id='word_1_28' title='bbox 1940 563 2050 617; x_wconf 88' lang='lat' dir='ltr'><strong>hoc</strong></span> 
     </span>
    </p>
   </div>
   <div class='ocr_carea' id='block_1_4' title="bbox 419 660 2052 734">
    <p class='ocr_par' dir='ltr' id='par_1_4' title="bbox 419 660 2052 734">
     <span class='ocr_line' id='line_1_4' title="bbox 419 660 2052 734; baseline -0.004 -15"><span class='ocrx_word' id='word_1_29' title='bbox 419 663 803 719; x_wconf 85' lang='lat' dir='ltr'><strong>humilitatem</strong></span> <span class='ocrx_word' id='word_1_30' title='bbox 826 680 1015 719; x_wconf 85' lang='lat' dir='ltr'><strong>meam</strong></span> <span class='ocrx_word' id='word_1_31' title='bbox 1038 663 1150 718; x_wconf 82' lang='lat' dir='ltr'><strong>tuis</strong></span> <span class='ocrx_word' id='word_1_32' title='bbox 1188 662 1394 734; x_wconf 70' lang='lat' dir='ltr'><strong>saepius</strong></span> <span class='ocrx_word' id='word_1_33' title='bbox 1428 660 1629 715; x_wconf 83' lang='lat' dir='ltr'><strong>litteris</strong></span> <span class='ocrx_word' id='word_1_34' title='bbox 1664 660 1955 728; x_wconf 82' lang='lat' dir='ltr'><strong>admones,</strong></span> <span class='ocrx_word' id='word_1_35' title='bbox 1983 663 2052 713; x_wconf 84' lang='lat' dir='ltr'><strong>ut</strong></span> 
     </span>
    </p>
   </div>
   <div class='ocr_carea' id='block_1_5' title="bbox 419 753 2053 829">
    <p class='ocr_par' dir='ltr' id='par_1_5' title="bbox 419 753 2053 829">
     <span class='ocr_line' id='line_1_5' title="bbox 419 753 2053 829; baseline -0.002 -18"><span class='ocrx_word' id='word_1_36' title='bbox 419 757 750 829; x_wconf 86' lang='lat' dir='ltr'><strong>Dignationi</strong></span> <span class='ocrx_word' id='word_1_37' title='bbox 768 762 882 813; x_wconf 78' lang='lat' dir='ltr'><strong>tuae</strong></span> <span class='ocrx_word' id='word_1_38' title='bbox 901 758 1100 815; x_wconf 88' lang='lat' dir='ltr'><strong>crebro</strong></span> <span class='ocrx_word' id='word_1_39' title='bbox 1126 755 1336 827; x_wconf 85' lang='lat' dir='ltr'><strong>aliquid</strong></span> <span class='ocrx_word' id='word_1_40' title='bbox 1363 771 1465 826; x_wconf 88' lang='lat' dir='ltr'><strong>per</strong></span> <span class='ocrx_word' id='word_1_41' title='bbox 1489 754 1784 826; x_wconf 83' lang='lat' dir='ltr'><strong>epistolam</strong></span> <span class='ocrx_word' id='word_1_42' title='bbox 1806 753 2053 807; x_wconf 88' lang='lat' dir='ltr'><strong>scribens</strong></span> 
     </span>
    </p>
   </div>
   <div class='ocr_carea' id='block_1_6' title="bbox 415 848 2050 919">
    <p class='ocr_par' dir='ltr' id='par_1_6' title="bbox 415 848 2050 919">
     <span class='ocr_line' id='line_1_6' title="bbox 415 848 2050 919; baseline -0.002 -15"><span class='ocrx_word' id='word_1_43' title='bbox 415 854 516 905; x_wconf 80' lang='lat' dir='ltr'><strong>aut</strong></span> <span class='ocrx_word' id='word_1_44' title='bbox 536 850 938 906; x_wconf 82' lang='lat' dir='ltr'><strong>consolationis</strong></span> <span class='ocrx_word' id='word_1_45' title='bbox 964 855 1062 905; x_wconf 91' lang='lat' dir='ltr'><strong>aut</strong></span> <span class='ocrx_word' id='word_1_46' title='bbox 1086 848 1498 904; x_wconf 78' lang='lat' dir='ltr'><strong>exhortationis</strong></span> <span class='ocrx_word' id='word_1_47' title='bbox 1527 848 1785 919; x_wconf 84' lang='lat' dir='ltr'><strong>alicujus,</strong></span> <span class='ocrx_word' id='word_1_48' title='bbox 1816 852 1871 902; x_wconf 90' lang='lat' dir='ltr'><strong>et</strong></span> <span class='ocrx_word' id='word_1_49' title='bbox 1908 863 2050 918; x_wconf 88' lang='lat' dir='ltr'><strong>qua-</strong></span> 
     </span>
    </p>
   </div>
   <div class='ocr_carea' id='block_1_7' title="bbox 413 941 2052 1016">
    <p class='ocr_par' dir='ltr' id='par_1_7' title="bbox 413 941 2052 1016">
     <span class='ocr_line' id='line_1_7' title="bbox 413 941 2052 1016; baseline -0.002 -18"><span class='ocrx_word' id='word_1_50' title='bbox 413 943 715 1016; x_wconf 90' lang='lat' dir='ltr'><strong>liacunque</strong></span> <span class='ocrx_word' id='word_1_51' title='bbox 735 944 846 999; x_wconf 90' lang='lat' dir='ltr'><strong>sint</strong></span> <span class='ocrx_word' id='word_1_52' title='bbox 864 944 1007 999; x_wconf 87' lang='lat' dir='ltr'><strong>dicta</strong></span> <span class='ocrx_word' id='word_1_53' title='bbox 1029 944 1261 999; x_wconf 80' lang='lat' dir='ltr'><strong>offeram</strong></span> <span class='ocrx_word' id='word_1_54' title='bbox 1292 941 1471 1012; x_wconf 76' lang='lat' dir='ltr'><strong>b._Sed</strong></span> <span class='ocrx_word' id='word_1_55' title='bbox 1495 941 1753 1014; x_wconf 89' lang='lat' dir='ltr'><strong>quamvis</strong></span> <span class='ocrx_word' id='word_1_56' title='bbox 1774 942 1882 995; x_wconf 90' lang='lat' dir='ltr'><strong>hoc</strong></span> <span class='ocrx_word' id='word_1_57' title='bbox 1907 957 1939 995; x_wconf 93' lang='lat' dir='ltr'><strong>a</strong></span> <span class='ocrx_word' id='word_1_58' title='bbox 1958 955 2052 995; x_wconf 89' lang='lat' dir='ltr'><strong>me</strong></span> 
     </span>
    </p>
   </div>
   <div class='ocr_carea' id='block_1_8' title="bbox 417 1035 2052 1109">
    <p class='ocr_par' dir='ltr' id='par_1_8' title="bbox 417 1035 2052 1109">
     <span class='ocr_line' id='line_1_8' title="bbox 417 1035 2052 1109; baseline -0.003 -16"><span class='ocrx_word' id='word_1_59' title='bbox 417 1037 608 1108; x_wconf 81' lang='lat' dir='ltr'><strong>exigat</strong></span> <span class='ocrx_word' id='word_1_60' title='bbox 645 1038 923 1093; x_wconf 85' lang='lat' dir='ltr'><strong>laudabile</strong></span> <span class='ocrx_word' id='word_1_61' title='bbox 960 1043 1073 1092; x_wconf 67' lang='lat' dir='ltr'><strong>tum</strong></span> <span class='ocrx_word' id='word_1_62' title='bbox 1106 1038 1328 1109; x_wconf 90' lang='lat' dir='ltr'><strong>pietatis</strong></span> <span class='ocrx_word' id='word_1_63' title='bbox 1366 1036 1641 1105; x_wconf 91' lang='lat' dir='ltr'><strong>studium,</strong></span> <span class='ocrx_word' id='word_1_64' title='bbox 1678 1035 1815 1090; x_wconf 92' lang='lat' dir='ltr'><strong>scito</strong></span> <span class='ocrx_word' id='word_1_65' title='bbox 1860 1040 2052 1089; x_wconf 89' lang='lat' dir='ltr'><strong>tamen</strong></span> 
     </span>
    </p>
   </div>
   <div class='ocr_carea' id='block_1_9' title="bbox 414 1127 2051 1199">
    <p class='ocr_par' dir='ltr' id='par_1_9' title="bbox 414 1127 2051 1199">
     <span class='ocr_line' id='line_1_9' title="bbox 414 1127 2051 1199; baseline -0.003 -13"><span class='ocrx_word' id='word_1_66' title='bbox 414 1131 705 1187; x_wconf 85' lang='lat' dir='ltr'><strong>tenuitatis</strong></span> <span class='ocrx_word' id='word_1_67' title='bbox 729 1147 872 1186; x_wconf 75' lang='lat' dir='ltr'><strong>meae</strong></span> <span class='ocrx_word' id='word_1_68' title='bbox 896 1131 1237 1187; x_wconf 88' lang='lat' dir='ltr'><strong>insolentem</strong></span> <span class='ocrx_word' id='word_1_69' title='bbox 1257 1131 1530 1187; x_wconf 90' lang='lat' dir='ltr'><strong>continuo</strong></span> <span class='ocrx_word' id='word_1_70' title='bbox 1557 1148 1590 1184; x_wconf 92' lang='lat' dir='ltr'><strong>a</strong></span> <span class='ocrx_word' id='word_1_71' title='bbox 1616 1128 1792 1183; x_wconf 88' lang='lat' dir='ltr'><strong>cautis</strong></span> <span class='ocrx_word' id='word_1_72' title='bbox 1808 1127 2051 1199; x_wconf 82' lang='lat' dir='ltr'><strong>impingi</strong></span> 
     </span>
    </p>
   </div>
   <div class='ocr_carea' id='block_1_10' title="bbox 412 1222 2052 1296">
    <p class='ocr_par' dir='ltr' id='par_1_10' title="bbox 412 1222 2052 1296">
     <span class='ocr_line' id='line_1_10' title="bbox 412 1222 2052 1296; baseline -0.002 -17"><span class='ocrx_word' id='word_1_73' title='bbox 412 1223 820 1296; x_wconf 87' lang='lat' dir='ltr'><strong>prOpterviam,</strong></span> <span class='ocrx_word' id='word_1_74' title='bbox 869 1225 916 1280; x_wconf 91' lang='lat' dir='ltr'><strong>si</strong></span> <span class='ocrx_word' id='word_1_75' title='bbox 952 1226 1161 1296; x_wconf 85' lang='lat' dir='ltr'><strong>regalis</strong></span> <span class='ocrx_word' id='word_1_76' title='bbox 1198 1224 1529 1280; x_wconf 74' lang='lat' dir='ltr'><strong>reverentiae</strong></span> <span class='ocrx_word' id='word_1_77' title='bbox 1582 1222 1917 1296; x_wconf 85' lang='lat' dir='ltr'><strong>gravitatem</strong></span> <span class='ocrx_word' id='word_1_78' title='bbox 1953 1226 2052 1276; x_wconf 90' lang='lat' dir='ltr'><strong>aut</strong></span> 
     </span>
    </p>
   </div>
   <div class='ocr_carea' id='block_1_11' title="bbox 413 1316 2051 1387">
    <p class='ocr_par' dir='ltr' id='par_1_11' title="bbox 413 1316 2051 1387">
     <span class='ocr_line' id='line_1_11' title="bbox 413 1316 2051 1387; baseline -0.002 -15"><span class='ocrx_word' id='word_1_79' title='bbox 413 1318 650 1373; x_wconf 78' lang='lat' dir='ltr'><strong>assiduis</strong></span> <span class='ocrx_word' id='word_1_80' title='bbox 692 1322 791 1373; x_wconf 86' lang='lat' dir='ltr'><strong>aut</strong></span> <span class='ocrx_word' id='word_1_81' title='bbox 826 1317 1051 1385; x_wconf 87' lang='lat' dir='ltr'><strong>vilibus,</strong></span> <span class='ocrx_word' id='word_1_82' title='bbox 1095 1322 1161 1373; x_wconf 89' lang='lat' dir='ltr'><strong>ut</strong></span> <span class='ocrx_word' id='word_1_83' title='bbox 1193 1319 1349 1385; x_wconf 90' lang='lat' dir='ltr'><strong>libet,</strong></span> <span class='ocrx_word' id='word_1_84' title='bbox 1400 1317 1563 1373; x_wconf 89' lang='lat' dir='ltr'><strong>dictis</strong></span> <span class='ocrx_word' id='word_1_85' title='bbox 1608 1317 1938 1387; x_wconf 89' lang='lat' dir='ltr'><strong>adjungam.</strong></span> <span class='ocrx_word' id='word_1_86' title='bbox 1984 1316 2051 1369; x_wconf 84' lang='lat' dir='ltr'><strong>Et</strong></span> 
     </span>
    </p>
   </div>
   <div class='ocr_carea' id='block_1_12' title="bbox 410 1408 2051 1483">
    <p class='ocr_par' dir='ltr' id='par_1_12' title="bbox 410 1408 2051 1483">
     <span class='ocr_line' id='line_1_12' title="bbox 410 1408 2051 1483; baseline -0.003 -18"><span class='ocrx_word' id='word_1_87' title='bbox 410 1410 542 1467; x_wconf 87' lang='lat' dir='ltr'><strong>ideo</strong></span> <span class='ocrx_word' id='word_1_88' title='bbox 572 1427 643 1466; x_wconf 90' lang='lat' dir='ltr'><strong>ne</strong></span> <span class='ocrx_word' id='word_1_89' title='bbox 671 1416 770 1466; x_wconf 89' lang='lat' dir='ltr'><strong>aut</strong></span> <span class='ocrx_word' id='word_1_90' title='bbox 795 1427 903 1482; x_wconf 89' lang='lat' dir='ltr'><strong>ego</strong></span> <span class='ocrx_word' id='word_1_91' title='bbox 930 1410 1158 1469; x_wconf 89' lang='lat' dir='ltr'><strong>licentia</strong></span> <span class='ocrx_word' id='word_1_92' title='bbox 1179 1412 1285 1483; x_wconf 69' lang='lat' dir='ltr'><strong>pia:</strong></span> <span class='ocrx_word' id='word_1_93' title='bbox 1310 1410 1657 1466; x_wconf 79' lang='lat' dir='ltr'><strong>invitationis</strong></span> <span class='ocrx_word' id='word_1_94' title='bbox 1681 1408 1945 1463; x_wconf 90' lang='lat' dir='ltr'><strong>abuterer</strong></span> <span class='ocrx_word' id='word_1_95' title='bbox 1970 1409 2051 1461; x_wconf 90' lang='lat' dir='ltr'><strong>lo-</strong></span> 
     </span>
    </p>
   </div>
   <div class='ocr_carea' id='block_1_13' title="bbox 410 1501 2045 1577">
    <p class='ocr_par' dir='ltr' id='par_1_13' title="bbox 410 1501 2045 1577">
     <span class='ocr_line' id='line_1_13' title="bbox 410 1501 2045 1577; baseline -0.004 -16"><span class='ocrx_word' id='word_1_96' title='bbox 410 1505 659 1577; x_wconf 85' lang='lat' dir='ltr'><strong>quendo,</strong></span> <span class='ocrx_word' id='word_1_97' title='bbox 686 1509 784 1559; x_wconf 84' lang='lat' dir='ltr'><strong>aut</strong></span> <span class='ocrx_word' id='word_1_98' title='bbox 809 1509 994 1559; x_wconf 91' lang='lat' dir='ltr'><strong>vestro</strong></span> <span class='ocrx_word' id='word_1_99' title='bbox 1024 1504 1204 1576; x_wconf 91' lang='lat' dir='ltr'><strong>magis</strong></span> <span class='ocrx_word' id='word_1_100' title='bbox 1231 1504 1509 1560; x_wconf 90' lang='lat' dir='ltr'><strong>desiderio</strong></span> <span class='ocrx_word' id='word_1_101' title='bbox 1537 1503 1866 1557; x_wconf 72' lang='lat' dir='ltr'><strong>obsistet-em</strong></span> <span class='ocrx_word' id='word_1_102' title='bbox 1910 1501 2045 1556; x_wconf 83' lang='lat' dir='ltr'><strong>reti-</strong></span> 
     </span>
    </p>
   </div>
   <div class='ocr_carea' id='block_1_14' title="bbox 411 1594 2048 1670">
    <p class='ocr_par' dir='ltr' id='par_1_14' title="bbox 411 1594 2048 1670">
     <span class='ocr_line' id='line_1_14' title="bbox 411 1594 2048 1670; baseline -0.004 -16"><span class='ocrx_word' id='word_1_103' title='bbox 411 1598 612 1667; x_wconf 86' lang='lat' dir='ltr'><strong>cendo,</strong></span> <span class='ocrx_word' id='word_1_104' title='bbox 628 1597 887 1653; x_wconf 88' lang='lat' dir='ltr'><strong>libellum</strong></span> <span class='ocrx_word' id='word_1_105' title='bbox 901 1598 1055 1653; x_wconf 90' lang='lat' dir='ltr'><strong>hunc</strong></span> <span class='ocrx_word' id='word_1_106' title='bbox 1072 1598 1230 1653; x_wconf 89' lang='lat' dir='ltr'><strong>nulla</strong></span> <span class='ocrx_word' id='word_1_107' title='bbox 1243 1598 1657 1670; x_wconf 88' lang='lat' dir='ltr'><strong>sophismatum</strong></span> <span class='ocrx_word' id='word_1_108' title='bbox 1672 1594 2048 1651; x_wconf 83' lang='lat' dir='ltr'><strong>ostentatione</strong></span> 
     </span>
    </p>
   </div>
   <div class='ocr_carea' id='block_1_15' title="bbox 410 1690 2044 1763">
    <p class='ocr_par' dir='ltr' id='par_1_15' title="bbox 410 1690 2044 1763">
     <span class='ocr_line' id='line_1_15' title="bbox 410 1690 2044 1763; baseline -0.002 -16"><span class='ocrx_word' id='word_1_109' title='bbox 410 1691 678 1763; x_wconf 90' lang='lat' dir='ltr'><strong>politum,</strong></span> <span class='ocrx_word' id='word_1_110' title='bbox 710 1691 806 1746; x_wconf 93' lang='lat' dir='ltr'><strong>sed</strong></span> <span class='ocrx_word' id='word_1_111' title='bbox 834 1691 1064 1762; x_wconf 88' lang='lat' dir='ltr'><strong>planitie</strong></span> <span class='ocrx_word' id='word_1_112' title='bbox 1103 1708 1261 1763; x_wconf 62' lang='lat' dir='ltr'><strong>purae</strong></span> <span class='ocrx_word' id='word_1_113' title='bbox 1289 1690 1660 1763; x_wconf 86' lang='lat' dir='ltr'><strong>simplicitatis</strong></span> <span class='ocrx_word' id='word_1_114' title='bbox 1694 1694 2044 1760; x_wconf 82' lang='lat' dir='ltr'><strong>excerptum,</strong></span> 
     </span>
    </p>
   </div>
   <div class='ocr_carea' id='block_1_16' title="bbox 411 1783 2046 1856">
    <p class='ocr_par' dir='ltr' id='par_1_16' title="bbox 411 1783 2046 1856">
     <span class='ocr_line' id='line_1_16' title="bbox 411 1783 2046 1856; baseline -0.001 -17"><span class='ocrx_word' id='word_1_115' title='bbox 411 1784 708 1856; x_wconf 88' lang='lat' dir='ltr'><strong>capacibus</strong></span> <span class='ocrx_word' id='word_1_116' title='bbox 737 1785 978 1840; x_wconf 88' lang='lat' dir='ltr'><strong>ﬁdenter</strong></span> <span class='ocrx_word' id='word_1_117' title='bbox 1004 1786 1237 1841; x_wconf 87' lang='lat' dir='ltr'><strong>auribus</strong></span> <span class='ocrx_word' id='word_1_118' title='bbox 1257 1785 1436 1841; x_wconf 89' lang='lat' dir='ltr'><strong>obtuli</strong></span> <span class='ocrx_word' id='word_1_119' title='bbox 1465 1783 1838 1839; x_wconf 87' lang='lat' dir='ltr'><strong>recitandum.</strong></span> <span class='ocrx_word' id='word_1_120' title='bbox 1865 1783 2046 1847; x_wconf 89' lang='lat' dir='ltr'><strong>Quem</strong></span> 
     </span>
    </p>
   </div>
   <div class='ocr_carea' id='block_1_17' title="bbox 2150 557 3787 614">
    <p class='ocr_par' dir='ltr' id='par_1_17' title="bbox 2150 557 3787 614">
     <span class='ocr_line' id='line_1_17' title="bbox 2150 557 3787 614; baseline 0.001 -2"><span class='ocrx_word' id='word_1_121' title='bbox 2150 558 2350 613; x_wconf 84' lang='lat' dir='ltr'><strong>faciem</strong></span> <span class='ocrx_word' id='word_1_122' title='bbox 2378 558 2655 614; x_wconf 87' lang='lat' dir='ltr'><strong>mendacii</strong></span> <span class='ocrx_word' id='word_1_123' title='bbox 2679 559 2883 614; x_wconf 89' lang='lat' dir='ltr'><strong>veritas</strong></span> <span class='ocrx_word' id='word_1_124' title='bbox 2923 558 3148 614; x_wconf 85' lang='lat' dir='ltr'><strong>retinet.</strong></span> <span class='ocrx_word' id='word_1_125' title='bbox 3177 558 3384 613; x_wconf 91' lang='lat' dir='ltr'><strong>Crebro</strong></span> <span class='ocrx_word' id='word_1_126' title='bbox 3424 557 3787 614; x_wconf 91' lang='lat' dir='ltr'><strong>mendacium</strong></span> 
     </span>
    </p>
   </div>
   <div class='ocr_carea' id='block_1_18' title="bbox 2153 655 3787 727">
    <p class='ocr_par' dir='ltr' id='par_1_18' title="bbox 2153 655 3787 727">
     <span class='ocr_line' id='line_1_18' title="bbox 2153 655 3787 727; baseline 0.001 -17"><span class='ocrx_word' id='word_1_127' title='bbox 2153 655 2336 727; x_wconf 88' lang='lat' dir='ltr'><strong>specie</strong></span> <span class='ocrx_word' id='word_1_128' title='bbox 2355 656 2603 712; x_wconf 87' lang='lat' dir='ltr'><strong>veritatis</strong></span> <span class='ocrx_word' id='word_1_129' title='bbox 2618 657 2911 712; x_wconf 86' lang='lat' dir='ltr'><strong>occulitur.</strong></span> <span class='ocrx_word' id='word_1_130' title='bbox 2932 659 3071 712; x_wconf 80' lang='lat' dir='ltr'><strong>Nam</strong></span> <span class='ocrx_word' id='word_1_131' title='bbox 3088 656 3232 711; x_wconf 90' lang='lat' dir='ltr'><strong>sicut</strong></span> <span class='ocrx_word' id='word_1_132' title='bbox 3245 656 3545 727; x_wconf 86' lang='lat' dir='ltr'><strong>aliquando</strong></span> <span class='ocrx_word' id='word_1_133' title='bbox 3564 656 3787 711; x_wconf 86' lang='lat' dir='ltr'><strong>tristem</strong></span> 
     </span>
    </p>
   </div>
   <div class='ocr_carea' id='block_1_19' title="bbox 2152 745 3787 815">
    <p class='ocr_par' dir='ltr' id='par_1_19' title="bbox 2152 745 3787 815">
     <span class='ocr_line' id='line_1_19' title="bbox 2152 745 3787 815; baseline 0 -15"><span class='ocrx_word' id='word_1_134' title='bbox 2152 745 2398 801; x_wconf 88' lang='lat' dir='ltr'><strong>frontem</strong></span> <span class='ocrx_word' id='word_1_135' title='bbox 2434 746 2667 815; x_wconf 88' lang='lat' dir='ltr'><strong>amicus,</strong></span> <span class='ocrx_word' id='word_1_136' title='bbox 2698 751 2754 801; x_wconf 92' lang='lat' dir='ltr'><strong>et</strong></span> <span class='ocrx_word' id='word_1_137' title='bbox 2790 746 3059 801; x_wconf 90' lang='lat' dir='ltr'><strong>blandam</strong></span> <span class='ocrx_word' id='word_1_138' title='bbox 3094 746 3350 801; x_wconf 87' lang='lat' dir='ltr'><strong>adulator</strong></span> <span class='ocrx_word' id='word_1_139' title='bbox 3383 746 3667 815; x_wconf 86' lang='lat' dir='ltr'><strong>ostendit;</strong></span> <span class='ocrx_word' id='word_1_140' title='bbox 3708 746 3787 801; x_wconf 91' lang='lat' dir='ltr'><strong>sic</strong></span> 
     </span>
    </p>
   </div>
   <div class='ocr_carea' id='block_1_20' title="bbox 2153 836 3784 892">
    <p class='ocr_par' dir='ltr' id='par_1_20' title="bbox 2153 836 3784 892">
     <span class='ocr_line' id='line_1_20' title="bbox 2153 836 3784 892; baseline 0.002 -4"><span class='ocrx_word' id='word_1_141' title='bbox 2153 836 2640 892; x_wconf 80' lang='lat' dir='ltr'><strong>verisimilitudine</strong></span> <span class='ocrx_word' id='word_1_142' title='bbox 2668 838 2950 891; x_wconf 88' lang='lat' dir='ltr'><strong>coloratur</strong></span> <span class='ocrx_word' id='word_1_143' title='bbox 2976 837 3179 892; x_wconf 88' lang='lat' dir='ltr'><strong>veritas</strong></span> <span class='ocrx_word' id='word_1_144' title='bbox 3210 841 3266 891; x_wconf 91' lang='lat' dir='ltr'><strong>et</strong></span> <span class='ocrx_word' id='word_1_145' title='bbox 3295 840 3353 892; x_wconf 90' lang='lat' dir='ltr'><strong>ut</strong></span> <span class='ocrx_word' id='word_1_146' title='bbox 3390 837 3543 891; x_wconf 84' lang='lat' dir='ltr'><strong>fallat</strong></span> <span class='ocrx_word' id='word_1_147' title='bbox 3568 837 3657 892; x_wconf 85' lang='lat' dir='ltr'><strong>vel</strong></span> <span class='ocrx_word' id='word_1_148' title='bbox 3685 853 3784 891; x_wconf 86' lang='lat' dir='ltr'><strong>su-</strong></span> 
     </span>
    </p>
   </div>
   <div class='ocr_carea' id='block_1_21' title="bbox 2152 928 3788 1001">
    <p class='ocr_par' dir='ltr' id='par_1_21' title="bbox 2152 928 3788 1001">
     <span class='ocr_line' id='line_1_21' title="bbox 2152 928 3788 1001; baseline 0.002 -19"><span class='ocrx_word' id='word_1_149' title='bbox 2152 928 2370 1000; x_wconf 88' lang='lat' dir='ltr'><strong>brepat,</strong></span> <span class='ocrx_word' id='word_1_150' title='bbox 2412 931 2710 985; x_wconf 89' lang='lat' dir='ltr'><strong>coloratur.</strong></span> <span class='ocrx_word' id='word_1_151' title='bbox 2759 930 2814 987; x_wconf 89' lang='lat' dir='ltr'><strong>Si</strong></span> <span class='ocrx_word' id='word_1_152' title='bbox 2853 931 3104 1001; x_wconf 80' lang='lat' dir='ltr'><strong>prudens</strong></span> <span class='ocrx_word' id='word_1_153' title='bbox 3145 946 3263 984; x_wconf 87' lang='lat' dir='ltr'><strong>esse</strong></span> <span class='ocrx_word' id='word_1_154' title='bbox 3310 930 3488 1001; x_wconf 87' lang='lat' dir='ltr'><strong>cupis,</strong></span> <span class='ocrx_word' id='word_1_155' title='bbox 3535 929 3594 984; x_wconf 90' lang='lat' dir='ltr'><strong>in</strong></span> <span class='ocrx_word' id='word_1_156' title='bbox 3634 930 3788 986; x_wconf 77' lang='lat' dir='ltr'><strong>futu~</strong></span> 
     </span>
    </p>
   </div>
   <div class='ocr_carea' id='block_1_22' title="bbox 2152 1024 3781 1096">
    <p class='ocr_par' dir='ltr' id='par_1_22' title="bbox 2152 1024 3781 1096">
     <span class='ocr_line' id='line_1_22' title="bbox 2152 1024 3781 1096; baseline 0.002 -20"><span class='ocrx_word' id='word_1_157' title='bbox 2152 1040 2301 1093; x_wconf 84' lang='lat' dir='ltr'><strong>rum,</strong></span> <span class='ocrx_word' id='word_1_158' title='bbox 2333 1028 2690 1096; x_wconf 88' lang='lat' dir='ltr'><strong>prospectum</strong></span> <span class='ocrx_word' id='word_1_159' title='bbox 2730 1024 2997 1093; x_wconf 81' lang='lat' dir='ltr'><strong>intende;</strong></span> <span class='ocrx_word' id='word_1_160' title='bbox 3040 1030 3095 1079; x_wconf 92' lang='lat' dir='ltr'><strong>et</strong></span> <span class='ocrx_word' id='word_1_161' title='bbox 3122 1040 3249 1096; x_wconf 62' lang='lat' dir='ltr'><strong>qua:</strong></span> <span class='ocrx_word' id='word_1_162' title='bbox 3288 1028 3523 1095; x_wconf 88' lang='lat' dir='ltr'><strong>possunt</strong></span> <span class='ocrx_word' id='word_1_163' title='bbox 3555 1024 3781 1079; x_wconf 79' lang='lat' dir='ltr'><strong>contin-</strong></span> 
     </span>
    </p>
   </div>
   <div class='ocr_carea' id='block_1_23' title="bbox 2153 1116 3782 1190">
    <p class='ocr_par' dir='ltr' id='par_1_23' title="bbox 2153 1116 3782 1190">
     <span class='ocr_line' id='line_1_23' title="bbox 2153 1116 3782 1190; baseline 0.001 -19"><span class='ocrx_word' id='word_1_164' title='bbox 2153 1134 2307 1187; x_wconf 87' lang='lat' dir='ltr'><strong>gere,</strong></span> <span class='ocrx_word' id='word_1_165' title='bbox 2337 1118 2526 1172; x_wconf 91' lang='lat' dir='ltr'><strong>animo</strong></span> <span class='ocrx_word' id='word_1_166' title='bbox 2555 1122 2652 1173; x_wconf 94' lang='lat' dir='ltr'><strong>tuo</strong></span> <span class='ocrx_word' id='word_1_167' title='bbox 2679 1122 2879 1173; x_wconf 82' lang='lat' dir='ltr'><strong>cuncta</strong></span> <span class='ocrx_word' id='word_1_168' title='bbox 2904 1134 3174 1190; x_wconf 91' lang='lat' dir='ltr'><strong>propone.</strong></span> <span class='ocrx_word' id='word_1_169' title='bbox 3215 1117 3365 1172; x_wconf 73' lang='lat' dir='ltr'><strong>Nihil</strong></span> <span class='ocrx_word' id='word_1_170' title='bbox 3391 1116 3493 1172; x_wconf 90' lang='lat' dir='ltr'><strong>tibi</strong></span> <span class='ocrx_word' id='word_1_171' title='bbox 3529 1117 3782 1173; x_wconf 88' lang='lat' dir='ltr'><strong>subitum</strong></span> 
     </span>
    </p>
   </div>
   <div class='ocr_carea' id='block_1_24' title="bbox 2150 1210 3782 1283">
    <p class='ocr_par' dir='ltr' id='par_1_24' title="bbox 2150 1210 3782 1283">
     <span class='ocr_line' id='line_1_24' title="bbox 2150 1210 3782 1283; baseline 0.001 -19"><span class='ocrx_word' id='word_1_172' title='bbox 2150 1210 2239 1280; x_wconf 91' lang='lat' dir='ltr'><strong>sit,</strong></span> <span class='ocrx_word' id='word_1_173' title='bbox 2270 1211 2367 1265; x_wconf 91' lang='lat' dir='ltr'><strong>sed</strong></span> <span class='ocrx_word' id='word_1_174' title='bbox 2391 1229 2492 1283; x_wconf 92' lang='lat' dir='ltr'><strong>per</strong></span> <span class='ocrx_word' id='word_1_175' title='bbox 2515 1212 2694 1267; x_wconf 89' lang='lat' dir='ltr'><strong>otium</strong></span> <span class='ocrx_word' id='word_1_176' title='bbox 2721 1216 2851 1267; x_wconf 89' lang='lat' dir='ltr'><strong>ante</strong></span> <span class='ocrx_word' id='word_1_177' title='bbox 2882 1211 3209 1283; x_wconf 90' lang='lat' dir='ltr'><strong>conspicies.</strong></span> <span class='ocrx_word' id='word_1_178' title='bbox 3238 1212 3376 1266; x_wconf 87' lang='lat' dir='ltr'><strong>Nam</strong></span> <span class='ocrx_word' id='word_1_179' title='bbox 3402 1210 3502 1281; x_wconf 90' lang='lat' dir='ltr'><strong>qui</strong></span> <span class='ocrx_word' id='word_1_180' title='bbox 3530 1211 3782 1281; x_wconf 91' lang='lat' dir='ltr'><strong>prudens</strong></span> 
     </span>
    </p>
   </div>
   <div class='ocr_carea' id='block_1_25' title="bbox 2150 1304 3782 1376">
    <p class='ocr_par' dir='ltr' id='par_1_25' title="bbox 2150 1304 3782 1376">
     <span class='ocr_line' id='line_1_25' title="bbox 2150 1304 3782 1376; baseline 0.001 -19"><span class='ocrx_word' id='word_1_181' title='bbox 2150 1307 2252 1371; x_wconf 89' lang='lat' dir='ltr'><strong>est,</strong></span> <span class='ocrx_word' id='word_1_182' title='bbox 2283 1320 2398 1358; x_wconf 91' lang='lat' dir='ltr'><strong>non</strong></span> <span class='ocrx_word' id='word_1_183' title='bbox 2429 1305 2603 1360; x_wconf 90' lang='lat' dir='ltr'><strong>dicit:</strong></span> <span class='ocrx_word' id='word_1_184' title='bbox 2636 1307 2755 1359; x_wconf 78' lang='lat' dir='ltr'><strong>Non</strong></span> <span class='ocrx_word' id='word_1_185' title='bbox 2796 1305 2989 1376; x_wconf 82' lang='lat' dir='ltr'><strong>putavi</strong></span> <span class='ocrx_word' id='word_1_186' title='bbox 3026 1304 3257 1375; x_wconf 88' lang='lat' dir='ltr'><strong>quidem</strong></span> <span class='ocrx_word' id='word_1_187' title='bbox 3298 1304 3404 1358; x_wconf 90' lang='lat' dir='ltr'><strong>hoc</strong></span> <span class='ocrx_word' id='word_1_188' title='bbox 3445 1304 3601 1373; x_wconf 89' lang='lat' dir='ltr'><strong>ﬁeri;</strong></span> <span class='ocrx_word' id='word_1_189' title='bbox 3642 1304 3782 1376; x_wconf 89' lang='lat' dir='ltr'><strong>quia</strong></span> 
     </span>
    </p>
   </div>
   <div class='ocr_carea' id='block_1_26' title="bbox 2148 1398 3782 1470">
    <p class='ocr_par' dir='ltr' id='par_1_26' title="bbox 2148 1398 3782 1470">
     <span class='ocr_line' id='line_1_26' title="bbox 2148 1398 3782 1470; baseline 0 -19"><span class='ocrx_word' id='word_1_190' title='bbox 2148 1413 2262 1452; x_wconf 90' lang='lat' dir='ltr'><strong>non</strong></span> <span class='ocrx_word' id='word_1_191' title='bbox 2303 1398 2549 1468; x_wconf 89' lang='lat' dir='ltr'><strong>dubitat,</strong></span> <span class='ocrx_word' id='word_1_192' title='bbox 2603 1399 2698 1454; x_wconf 89' lang='lat' dir='ltr'><strong>sed</strong></span> <span class='ocrx_word' id='word_1_193' title='bbox 2748 1403 3064 1470; x_wconf 82' lang='lat' dir='ltr'><strong>exspectat;</strong></span> <span class='ocrx_word' id='word_1_194' title='bbox 3120 1414 3224 1452; x_wconf 89' lang='lat' dir='ltr'><strong>nec</strong></span> <span class='ocrx_word' id='word_1_195' title='bbox 3288 1398 3628 1469; x_wconf 88' lang='lat' dir='ltr'><strong>suspicatur,</strong></span> <span class='ocrx_word' id='word_1_196' title='bbox 3682 1398 3782 1452; x_wconf 89' lang='lat' dir='ltr'><strong>sed</strong></span> 
     </span>
    </p>
   </div>
   <div class='ocr_carea' id='block_1_27' title="bbox 2148 1491 3784 1563">
    <p class='ocr_par' dir='ltr' id='par_1_27' title="bbox 2148 1491 3784 1563">
     <span class='ocr_line' id='line_1_27' title="bbox 2148 1491 3784 1563; baseline 0 -18"><span class='ocrx_word' id='word_1_197' title='bbox 2148 1495 2323 1545; x_wconf 87' lang='lat' dir='ltr'><strong>cavet.</strong></span> <span class='ocrx_word' id='word_1_198' title='bbox 2354 1493 2750 1563; x_wconf 81' lang='lat' dir='ltr'><strong>Cujuscunque</strong></span> <span class='ocrx_word' id='word_1_199' title='bbox 2776 1493 2905 1546; x_wconf 86' lang='lat' dir='ltr'><strong>facti</strong></span> <span class='ocrx_word' id='word_1_200' title='bbox 2930 1508 3157 1546; x_wconf 86' lang='lat' dir='ltr'><strong>causam</strong></span> <span class='ocrx_word' id='word_1_201' title='bbox 3185 1491 3409 1563; x_wconf 83' lang='lat' dir='ltr'><strong>require</strong></span> <span class='ocrx_word' id='word_1_202' title='bbox 3431 1510 3443 1545; x_wconf 90' lang='lat'><strong>:</strong></span> <span class='ocrx_word' id='word_1_203' title='bbox 3465 1508 3594 1545; x_wconf 91' lang='lat' dir='ltr'><strong>cum</strong></span> <span class='ocrx_word' id='word_1_204' title='bbox 3622 1491 3784 1545; x_wconf 88' lang='lat' dir='ltr'><strong>initia</strong></span> 
     </span>
    </p>
   </div>
   <div class='ocr_carea' id='block_1_28' title="bbox 2150 1584 3783 1657">
    <p class='ocr_par' dir='ltr' id='par_1_28' title="bbox 2150 1584 3783 1657">
     <span class='ocr_line' id='line_1_28' title="bbox 2150 1584 3783 1657; baseline 0.001 -19"><span class='ocrx_word' id='word_1_205' title='bbox 2150 1585 2448 1654; x_wconf 83' lang='lat' dir='ltr'><strong>inveneris,</strong></span> <span class='ocrx_word' id='word_1_206' title='bbox 2488 1585 2671 1639; x_wconf 84' lang='lat' dir='ltr'><strong>exitus</strong></span> <span class='ocrx_word' id='word_1_207' title='bbox 2708 1585 3002 1657; x_wconf 82' lang='lat' dir='ltr'><strong>cogitabis.</strong></span> <span class='ocrx_word' id='word_1_208' title='bbox 3045 1586 3192 1640; x_wconf 87' lang='lat' dir='ltr'><strong>Scito</strong></span> <span class='ocrx_word' id='word_1_209' title='bbox 3232 1590 3287 1639; x_wconf 90' lang='lat' dir='ltr'><strong>te</strong></span> <span class='ocrx_word' id='word_1_210' title='bbox 3334 1584 3393 1638; x_wconf 90' lang='lat' dir='ltr'><strong>in</strong></span> <span class='ocrx_word' id='word_1_211' title='bbox 3440 1584 3783 1656; x_wconf 88' lang='lat' dir='ltr'><strong>quibusdam</strong></span> 
     </span>
    </p>
   </div>
   <div class='ocr_carea' id='block_1_29' title="bbox 2148 1678 3781 1752">
    <p class='ocr_par' dir='ltr' id='par_1_29' title="bbox 2148 1678 3781 1752">
     <span class='ocr_line' id='line_1_29' title="bbox 2148 1678 3781 1752; baseline 0.001 -21"><span class='ocrx_word' id='word_1_212' title='bbox 2148 1678 2352 1733; x_wconf 87' lang='lat' dir='ltr'><strong>debere</strong></span> <span class='ocrx_word' id='word_1_213' title='bbox 2375 1695 2755 1750; x_wconf 84' lang='lat' dir='ltr'><strong>perseverare,</strong></span> <span class='ocrx_word' id='word_1_214' title='bbox 2786 1680 2919 1751; x_wconf 85' lang='lat' dir='ltr'><strong>quia</strong></span> <span class='ocrx_word' id='word_1_215' title='bbox 2950 1680 3165 1750; x_wconf 65' lang='lat' dir='ltr'><strong>cmpisti</strong></span> <span class='ocrx_word' id='word_1_216' title='bbox 3190 1696 3203 1734; x_wconf 91' lang='lat'><strong>:</strong></span> <span class='ocrx_word' id='word_1_217' title='bbox 3224 1679 3484 1752; x_wconf 71' lang='lat' dir='ltr'><strong>quaedam</strong></span> <span class='ocrx_word' id='word_1_218' title='bbox 3507 1695 3639 1733; x_wconf 89' lang='lat' dir='ltr'><strong>vero</strong></span> <span class='ocrx_word' id='word_1_219' title='bbox 3674 1696 3781 1733; x_wconf 90' lang='lat' dir='ltr'><strong>nec</strong></span> 
     </span>
    </p>
   </div>
   <div class='ocr_carea' id='block_1_30' title="bbox 2147 1771 3781 1845">
    <p class='ocr_par' dir='ltr' id='par_1_30' title="bbox 2147 1771 3781 1845">
     <span class='ocr_line' id='line_1_30' title="bbox 2147 1771 3781 1845; baseline 0 -20"><span class='ocrx_word' id='word_1_220' title='bbox 2147 1771 2391 1842; x_wconf 85' lang='lat' dir='ltr'><strong>incipere</strong></span> <span class='ocrx_word' id='word_1_221' title='bbox 2420 1772 2478 1827; x_wconf 90' lang='lat' dir='ltr'><strong>in</strong></span> <span class='ocrx_word' id='word_1_222' title='bbox 2506 1774 2711 1845; x_wconf 84' lang='lat' dir='ltr'><strong>quibus</strong></span> <span class='ocrx_word' id='word_1_223' title='bbox 2737 1790 3094 1844; x_wconf 86' lang='lat' dir='ltr'><strong>perseverare</strong></span> <span class='ocrx_word' id='word_1_224' title='bbox 3133 1772 3203 1827; x_wconf 87' lang='lat' dir='ltr'><strong>sit</strong></span> <span class='ocrx_word' id='word_1_225' title='bbox 3239 1773 3492 1827; x_wconf 83' lang='lat' dir='ltr'><strong>noxium.</strong></span> <span class='ocrx_word' id='word_1_226' title='bbox 3527 1772 3781 1826; x_wconf 87' lang='lat' dir='ltr'><strong>Prudens</strong></span> 
     </span>
    </p>
   </div>
   <div class='ocr_carea' id='block_1_31' title="bbox 407 1850 2048 1951">
    <p class='ocr_par' dir='ltr' id='par_1_31' title="bbox 407 1850 2046 1951">
     <span class='ocr_line' id='line_1_31' title="bbox 407 1850 2046 1951; baseline -0.002 -18"><span class='ocrx_word' id='word_1_227' title='bbox 407 1850 527 1933; x_wconf 65' lang='lat' dir='ltr'><strong>non</strong></span> <span class='ocrx_word' id='word_1_228' title='bbox 538 1883 737 1935; x_wconf 70' lang='lat' dir='ltr'><strong>vestras</strong></span> <span class='ocrx_word' id='word_1_229' title='bbox 754 1878 1070 1951; x_wconf 90' lang='lat' dir='ltr'><strong>specialiter</strong></span> <span class='ocrx_word' id='word_1_230' title='bbox 1093 1879 1326 1934; x_wconf 90' lang='lat' dir='ltr'><strong>instituo</strong></span> <span class='ocrx_word' id='word_1_231' title='bbox 1353 1877 1620 1950; x_wconf 86' lang='lat' dir='ltr'><strong>potestati</strong></span> <span class='ocrx_word' id='word_1_232' title='bbox 1652 1877 1743 1931; x_wconf 91' lang='lat' dir='ltr'><strong>cui</strong></span> <span class='ocrx_word' id='word_1_233' title='bbox 1770 1875 2046 1931; x_wconf 87' lang='lat' dir='ltr'><strong>naturalis</strong></span> 
     </span>
    </p>
   </div>
   <div class='ocr_carea' id='block_1_32' title="bbox 2149 1850 3778 1951">
    <p class='ocr_par' dir='ltr' id='par_1_32' title="bbox 2149 1865 3778 1938">
     <span class='ocr_line' id='line_1_32' title="bbox 2149 1865 3778 1938; baseline 0.001 -20"><span class='ocrx_word' id='word_1_234' title='bbox 2149 1865 2339 1919; x_wconf 81' lang='lat' dir='ltr'><strong>fallere</strong></span> <span class='ocrx_word' id='word_1_235' title='bbox 2367 1883 2481 1920; x_wconf 88' lang='lat' dir='ltr'><strong>non</strong></span> <span class='ocrx_word' id='word_1_236' title='bbox 2507 1866 2646 1934; x_wconf 86' lang='lat' dir='ltr'><strong>vult,</strong></span> <span class='ocrx_word' id='word_1_237' title='bbox 2670 1867 2785 1921; x_wconf 86' lang='lat' dir='ltr'><strong>falli</strong></span> <span class='ocrx_word' id='word_1_238' title='bbox 2809 1884 2922 1921; x_wconf 91' lang='lat' dir='ltr'><strong>non</strong></span> <span class='ocrx_word' id='word_1_239' title='bbox 2941 1870 3142 1938; x_wconf 89' lang='lat' dir='ltr'><strong>potest.</strong></span> <span class='ocrx_word' id='word_1_240' title='bbox 3176 1866 3314 1919; x_wconf 87' lang='lat' dir='ltr'><strong>Boni</strong></span> <span class='ocrx_word' id='word_1_241' title='bbox 3338 1872 3421 1920; x_wconf 88' lang='lat' dir='ltr'><strong>est</strong></span> <span class='ocrx_word' id='word_1_242' title='bbox 3445 1866 3570 1935; x_wconf 83' lang='lat' dir='ltr'><strong>viri,</strong></span> <span class='ocrx_word' id='word_1_243' title='bbox 3603 1865 3778 1920; x_wconf 88' lang='lat' dir='ltr'><strong>etiam</strong></span> 
     </span>
    </p>
   </div>
   <div class='ocr_carea' id='block_1_33' title="bbox 409 1969 2046 2045">
    <p class='ocr_par' dir='ltr' id='par_1_33' title="bbox 409 1969 2046 2045">
     <span class='ocr_line' id='line_1_33' title="bbox 409 1969 2046 2045; baseline -0.002 -19"><span class='ocrx_word' id='word_1_244' title='bbox 409 1971 700 2043; x_wconf 67' lang='lat' dir='ltr'><strong>sapientia:</strong></span> <span class='ocrx_word' id='word_1_245' title='bbox 737 1973 1007 2044; x_wconf 89' lang='lat' dir='ltr'><strong>sagacitas</strong></span> <span class='ocrx_word' id='word_1_246' title='bbox 1046 1978 1255 2045; x_wconf 71' lang='lat' dir='ltr'><strong>praesto</strong></span> <span class='ocrx_word' id='word_1_247' title='bbox 1298 1977 1400 2041; x_wconf 91' lang='lat' dir='ltr'><strong>est,</strong></span> <span class='ocrx_word' id='word_1_248' title='bbox 1434 1972 1529 2026; x_wconf 90' lang='lat' dir='ltr'><strong>sed</strong></span> <span class='ocrx_word' id='word_1_249' title='bbox 1572 1970 1912 2043; x_wconf 85' lang='lat' dir='ltr'><strong>generaliter</strong></span> <span class='ocrx_word' id='word_1_250' title='bbox 1955 1969 2046 2023; x_wconf 89' lang='lat' dir='ltr'><strong>his</strong></span> 
     </span>
    </p>
   </div>
   <div class='ocr_carea' id='block_1_34' title="bbox 411 2065 2045 2137">
    <p class='ocr_par' dir='ltr' id='par_1_34' title="bbox 411 2065 2045 2137">
     <span class='ocr_line' id='line_1_34' title="bbox 411 2065 2045 2137; baseline -0.001 -18"><span class='ocrx_word' id='word_1_251' title='bbox 411 2065 735 2137; x_wconf 86' lang='lat' dir='ltr'><strong>conscripsi,</strong></span> <span class='ocrx_word' id='word_1_252' title='bbox 768 2082 912 2137; x_wconf 86' lang='lat' dir='ltr'><strong>quos</strong></span> <span class='ocrx_word' id='word_1_253' title='bbox 945 2066 1272 2121; x_wconf 87' lang='lat' dir='ltr'><strong>ministeriis</strong></span> <span class='ocrx_word' id='word_1_254' title='bbox 1312 2066 1424 2122; x_wconf 91' lang='lat' dir='ltr'><strong>tuis</strong></span> <span class='ocrx_word' id='word_1_255' title='bbox 1466 2068 1712 2120; x_wconf 87' lang='lat' dir='ltr'><strong>astantes</strong></span> <span class='ocrx_word' id='word_1_256' title='bbox 1755 2065 1875 2118; x_wconf 68' lang='lat' dir='ltr'><strong>hazc</strong></span> <span class='ocrx_word' id='word_1_257' title='bbox 1914 2081 2045 2119; x_wconf 91' lang='lat' dir='ltr'><strong>con-</strong></span> 
     </span>
    </p>
   </div>
   <div class='ocr_carea' id='block_1_35' title="bbox 408 2158 2047 2241">
    <p class='ocr_par' dir='ltr' id='par_1_35' title="bbox 408 2158 2047 2241">
     <span class='ocr_line' id='line_1_35' title="bbox 408 2158 2047 2241; baseline 0 -29"><span class='ocrx_word' id='word_1_258' title='bbox 408 2158 563 2213; x_wconf 85' lang='lat' dir='ltr'><strong>venit</strong></span> <span class='ocrx_word' id='word_1_259' title='bbox 580 2158 791 2230; x_wconf 90' lang='lat' dir='ltr'><strong>legere,</strong></span> <span class='ocrx_word' id='word_1_260' title='bbox 818 2158 1139 2231; x_wconf 88' lang='lat' dir='ltr'><strong>intelligere</strong></span> <span class='ocrx_word' id='word_1_261' title='bbox 1156 2165 1222 2241; x_wconf 42' lang='lat' dir='ltr'><strong>oet</strong></span> <span class='ocrx_word' id='word_1_262' title='bbox 1246 2164 1459 2215; x_wconf 91' lang='lat' dir='ltr'><strong>tenere.</strong></span> <span class='ocrx_word' id='word_1_263' title='bbox 1493 2158 1713 2213; x_wconf 91' lang='lat' dir='ltr'><strong>Titulus</strong></span> <span class='ocrx_word' id='word_1_264' title='bbox 1753 2162 1944 2212; x_wconf 89' lang='lat' dir='ltr'><strong>autem</strong></span> <span class='ocrx_word' id='word_1_265' title='bbox 1982 2159 2047 2212; x_wconf 81' lang='lat' dir='ltr'><strong>1i-</strong></span> 
     </span>
    </p>
   </div>
   <div class='ocr_carea' id='block_1_36' title="bbox 408 2251 2044 2325">
    <p class='ocr_par' dir='ltr' id='par_1_36' title="bbox 408 2251 2044 2325">
     <span class='ocr_line' id='line_1_36' title="bbox 408 2251 2044 2325; baseline -0.001 -18"><span class='ocrx_word' id='word_1_266' title='bbox 408 2251 544 2307; x_wconf 88' lang='lat' dir='ltr'><strong>belli</strong></span> <span class='ocrx_word' id='word_1_267' title='bbox 569 2257 654 2307; x_wconf 87' lang='lat' dir='ltr'><strong>est</strong></span> <span class='ocrx_word' id='word_1_268' title='bbox 682 2269 696 2307; x_wconf 91' lang='lat'><strong>:</strong></span> <span class='ocrx_word' id='word_1_269' title='bbox 724 2254 975 2309; x_wconf 78' lang='lat' dir='ltr'><strong>Famula</strong></span> <span class='ocrx_word' id='word_1_270' title='bbox 1006 2256 1131 2308; x_wconf 74' lang='lat' dir='ltr'><strong>vita:</strong></span> <span class='ocrx_word' id='word_1_271' title='bbox 1172 2255 1434 2321; x_wconf 64' lang='lat' dir='ltr'><strong>honesta;</strong></span> <span class='ocrx_word' id='word_1_272' title='bbox 1480 2269 1651 2325; x_wconf 86' lang='lat' dir='ltr'><strong>quem</strong></span> <span class='ocrx_word' id='word_1_273' title='bbox 1694 2251 1903 2306; x_wconf 90' lang='lat' dir='ltr'><strong>idcirco</strong></span> <span class='ocrx_word' id='word_1_274' title='bbox 1947 2251 2044 2306; x_wconf 92' lang='lat' dir='ltr'><strong>tali</strong></span> 
     </span>
    </p>
   </div>
   <div class='ocr_carea' id='block_1_37' title="bbox 408 2345 2047 2418">
    <p class='ocr_par' dir='ltr' id='par_1_37' title="bbox 408 2345 2047 2418">
     <span class='ocr_line' id='line_1_37' title="bbox 408 2345 2047 2418; baseline 0.002 -20"><span class='ocrx_word' id='word_1_275' title='bbox 408 2345 563 2401; x_wconf 91' lang='lat' dir='ltr'><strong>volui</strong></span> <span class='ocrx_word' id='word_1_276' title='bbox 600 2346 876 2401; x_wconf 88' lang='lat' dir='ltr'><strong>vocabulo</strong></span> <span class='ocrx_word' id='word_1_277' title='bbox 921 2347 1279 2418; x_wconf 87' lang='lat' dir='ltr'><strong>superscribi,</strong></span> <span class='ocrx_word' id='word_1_278' title='bbox 1308 2348 1443 2417; x_wconf 83' lang='lat' dir='ltr'><strong>quia</strong></span> <span class='ocrx_word' id='word_1_279' title='bbox 1480 2363 1597 2401; x_wconf 91' lang='lat' dir='ltr'><strong>non</strong></span> <span class='ocrx_word' id='word_1_280' title='bbox 1636 2347 1733 2400; x_wconf 92' lang='lat' dir='ltr'><strong>illa</strong></span> <span class='ocrx_word' id='word_1_281' title='bbox 1772 2346 1948 2400; x_wconf 89' lang='lat' dir='ltr'><strong>ardua</strong></span> <span class='ocrx_word' id='word_1_282' title='bbox 1991 2349 2047 2401; x_wconf 88' lang='lat' dir='ltr'><strong>et</strong></span> 
     </span>
    </p>
   </div>
   <div class='ocr_carea' id='block_1_38' title="bbox 405 2438 2042 2512">
    <p class='ocr_par' dir='ltr' id='par_1_38' title="bbox 405 2438 2042 2512">
     <span class='ocr_line' id='line_1_38' title="bbox 405 2438 2042 2512; baseline -0.001 -18"><span class='ocrx_word' id='word_1_283' title='bbox 405 2439 675 2511; x_wconf 85' lang='lat' dir='ltr'><strong>perfecta,</strong></span> <span class='ocrx_word' id='word_1_284' title='bbox 704 2455 831 2510; x_wconf 74' lang='lat' dir='ltr'><strong>quae</strong></span> <span class='ocrx_word' id='word_1_285' title='bbox 869 2456 902 2493; x_wconf 91' lang='lat' dir='ltr'><strong>a</strong></span> <span class='ocrx_word' id='word_1_286' title='bbox 944 2439 1138 2511; x_wconf 87' lang='lat' dir='ltr'><strong>paucis</strong></span> <span class='ocrx_word' id='word_1_287' title='bbox 1175 2444 1232 2495; x_wconf 92' lang='lat' dir='ltr'><strong>et</strong></span> <span class='ocrx_word' id='word_1_288' title='bbox 1273 2440 1627 2512; x_wconf 84' lang='lat' dir='ltr'><strong>peregregiis</strong></span> <span class='ocrx_word' id='word_1_289' title='bbox 1665 2438 1900 2494; x_wconf 90' lang='lat' dir='ltr'><strong>Deicolis</strong></span> <span class='ocrx_word' id='word_1_290' title='bbox 1941 2456 2042 2510; x_wconf 92' lang='lat' dir='ltr'><strong>pa-</strong></span> 
     </span>
    </p>
   </div>
   <div class='ocr_carea' id='block_1_39' title="bbox 408 2532 2048 2605">
    <p class='ocr_par' dir='ltr' id='par_1_39' title="bbox 408 2532 2048 2605">
     <span class='ocr_line' id='line_1_39' title="bbox 408 2532 2048 2605; baseline 0.001 -18"><span class='ocrx_word' id='word_1_291' title='bbox 408 2536 653 2601; x_wconf 85' lang='lat' dir='ltr'><strong>trantur,</strong></span> <span class='ocrx_word' id='word_1_292' title='bbox 686 2532 961 2602; x_wconf 88' lang='lat' dir='ltr'><strong>instituit;</strong></span> <span class='ocrx_word' id='word_1_293' title='bbox 992 2534 1088 2588; x_wconf 91' lang='lat' dir='ltr'><strong>sed</strong></span> <span class='ocrx_word' id='word_1_294' title='bbox 1124 2550 1188 2588; x_wconf 92' lang='lat' dir='ltr'><strong>ea</strong></span> <span class='ocrx_word' id='word_1_295' title='bbox 1223 2534 1406 2605; x_wconf 90' lang='lat' dir='ltr'><strong>magis</strong></span> <span class='ocrx_word' id='word_1_296' title='bbox 1440 2537 1780 2600; x_wconf 88' lang='lat' dir='ltr'><strong>commonet,</strong></span> <span class='ocrx_word' id='word_1_297' title='bbox 1820 2549 1947 2604; x_wconf 62' lang='lat' dir='ltr'><strong>quae</strong></span> <span class='ocrx_word' id='word_1_298' title='bbox 1991 2536 2048 2589; x_wconf 87' lang='lat' dir='ltr'><strong>et</strong></span> 
     </span>
    </p>
   </div>
   <div class='ocr_carea' id='block_1_40' title="bbox 411 2625 2046 2699">
    <p class='ocr_par' dir='ltr' id='par_1_40' title="bbox 411 2625 2046 2699">
     <span class='ocr_line' id='line_1_40' title="bbox 411 2625 2046 2699; baseline 0.001 -19"><span class='ocrx_word' id='word_1_299' title='bbox 411 2625 533 2680; x_wconf 86' lang='lat' dir='ltr'><strong>sine</strong></span> <span class='ocrx_word' id='word_1_300' title='bbox 575 2625 897 2680; x_wconf 90' lang='lat' dir='ltr'><strong>divinarum</strong></span> <span class='ocrx_word' id='word_1_301' title='bbox 955 2626 1375 2698; x_wconf 90' lang='lat' dir='ltr'><strong>Scripturarum</strong></span> <span class='ocrx_word' id='word_1_302' title='bbox 1431 2626 1746 2699; x_wconf 61' lang='lat' dir='ltr'><strong>praeceptis,</strong></span> <span class='ocrx_word' id='word_1_303' title='bbox 1802 2626 2046 2681; x_wconf 87' lang='lat' dir='ltr'><strong>naturali</strong></span> 
     </span>
    </p>
   </div>
   <div class='ocr_carea' id='block_1_41' title="bbox 407 2719 2046 2792">
    <p class='ocr_par' dir='ltr' id='par_1_41' title="bbox 407 2719 2046 2792">
     <span class='ocr_line' id='line_1_41' title="bbox 407 2719 2046 2792; baseline 0.001 -19"><span class='ocrx_word' id='word_1_304' title='bbox 407 2722 633 2773; x_wconf 84' lang='lat' dir='ltr'><strong>tantum</strong></span> <span class='ocrx_word' id='word_1_305' title='bbox 683 2719 948 2773; x_wconf 68' lang='lat' dir='ltr'><strong>humanas</strong></span> <span class='ocrx_word' id='word_1_306' title='bbox 985 2719 1374 2791; x_wconf 69' lang='lat' dir='ltr'><strong>intelligentia:</strong></span> <span class='ocrx_word' id='word_1_307' title='bbox 1418 2721 1543 2792; x_wconf 84' lang='lat' dir='ltr'><strong>lege</strong></span> <span class='ocrx_word' id='word_1_308' title='bbox 1592 2720 1761 2775; x_wconf 91' lang='lat' dir='ltr'><strong>etiam</strong></span> <span class='ocrx_word' id='word_1_309' title='bbox 1810 2737 1843 2774; x_wconf 91' lang='lat' dir='ltr'><strong>a</strong></span> <span class='ocrx_word' id='word_1_310' title='bbox 1892 2720 2046 2775; x_wconf 91' lang='lat' dir='ltr'><strong>laicis</strong></span> 
     </span>
    </p>
   </div>
   <div class='ocr_carea' id='block_1_42' title="bbox 409 2812 1868 2885">
    <p class='ocr_par' dir='ltr' id='par_1_42' title="bbox 409 2812 1868 2885">
     <span class='ocr_line' id='line_1_42' title="bbox 409 2812 1868 2885; baseline 0.001 -19"><span class='ocrx_word' id='word_1_311' title='bbox 409 2816 560 2867; x_wconf 88' lang='lat' dir='ltr'><strong>recte</strong></span> <span class='ocrx_word' id='word_1_312' title='bbox 584 2812 932 2884; x_wconf 89' lang='lat' dir='ltr'><strong>honesteque</strong></span> <span class='ocrx_word' id='word_1_313' title='bbox 958 2812 1274 2868; x_wconf 87' lang='lat' dir='ltr'><strong>vivantibus</strong></span> <span class='ocrx_word' id='word_1_314' title='bbox 1298 2814 1519 2868; x_wconf 88' lang='lat' dir='ltr'><strong>valeant</strong></span> <span class='ocrx_word' id='word_1_315' title='bbox 1552 2813 1868 2885; x_wconf 90' lang='lat' dir='ltr'><strong>adimpleri.</strong></span> 
     </span>
    </p>
   </div>
   <div class='ocr_carea' id='block_1_43' title="bbox 483 2905 2046 2978">
    <p class='ocr_par' dir='ltr' id='par_1_43' title="bbox 483 2905 2046 2978">
     <span class='ocr_line' id='line_1_43' title="bbox 483 2905 2046 2978; baseline 0.001 -20"><span class='ocrx_word' id='word_1_316' title='bbox 483 2905 735 2969; x_wconf 87' lang='lat' dir='ltr'><strong>Quatuor</strong></span> <span class='ocrx_word' id='word_1_317' title='bbox 776 2905 1052 2961; x_wconf 91' lang='lat' dir='ltr'><strong>virtutum</strong></span> <span class='ocrx_word' id='word_1_318' title='bbox 1101 2906 1315 2978; x_wconf 88' lang='lat' dir='ltr'><strong>species</strong></span> <span class='ocrx_word' id='word_1_319' title='bbox 1354 2908 1662 2962; x_wconf 91' lang='lat' dir='ltr'><strong>multorum</strong></span> <span class='ocrx_word' id='word_1_320' title='bbox 1709 2906 2046 2977; x_wconf 88' lang='lat' dir='ltr'><strong>sapientium</strong></span> 
     </span>
    </p>
   </div>
   <div class='ocr_carea' id='block_1_44' title="bbox 412 2997 2046 3071">
    <p class='ocr_par' dir='ltr' id='par_1_44' title="bbox 412 2997 2046 3071">
     <span class='ocr_line' id='line_1_44' title="bbox 412 2997 2046 3071; baseline 0.001 -21"><span class='ocrx_word' id='word_1_321' title='bbox 412 2997 703 3052; x_wconf 89' lang='lat' dir='ltr'><strong>sententiis</strong></span> <span class='ocrx_word' id='word_1_322' title='bbox 754 2997 997 3054; x_wconf 70' lang='lat' dir='ltr'><strong>deﬁnitze</strong></span> <span class='ocrx_word' id='word_1_323' title='bbox 1035 3004 1186 3067; x_wconf 91' lang='lat' dir='ltr'><strong>sunt,</strong></span> <span class='ocrx_word' id='word_1_324' title='bbox 1233 3000 1439 3071; x_wconf 89' lang='lat' dir='ltr'><strong>quibus</strong></span> <span class='ocrx_word' id='word_1_325' title='bbox 1490 3000 1713 3054; x_wconf 89' lang='lat' dir='ltr'><strong>animus</strong></span> <span class='ocrx_word' id='word_1_326' title='bbox 1760 3000 2046 3054; x_wconf 91' lang='lat' dir='ltr'><strong>humanus</strong></span> 
     </span>
    </p>
   </div>
   <div class='ocr_carea' id='block_1_45' title="bbox 415 3090 2047 3165">
    <p class='ocr_par' dir='ltr' id='par_1_45' title="bbox 415 3090 2047 3165">
     <span class='ocr_line' id='line_1_45' title="bbox 415 3090 2047 3165; baseline 0.001 -21"><span class='ocrx_word' id='word_1_327' title='bbox 415 3090 677 3163; x_wconf 92' lang='lat' dir='ltr'><strong>componi</strong></span> <span class='ocrx_word' id='word_1_328' title='bbox 715 3091 786 3145; x_wconf 93' lang='lat' dir='ltr'><strong>ad</strong></span> <span class='ocrx_word' id='word_1_329' title='bbox 825 3092 1181 3147; x_wconf 87' lang='lat' dir='ltr'><strong>honestatem</strong></span> <span class='ocrx_word' id='word_1_330' title='bbox 1217 3093 1344 3148; x_wconf 70' lang='lat' dir='ltr'><strong>vitae</strong></span> <span class='ocrx_word' id='word_1_331' title='bbox 1383 3093 1576 3165; x_wconf 88' lang='lat' dir='ltr'><strong>possit.</strong></span> <span class='ocrx_word' id='word_1_332' title='bbox 1616 3095 1827 3149; x_wconf 86' lang='lat' dir='ltr'><strong>Harum</strong></span> <span class='ocrx_word' id='word_1_333' title='bbox 1860 3092 2047 3164; x_wconf 90' lang='lat' dir='ltr'><strong>prima</strong></span> 
     </span>
    </p>
   </div>
   <div class='ocr_carea' id='block_1_46' title="bbox 2146 1958 3779 2031">
    <p class='ocr_par' dir='ltr' id='par_1_46' title="bbox 2146 1958 3779 2031">
     <span class='ocr_line' id='line_1_46' title="bbox 2146 1958 3779 2031; baseline -0.001 -17"><span class='ocrx_word' id='word_1_334' title='bbox 2146 1958 2206 2014; x_wconf 91' lang='lat' dir='ltr'><strong>in</strong></span> <span class='ocrx_word' id='word_1_335' title='bbox 2254 1964 2434 2014; x_wconf 88' lang='lat' dir='ltr'><strong>morte</strong></span> <span class='ocrx_word' id='word_1_336' title='bbox 2470 1959 2757 2015; x_wconf 89' lang='lat' dir='ltr'><strong>neminem</strong></span> <span class='ocrx_word' id='word_1_337' title='bbox 2799 1961 3013 2015; x_wconf 86' lang='lat' dir='ltr'><strong>fallere.</strong></span> <span class='ocrx_word' id='word_1_338' title='bbox 3071 1959 3374 2031; x_wconf 86' lang='lat' dir='ltr'><strong>Opiniones</strong></span> <span class='ocrx_word' id='word_1_339' title='bbox 3417 1964 3528 2014; x_wconf 66' lang='lat' dir='ltr'><strong>tua:</strong></span> <span class='ocrx_word' id='word_1_340' title='bbox 3561 1958 3779 2029; x_wconf 86' lang='lat' dir='ltr'><strong>judicia</strong></span> 
     </span>
    </p>
   </div>
   <div class='ocr_carea' id='block_1_47' title="bbox 2146 2052 3782 2125">
    <p class='ocr_par' dir='ltr' id='par_1_47' title="bbox 2146 2052 3782 2125">
     <span class='ocr_line' id='line_1_47' title="bbox 2146 2052 3782 2125; baseline -0.001 -19"><span class='ocrx_word' id='word_1_341' title='bbox 2146 2053 2277 2107; x_wconf 88' lang='lat' dir='ltr'><strong>sint.</strong></span> <span class='ocrx_word' id='word_1_342' title='bbox 2307 2052 2686 2124; x_wconf 85' lang='lat' dir='ltr'><strong>Cogitationes</strong></span> <span class='ocrx_word' id='word_1_343' title='bbox 2714 2070 2885 2125; x_wconf 82' lang='lat' dir='ltr'><strong>vagas</strong></span> <span class='ocrx_word' id='word_1_344' title='bbox 2910 2058 2965 2108; x_wconf 92' lang='lat' dir='ltr'><strong>et</strong></span> <span class='ocrx_word' id='word_1_345' title='bbox 3002 2053 3250 2119; x_wconf 88' lang='lat' dir='ltr'><strong>inutiles,</strong></span> <span class='ocrx_word' id='word_1_346' title='bbox 3284 2057 3339 2107; x_wconf 91' lang='lat' dir='ltr'><strong>et</strong></span> <span class='ocrx_word' id='word_1_347' title='bbox 3368 2053 3518 2107; x_wconf 86' lang='lat' dir='ltr'><strong>velut</strong></span> <span class='ocrx_word' id='word_1_348' title='bbox 3560 2052 3782 2106; x_wconf 89' lang='lat' dir='ltr'><strong>somnio</strong></span> 
     </span>
    </p>
   </div>
   <div class='ocr_carea' id='block_1_48' title="bbox 2145 2145 3774 2219">
    <p class='ocr_par' dir='ltr' id='par_1_48' title="bbox 2145 2145 3774 2219">
     <span class='ocr_line' id='line_1_48' title="bbox 2145 2145 3774 2219; baseline -0.001 -20"><span class='ocrx_word' id='word_1_349' title='bbox 2145 2145 2354 2199; x_wconf 84' lang='lat' dir='ltr'><strong>similes</strong></span> <span class='ocrx_word' id='word_1_350' title='bbox 2380 2162 2497 2200; x_wconf 91' lang='lat' dir='ltr'><strong>non</strong></span> <span class='ocrx_word' id='word_1_351' title='bbox 2526 2147 2793 2217; x_wconf 88' lang='lat' dir='ltr'><strong>recipies;</strong></span> <span class='ocrx_word' id='word_1_352' title='bbox 2839 2146 3046 2219; x_wconf 89' lang='lat' dir='ltr'><strong>quibus</strong></span> <span class='ocrx_word' id='word_1_353' title='bbox 3071 2146 3116 2199; x_wconf 88' lang='lat' dir='ltr'><strong>si</strong></span> <span class='ocrx_word' id='word_1_354' title='bbox 3140 2146 3363 2200; x_wconf 87' lang='lat' dir='ltr'><strong>animus</strong></span> <span class='ocrx_word' id='word_1_355' title='bbox 3402 2150 3533 2199; x_wconf 87' lang='lat' dir='ltr'><strong>tuus</strong></span> <span class='ocrx_word' id='word_1_356' title='bbox 3572 2161 3629 2199; x_wconf 93' lang='lat' dir='ltr'><strong>se</strong></span> <span class='ocrx_word' id='word_1_357' title='bbox 3671 2145 3774 2199; x_wconf 86' lang='lat' dir='ltr'><strong>ob-</strong></span> 
     </span>
    </p>
   </div>
   <div class='ocr_carea' id='block_1_49' title="bbox 2143 2238 3774 2310">
    <p class='ocr_par' dir='ltr' id='par_1_49' title="bbox 2143 2238 3774 2310">
     <span class='ocr_line' id='line_1_49' title="bbox 2143 2238 3774 2310; baseline 0.001 -19"><span class='ocrx_word' id='word_1_358' title='bbox 2143 2238 2448 2308; x_wconf 83' lang='lat' dir='ltr'><strong>lectaverit,</strong></span> <span class='ocrx_word' id='word_1_359' title='bbox 2491 2257 2620 2294; x_wconf 88' lang='lat' dir='ltr'><strong>cum</strong></span> <span class='ocrx_word' id='word_1_360' title='bbox 2660 2241 2844 2294; x_wconf 86' lang='lat' dir='ltr'><strong>omnia</strong></span> <span class='ocrx_word' id='word_1_361' title='bbox 2886 2239 3248 2310; x_wconf 87' lang='lat' dir='ltr'><strong>disposueris,</strong></span> <span class='ocrx_word' id='word_1_362' title='bbox 3296 2239 3470 2293; x_wconf 87' lang='lat' dir='ltr'><strong>tristis</strong></span> <span class='ocrx_word' id='word_1_363' title='bbox 3512 2254 3774 2293; x_wconf 89' lang='lat' dir='ltr'><strong>remane-</strong></span> 
     </span>
    </p>
   </div>
   <div class='ocr_carea' id='block_1_50' title="bbox 2143 2331 3774 2404">
    <p class='ocr_par' dir='ltr' id='par_1_50' title="bbox 2143 2331 3774 2404">
     <span class='ocr_line' id='line_1_50' title="bbox 2143 2331 3774 2404; baseline 0.001 -19"><span class='ocrx_word' id='word_1_364' title='bbox 2143 2331 2229 2386; x_wconf 91' lang='lat' dir='ltr'><strong>bis</strong></span> <span class='ocrx_word' id='word_1_365' title='bbox 2258 2349 2271 2386; x_wconf 92' lang='lat'><strong>:</strong></span> <span class='ocrx_word' id='word_1_366' title='bbox 2301 2333 2398 2387; x_wconf 90' lang='lat' dir='ltr'><strong>sed</strong></span> <span class='ocrx_word' id='word_1_367' title='bbox 2434 2333 2696 2404; x_wconf 81' lang='lat' dir='ltr'><strong>cogitatio</strong></span> <span class='ocrx_word' id='word_1_368' title='bbox 2733 2338 2827 2387; x_wconf 89' lang='lat' dir='ltr'><strong>tua</strong></span> <span class='ocrx_word' id='word_1_369' title='bbox 2866 2333 3103 2403; x_wconf 84' lang='lat' dir='ltr'><strong>stabilis,</strong></span> <span class='ocrx_word' id='word_1_370' title='bbox 3134 2337 3189 2388; x_wconf 89' lang='lat' dir='ltr'><strong>et</strong></span> <span class='ocrx_word' id='word_1_371' title='bbox 3213 2336 3365 2386; x_wconf 88' lang='lat' dir='ltr'><strong>certa</strong></span> <span class='ocrx_word' id='word_1_372' title='bbox 3392 2332 3499 2400; x_wconf 88' lang='lat' dir='ltr'><strong>sit;</strong></span> <span class='ocrx_word' id='word_1_373' title='bbox 3531 2333 3644 2385; x_wconf 89' lang='lat' dir='ltr'><strong>sive</strong></span> <span class='ocrx_word' id='word_1_374' title='bbox 3671 2332 3774 2386; x_wconf 85' lang='lat' dir='ltr'><strong>de-</strong></span> 
     </span>
    </p>
   </div>
   <div class='ocr_carea' id='block_1_51' title="bbox 2143 2424 3782 2498">
    <p class='ocr_par' dir='ltr' id='par_1_51' title="bbox 2143 2424 3782 2498">
     <span class='ocr_line' id='line_1_51' title="bbox 2143 2424 3782 2498; baseline 0.001 -20"><span class='ocrx_word' id='word_1_375' title='bbox 2143 2424 2361 2494; x_wconf 89' lang='lat' dir='ltr'><strong>liberet,</strong></span> <span class='ocrx_word' id='word_1_376' title='bbox 2408 2426 2521 2480; x_wconf 90' lang='lat' dir='ltr'><strong>sive</strong></span> <span class='ocrx_word' id='word_1_377' title='bbox 2562 2431 2797 2498; x_wconf 67' lang='lat' dir='ltr'><strong>quaarat,</strong></span> <span class='ocrx_word' id='word_1_378' title='bbox 2844 2426 2957 2480; x_wconf 84' lang='lat' dir='ltr'><strong>sive</strong></span> <span class='ocrx_word' id='word_1_379' title='bbox 2995 2426 3426 2497; x_wconf 87' lang='lat' dir='ltr'><strong>contempletur,</strong></span> <span class='ocrx_word' id='word_1_380' title='bbox 3476 2442 3590 2480; x_wconf 91' lang='lat' dir='ltr'><strong>non</strong></span> <span class='ocrx_word' id='word_1_381' title='bbox 3628 2441 3782 2479; x_wconf 85' lang='lat' dir='ltr'><strong>rece-</strong></span> 
     </span>
    </p>
   </div>
   <div class='ocr_carea' id='block_1_52' title="bbox 2146 2518 3777 2592">
    <p class='ocr_par' dir='ltr' id='par_1_52' title="bbox 2146 2518 3777 2592">
     <span class='ocr_line' id='line_1_52' title="bbox 2146 2518 3777 2592; baseline 0 -19"><span class='ocrx_word' id='word_1_382' title='bbox 2146 2519 2300 2574; x_wconf 89' lang='lat' dir='ltr'><strong>data</strong></span> <span class='ocrx_word' id='word_1_383' title='bbox 2324 2537 2475 2575; x_wconf 84' lang='lat' dir='ltr'><strong>vero.</strong></span> <span class='ocrx_word' id='word_1_384' title='bbox 2505 2520 2700 2575; x_wconf 91' lang='lat' dir='ltr'><strong>Sermo</strong></span> <span class='ocrx_word' id='word_1_385' title='bbox 2736 2536 2962 2592; x_wconf 87' lang='lat' dir='ltr'><strong>quoque</strong></span> <span class='ocrx_word' id='word_1_386' title='bbox 3014 2525 3143 2574; x_wconf 88' lang='lat' dir='ltr'><strong>tuus</strong></span> <span class='ocrx_word' id='word_1_387' title='bbox 3178 2536 3292 2574; x_wconf 91' lang='lat' dir='ltr'><strong>non</strong></span> <span class='ocrx_word' id='word_1_388' title='bbox 3332 2520 3403 2573; x_wconf 90' lang='lat' dir='ltr'><strong>sit</strong></span> <span class='ocrx_word' id='word_1_389' title='bbox 3445 2518 3647 2588; x_wconf 91' lang='lat' dir='ltr'><strong>inanis,</strong></span> <span class='ocrx_word' id='word_1_390' title='bbox 3677 2518 3777 2573; x_wconf 90' lang='lat' dir='ltr'><strong>sed</strong></span> 
     </span>
    </p>
   </div>
   <div class='ocr_carea' id='block_1_53' title="bbox 2144 2612 3776 2683">
    <p class='ocr_par' dir='ltr' id='par_1_53' title="bbox 2144 2612 3776 2683">
     <span class='ocr_line' id='line_1_53' title="bbox 2144 2612 3776 2683; baseline -0.001 -17"><span class='ocrx_word' id='word_1_391' title='bbox 2144 2617 2243 2667; x_wconf 90' lang='lat' dir='ltr'><strong>aut</strong></span> <span class='ocrx_word' id='word_1_392' title='bbox 2273 2613 2522 2682; x_wconf 90' lang='lat' dir='ltr'><strong>suadeat,</strong></span> <span class='ocrx_word' id='word_1_393' title='bbox 2551 2617 2651 2667; x_wconf 91' lang='lat' dir='ltr'><strong>aut</strong></span> <span class='ocrx_word' id='word_1_394' title='bbox 2683 2618 2928 2681; x_wconf 86' lang='lat' dir='ltr'><strong>moneat,</strong></span> <span class='ocrx_word' id='word_1_395' title='bbox 2958 2618 3053 2667; x_wconf 89' lang='lat' dir='ltr'><strong>aut</strong></span> <span class='ocrx_word' id='word_1_396' title='bbox 3083 2613 3420 2679; x_wconf 88' lang='lat' dir='ltr'><strong>consoletur,</strong></span> <span class='ocrx_word' id='word_1_397' title='bbox 3450 2617 3548 2667; x_wconf 88' lang='lat' dir='ltr'><strong>aut</strong></span> <span class='ocrx_word' id='word_1_398' title='bbox 3574 2612 3776 2683; x_wconf 69' lang='lat' dir='ltr'><strong>praeci-</strong></span> 
     </span>
    </p>
   </div>
   <div class='ocr_carea' id='block_1_54' title="bbox 2145 2705 3781 2778">
    <p class='ocr_par' dir='ltr' id='par_1_54' title="bbox 2145 2705 3781 2778">
     <span class='ocr_line' id='line_1_54' title="bbox 2145 2705 3781 2778; baseline 0 -19"><span class='ocrx_word' id='word_1_399' title='bbox 2145 2705 2280 2776; x_wconf 90' lang='lat' dir='ltr'><strong>piat.</strong></span> <span class='ocrx_word' id='word_1_400' title='bbox 2312 2706 2499 2761; x_wconf 85' lang='lat' dir='ltr'><strong>Lauda</strong></span> <span class='ocrx_word' id='word_1_401' title='bbox 2532 2723 2721 2778; x_wconf 90' lang='lat' dir='ltr'><strong>parce,</strong></span> <span class='ocrx_word' id='word_1_402' title='bbox 2764 2707 3021 2777; x_wconf 88' lang='lat' dir='ltr'><strong>vitupera</strong></span> <span class='ocrx_word' id='word_1_403' title='bbox 3060 2707 3300 2778; x_wconf 88' lang='lat' dir='ltr'><strong>parcius.</strong></span> <span class='ocrx_word' id='word_1_404' title='bbox 3338 2707 3479 2761; x_wconf 87' lang='lat' dir='ltr'><strong>Nam</strong></span> <span class='ocrx_word' id='word_1_405' title='bbox 3517 2705 3781 2760; x_wconf 87' lang='lat' dir='ltr'><strong>similiter</strong></span> 
     </span>
    </p>
   </div>
   <div class='ocr_carea' id='block_1_55' title="bbox 2145 2798 3779 2869">
    <p class='ocr_par' dir='ltr' id='par_1_55' title="bbox 2145 2798 3779 2869">
     <span class='ocr_line' id='line_1_55' title="bbox 2145 2798 3779 2869; baseline 0.001 -17"><span class='ocrx_word' id='word_1_406' title='bbox 2145 2798 2605 2869; x_wconf 88' lang='lat' dir='ltr'><strong>reprehensibilis</strong></span> <span class='ocrx_word' id='word_1_407' title='bbox 2648 2804 2732 2854; x_wconf 91' lang='lat' dir='ltr'><strong>est</strong></span> <span class='ocrx_word' id='word_1_408' title='bbox 2769 2798 2944 2853; x_wconf 89' lang='lat' dir='ltr'><strong>nimia</strong></span> <span class='ocrx_word' id='word_1_409' title='bbox 2986 2799 3253 2865; x_wconf 87' lang='lat' dir='ltr'><strong>laudatio,</strong></span> <span class='ocrx_word' id='word_1_410' title='bbox 3300 2804 3365 2854; x_wconf 91' lang='lat' dir='ltr'><strong>ut</strong></span> <span class='ocrx_word' id='word_1_411' title='bbox 3406 2798 3779 2853; x_wconf 88' lang='lat' dir='ltr'><strong>immoderata</strong></span> 
     </span>
    </p>
   </div>
   <div class='ocr_carea' id='block_1_56' title="bbox 2145 2891 3775 2964">
    <p class='ocr_par' dir='ltr' id='par_1_56' title="bbox 2145 2891 3775 2964">
     <span class='ocr_line' id='line_1_56' title="bbox 2145 2891 3775 2964; baseline 0.001 -20"><span class='ocrx_word' id='word_1_412' title='bbox 2145 2892 2500 2962; x_wconf 87' lang='lat' dir='ltr'><strong>vituperatio.</strong></span> <span class='ocrx_word' id='word_1_413' title='bbox 2541 2893 2641 2947; x_wconf 91' lang='lat' dir='ltr'><strong>llla</strong></span> <span class='ocrx_word' id='word_1_414' title='bbox 2677 2893 2957 2964; x_wconf 84' lang='lat' dir='ltr'><strong>siquidem</strong></span> <span class='ocrx_word' id='word_1_415' title='bbox 2987 2892 3329 2961; x_wconf 87' lang='lat' dir='ltr'><strong>adulatione,</strong></span> <span class='ocrx_word' id='word_1_416' title='bbox 3366 2891 3467 2947; x_wconf 89' lang='lat' dir='ltr'><strong>ista</strong></span> <span class='ocrx_word' id='word_1_417' title='bbox 3508 2891 3775 2963; x_wconf 87' lang='lat' dir='ltr'><strong>maligni-</strong></span> 
     </span>
    </p>
   </div>
   <div class='ocr_carea' id='block_1_57' title="bbox 2146 2985 3782 3056">
    <p class='ocr_par' dir='ltr' id='par_1_57' title="bbox 2146 2985 3782 3056">
     <span class='ocr_line' id='line_1_57' title="bbox 2146 2985 3782 3056; baseline -0.001 -16"><span class='ocrx_word' id='word_1_418' title='bbox 2146 2989 2256 3040; x_wconf 87' lang='lat' dir='ltr'><strong>tate</strong></span> <span class='ocrx_word' id='word_1_419' title='bbox 2291 2991 2543 3056; x_wconf 88' lang='lat' dir='ltr'><strong>suspecta</strong></span> <span class='ocrx_word' id='word_1_420' title='bbox 2586 2990 2688 3041; x_wconf 91' lang='lat' dir='ltr'><strong>est.</strong></span> <span class='ocrx_word' id='word_1_421' title='bbox 2714 2986 3119 3041; x_wconf 86' lang='lat' dir='ltr'><strong>Testimonium</strong></span> <span class='ocrx_word' id='word_1_422' title='bbox 3148 2986 3390 3055; x_wconf 84' lang='lat' dir='ltr'><strong>veritati,</strong></span> <span class='ocrx_word' id='word_1_423' title='bbox 3432 3002 3547 3040; x_wconf 91' lang='lat' dir='ltr'><strong>non</strong></span> <span class='ocrx_word' id='word_1_424' title='bbox 3589 2985 3782 3039; x_wconf 89' lang='lat' dir='ltr'><strong>amici-</strong></span> 
     </span>
    </p>
   </div>
   <div class='ocr_carea' id='block_1_58' title="bbox 2144 3078 3778 3152">
    <p class='ocr_par' dir='ltr' id='par_1_58' title="bbox 2144 3078 3778 3152">
     <span class='ocr_line' id='line_1_58' title="bbox 2144 3078 3778 3152; baseline 0.001 -21"><span class='ocrx_word' id='word_1_425' title='bbox 2144 3078 2236 3132; x_wconf 75' lang='lat' dir='ltr'><strong>tize</strong></span> <span class='ocrx_word' id='word_1_426' title='bbox 2288 3078 2507 3134; x_wconf 83' lang='lat' dir='ltr'><strong>reddes.</strong></span> <span class='ocrx_word' id='word_1_427' title='bbox 2562 3080 2703 3134; x_wconf 90' lang='lat' dir='ltr'><strong>Cum</strong></span> <span class='ocrx_word' id='word_1_428' title='bbox 2752 3078 3195 3134; x_wconf 86' lang='lat' dir='ltr'><strong>consideratione</strong></span> <span class='ocrx_word' id='word_1_429' title='bbox 3244 3078 3510 3151; x_wconf 90' lang='lat' dir='ltr'><strong>promitte</strong></span> <span class='ocrx_word' id='word_1_430' title='bbox 3553 3078 3778 3152; x_wconf 89' lang='lat' dir='ltr'><strong>plenius</strong></span> 
     </span>
    </p>
   </div>
   <div class='ocr_carea' id='block_1_59' title="bbox 414 3172 2048 3289">
    <p class='ocr_par' dir='ltr' id='par_1_59' title="bbox 414 3184 2044 3257">
     <span class='ocr_line' id='line_1_59' title="bbox 414 3184 2044 3257; baseline 0 -19"><span class='ocrx_word' id='word_1_431' title='bbox 414 3187 497 3238; x_wconf 88' lang='lat' dir='ltr'><strong>est</strong></span> <span class='ocrx_word' id='word_1_432' title='bbox 524 3184 850 3255; x_wconf 87' lang='lat' dir='ltr'><strong>prudentia;</strong></span> <span class='ocrx_word' id='word_1_433' title='bbox 880 3186 1125 3240; x_wconf 91' lang='lat' dir='ltr'><strong>secunda</strong></span> <span class='ocrx_word' id='word_1_434' title='bbox 1152 3186 1620 3257; x_wconf 88' lang='lat' dir='ltr'><strong>magnanimitas;</strong></span> <span class='ocrx_word' id='word_1_435' title='bbox 1648 3186 1832 3254; x_wconf 86' lang='lat' dir='ltr'><strong>tertia,</strong></span> <span class='ocrx_word' id='word_1_436' title='bbox 1861 3185 2044 3239; x_wconf 90' lang='lat' dir='ltr'><strong>conti-</strong></span> 
     </span>
    </p>
   </div>
   <div class='ocr_carea' id='block_1_60' title="bbox 2149 3172 3776 3289">
    <p class='ocr_par' dir='ltr' id='par_1_60' title="bbox 2149 3172 3776 3289">
     <span class='ocr_line' id='line_1_60' title="bbox 2149 3172 3776 3245; baseline 0.001 -21"><span class='ocrx_word' id='word_1_437' title='bbox 2149 3188 2273 3243; x_wconf 72' lang='lat' dir='ltr'><strong>quzr.</strong></span> <span class='ocrx_word' id='word_1_438' title='bbox 2299 3172 2624 3243; x_wconf 89' lang='lat' dir='ltr'><strong>promiseris</strong></span> <span class='ocrx_word' id='word_1_439' title='bbox 2653 3179 2875 3245; x_wconf 63' lang='lat' dir='ltr'><strong>praesta.</strong></span> <span class='ocrx_word' id='word_1_440' title='bbox 2906 3173 2961 3228; x_wconf 91' lang='lat' dir='ltr'><strong>Si</strong></span> <span class='ocrx_word' id='word_1_441' title='bbox 2987 3174 3235 3244; x_wconf 86' lang='lat' dir='ltr'><strong>prudens</strong></span> <span class='ocrx_word' id='word_1_442' title='bbox 3261 3177 3345 3227; x_wconf 91' lang='lat' dir='ltr'><strong>est</strong></span> <span class='ocrx_word' id='word_1_443' title='bbox 3369 3172 3592 3227; x_wconf 90' lang='lat' dir='ltr'><strong>animus</strong></span> <span class='ocrx_word' id='word_1_444' title='bbox 3620 3176 3776 3243; x_wconf 85' lang='lat' dir='ltr'><strong>tuus,</strong></span> 
     </span>
     <span class='ocr_line' id='line_1_61' title="bbox 2149 3265 3747 3289; baseline 0 0"><span class='ocrx_word' id='word_1_445' title='bbox 2149 3265 2327 3289; x_wconf 70' lang='grc' dir='ltr'><strong>ι..;ι---..</strong></span> <span class='ocrx_word' id='word_1_446' title='bbox 2378 3266 2725 3289; x_wconf 66' lang='grc' dir='ltr'><strong>ι,....---,..ξι.---</strong></span> <span class='ocrx_word' id='word_1_447' title='bbox 2774 3267 3126 3289; x_wconf 59' lang='grc' dir='ltr'><strong>ΔΞ-..Α--Αι--..</strong></span> <span class='ocrx_word' id='word_1_448' title='bbox 3199 3266 3497 3289; x_wconf 59' lang='lat' dir='ltr'><strong>h_...--_1:-</strong></span> <span class='ocrx_word' id='word_1_449' title='bbox 3562 3266 3747 3289; x_wconf 63' lang='lat' dir='ltr'><strong>-_.‘l:_-</strong></span> 
     </span>
    </p>
   </div>
   <div class='ocr_carea' id='block_1_61' title="bbox 410 3276 2046 3352">
    <p class='ocr_par' dir='ltr' id='par_1_61' title="bbox 410 3276 2046 3352">
     <span class='ocr_line' id='line_1_62' title="bbox 410 3276 2046 3352; baseline 0 -21"><span class='ocrx_word' id='word_1_450' title='bbox 410 3276 637 3345; x_wconf 89' lang='lat' dir='ltr'><strong>nentia;</strong></span> <span class='ocrx_word' id='word_1_451' title='bbox 670 3282 889 3348; x_wconf 87' lang='lat' dir='ltr'><strong>quarta,</strong></span> <span class='ocrx_word' id='word_1_452' title='bbox 914 3279 1153 3348; x_wconf 90' lang='lat' dir='ltr'><strong>justitia.</strong></span> <span class='ocrx_word' id='word_1_453' title='bbox 1184 3279 1435 3352; x_wconf 74' lang='lat' dir='ltr'><strong>Singulae</strong></span> <span class='ocrx_word' id='word_1_454' title='bbox 1466 3280 1565 3334; x_wconf 90' lang='lat' dir='ltr'><strong>tibi</strong></span> <span class='ocrx_word' id='word_1_455' title='bbox 1599 3280 1660 3333; x_wconf 91' lang='lat' dir='ltr'><strong>in</strong></span> <span class='ocrx_word' id='word_1_456' title='bbox 1697 3279 1893 3335; x_wconf 81' lang='lat' dir='ltr'><strong>ofﬁciis</strong></span> <span class='ocrx_word' id='word_1_457' title='bbox 1919 3294 2046 3349; x_wconf 67' lang='lat' dir='ltr'><strong>quas</strong></span> 
     </span>
    </p>
   </div>
   <div class='ocr_carea' id='block_1_62' title="bbox 411 3369 2047 3438">
    <p class='ocr_par' dir='ltr' id='par_1_62' title="bbox 411 3369 2047 3438">
     <span class='ocr_line' id='line_1_63' title="bbox 411 3369 2047 3438; baseline 0.002 -16"><span class='ocrx_word' id='word_1_458' title='bbox 411 3369 669 3436; x_wconf 89' lang='lat' dir='ltr'><strong>subsunt,</strong></span> <span class='ocrx_word' id='word_1_459' title='bbox 702 3386 935 3425; x_wconf 73' lang='lat' dir='ltr'><strong>annexae</strong></span> <span class='ocrx_word' id='word_1_460' title='bbox 962 3375 1114 3438; x_wconf 89' lang='lat' dir='ltr'><strong>sunt,</strong></span> <span class='ocrx_word' id='word_1_461' title='bbox 1143 3388 1204 3425; x_wconf 91' lang='lat' dir='ltr'><strong>ac</strong></span> <span class='ocrx_word' id='word_1_462' title='bbox 1231 3372 1375 3427; x_wconf 90' lang='lat' dir='ltr'><strong>bene</strong></span> <span class='ocrx_word' id='word_1_463' title='bbox 1400 3376 1685 3427; x_wconf 86' lang='lat' dir='ltr'><strong>moratum</strong></span> <span class='ocrx_word' id='word_1_464' title='bbox 1712 3372 1896 3426; x_wconf 89' lang='lat' dir='ltr'><strong>virum</strong></span> <span class='ocrx_word' id='word_1_465' title='bbox 1932 3371 2047 3425; x_wconf 73' lang='lat' dir='ltr'><strong>efﬁ~</strong></span> 
     </span>
    </p>
   </div>
   <div class='ocr_carea' id='block_1_63' title="bbox 412 3461 587 3517">
    <p class='ocr_par' dir='ltr' id='par_1_63' title="bbox 412 3461 587 3517">
     <span class='ocr_line' id='line_1_64' title="bbox 412 3461 587 3517; baseline 0 -1"><span class='ocrx_word' id='word_1_466' title='bbox 412 3461 587 3517; x_wconf 88' lang='lat' dir='ltr'><strong>ciunt.</strong></span> 
     </span>
    </p>
   </div>
   <div class='ocr_carea' id='block_1_64' title="bbox 954 3544 1497 3601">
    <p class='ocr_par' dir='ltr' id='par_1_64' title="bbox 954 3544 1497 3601">
     <span class='ocr_line' id='line_1_65' title="bbox 954 3544 1497 3601; baseline 0.006 -3"><span class='ocrx_word' id='word_1_467' title='bbox 954 3544 1169 3599; x_wconf 74' lang='lat' dir='ltr'><strong>CAPUT</strong></span> <span class='ocrx_word' id='word_1_468' title='bbox 1217 3546 1497 3601; x_wconf 77' lang='lat' dir='ltr'><strong>PRIMUM.</strong></span> 
     </span>
    </p>
   </div>
   <div class='ocr_carea' id='block_1_65' title="bbox 1032 3640 1443 3709">
    <p class='ocr_par' dir='ltr' id='par_1_65' title="bbox 1032 3640 1443 3709">
     <span class='ocr_line' id='line_1_66' title="bbox 1032 3640 1443 3709; baseline -0.002 -16"><span class='ocrx_word' id='word_1_469' title='bbox 1032 3641 1106 3693; x_wconf 86' lang='lat' dir='ltr'><strong>De</strong></span> <span class='ocrx_word' id='word_1_470' title='bbox 1125 3640 1443 3709; x_wconf 77' lang='lat' dir='ltr'><strong>prudentia.</strong></span> 
     </span>
    </p>
   </div>
   <div class='ocr_carea' id='block_1_66' title="bbox 482 3740 2051 3818">
    <p class='ocr_par' dir='ltr' id='par_1_66' title="bbox 482 3740 2051 3818">
     <span class='ocr_line' id='line_1_67' title="bbox 482 3740 2051 3818; baseline 0.001 -23"><span class='ocrx_word' id='word_1_471' title='bbox 482 3740 742 3815; x_wconf 89' lang='lat' dir='ltr'><strong>Quisquis</strong></span> <span class='ocrx_word' id='word_1_472' title='bbox 792 3744 1153 3817; x_wconf 87' lang='lat' dir='ltr'><strong>prudentiam</strong></span> <span class='ocrx_word' id='word_1_473' title='bbox 1208 3745 1367 3818; x_wconf 90' lang='lat' dir='ltr'><strong>sequi</strong></span> <span class='ocrx_word' id='word_1_474' title='bbox 1410 3744 1710 3811; x_wconf 82' lang='lat' dir='ltr'><strong>desideras,</strong></span> <span class='ocrx_word' id='word_1_475' title='bbox 1762 3747 1896 3798; x_wconf 92' lang='lat' dir='ltr'><strong>tunc</strong></span> <span class='ocrx_word' id='word_1_476' title='bbox 1949 3759 2051 3814; x_wconf 89' lang='lat' dir='ltr'><strong>per</strong></span> 
     </span>
    </p>
   </div>
   <div class='ocr_carea' id='block_1_67' title="bbox 413 3835 2052 3908">
    <p class='ocr_par' dir='ltr' id='par_1_67' title="bbox 413 3835 2052 3908">
     <span class='ocr_line' id='line_1_68' title="bbox 413 3835 2052 3908; baseline 0.001 -18"><span class='ocrx_word' id='word_1_477' title='bbox 413 3836 693 3891; x_wconf 90' lang='lat' dir='ltr'><strong>rationem</strong></span> <span class='ocrx_word' id='word_1_478' title='bbox 731 3842 882 3893; x_wconf 91' lang='lat' dir='ltr'><strong>recte</strong></span> <span class='ocrx_word' id='word_1_479' title='bbox 920 3838 1090 3907; x_wconf 89' lang='lat' dir='ltr'><strong>vives,</strong></span> <span class='ocrx_word' id='word_1_480' title='bbox 1136 3839 1182 3892; x_wconf 92' lang='lat' dir='ltr'><strong>si</strong></span> <span class='ocrx_word' id='word_1_481' title='bbox 1223 3837 1414 3894; x_wconf 89' lang='lat' dir='ltr'><strong>omnia</strong></span> <span class='ocrx_word' id='word_1_482' title='bbox 1467 3837 1626 3908; x_wconf 90' lang='lat' dir='ltr'><strong>prius</strong></span> <span class='ocrx_word' id='word_1_483' title='bbox 1671 3835 1957 3891; x_wconf 85' lang='lat' dir='ltr'><strong>existimes</strong></span> <span class='ocrx_word' id='word_1_484' title='bbox 1996 3840 2052 3891; x_wconf 92' lang='lat' dir='ltr'><strong>et</strong></span> 
     </span>
    </p>
   </div>
   <div class='ocr_carea' id='block_1_68' title="bbox 410 3930 2052 4002">
    <p class='ocr_par' dir='ltr' id='par_1_68' title="bbox 410 3930 2052 4002">
     <span class='ocr_line' id='line_1_69' title="bbox 410 3930 2052 4002; baseline -0.001 -18"><span class='ocrx_word' id='word_1_485' title='bbox 410 3945 735 4002; x_wconf 89' lang='lat' dir='ltr'><strong>perpenses,</strong></span> <span class='ocrx_word' id='word_1_486' title='bbox 761 3935 816 3986; x_wconf 85' lang='lat' dir='ltr'><strong>et</strong></span> <span class='ocrx_word' id='word_1_487' title='bbox 841 3931 1175 4002; x_wconf 87' lang='lat' dir='ltr'><strong>dignitatem</strong></span> <span class='ocrx_word' id='word_1_488' title='bbox 1196 3933 1364 3987; x_wconf 82' lang='lat' dir='ltr'><strong>rebus</strong></span> <span class='ocrx_word' id='word_1_489' title='bbox 1383 3948 1497 3986; x_wconf 90' lang='lat' dir='ltr'><strong>non</strong></span> <span class='ocrx_word' id='word_1_490' title='bbox 1526 3948 1593 3985; x_wconf 90' lang='lat' dir='ltr'><strong>ex</strong></span> <span class='ocrx_word' id='word_1_491' title='bbox 1622 3930 1887 4002; x_wconf 90' lang='lat' dir='ltr'><strong>opinione</strong></span> <span class='ocrx_word' id='word_1_492' title='bbox 1908 3930 2052 3984; x_wconf 88' lang='lat' dir='ltr'><strong>mul-</strong></span> 
     </span>
    </p>
   </div>
   <div class='ocr_carea' id='block_1_69' title="bbox 409 4024 2050 4092">
    <p class='ocr_par' dir='ltr' id='par_1_69' title="bbox 409 4024 2050 4092">
     <span class='ocr_line' id='line_1_70' title="bbox 409 4024 2050 4092; baseline 0.001 -15"><span class='ocrx_word' id='word_1_493' title='bbox 409 4027 621 4092; x_wconf 90' lang='lat' dir='ltr'><strong>torum,</strong></span> <span class='ocrx_word' id='word_1_494' title='bbox 651 4025 749 4080; x_wconf 89' lang='lat' dir='ltr'><strong>sed</strong></span> <span class='ocrx_word' id='word_1_495' title='bbox 779 4042 848 4080; x_wconf 88' lang='lat' dir='ltr'><strong>ex</strong></span> <span class='ocrx_word' id='word_1_496' title='bbox 887 4042 1083 4081; x_wconf 87' lang='lat' dir='ltr'><strong>earum</strong></span> <span class='ocrx_word' id='word_1_497' title='bbox 1124 4030 1325 4081; x_wconf 89' lang='lat' dir='ltr'><strong>natura</strong></span> <span class='ocrx_word' id='word_1_498' title='bbox 1365 4024 1689 4080; x_wconf 88' lang='lat' dir='ltr'><strong>constituas.</strong></span> <span class='ocrx_word' id='word_1_499' title='bbox 1729 4026 1870 4078; x_wconf 73' lang='lat' dir='ltr'><strong>Nam</strong></span> <span class='ocrx_word' id='word_1_500' title='bbox 1910 4024 2050 4079; x_wconf 91' lang='lat' dir='ltr'><strong>scire</strong></span> 
     </span>
    </p>
   </div>
   <div class='ocr_carea' id='block_1_70' title="bbox 412 4116 2053 4191">
    <p class='ocr_par' dir='ltr' id='par_1_70' title="bbox 412 4116 2053 4191">
     <span class='ocr_line' id='line_1_71' title="bbox 412 4116 2053 4191; baseline 0.002 -20"><span class='ocrx_word' id='word_1_501' title='bbox 412 4116 583 4172; x_wconf 90' lang='lat' dir='ltr'><strong>debes</strong></span> <span class='ocrx_word' id='word_1_502' title='bbox 622 4117 755 4189; x_wconf 77' lang='lat' dir='ltr'><strong>quia</strong></span> <span class='ocrx_word' id='word_1_503' title='bbox 791 4123 922 4174; x_wconf 92' lang='lat' dir='ltr'><strong>sunt</strong></span> <span class='ocrx_word' id='word_1_504' title='bbox 964 4136 1091 4191; x_wconf 69' lang='lat' dir='ltr'><strong>qua:</strong></span> <span class='ocrx_word' id='word_1_505' title='bbox 1132 4119 1430 4173; x_wconf 88' lang='lat' dir='ltr'><strong>videantur</strong></span> <span class='ocrx_word' id='word_1_506' title='bbox 1468 4134 1589 4175; x_wconf 89' lang='lat' dir='ltr'><strong>esse</strong></span> <span class='ocrx_word' id='word_1_507' title='bbox 1629 4118 1777 4173; x_wconf 90' lang='lat' dir='ltr'><strong>bona</strong></span> <span class='ocrx_word' id='word_1_508' title='bbox 1832 4124 1888 4174; x_wconf 91' lang='lat' dir='ltr'><strong>et</strong></span> <span class='ocrx_word' id='word_1_509' title='bbox 1936 4136 2053 4174; x_wconf 91' lang='lat' dir='ltr'><strong>non</strong></span> 
     </span>
    </p>
   </div>
   <div class='ocr_carea' id='block_1_71' title="bbox 416 4210 2048 4285">
    <p class='ocr_par' dir='ltr' id='par_1_71' title="bbox 416 4210 2048 4285">
     <span class='ocr_line' id='line_1_72' title="bbox 416 4210 2048 4285; baseline 0.002 -21"><span class='ocrx_word' id='word_1_510' title='bbox 416 4213 568 4279; x_wconf 88' lang='lat' dir='ltr'><strong>sunt,</strong></span> <span class='ocrx_word' id='word_1_511' title='bbox 601 4215 657 4266; x_wconf 90' lang='lat' dir='ltr'><strong>et</strong></span> <span class='ocrx_word' id='word_1_512' title='bbox 684 4216 817 4267; x_wconf 89' lang='lat' dir='ltr'><strong>sunt</strong></span> <span class='ocrx_word' id='word_1_513' title='bbox 842 4229 968 4285; x_wconf 67' lang='lat' dir='ltr'><strong>quae</strong></span> <span class='ocrx_word' id='word_1_514' title='bbox 996 4210 1294 4268; x_wconf 86' lang='lat' dir='ltr'><strong>videantur</strong></span> <span class='ocrx_word' id='word_1_515' title='bbox 1334 4228 1448 4267; x_wconf 88' lang='lat' dir='ltr'><strong>non</strong></span> <span class='ocrx_word' id='word_1_516' title='bbox 1478 4210 1623 4266; x_wconf 90' lang='lat' dir='ltr'><strong>bona</strong></span> <span class='ocrx_word' id='word_1_517' title='bbox 1663 4229 1781 4267; x_wconf 91' lang='lat' dir='ltr'><strong>esse</strong></span> <span class='ocrx_word' id='word_1_518' title='bbox 1809 4217 1865 4267; x_wconf 90' lang='lat' dir='ltr'><strong>et</strong></span> <span class='ocrx_word' id='word_1_519' title='bbox 1898 4217 2048 4268; x_wconf 89' lang='lat' dir='ltr'><strong>sunt.</strong></span> 
     </span>
    </p>
   </div>
   <div class='ocr_carea' id='block_1_72' title="bbox 411 4304 2047 4378">
    <p class='ocr_par' dir='ltr' id='par_1_72' title="bbox 411 4304 2047 4378">
     <span class='ocr_line' id='line_1_73' title="bbox 411 4304 2047 4378; baseline 0.001 -21"><span class='ocrx_word' id='word_1_520' title='bbox 411 4304 773 4376; x_wconf 64' lang='lat' dir='ltr'><strong>Quaecunque</strong></span> <span class='ocrx_word' id='word_1_521' title='bbox 816 4311 1007 4361; x_wconf 90' lang='lat' dir='ltr'><strong>autem</strong></span> <span class='ocrx_word' id='word_1_522' title='bbox 1050 4322 1118 4361; x_wconf 87' lang='lat' dir='ltr'><strong>ex</strong></span> <span class='ocrx_word' id='word_1_523' title='bbox 1172 4306 1341 4361; x_wconf 89' lang='lat' dir='ltr'><strong>rebus</strong></span> <span class='ocrx_word' id='word_1_524' title='bbox 1393 4305 1728 4360; x_wconf 88' lang='lat' dir='ltr'><strong>transitoriis</strong></span> <span class='ocrx_word' id='word_1_525' title='bbox 1782 4305 2047 4378; x_wconf 90' lang='lat' dir='ltr'><strong>possides,</strong></span> 
     </span>
    </p>
   </div>
   <div class='ocr_carea' id='block_1_73' title="bbox 415 4397 2052 4471">
    <p class='ocr_par' dir='ltr' id='par_1_73' title="bbox 415 4397 2052 4471">
     <span class='ocr_line' id='line_1_74' title="bbox 415 4397 2052 4471; baseline 0.001 -20"><span class='ocrx_word' id='word_1_526' title='bbox 415 4412 530 4451; x_wconf 92' lang='lat' dir='ltr'><strong>non</strong></span> <span class='ocrx_word' id='word_1_527' title='bbox 557 4397 797 4468; x_wconf 90' lang='lat' dir='ltr'><strong>mireris,</strong></span> <span class='ocrx_word' id='word_1_528' title='bbox 833 4416 937 4454; x_wconf 92' lang='lat' dir='ltr'><strong>nec</strong></span> <span class='ocrx_word' id='word_1_529' title='bbox 966 4416 1240 4471; x_wconf 89' lang='lat' dir='ltr'><strong>magnum</strong></span> <span class='ocrx_word' id='word_1_530' title='bbox 1269 4399 1553 4455; x_wconf 77' lang='lat' dir='ltr'><strong>existimes</strong></span> <span class='ocrx_word' id='word_1_531' title='bbox 1588 4398 1737 4470; x_wconf 91' lang='lat' dir='ltr'><strong>quod</strong></span> <span class='ocrx_word' id='word_1_532' title='bbox 1776 4398 2052 4454; x_wconf 91' lang='lat' dir='ltr'><strong>caducum</strong></span> 
     </span>
    </p>
   </div>
   <div class='ocr_carea' id='block_1_74' title="bbox 418 4492 2048 4565">
    <p class='ocr_par' dir='ltr' id='par_1_74' title="bbox 418 4492 2048 4565">
     <span class='ocr_line' id='line_1_75' title="bbox 418 4492 2048 4565; baseline 0.001 -20"><span class='ocrx_word' id='word_1_533' title='bbox 418 4493 503 4546; x_wconf 90' lang='lat' dir='ltr'><strong>est</strong></span> <span class='ocrx_word' id='word_1_534' title='bbox 517 4508 534 4560; x_wconf 92' lang='lat'><strong>;</strong></span> <span class='ocrx_word' id='word_1_535' title='bbox 554 4507 658 4546; x_wconf 91' lang='lat' dir='ltr'><strong>nec</strong></span> <span class='ocrx_word' id='word_1_536' title='bbox 682 4492 834 4564; x_wconf 90' lang='lat' dir='ltr'><strong>apud</strong></span> <span class='ocrx_word' id='word_1_537' title='bbox 861 4497 915 4548; x_wconf 91' lang='lat' dir='ltr'><strong>te</strong></span> <span class='ocrx_word' id='word_1_538' title='bbox 942 4510 1068 4565; x_wconf 63' lang='lat' dir='ltr'><strong>quas</strong></span> <span class='ocrx_word' id='word_1_539' title='bbox 1089 4493 1262 4548; x_wconf 89' lang='lat' dir='ltr'><strong>babes</strong></span> <span class='ocrx_word' id='word_1_540' title='bbox 1280 4498 1551 4565; x_wconf 90' lang='lat' dir='ltr'><strong>tanquam</strong></span> <span class='ocrx_word' id='word_1_541' title='bbox 1578 4492 1759 4547; x_wconf 87' lang='lat' dir='ltr'><strong>aliena</strong></span> <span class='ocrx_word' id='word_1_542' title='bbox 1785 4493 2048 4563; x_wconf 86' lang='lat' dir='ltr'><strong>servabis,</strong></span> 
     </span>
    </p>
   </div>
   <div class='ocr_carea' id='block_1_75' title="bbox 2146 3265 3775 3338">
    <p class='ocr_par' dir='ltr' id='par_1_75' title="bbox 2146 3265 3775 3338">
     <span class='ocr_line' id='line_1_76' title="bbox 2146 3265 3775 3338; baseline 0.001 -19"><span class='ocrx_word' id='word_1_543' title='bbox 2146 3265 2330 3319; x_wconf 90' lang='lat' dir='ltr'><strong>tribus</strong></span> <span class='ocrx_word' id='word_1_544' title='bbox 2378 3266 2728 3337; x_wconf 87' lang='lat' dir='ltr'><strong>temporibus</strong></span> <span class='ocrx_word' id='word_1_545' title='bbox 2769 3267 3145 3338; x_wconf 87' lang='lat' dir='ltr'><strong>dispensetur.</strong></span> <span class='ocrx_word' id='word_1_546' title='bbox 3199 3266 3504 3321; x_wconf 80' lang='lat' dir='ltr'><strong>Praesentia</strong></span> <span class='ocrx_word' id='word_1_547' title='bbox 3557 3266 3775 3335; x_wconf 88' lang='lat' dir='ltr'><strong>ordina,</strong></span> 
     </span>
    </p>
   </div>
   <div class='ocr_carea' id='block_1_76' title="bbox 2149 3358 3779 3432">
    <p class='ocr_par' dir='ltr' id='par_1_76' title="bbox 2149 3358 3779 3432">
     <span class='ocr_line' id='line_1_77' title="bbox 2149 3358 3779 3432; baseline 0.002 -20"><span class='ocrx_word' id='word_1_548' title='bbox 2149 3358 2341 3413; x_wconf 80' lang='lat' dir='ltr'><strong>futura</strong></span> <span class='ocrx_word' id='word_1_549' title='bbox 2368 3361 2632 3431; x_wconf 63' lang='lat' dir='ltr'><strong>praevide,</strong></span> <span class='ocrx_word' id='word_1_550' title='bbox 2664 3360 2947 3432; x_wconf 69' lang='lat' dir='ltr'><strong>praeterita</strong></span> <span class='ocrx_word' id='word_1_551' title='bbox 2976 3360 3289 3415; x_wconf 88' lang='lat' dir='ltr'><strong>recordare.</strong></span> <span class='ocrx_word' id='word_1_552' title='bbox 3313 3361 3451 3414; x_wconf 87' lang='lat' dir='ltr'><strong>Nam</strong></span> <span class='ocrx_word' id='word_1_553' title='bbox 3479 3360 3577 3431; x_wconf 88' lang='lat' dir='ltr'><strong>qui</strong></span> <span class='ocrx_word' id='word_1_554' title='bbox 3602 3360 3682 3414; x_wconf 92' lang='lat' dir='ltr'><strong>nil</strong></span> <span class='ocrx_word' id='word_1_555' title='bbox 3707 3360 3779 3415; x_wconf 91' lang='lat' dir='ltr'><strong>de</strong></span> 
     </span>
    </p>
   </div>
   <div class='ocr_carea' id='block_1_77' title="bbox 2147 3452 3781 3526">
    <p class='ocr_par' dir='ltr' id='par_1_77' title="bbox 2147 3452 3781 3526">
     <span class='ocr_line' id='line_1_78' title="bbox 2147 3452 3781 3526; baseline 0.001 -20"><span class='ocrx_word' id='word_1_556' title='bbox 2147 3453 2435 3523; x_wconf 63' lang='lat' dir='ltr'><strong>praeterito</strong></span> <span class='ocrx_word' id='word_1_557' title='bbox 2477 3454 2704 3526; x_wconf 87' lang='lat' dir='ltr'><strong>cogitat,</strong></span> <span class='ocrx_word' id='word_1_558' title='bbox 2736 3454 2924 3526; x_wconf 89' lang='lat' dir='ltr'><strong>perdit</strong></span> <span class='ocrx_word' id='word_1_559' title='bbox 2969 3453 3161 3521; x_wconf 87' lang='lat' dir='ltr'><strong>vitam,</strong></span> <span class='ocrx_word' id='word_1_560' title='bbox 3211 3453 3308 3524; x_wconf 90' lang='lat' dir='ltr'><strong>qui</strong></span> <span class='ocrx_word' id='word_1_561' title='bbox 3353 3453 3430 3507; x_wconf 91' lang='lat' dir='ltr'><strong>nil</strong></span> <span class='ocrx_word' id='word_1_562' title='bbox 3476 3454 3545 3508; x_wconf 91' lang='lat' dir='ltr'><strong>de</strong></span> <span class='ocrx_word' id='word_1_563' title='bbox 3587 3452 3781 3509; x_wconf 84' lang='lat' dir='ltr'><strong>futuro</strong></span> 
     </span>
    </p>
   </div>
   <div class='ocr_carea' id='block_1_78' title="bbox 2146 3544 3782 3620">
    <p class='ocr_par' dir='ltr' id='par_1_78' title="bbox 2146 3544 3782 3620">
     <span class='ocr_line' id='line_1_79' title="bbox 2146 3544 3782 3620; baseline 0 -18"><span class='ocrx_word' id='word_1_564' title='bbox 2146 3547 2592 3620; x_wconf 61' lang='lat' dir='ltr'><strong>praemeditatur,</strong></span> <span class='ocrx_word' id='word_1_565' title='bbox 2626 3547 2684 3602; x_wconf 90' lang='lat' dir='ltr'><strong>in</strong></span> <span class='ocrx_word' id='word_1_566' title='bbox 2726 3548 2914 3602; x_wconf 90' lang='lat' dir='ltr'><strong>omnia</strong></span> <span class='ocrx_word' id='word_1_567' title='bbox 2953 3547 3211 3601; x_wconf 91' lang='lat' dir='ltr'><strong>incautus</strong></span> <span class='ocrx_word' id='word_1_568' title='bbox 3246 3544 3465 3602; x_wconf 86' lang='lat' dir='ltr'><strong>incidit.</strong></span> <span class='ocrx_word' id='word_1_569' title='bbox 3494 3548 3782 3619; x_wconf 85' lang='lat' dir='ltr'><strong>Proponas</strong></span> 
     </span>
    </p>
   </div>
   <div class='ocr_carea' id='block_1_79' title="bbox 2149 3640 3782 3697">
    <p class='ocr_par' dir='ltr' id='par_1_79' title="bbox 2149 3640 3782 3697">
     <span class='ocr_line' id='line_1_80' title="bbox 2149 3640 3782 3697; baseline 0.002 -3"><span class='ocrx_word' id='word_1_570' title='bbox 2149 3641 2208 3695; x_wconf 92' lang='lat' dir='ltr'><strong>in</strong></span> <span class='ocrx_word' id='word_1_571' title='bbox 2239 3641 2428 3696; x_wconf 91' lang='lat' dir='ltr'><strong>animo</strong></span> <span class='ocrx_word' id='word_1_572' title='bbox 2456 3646 2554 3696; x_wconf 90' lang='lat' dir='ltr'><strong>tuo</strong></span> <span class='ocrx_word' id='word_1_573' title='bbox 2583 3642 2771 3697; x_wconf 87' lang='lat' dir='ltr'><strong>futura</strong></span> <span class='ocrx_word' id='word_1_574' title='bbox 2809 3642 2957 3695; x_wconf 90' lang='lat' dir='ltr'><strong>mala</strong></span> <span class='ocrx_word' id='word_1_575' title='bbox 2996 3646 3052 3696; x_wconf 91' lang='lat' dir='ltr'><strong>et</strong></span> <span class='ocrx_word' id='word_1_576' title='bbox 3089 3641 3236 3695; x_wconf 89' lang='lat' dir='ltr'><strong>bona</strong></span> <span class='ocrx_word' id='word_1_577' title='bbox 3267 3645 3333 3694; x_wconf 91' lang='lat' dir='ltr'><strong>ut</strong></span> <span class='ocrx_word' id='word_1_578' title='bbox 3371 3640 3470 3695; x_wconf 90' lang='lat' dir='ltr'><strong>illa</strong></span> <span class='ocrx_word' id='word_1_579' title='bbox 3503 3641 3782 3697; x_wconf 77' lang='lat' dir='ltr'><strong>sustinere</strong></span> 
     </span>
    </p>
   </div>
   <div class='ocr_carea' id='block_1_80' title="bbox 2150 3734 3783 3807">
    <p class='ocr_par' dir='ltr' id='par_1_80' title="bbox 2150 3734 3783 3807">
     <span class='ocr_line' id='line_1_81' title="bbox 2150 3734 3783 3807; baseline 0 -18"><span class='ocrx_word' id='word_1_580' title='bbox 2150 3734 2327 3807; x_wconf 89' lang='lat' dir='ltr'><strong>possis</strong></span> <span class='ocrx_word' id='word_1_581' title='bbox 2355 3740 2411 3789; x_wconf 91' lang='lat' dir='ltr'><strong>et</strong></span> <span class='ocrx_word' id='word_1_582' title='bbox 2434 3735 2537 3789; x_wconf 89' lang='lat' dir='ltr'><strong>ista</strong></span> <span class='ocrx_word' id='word_1_583' title='bbox 2565 3735 2864 3790; x_wconf 88' lang='lat' dir='ltr'><strong>moderari.</strong></span> <span class='ocrx_word' id='word_1_584' title='bbox 2906 3737 3028 3790; x_wconf 73' lang='lat' dir='ltr'><strong>Non</strong></span> <span class='ocrx_word' id='word_1_585' title='bbox 3057 3750 3282 3806; x_wconf 90' lang='lat' dir='ltr'><strong>semper</strong></span> <span class='ocrx_word' id='word_1_586' title='bbox 3307 3734 3365 3787; x_wconf 91' lang='lat' dir='ltr'><strong>in</strong></span> <span class='ocrx_word' id='word_1_587' title='bbox 3405 3738 3533 3788; x_wconf 90' lang='lat' dir='ltr'><strong>actu</strong></span> <span class='ocrx_word' id='word_1_588' title='bbox 3560 3734 3654 3803; x_wconf 87' lang='lat' dir='ltr'><strong>sis,</strong></span> <span class='ocrx_word' id='word_1_589' title='bbox 3682 3735 3783 3789; x_wconf 88' lang='lat' dir='ltr'><strong>sed</strong></span> 
     </span>
    </p>
   </div>
   <div class='ocr_carea' id='block_1_81' title="bbox 2150 3828 3781 3903">
    <p class='ocr_par' dir='ltr' id='par_1_81' title="bbox 2150 3828 3781 3903">
     <span class='ocr_line' id='line_1_82' title="bbox 2150 3828 3781 3903; baseline 0.001 -20"><span class='ocrx_word' id='word_1_590' title='bbox 2150 3828 2435 3883; x_wconf 90' lang='lat' dir='ltr'><strong>interdum</strong></span> <span class='ocrx_word' id='word_1_591' title='bbox 2468 3829 2660 3884; x_wconf 89' lang='lat' dir='ltr'><strong>animo</strong></span> <span class='ocrx_word' id='word_1_592' title='bbox 2698 3834 2795 3883; x_wconf 91' lang='lat' dir='ltr'><strong>tuo</strong></span> <span class='ocrx_word' id='word_1_593' title='bbox 2834 3831 3090 3903; x_wconf 90' lang='lat' dir='ltr'><strong>requiem</strong></span> <span class='ocrx_word' id='word_1_594' title='bbox 3120 3832 3248 3887; x_wconf 90' lang='lat' dir='ltr'><strong>dato</strong></span> <span class='ocrx_word' id='word_1_595' title='bbox 3278 3847 3291 3883; x_wconf 89' lang='lat'><strong>:</strong></span> <span class='ocrx_word' id='word_1_596' title='bbox 3324 3831 3379 3882; x_wconf 87' lang='lat' dir='ltr'><strong>et</strong></span> <span class='ocrx_word' id='word_1_597' title='bbox 3407 3829 3629 3900; x_wconf 88' lang='lat' dir='ltr'><strong>requies</strong></span> <span class='ocrx_word' id='word_1_598' title='bbox 3657 3829 3781 3902; x_wconf 85' lang='lat' dir='ltr'><strong>ipsa</strong></span> 
     </span>
    </p>
   </div>
   <div class='ocr_carea' id='block_1_82' title="bbox 2151 3922 3776 4005">
    <p class='ocr_par' dir='ltr' id='par_1_82' title="bbox 2151 3922 3776 4005">
     <span class='ocr_line' id='line_1_83' title="bbox 2151 3922 3776 4005; baseline 0.004 -27"><span class='ocrx_word' id='word_1_599' title='bbox 2151 3925 2315 3995; x_wconf 89' lang='lat' dir='ltr'><strong>plena</strong></span> <span class='ocrx_word' id='word_1_600' title='bbox 2342 3924 2413 3978; x_wconf 91' lang='lat' dir='ltr'><strong>sit</strong></span> <span class='ocrx_word' id='word_1_601' title='bbox 2439 3922 2722 3995; x_wconf 83' lang='lat' dir='ltr'><strong>sapientiae</strong></span> <span class='ocrx_word' id='word_1_602' title='bbox 2752 3923 2969 3993; x_wconf 91' lang='lat' dir='ltr'><strong>studiis,</strong></span> <span class='ocrx_word' id='word_1_603' title='bbox 3012 3927 3535 4005; x_wconf 33' lang='lat' dir='ltr'><strong>et0cogitationibus</strong></span> <span class='ocrx_word' id='word_1_604' title='bbox 3570 3928 3731 3982; x_wconf 89' lang='lat' dir='ltr'><strong>bonis</strong></span> <span class='ocrx_word' id='word_1_605' title='bbox 3762 3949 3776 3985; x_wconf 91' lang='lat'><strong>:</strong></span> 
     </span>
    </p>
   </div>
   <div class='ocr_carea' id='block_1_83' title="bbox 2150 4018 3781 4089">
    <p class='ocr_par' dir='ltr' id='par_1_83' title="bbox 2150 4018 3781 4089">
     <span class='ocr_line' id='line_1_84' title="bbox 2150 4018 3781 4089; baseline 0.004 -18"><span class='ocrx_word' id='word_1_606' title='bbox 2150 4034 2283 4071; x_wconf 86' lang='lat' dir='ltr'><strong>nam</strong></span> <span class='ocrx_word' id='word_1_607' title='bbox 2319 4018 2569 4089; x_wconf 91' lang='lat' dir='ltr'><strong>prudens</strong></span> <span class='ocrx_word' id='word_1_608' title='bbox 2611 4032 2904 4088; x_wconf 89' lang='lat' dir='ltr'><strong>nunquam</strong></span> <span class='ocrx_word' id='word_1_609' title='bbox 2944 4018 3058 4073; x_wconf 92' lang='lat' dir='ltr'><strong>otio</strong></span> <span class='ocrx_word' id='word_1_610' title='bbox 3098 4024 3327 4076; x_wconf 86' lang='lat' dir='ltr'><strong>marcet.</strong></span> <span class='ocrx_word' id='word_1_611' title='bbox 3374 4022 3548 4077; x_wconf 87' lang='lat' dir='ltr'><strong>Habet</strong></span> <span class='ocrx_word' id='word_1_612' title='bbox 3588 4028 3781 4078; x_wconf 91' lang='lat' dir='ltr'><strong>autem</strong></span> 
     </span>
    </p>
   </div>
   <div class='ocr_carea' id='block_1_84' title="bbox 2149 4109 3777 4186">
    <p class='ocr_par' dir='ltr' id='par_1_84' title="bbox 2149 4109 3777 4186">
     <span class='ocr_line' id='line_1_85' title="bbox 2149 4109 3777 4186; baseline 0.004 -21"><span class='ocrx_word' id='word_1_613' title='bbox 2149 4110 2450 4182; x_wconf 85' lang='lat' dir='ltr'><strong>aliquando</strong></span> <span class='ocrx_word' id='word_1_614' title='bbox 2501 4109 2800 4164; x_wconf 87' lang='lat' dir='ltr'><strong>remissum</strong></span> <span class='ocrx_word' id='word_1_615' title='bbox 2854 4110 3110 4166; x_wconf 86' lang='lat' dir='ltr'><strong>animum</strong></span> <span class='ocrx_word' id='word_1_616' title='bbox 3161 4130 3452 4186; x_wconf 87' lang='lat' dir='ltr'><strong>nunquam</strong></span> <span class='ocrx_word' id='word_1_617' title='bbox 3510 4116 3777 4172; x_wconf 89' lang='lat' dir='ltr'><strong>solutum.</strong></span> 
     </span>
    </p>
   </div>
   <div class='ocr_carea' id='block_1_85' title="bbox 2151 4203 3783 4278">
    <p class='ocr_par' dir='ltr' id='par_1_85' title="bbox 2151 4203 3783 4278">
     <span class='ocr_line' id='line_1_86' title="bbox 2151 4203 3783 4278; baseline 0.004 -19"><span class='ocrx_word' id='word_1_618' title='bbox 2151 4204 2432 4259; x_wconf 89' lang='lat' dir='ltr'><strong>Accelerat</strong></span> <span class='ocrx_word' id='word_1_619' title='bbox 2460 4203 2638 4273; x_wconf 87' lang='lat' dir='ltr'><strong>tarda,</strong></span> <span class='ocrx_word' id='word_1_620' title='bbox 2668 4205 2936 4276; x_wconf 87' lang='lat' dir='ltr'><strong>perplexa</strong></span> <span class='ocrx_word' id='word_1_621' title='bbox 2961 4206 3206 4278; x_wconf 80' lang='lat' dir='ltr'><strong>expedit,</strong></span> <span class='ocrx_word' id='word_1_622' title='bbox 3239 4208 3379 4262; x_wconf 87' lang='lat' dir='ltr'><strong>dura</strong></span> <span class='ocrx_word' id='word_1_623' title='bbox 3409 4208 3608 4276; x_wconf 89' lang='lat' dir='ltr'><strong>mollit,</strong></span> <span class='ocrx_word' id='word_1_624' title='bbox 3640 4226 3783 4265; x_wconf 76' lang='lat' dir='ltr'><strong>exe:-</strong></span> 
     </span>
    </p>
   </div>
   <div class='ocr_carea' id='block_1_86' title="bbox 2151 4296 3775 4373">
    <p class='ocr_par' dir='ltr' id='par_1_86' title="bbox 2151 4296 3775 4373">
     <span class='ocr_line' id='line_1_87' title="bbox 2151 4296 3775 4373; baseline 0.006 -23"><span class='ocrx_word' id='word_1_625' title='bbox 2151 4302 2287 4368; x_wconf 89' lang='lat' dir='ltr'><strong>quat</strong></span> <span class='ocrx_word' id='word_1_626' title='bbox 2312 4297 2505 4351; x_wconf 88' lang='lat' dir='ltr'><strong>ardua.</strong></span> <span class='ocrx_word' id='word_1_627' title='bbox 2536 4296 2648 4351; x_wconf 92' lang='lat' dir='ltr'><strong>Scit</strong></span> <span class='ocrx_word' id='word_1_628' title='bbox 2676 4298 2827 4352; x_wconf 87' lang='lat' dir='ltr'><strong>enim</strong></span> <span class='ocrx_word' id='word_1_629' title='bbox 2856 4299 2989 4369; x_wconf 89' lang='lat' dir='ltr'><strong>quid</strong></span> <span class='ocrx_word' id='word_1_630' title='bbox 3021 4316 3133 4371; x_wconf 91' lang='lat' dir='ltr'><strong>qua</strong></span> <span class='ocrx_word' id='word_1_631' title='bbox 3158 4301 3246 4355; x_wconf 86' lang='lat' dir='ltr'><strong>via</strong></span> <span class='ocrx_word' id='word_1_632' title='bbox 3269 4302 3505 4373; x_wconf 86' lang='lat' dir='ltr'><strong>aggredi</strong></span> <span class='ocrx_word' id='word_1_633' title='bbox 3536 4303 3731 4359; x_wconf 89' lang='lat' dir='ltr'><strong>debeat</strong></span> <span class='ocrx_word' id='word_1_634' title='bbox 3761 4324 3775 4359; x_wconf 89' lang='lat'><strong>:</strong></span> 
     </span>
    </p>
   </div>
   <div class='ocr_carea' id='block_1_87' title="bbox 2153 4390 3783 4467">
    <p class='ocr_par' dir='ltr' id='par_1_87' title="bbox 2153 4390 3783 4467">
     <span class='ocr_line' id='line_1_88' title="bbox 2153 4390 3783 4467; baseline 0.006 -23"><span class='ocrx_word' id='word_1_635' title='bbox 2153 4396 2208 4445; x_wconf 89' lang='lat' dir='ltr'><strong>et</strong></span> <span class='ocrx_word' id='word_1_636' title='bbox 2253 4390 2513 4445; x_wconf 90' lang='lat' dir='ltr'><strong>distincte</strong></span> <span class='ocrx_word' id='word_1_637' title='bbox 2546 4396 2748 4446; x_wconf 87' lang='lat' dir='ltr'><strong>cuncta</strong></span> <span class='ocrx_word' id='word_1_638' title='bbox 2784 4392 2952 4447; x_wconf 91' lang='lat' dir='ltr'><strong>videt.</strong></span> <span class='ocrx_word' id='word_1_639' title='bbox 2999 4394 3307 4449; x_wconf 88' lang='lat' dir='ltr'><strong>Consilium</strong></span> <span class='ocrx_word' id='word_1_640' title='bbox 3348 4396 3679 4467; x_wconf 86' lang='lat' dir='ltr'><strong>peritorum,</strong></span> <span class='ocrx_word' id='word_1_641' title='bbox 3712 4415 3783 4454; x_wconf 88' lang='lat' dir='ltr'><strong>ex</strong></span> 
     </span>
    </p>
   </div>
   <div class='ocr_carea' id='block_1_88' title="bbox 2151 4484 3781 4561">
    <p class='ocr_par' dir='ltr' id='par_1_88' title="bbox 2151 4484 3781 4561">
     <span class='ocr_line' id='line_1_89' title="bbox 2151 4484 3781 4561; baseline 0.006 -24"><span class='ocrx_word' id='word_1_642' title='bbox 2151 4485 2358 4555; x_wconf 89' lang='lat' dir='ltr'><strong>apertis</strong></span> <span class='ocrx_word' id='word_1_643' title='bbox 2412 4484 2648 4539; x_wconf 88' lang='lat' dir='ltr'><strong>obscura</strong></span> <span class='ocrx_word' id='word_1_644' title='bbox 2699 4485 2942 4541; x_wconf 57' lang='lat' dir='ltr'><strong>aestimat</strong></span> <span class='ocrx_word' id='word_1_645' title='bbox 2990 4502 3055 4541; x_wconf 90' lang='lat' dir='ltr'><strong>ex</strong></span> <span class='ocrx_word' id='word_1_646' title='bbox 3106 4488 3354 4558; x_wconf 85' lang='lat' dir='ltr'><strong>parvulis</strong></span> <span class='ocrx_word' id='word_1_647' title='bbox 3402 4505 3646 4561; x_wconf 88' lang='lat' dir='ltr'><strong>magna,</strong></span> <span class='ocrx_word' id='word_1_648' title='bbox 3710 4508 3781 4546; x_wconf 91' lang='lat' dir='ltr'><strong>ex</strong></span> 
     </span>
    </p>
   </div>
   <div class='ocr_carea' id='block_1_89' title="bbox 415 4577 3783 4659">
    <p class='ocr_par' dir='ltr' id='par_1_89' title="bbox 415 4577 3783 4659">
     <span class='ocr_line' id='line_1_90' title="bbox 415 4577 3783 4659; baseline 0.003 -27"><span class='ocrx_word' id='word_1_649' title='bbox 415 4583 513 4639; x_wconf 81' lang='lat' dir='ltr'><strong>sed</strong></span> <span class='ocrx_word' id='word_1_650' title='bbox 542 4601 645 4655; x_wconf 77' lang='lat' dir='ltr'><strong>pro</strong></span> <span class='ocrx_word' id='word_1_651' title='bbox 672 4590 727 4641; x_wconf 78' lang='lat' dir='ltr'><strong>te</strong></span> <span class='ocrx_word' id='word_1_652' title='bbox 755 4590 1027 4658; x_wconf 79' lang='lat' dir='ltr'><strong>tanquam</strong></span> <span class='ocrx_word' id='word_1_653' title='bbox 1052 4590 1148 4642; x_wconf 72' lang='lat' dir='ltr'><strong>tua</strong></span> <span class='ocrx_word' id='word_1_654' title='bbox 1177 4586 1468 4658; x_wconf 69' lang='lat' dir='ltr'><strong>dispenses</strong></span> <span class='ocrx_word' id='word_1_655' title='bbox 1498 4590 1553 4640; x_wconf 77' lang='lat' dir='ltr'><strong>et</strong></span> <span class='ocrx_word' id='word_1_656' title='bbox 1590 4585 1786 4641; x_wconf 72' lang='lat' dir='ltr'><strong>utaris,</strong></span> <span class='ocrx_word' id='word_1_657' title='bbox 1819 4585 1875 4641; x_wconf 84' lang='lat' dir='ltr'><strong>Si</strong></span> <span class='ocrx_word' id='word_1_658' title='bbox 1910 4602 2047 4658; x_wconf 73' lang='lat' dir='ltr'><strong>pm-</strong></span> <span class='ocrx_word' id='word_1_659' title='bbox 2074 4586 2130 4659; x_wconf 84' lang='lat' dir='ltr'><strong>D</strong></span> <span class='ocrx_word' id='word_1_660' title='bbox 2153 4577 2423 4649; x_wconf 74' lang='lat' dir='ltr'><strong>proximis</strong></span> <span class='ocrx_word' id='word_1_661' title='bbox 2460 4584 2695 4649; x_wconf 88' lang='lat' dir='ltr'><strong>remota,</strong></span> <span class='ocrx_word' id='word_1_662' title='bbox 2736 4595 2801 4634; x_wconf 88' lang='lat' dir='ltr'><strong>ex</strong></span> <span class='ocrx_word' id='word_1_663' title='bbox 2842 4580 3098 4650; x_wconf 82' lang='lat' dir='ltr'><strong>partibus</strong></span> <span class='ocrx_word' id='word_1_664' title='bbox 3135 4585 3269 4635; x_wconf 89' lang='lat' dir='ltr'><strong>tota.</strong></span> <span class='ocrx_word' id='word_1_665' title='bbox 3304 4583 3424 4636; x_wconf 83' lang='lat' dir='ltr'><strong>Non</strong></span> <span class='ocrx_word' id='word_1_666' title='bbox 3464 4587 3519 4637; x_wconf 91' lang='lat' dir='ltr'><strong>te</strong></span> <span class='ocrx_word' id='word_1_667' title='bbox 3559 4591 3783 4641; x_wconf 82' lang='lat' dir='ltr'><strong>moveat</strong></span> 
     </span>
    </p>
   </div>
   <div class='ocr_carea' id='block_1_90' title="bbox 414 4676 2053 4751">
    <p class='ocr_par' dir='ltr' id='par_1_90' title="bbox 414 4676 2053 4751">
     <span class='ocr_line' id='line_1_91' title="bbox 414 4676 2053 4751; baseline 0.002 -19"><span class='ocrx_word' id='word_1_668' title='bbox 414 4676 1069 4751; x_wconf 74' lang='lat' dir='ltr'><strong>dentiam&#39;amplecteris,</strong></span> <span class='ocrx_word' id='word_1_669' title='bbox 1098 4679 1309 4751; x_wconf 90' lang='lat' dir='ltr'><strong>ubique</strong></span> <span class='ocrx_word' id='word_1_670' title='bbox 1335 4679 1485 4734; x_wconf 87' lang='lat' dir='ltr'><strong>idem</strong></span> <span class='ocrx_word' id='word_1_671' title='bbox 1513 4678 1653 4746; x_wconf 87' lang='lat' dir='ltr'><strong>eris;</strong></span> <span class='ocrx_word' id='word_1_672' title='bbox 1683 4682 1738 4734; x_wconf 91' lang='lat' dir='ltr'><strong>et</strong></span> <span class='ocrx_word' id='word_1_673' title='bbox 1772 4684 1939 4751; x_wconf 87' lang='lat' dir='ltr'><strong>prout</strong></span> <span class='ocrx_word' id='word_1_674' title='bbox 1966 4696 2053 4735; x_wconf 87' lang='lat' dir='ltr'><strong>re-</strong></span> 
     </span>
    </p>
   </div>
   <div class='ocr_carea' id='block_1_91' title="bbox 416 4772 2051 4845">
    <p class='ocr_par' dir='ltr' id='par_1_91' title="bbox 416 4772 2051 4845">
     <span class='ocr_line' id='line_1_92' title="bbox 416 4772 2051 4845; baseline 0.001 -19"><span class='ocrx_word' id='word_1_675' title='bbox 416 4787 547 4826; x_wconf 90' lang='lat' dir='ltr'><strong>rum</strong></span> <span class='ocrx_word' id='word_1_676' title='bbox 574 4788 637 4826; x_wconf 91' lang='lat' dir='ltr'><strong>ac</strong></span> <span class='ocrx_word' id='word_1_677' title='bbox 664 4776 985 4845; x_wconf 90' lang='lat' dir='ltr'><strong>temporum</strong></span> <span class='ocrx_word' id='word_1_678' title='bbox 1012 4773 1246 4827; x_wconf 83' lang='lat' dir='ltr'><strong>varietas</strong></span> <span class='ocrx_word' id='word_1_679' title='bbox 1272 4773 1469 4845; x_wconf 82' lang='lat' dir='ltr'><strong>exigit,</strong></span> <span class='ocrx_word' id='word_1_680' title='bbox 1490 4772 1567 4827; x_wconf 90' lang='lat' dir='ltr'><strong>ita</strong></span> <span class='ocrx_word' id='word_1_681' title='bbox 1586 4776 1640 4827; x_wconf 89' lang='lat' dir='ltr'><strong>te</strong></span> <span class='ocrx_word' id='word_1_682' title='bbox 1664 4773 2051 4829; x_wconf 88' lang='lat' dir='ltr'><strong>accommodes</strong></span> 
     </span>
    </p>
   </div>
   <div class='ocr_carea' id='block_1_92' title="bbox 416 4864 2051 4938">
    <p class='ocr_par' dir='ltr' id='par_1_92' title="bbox 416 4864 2051 4938">
     <span class='ocr_line' id='line_1_93' title="bbox 416 4864 2051 4938; baseline 0.001 -19"><span class='ocrx_word' id='word_1_683' title='bbox 416 4864 708 4936; x_wconf 90' lang='lat' dir='ltr'><strong>tempori;</strong></span> <span class='ocrx_word' id='word_1_684' title='bbox 750 4882 853 4920; x_wconf 91' lang='lat' dir='ltr'><strong>nec</strong></span> <span class='ocrx_word' id='word_1_685' title='bbox 901 4870 957 4920; x_wconf 88' lang='lat' dir='ltr'><strong>te</strong></span> <span class='ocrx_word' id='word_1_686' title='bbox 1006 4865 1064 4920; x_wconf 91' lang='lat' dir='ltr'><strong>in</strong></span> <span class='ocrx_word' id='word_1_687' title='bbox 1115 4866 1397 4938; x_wconf 87' lang='lat' dir='ltr'><strong>aliquibus</strong></span> <span class='ocrx_word' id='word_1_688' title='bbox 1448 4869 1653 4932; x_wconf 88' lang='lat' dir='ltr'><strong>mutes,</strong></span> <span class='ocrx_word' id='word_1_689' title='bbox 1704 4867 1803 4921; x_wconf 91' lang='lat' dir='ltr'><strong>sed</strong></span> <span class='ocrx_word' id='word_1_690' title='bbox 1865 4867 2051 4937; x_wconf 88' lang='lat' dir='ltr'><strong>potius</strong></span> 
     </span>
    </p>
   </div>
   <div class='ocr_carea' id='block_1_93' title="bbox 415 4958 2053 5031">
    <p class='ocr_par' dir='ltr' id='par_1_93' title="bbox 415 4958 2053 5031">
     <span class='ocr_line' id='line_1_94' title="bbox 415 4958 2053 5031; baseline 0.001 -19"><span class='ocrx_word' id='word_1_691' title='bbox 415 4963 573 5031; x_wconf 87' lang='lat' dir='ltr'><strong>aptes</strong></span> <span class='ocrx_word' id='word_1_692' title='bbox 607 4975 620 5013; x_wconf 91' lang='lat'><strong>:</strong></span> <span class='ocrx_word' id='word_1_693' title='bbox 650 4958 792 5013; x_wconf 91' lang='lat' dir='ltr'><strong>sicut</strong></span> <span class='ocrx_word' id='word_1_694' title='bbox 816 4964 1018 5013; x_wconf 79' lang='lat' dir='ltr'><strong>manus</strong></span> <span class='ocrx_word' id='word_1_695' title='bbox 1045 4974 1171 5030; x_wconf 70' lang='lat' dir='ltr'><strong>quae</strong></span> <span class='ocrx_word' id='word_1_696' title='bbox 1208 4960 1404 5015; x_wconf 91' lang='lat' dir='ltr'><strong>eadem</strong></span> <span class='ocrx_word' id='word_1_697' title='bbox 1444 4961 1547 5029; x_wconf 87' lang='lat' dir='ltr'><strong>est,</strong></span> <span class='ocrx_word' id='word_1_698' title='bbox 1577 4964 1634 5013; x_wconf 92' lang='lat' dir='ltr'><strong>et</strong></span> <span class='ocrx_word' id='word_1_699' title='bbox 1667 4976 1795 5014; x_wconf 91' lang='lat' dir='ltr'><strong>cum</strong></span> <span class='ocrx_word' id='word_1_700' title='bbox 1839 4958 1897 5014; x_wconf 89' lang='lat' dir='ltr'><strong>in</strong></span> <span class='ocrx_word' id='word_1_701' title='bbox 1934 4959 2053 5031; x_wconf 89' lang='lat' dir='ltr'><strong>pal-</strong></span> 
     </span>
    </p>
   </div>
   <div class='ocr_carea' id='block_1_94' title="bbox 416 5052 2050 5125">
    <p class='ocr_par' dir='ltr' id='par_1_94' title="bbox 416 5052 2050 5125">
     <span class='ocr_line' id='line_1_95' title="bbox 416 5052 2050 5125; baseline -0.001 -16"><span class='ocrx_word' id='word_1_702' title='bbox 416 5070 570 5108; x_wconf 88' lang='lat' dir='ltr'><strong>mam</strong></span> <span class='ocrx_word' id='word_1_703' title='bbox 594 5052 935 5120; x_wconf 80' lang='lat' dir='ltr'><strong>extenditur,</strong></span> <span class='ocrx_word' id='word_1_704' title='bbox 954 5057 1155 5107; x_wconf 90' lang='lat' dir='ltr'><strong>etcum</strong></span> <span class='ocrx_word' id='word_1_705' title='bbox 1176 5053 1235 5106; x_wconf 90' lang='lat' dir='ltr'><strong>in</strong></span> <span class='ocrx_word' id='word_1_706' title='bbox 1254 5070 1513 5125; x_wconf 87' lang='lat' dir='ltr'><strong>pugnum</strong></span> <span class='ocrx_word' id='word_1_707' title='bbox 1542 5053 1895 5125; x_wconf 85' lang='lat' dir='ltr'><strong>astringitur.</strong></span> <span class='ocrx_word' id='word_1_708' title='bbox 1915 5054 2050 5108; x_wconf 84' lang='lat' dir='ltr'><strong>Pru-</strong></span> 
     </span>
    </p>
   </div>
   <div class='ocr_carea' id='block_1_95' title="bbox 417 5144 2049 5218">
    <p class='ocr_par' dir='ltr' id='par_1_95' title="bbox 417 5144 2049 5218">
     <span class='ocr_line' id='line_1_96' title="bbox 417 5144 2049 5218; baseline 0 -17"><span class='ocrx_word' id='word_1_709' title='bbox 417 5146 601 5202; x_wconf 92' lang='lat' dir='ltr'><strong>dentis</strong></span> <span class='ocrx_word' id='word_1_710' title='bbox 628 5144 921 5218; x_wconf 89' lang='lat' dir='ltr'><strong>proprium</strong></span> <span class='ocrx_word' id='word_1_711' title='bbox 952 5150 1037 5200; x_wconf 90' lang='lat' dir='ltr'><strong>est</strong></span> <span class='ocrx_word' id='word_1_712' title='bbox 1063 5146 1385 5201; x_wconf 86' lang='lat' dir='ltr'><strong>examinare</strong></span> <span class='ocrx_word' id='word_1_713' title='bbox 1417 5147 1667 5214; x_wconf 86' lang='lat' dir='ltr'><strong>consilia,</strong></span> <span class='ocrx_word' id='word_1_714' title='bbox 1699 5151 1755 5202; x_wconf 89' lang='lat' dir='ltr'><strong>et</strong></span> <span class='ocrx_word' id='word_1_715' title='bbox 1789 5164 1902 5202; x_wconf 91' lang='lat' dir='ltr'><strong>non</strong></span> <span class='ocrx_word' id='word_1_716' title='bbox 1939 5146 2049 5202; x_wconf 91' lang='lat' dir='ltr'><strong>cito</strong></span> 
     </span>
    </p>
   </div>
   <div class='ocr_carea' id='block_1_96' title="bbox 416 5237 2046 5311">
    <p class='ocr_par' dir='ltr' id='par_1_96' title="bbox 416 5237 2046 5311">
     <span class='ocr_line' id='line_1_97' title="bbox 416 5237 2046 5311; baseline 0.001 -17"><span class='ocrx_word' id='word_1_717' title='bbox 416 5239 566 5294; x_wconf 83' lang='lat' dir='ltr'><strong>facili</strong></span> <span class='ocrx_word' id='word_1_718' title='bbox 592 5237 920 5295; x_wconf 88' lang='lat' dir='ltr'><strong>credulitate</strong></span> <span class='ocrx_word' id='word_1_719' title='bbox 952 5239 1022 5293; x_wconf 92' lang='lat' dir='ltr'><strong>ad</strong></span> <span class='ocrx_word' id='word_1_720' title='bbox 1048 5239 1182 5295; x_wconf 87' lang='lat' dir='ltr'><strong>falsa</strong></span> <span class='ocrx_word' id='word_1_721' title='bbox 1212 5240 1449 5311; x_wconf 88' lang='lat' dir='ltr'><strong>prolabi.</strong></span> <span class='ocrx_word' id='word_1_722' title='bbox 1484 5241 1560 5294; x_wconf 91' lang='lat' dir='ltr'><strong>De</strong></span> <span class='ocrx_word' id='word_1_723' title='bbox 1589 5240 1773 5295; x_wconf 89' lang='lat' dir='ltr'><strong>dubiis</strong></span> <span class='ocrx_word' id='word_1_724' title='bbox 1803 5257 1919 5295; x_wconf 88' lang='lat' dir='ltr'><strong>non</strong></span> <span class='ocrx_word' id='word_1_725' title='bbox 1948 5241 2046 5295; x_wconf 88' lang='lat' dir='ltr'><strong>de-</strong></span> 
     </span>
    </p>
   </div>
   <div class='ocr_carea' id='block_1_97' title="bbox 414 5332 2049 5402">
    <p class='ocr_par' dir='ltr' id='par_1_97' title="bbox 414 5332 2049 5402">
     <span class='ocr_line' id='line_1_98' title="bbox 414 5332 2049 5402; baseline 0.002 -16"><span class='ocrx_word' id='word_1_726' title='bbox 414 5332 593 5402; x_wconf 87' lang='lat' dir='ltr'><strong>ﬁnias,</strong></span> <span class='ocrx_word' id='word_1_727' title='bbox 627 5332 722 5387; x_wconf 90' lang='lat' dir='ltr'><strong>sed</strong></span> <span class='ocrx_word' id='word_1_728' title='bbox 753 5347 1085 5402; x_wconf 89' lang='lat' dir='ltr'><strong>suspensam</strong></span> <span class='ocrx_word' id='word_1_729' title='bbox 1112 5337 1305 5388; x_wconf 89' lang='lat' dir='ltr'><strong>teneas</strong></span> <span class='ocrx_word' id='word_1_730' title='bbox 1334 5334 1690 5389; x_wconf 89' lang='lat' dir='ltr'><strong>sententiam.</strong></span> <span class='ocrx_word' id='word_1_731' title='bbox 1721 5334 1869 5388; x_wconf 84' lang='lat' dir='ltr'><strong>Nihil</strong></span> <span class='ocrx_word' id='word_1_732' title='bbox 1894 5334 2049 5389; x_wconf 79' lang='lat' dir='ltr'><strong>inex-</strong></span> 
     </span>
    </p>
   </div>
   <div class='ocr_carea' id='block_1_98' title="bbox 408 5423 2048 5497">
    <p class='ocr_par' dir='ltr' id='par_1_98' title="bbox 408 5423 2048 5497">
     <span class='ocr_line' id='line_1_99' title="bbox 408 5423 2048 5497; baseline 0.001 -18"><span class='ocrx_word' id='word_1_733' title='bbox 408 5430 631 5496; x_wconf 89' lang='lat' dir='ltr'><strong>pertum</strong></span> <span class='ocrx_word' id='word_1_734' title='bbox 678 5423 927 5480; x_wconf 84' lang='lat' dir='ltr'><strong>afﬁrmes</strong></span> <span class='ocrx_word' id='word_1_735' title='bbox 956 5425 1088 5497; x_wconf 90' lang='lat' dir='ltr'><strong>quia</strong></span> <span class='ocrx_word' id='word_1_736' title='bbox 1134 5443 1251 5481; x_wconf 91' lang='lat' dir='ltr'><strong>non</strong></span> <span class='ocrx_word' id='word_1_737' title='bbox 1304 5443 1471 5481; x_wconf 92' lang='lat' dir='ltr'><strong>omne</strong></span> <span class='ocrx_word' id='word_1_738' title='bbox 1512 5425 1812 5483; x_wconf 87' lang='lat' dir='ltr'><strong>verisimile</strong></span> <span class='ocrx_word' id='word_1_739' title='bbox 1857 5426 2048 5481; x_wconf 89' lang='lat' dir='ltr'><strong>statim</strong></span> 
     </span>
    </p>
   </div>
   <div class='ocr_carea' id='block_1_99' title="bbox 414 5517 2047 5593">
    <p class='ocr_par' dir='ltr' id='par_1_99' title="bbox 414 5517 2047 5593">
     <span class='ocr_line' id='line_1_100' title="bbox 414 5517 2047 5593; baseline 0.004 -24"><span class='ocrx_word' id='word_1_740' title='bbox 414 5534 613 5572; x_wconf 87' lang='lat' dir='ltr'><strong>verum</strong></span> <span class='ocrx_word' id='word_1_741' title='bbox 640 5520 754 5587; x_wconf 89' lang='lat' dir='ltr'><strong>est;</strong></span> <span class='ocrx_word' id='word_1_742' title='bbox 782 5517 926 5573; x_wconf 90' lang='lat' dir='ltr'><strong>sicut</strong></span> <span class='ocrx_word' id='word_1_743' title='bbox 952 5524 1007 5575; x_wconf 92' lang='lat' dir='ltr'><strong>et</strong></span> <span class='ocrx_word' id='word_1_744' title='bbox 1032 5519 1236 5591; x_wconf 70' lang='lat' dir='ltr'><strong>saepius</strong></span> <span class='ocrx_word' id='word_1_745' title='bbox 1262 5521 1413 5593; x_wconf 92' lang='lat' dir='ltr'><strong>quod</strong></span> <span class='ocrx_word' id='word_1_746' title='bbox 1438 5521 1689 5593; x_wconf 85' lang='lat' dir='ltr'><strong>primum</strong></span> <span class='ocrx_word' id='word_1_747' title='bbox 1717 5518 2047 5576; x_wconf 88' lang='lat' dir='ltr'><strong>incredibile</strong></span> 
     </span>
    </p>
   </div>
   <div class='ocr_carea' id='block_1_100' title="bbox 486 5722 2045 5800">
    <p class='ocr_par' dir='ltr' id='par_1_100' title="bbox 486 5722 2045 5800">
     <span class='ocr_line' id='line_1_101' title="bbox 486 5722 2045 5800; baseline 0.005 -21"><span class='ocrx_word' id='word_1_748' title='bbox 486 5722 625 5800; x_wconf 59' lang='lat' dir='ltr'><strong>f_Si_c</strong></span> <span class='ocrx_word' id='word_1_749' title='bbox 659 5740 763 5800; x_wconf 24' lang='lat' dir='ltr'><strong>ex‘</strong></span> <span class='ocrx_word' id='word_1_750' title='bbox 792 5725 1038 5783; x_wconf 90' lang='lat' dir='ltr'><strong>editione</strong></span> <span class='ocrx_word' id='word_1_751' title='bbox 1105 5727 1287 5784; x_wconf 90' lang='lat' dir='ltr'><strong>Vineti</strong></span> <span class='ocrx_word' id='word_1_752' title='bbox 1338 5729 1575 5785; x_wconf 84' lang='lat' dir='ltr'><strong>Pictavis</strong></span> <span class='ocrx_word' id='word_1_753' title='bbox 1615 5728 1841 5800; x_wconf 83' lang='lat' dir='ltr'><strong>vulgata</strong></span> <span class='ocrx_word' id='word_1_754' title='bbox 1894 5746 2045 5788; x_wconf 90' lang='lat' dir='ltr'><strong>anno</strong></span> 
     </span>
    </p>
   </div>
   <div class='ocr_carea' id='block_1_101' title="bbox 410 5793 2045 5873">
    <p class='ocr_par' dir='ltr' id='par_1_101' title="bbox 410 5793 2045 5873">
     <span class='ocr_line' id='line_1_102' title="bbox 410 5793 2045 5873; baseline 0.006 -25"><span class='ocrx_word' id='word_1_755' title='bbox 410 5793 552 5873; x_wconf 49' lang='lat' dir='ltr'><strong>15ft</strong></span> <span class='ocrx_word' id='word_1_756' title='bbox 581 5794 875 5873; x_wconf 67' lang='lat' dir='ltr'><strong>Baluzius;</strong></span> <span class='ocrx_word' id='word_1_757' title='bbox 898 5806 1061 5856; x_wconf 90' lang='lat' dir='ltr'><strong>antea</strong></span> <span class='ocrx_word' id='word_1_758' title='bbox 1080 5800 1353 5873; x_wconf 81' lang='lat' dir='ltr'><strong>mendose</strong></span> <span class='ocrx_word' id='word_1_759' title='bbox 1371 5800 1668 5873; x_wconf 74' lang='lat' dir='ltr'><strong>legebatur</strong></span> <span class='ocrx_word' id='word_1_760' title='bbox 1690 5793 1955 5857; x_wconf 57' lang='lat' dir='ltr'><strong>mortalis.</strong></span> <span class='ocrx_word' id='word_1_761' title='bbox 1976 5832 2045 5844; x_wconf 91' lang='lat'>—</span> 
     </span>
    </p>
   </div>
   <div class='ocr_carea' id='block_1_102' title="bbox 407 5862 2045 5944">
    <p class='ocr_par' dir='ltr' id='par_1_102' title="bbox 407 5862 2045 5944">
     <span class='ocr_line' id='line_1_103' title="bbox 407 5862 2045 5944; baseline 0.005 -26"><span class='ocrx_word' id='word_1_762' title='bbox 407 5862 601 5918; x_wconf 82' lang='lat' dir='ltr'><strong>Editor</strong></span> <span class='ocrx_word' id='word_1_763' title='bbox 626 5862 1021 5941; x_wconf 81' lang='lat' dir='ltr'><strong>Bacberianus,</strong></span> <span class='ocrx_word' id='word_1_764' title='bbox 1042 5871 1141 5944; x_wconf 91' lang='lat' dir='ltr'><strong>qui</strong></span> <span class='ocrx_word' id='word_1_765' title='bbox 1161 5887 1229 5926; x_wconf 85' lang='lat' dir='ltr'><strong>ex</strong></span> <span class='ocrx_word' id='word_1_766' title='bbox 1258 5862 1462 5927; x_wconf 62' lang='lat' dir='ltr'><strong>uideni</strong></span> <span class='ocrx_word' id='word_1_767' title='bbox 1479 5871 1751 5940; x_wconf 83' lang='lat' dir='ltr'><strong>editione,</strong></span> <span class='ocrx_word' id='word_1_768' title='bbox 1773 5887 1910 5927; x_wconf 86' lang='lat' dir='ltr'><strong>mox</strong></span> <span class='ocrx_word' id='word_1_769' title='bbox 1937 5875 2045 5928; x_wconf 77' lang='lat' dir='ltr'><strong>tuis</strong></span> 
     </span>
    </p>
   </div>
   <div class='ocr_carea' id='block_1_103' title="bbox 2151 4672 3779 4749">
    <p class='ocr_par' dir='ltr' id='par_1_103' title="bbox 2151 4672 3779 4749">
     <span class='ocr_line' id='line_1_104' title="bbox 2151 4672 3779 4749; baseline 0.004 -22"><span class='ocrx_word' id='word_1_770' title='bbox 2151 4672 2384 4728; x_wconf 89' lang='lat' dir='ltr'><strong>dicentis</strong></span> <span class='ocrx_word' id='word_1_771' title='bbox 2416 4674 2734 4740; x_wconf 81' lang='lat' dir='ltr'><strong>auctoritas,</strong></span> <span class='ocrx_word' id='word_1_772' title='bbox 2775 4692 2878 4730; x_wconf 86' lang='lat' dir='ltr'><strong>nec</strong></span> <span class='ocrx_word' id='word_1_773' title='bbox 2918 4674 3063 4747; x_wconf 89' lang='lat' dir='ltr'><strong>quis,</strong></span> <span class='ocrx_word' id='word_1_774' title='bbox 3099 4677 3196 4732; x_wconf 92' lang='lat' dir='ltr'><strong>sed</strong></span> <span class='ocrx_word' id='word_1_775' title='bbox 3228 4677 3365 4749; x_wconf 87' lang='lat' dir='ltr'><strong>quid</strong></span> <span class='ocrx_word' id='word_1_776' title='bbox 3391 4678 3558 4745; x_wconf 89' lang='lat' dir='ltr'><strong>dicat,</strong></span> <span class='ocrx_word' id='word_1_777' title='bbox 3589 4680 3779 4734; x_wconf 86' lang='lat' dir='ltr'><strong>inten-</strong></span> 
     </span>
    </p>
   </div>
   <div class='ocr_carea' id='block_1_104' title="bbox 2151 4767 3776 4846">
    <p class='ocr_par' dir='ltr' id='par_1_104' title="bbox 2151 4767 3776 4846">
     <span class='ocr_line' id='line_1_105' title="bbox 2151 4767 3776 4846; baseline 0.004 -24"><span class='ocrx_word' id='word_1_778' title='bbox 2151 4767 2284 4822; x_wconf 89' lang='lat' dir='ltr'><strong>dito.</strong></span> <span class='ocrx_word' id='word_1_779' title='bbox 2315 4769 2424 4822; x_wconf 86' lang='lat' dir='ltr'><strong>Nec</strong></span> <span class='ocrx_word' id='word_1_780' title='bbox 2454 4784 2623 4840; x_wconf 89' lang='lat' dir='ltr'><strong>quam</strong></span> <span class='ocrx_word' id='word_1_781' title='bbox 2653 4769 2868 4834; x_wconf 90' lang='lat' dir='ltr'><strong>multis,</strong></span> <span class='ocrx_word' id='word_1_782' title='bbox 2900 4769 2997 4824; x_wconf 90' lang='lat' dir='ltr'><strong>sed</strong></span> <span class='ocrx_word' id='word_1_783' title='bbox 3024 4770 3284 4843; x_wconf 82' lang='lat' dir='ltr'><strong>qualibus</strong></span> <span class='ocrx_word' id='word_1_784' title='bbox 3310 4773 3543 4844; x_wconf 90' lang='lat' dir='ltr'><strong>placeat,</strong></span> <span class='ocrx_word' id='word_1_785' title='bbox 3573 4775 3776 4846; x_wconf 86' lang='lat' dir='ltr'><strong>cogita.</strong></span> 
     </span>
    </p>
   </div>
   <div class='ocr_carea' id='block_1_105' title="bbox 2153 4862 3780 4939">
    <p class='ocr_par' dir='ltr' id='par_1_105' title="bbox 2153 4862 3780 4939">
     <span class='ocr_line' id='line_1_106' title="bbox 2153 4862 3780 4939; baseline 0.004 -24"><span class='ocrx_word' id='word_1_786' title='bbox 2153 4862 2211 4916; x_wconf 92' lang='lat' dir='ltr'><strong>ld</strong></span> <span class='ocrx_word' id='word_1_787' title='bbox 2235 4878 2425 4934; x_wconf 60' lang='lat' dir='ltr'><strong>quaere</strong></span> <span class='ocrx_word' id='word_1_788' title='bbox 2456 4862 2607 4933; x_wconf 90' lang='lat' dir='ltr'><strong>quod</strong></span> <span class='ocrx_word' id='word_1_789' title='bbox 2637 4862 2889 4917; x_wconf 87' lang='lat' dir='ltr'><strong>invenire</strong></span> <span class='ocrx_word' id='word_1_790' title='bbox 2916 4863 3114 4934; x_wconf 89' lang='lat' dir='ltr'><strong>possis.</strong></span> <span class='ocrx_word' id='word_1_791' title='bbox 3155 4865 3213 4920; x_wconf 87' lang='lat' dir='ltr'><strong>Id</strong></span> <span class='ocrx_word' id='word_1_792' title='bbox 3238 4865 3407 4935; x_wconf 89' lang='lat' dir='ltr'><strong>disce,</strong></span> <span class='ocrx_word' id='word_1_793' title='bbox 3438 4867 3590 4937; x_wconf 89' lang='lat' dir='ltr'><strong>quod</strong></span> <span class='ocrx_word' id='word_1_794' title='bbox 3622 4873 3780 4939; x_wconf 89' lang='lat' dir='ltr'><strong>potes</strong></span> 
     </span>
    </p>
   </div>
   <div class='ocr_carea' id='block_1_106' title="bbox 2151 4956 3777 5031">
    <p class='ocr_par' dir='ltr' id='par_1_106' title="bbox 2151 4956 3777 5031">
     <span class='ocr_line' id='line_1_107' title="bbox 2151 4956 3777 5031; baseline 0.004 -22"><span class='ocrx_word' id='word_1_795' title='bbox 2151 4956 2312 5010; x_wconf 89' lang='lat' dir='ltr'><strong>scire.</strong></span> <span class='ocrx_word' id='word_1_796' title='bbox 2344 4956 2402 5010; x_wconf 90' lang='lat' dir='ltr'><strong>Id</strong></span> <span class='ocrx_word' id='word_1_797' title='bbox 2430 4960 2582 5029; x_wconf 82' lang='lat' dir='ltr'><strong>Opta,</strong></span> <span class='ocrx_word' id='word_1_798' title='bbox 2611 4956 2762 5027; x_wconf 91' lang='lat' dir='ltr'><strong>quod</strong></span> <span class='ocrx_word' id='word_1_799' title='bbox 2792 4957 2975 5028; x_wconf 91' lang='lat' dir='ltr'><strong>optari</strong></span> <span class='ocrx_word' id='word_1_800' title='bbox 3001 4974 3191 5012; x_wconf 89' lang='lat' dir='ltr'><strong>coram</strong></span> <span class='ocrx_word' id='word_1_801' title='bbox 3232 4958 3397 5013; x_wconf 91' lang='lat' dir='ltr'><strong>bonis</strong></span> <span class='ocrx_word' id='word_1_802' title='bbox 3435 4964 3636 5031; x_wconf 88' lang='lat' dir='ltr'><strong>potest.</strong></span> <span class='ocrx_word' id='word_1_803' title='bbox 3670 4962 3777 5016; x_wconf 85' lang='lat' dir='ltr'><strong>Nec</strong></span> 
     </span>
    </p>
   </div>
   <div class='ocr_carea' id='block_1_107' title="bbox 2149 5048 3776 5122">
    <p class='ocr_par' dir='ltr' id='par_1_107' title="bbox 2149 5048 3776 5122">
     <span class='ocr_line' id='line_1_108' title="bbox 2149 5048 3776 5122; baseline 0.004 -21"><span class='ocrx_word' id='word_1_804' title='bbox 2149 5048 2335 5103; x_wconf 88' lang='lat' dir='ltr'><strong>altiori</strong></span> <span class='ocrx_word' id='word_1_805' title='bbox 2361 5053 2416 5103; x_wconf 91' lang='lat' dir='ltr'><strong>te</strong></span> <span class='ocrx_word' id='word_1_806' title='bbox 2445 5050 2528 5104; x_wconf 91' lang='lat' dir='ltr'><strong>rei</strong></span> <span class='ocrx_word' id='word_1_807' title='bbox 2556 5049 2835 5121; x_wconf 81' lang='lat' dir='ltr'><strong>irnponas,</strong></span> <span class='ocrx_word' id='word_1_808' title='bbox 2857 5049 2916 5103; x_wconf 92' lang='lat' dir='ltr'><strong>in</strong></span> <span class='ocrx_word' id='word_1_809' title='bbox 2942 5066 3055 5121; x_wconf 90' lang='lat' dir='ltr'><strong>qua</strong></span> <span class='ocrx_word' id='word_1_810' title='bbox 3078 5050 3179 5104; x_wconf 89' lang='lat' dir='ltr'><strong>tibi</strong></span> <span class='ocrx_word' id='word_1_811' title='bbox 3206 5051 3375 5105; x_wconf 89' lang='lat' dir='ltr'><strong>stanti</strong></span> <span class='ocrx_word' id='word_1_812' title='bbox 3396 5053 3776 5122; x_wconf 88' lang='lat' dir='ltr'><strong>tremendum,</strong></span> 
     </span>
    </p>
   </div>
   <div class='ocr_carea' id='block_1_108' title="bbox 2149 5142 3778 5203">
    <p class='ocr_par' dir='ltr' id='par_1_108' title="bbox 2149 5142 3778 5203">
     <span class='ocr_line' id='line_1_109' title="bbox 2149 5142 3778 5203; baseline 0.004 -6"><span class='ocrx_word' id='word_1_813' title='bbox 2149 5142 2469 5197; x_wconf 87' lang='lat' dir='ltr'><strong>ascendenti</strong></span> <span class='ocrx_word' id='word_1_814' title='bbox 2504 5142 2820 5197; x_wconf 90' lang='lat' dir='ltr'><strong>cadendum</strong></span> <span class='ocrx_word' id='word_1_815' title='bbox 2849 5142 2940 5198; x_wconf 91' lang='lat' dir='ltr'><strong>sit.</strong></span> <span class='ocrx_word' id='word_1_816' title='bbox 2972 5143 3211 5197; x_wconf 86' lang='lat' dir='ltr'><strong>Consilia</strong></span> <span class='ocrx_word' id='word_1_817' title='bbox 3239 5144 3341 5199; x_wconf 90' lang='lat' dir='ltr'><strong>tibi</strong></span> <span class='ocrx_word' id='word_1_818' title='bbox 3368 5146 3653 5202; x_wconf 79' lang='lat' dir='ltr'><strong>salutifera</strong></span> <span class='ocrx_word' id='word_1_819' title='bbox 3677 5148 3778 5203; x_wconf 83' lang='lat' dir='ltr'><strong>ad-</strong></span> 
     </span>
    </p>
   </div>
   <div class='ocr_carea' id='block_1_109' title="bbox 2148 5235 3783 5308">
    <p class='ocr_par' dir='ltr' id='par_1_109' title="bbox 2148 5235 3783 5308">
     <span class='ocr_line' id='line_1_110' title="bbox 2148 5235 3783 5308; baseline 0.005 -19"><span class='ocrx_word' id='word_1_820' title='bbox 2148 5254 2302 5292; x_wconf 82' lang='lat' dir='ltr'><strong>voca.</strong></span> <span class='ocrx_word' id='word_1_821' title='bbox 2321 5237 2463 5291; x_wconf 89' lang='lat' dir='ltr'><strong>Cum</strong></span> <span class='ocrx_word' id='word_1_822' title='bbox 2490 5236 2593 5291; x_wconf 89' lang='lat' dir='ltr'><strong>tibi</strong></span> <span class='ocrx_word' id='word_1_823' title='bbox 2617 5235 2818 5290; x_wconf 89' lang='lat' dir='ltr'><strong>alludit</strong></span> <span class='ocrx_word' id='word_1_824' title='bbox 2834 5236 2962 5291; x_wconf 80' lang='lat' dir='ltr'><strong>vitae</strong></span> <span class='ocrx_word' id='word_1_825' title='bbox 2990 5238 3353 5308; x_wconf 85' lang='lat' dir='ltr'><strong>prosperitas,</strong></span> <span class='ocrx_word' id='word_1_826' title='bbox 3381 5242 3520 5294; x_wconf 92' lang='lat' dir='ltr'><strong>tunc</strong></span> <span class='ocrx_word' id='word_1_827' title='bbox 3545 5244 3602 5295; x_wconf 89' lang='lat' dir='ltr'><strong>te</strong></span> <span class='ocrx_word' id='word_1_828' title='bbox 3626 5240 3783 5297; x_wconf 89' lang='lat' dir='ltr'><strong>velut</strong></span> 
     </span>
    </p>
   </div>
   <div class='ocr_carea' id='block_1_110' title="bbox 2148 5328 3784 5405">
    <p class='ocr_par' dir='ltr' id='par_1_110' title="bbox 2148 5328 3784 5405">
     <span class='ocr_line' id='line_1_111' title="bbox 2148 5328 3784 5405; baseline 0.003 -21"><span class='ocrx_word' id='word_1_829' title='bbox 2148 5331 2205 5385; x_wconf 90' lang='lat' dir='ltr'><strong>in</strong></span> <span class='ocrx_word' id='word_1_830' title='bbox 2236 5330 2451 5384; x_wconf 88' lang='lat' dir='ltr'><strong>lubrico</strong></span> <span class='ocrx_word' id='word_1_831' title='bbox 2479 5328 2747 5384; x_wconf 88' lang='lat' dir='ltr'><strong>retinebis</strong></span> <span class='ocrx_word' id='word_1_832' title='bbox 2775 5346 2838 5383; x_wconf 89' lang='lat' dir='ltr'><strong>ac</strong></span> <span class='ocrx_word' id='word_1_833' title='bbox 2869 5329 3047 5399; x_wconf 88' lang='lat' dir='ltr'><strong>sistes,</strong></span> <span class='ocrx_word' id='word_1_834' title='bbox 3078 5348 3182 5387; x_wconf 89' lang='lat' dir='ltr'><strong>nec</strong></span> <span class='ocrx_word' id='word_1_835' title='bbox 3208 5331 3311 5386; x_wconf 91' lang='lat' dir='ltr'><strong>tibi</strong></span> <span class='ocrx_word' id='word_1_836' title='bbox 3338 5332 3496 5386; x_wconf 88' lang='lat' dir='ltr'><strong>dabis</strong></span> <span class='ocrx_word' id='word_1_837' title='bbox 3536 5334 3784 5405; x_wconf 88' lang='lat' dir='ltr'><strong>impetus</strong></span> 
     </span>
    </p>
   </div>
   <div class='ocr_carea' id='block_1_111' title="bbox 2148 5422 3781 5497">
    <p class='ocr_par' dir='ltr' id='par_1_111' title="bbox 2148 5422 3781 5497">
     <span class='ocr_line' id='line_1_112' title="bbox 2148 5422 3781 5497; baseline 0.004 -20"><span class='ocrx_word' id='word_1_838' title='bbox 2148 5424 2372 5493; x_wconf 87' lang='lat' dir='ltr'><strong>liberos,</strong></span> <span class='ocrx_word' id='word_1_839' title='bbox 2426 5424 2522 5478; x_wconf 90' lang='lat' dir='ltr'><strong>sed</strong></span> <span class='ocrx_word' id='word_1_840' title='bbox 2575 5422 2992 5494; x_wconf 87' lang='lat' dir='ltr'><strong>circumspicies</strong></span> <span class='ocrx_word' id='word_1_841' title='bbox 3056 5441 3169 5496; x_wconf 89' lang='lat' dir='ltr'><strong>quo</strong></span> <span class='ocrx_word' id='word_1_842' title='bbox 3231 5426 3485 5481; x_wconf 76' lang='lat' dir='ltr'><strong>ctmdum</strong></span> <span class='ocrx_word' id='word_1_843' title='bbox 3546 5428 3636 5497; x_wconf 91' lang='lat' dir='ltr'><strong>sit,</strong></span> <span class='ocrx_word' id='word_1_844' title='bbox 3693 5430 3781 5483; x_wconf 86' lang='lat' dir='ltr'><strong>vel</strong></span> 
     </span>
    </p>
   </div>
   <div class='ocr_carea' id='block_1_112' title="bbox 2147 5533 2459 5590">
    <p class='ocr_par' dir='ltr' id='par_1_112' title="bbox 2147 5533 2459 5590">
     <span class='ocr_line' id='line_1_113' title="bbox 2147 5533 2459 5590; baseline 0.01 -21"><span class='ocrx_word' id='word_1_845' title='bbox 2147 5533 2459 5590; x_wconf 90' lang='lat' dir='ltr'><strong>quousque.</strong></span> 
     </span>
    </p>
   </div>
   <div class='ocr_carea' id='block_1_113' title="bbox 2146 5724 3469 5806">
    <p class='ocr_par' dir='ltr' id='par_1_113' title="bbox 2146 5724 3469 5806">
     <span class='ocr_line' id='line_1_114' title="bbox 2146 5724 3469 5806; baseline -0.002 -23"><span class='ocrx_word' id='word_1_846' title='bbox 2146 5726 2361 5806; x_wconf 73' lang='lat' dir='ltr'><strong>addidit</strong></span> <span class='ocrx_word' id='word_1_847' title='bbox 2385 5729 2512 5806; x_wconf 78' lang='lat' dir='ltr'><strong>ante</strong></span> <span class='ocrx_word' id='word_1_848' title='bbox 2536 5724 2629 5779; x_wconf 90' lang='lat' dir='ltr'><strong>illa</strong></span> <span class='ocrx_word' id='word_1_849' title='bbox 2652 5728 2847 5806; x_wconf 62' lang='lat' dir='ltr'><strong>saepius</strong></span> <span class='ocrx_word' id='word_1_850' title='bbox 2873 5726 3090 5806; x_wconf 49' lang='lat' dir='ltr'><strong>litteris.</strong></span> <span class='ocrx_word' id='word_1_851' title='bbox 3307 5800 3316 5806; x_wconf 28' lang='grc' dir='ltr'>ι</span> <span class='ocrx_word' id='word_1_852' title='bbox 3403 5798 3437 5806; x_wconf 81' lang='lat'><strong><em>_</em></strong></span> <span class='ocrx_word' id='word_1_853' title='bbox 3464 5750 3469 5755; x_wconf 86' lang='lat'><strong><em>-</em></strong></span> 
     </span>
    </p>
   </div>
   <div class='ocr_carea' id='block_1_114' title="bbox 2215 5796 3780 5867">
    <p class='ocr_par' dir='ltr' id='par_1_114' title="bbox 2215 5796 3780 5867">
     <span class='ocr_line' id='line_1_115' title="bbox 2215 5796 3780 5867; baseline 0.002 -15"><span class='ocrx_word' id='word_1_854' title='bbox 2215 5798 2244 5839; x_wconf 74' lang='grc' dir='ltr'><strong>ιι</strong></span> <span class='ocrx_word' id='word_1_855' title='bbox 2272 5798 2358 5854; x_wconf 90' lang='lat' dir='ltr'><strong>Sic</strong></span> <span class='ocrx_word' id='word_1_856' title='bbox 2388 5796 2541 5852; x_wconf 89' lang='lat' dir='ltr'><strong>idem</strong></span> <span class='ocrx_word' id='word_1_857' title='bbox 2568 5796 2842 5865; x_wconf 88' lang='lat' dir='ltr'><strong>rescribit,</strong></span> <span class='ocrx_word' id='word_1_858' title='bbox 2873 5796 2971 5851; x_wconf 89' lang='lat' dir='ltr'><strong>ubi</strong></span> <span class='ocrx_word' id='word_1_859' title='bbox 3001 5799 3165 5851; x_wconf 87' lang='lat' dir='ltr'><strong>antea</strong></span> <span class='ocrx_word' id='word_1_860' title='bbox 3205 5800 3324 5851; x_wconf 90' lang='lat' dir='ltr'><strong>erat</strong></span> <span class='ocrx_word' id='word_1_861' title='bbox 3351 5798 3577 5867; x_wconf 60' lang='lat' dir='ltr'><strong>aferam</strong></span> <span class='ocrx_word' id='word_1_862' title='bbox 3607 5799 3780 5857; x_wconf 78' lang='lat' dir='ltr'><strong>dictu.</strong></span> 
     </span>
    </p>
   </div>
  </div>
