4020 6232
155 386 211 444 23

770 498 987 556 CAPUT
1028 501 1092 556 ll.

638 612 712 666 De
751 614 1222 682 magnanimitate.

205 740 610 814 Magnanimitas
658 757 811 811 vero,
851 759 980 814 quae
1026 747 1083 799 et
1124 743 1394 800 fortitudo
1440 745 1664 817 dicitur,
1699 747 1747 802 si

147 836 258 891 insit
278 834 455 889 animo
490 839 611 903 tuo,
641 852 773 890 cum
806 852 1017 907 magna
1045 836 1249 891 ﬁducia
1276 838 1427 894 vives
1460 839 1622 911 liber,
1652 840 1742 895 in-

145 928 379 1001 trepidus,
418 929 623 984 alacer.
661 929 846 1001 Magni
889 929 1071 985 animi
1114 931 1361 987 hominis
1402 932 1619 988 bonum
1662 938 1745 990 est

144 1039 238 1077 non
262 1022 522 1088 vacillare,
546 1028 801 1077 constare
831 1023 957 1094 sibi,
983 1028 1040 1078 et
1066 1024 1241 1080 finem
1269 1026 1400 1080 vita:
1428 1026 1744 1098 intrepidus

145 1120 444 1188 exspectare.
466 1116 555 1170 Nil
582 1116 734 1171 aliud
756 1133 1032 1188 magnum
1057 1119 1114 1173 in
1136 1118 1305 1173 rebus
1326 1120 1612 1190 humanis,
1632 1121 1739 1178 nisi

141 1210 329 1264 animus
365 1226 569 1282 magna
613 1210 947 1282 despiciens.
992 1211 1048 1266 Si
1096 1212 1497 1283 magnanimus
1538 1214 1738 1285 fueris,

142 1319 393 1375 nunquam
403 1303 683 1374 judicabis
702 1304 803 1358 tibi
824 1304 1224 1360 contumeliam
1244 1305 1390 1361 ﬁeri.
1416 1307 1489 1361 De
1510 1307 1739 1363 inimico

144 1396 291 1451 dices:
312 1398 424 1451 Non
440 1397 634 1452 nocuit
653 1397 816 1464 mihi,
840 1398 936 1452 sed
956 1398 1214 1453 animum
1242 1399 1482 1454 nocendi
1506 1401 1736 1471 habuit;

144 1494 323 1545 etcum
346 1490 505 1545 illum
533 1490 593 1543 in
623 1494 897 1561 potestate
928 1496 1025 1545 tua
1051 1491 1275 1559 videris,
1303 1493 1610 1550 vindictam
1638 1511 1739 1565 pu-

144 1583 278 1651 tabis,
315 1583 588 1638 vindicare
630 1583 897 1655 potuisse.
939 1584 1086 1639 Scito
1137 1585 1293 1642 enim
1335 1586 1636 1643 honestum
1683 1591 1740 1643 et

146 1692 377 1748 magnum
413 1693 593 1748 genus
631 1677 891 1732 vindicta:
929 1694 1048 1732 esse
1092 1678 1403 1749 ignoscere.
1443 1680 1738 1736 Neminem

110 1774 333 1825 ‘susurro
366 1775 616 1842 appetas,
649 1772 941 1827 neminem
980 1771 1263 1841 sutfodias,
1296 1773 1487 1844 palam
1527 1790 1734 1846 aggre-

141 1862 265 1918 dere.
305 1864 418 1918 Non
465 1881 648 1936 geres,
704 1864 1030 1919 conﬂictum
1080 1866 1189 1920 nisi
1238 1866 1545 1936 indixeris;
1601 1885 1734 1923 nam

140 1957 325 2010 fraudes
344 1964 395 2012 et
413 1958 525 2012 doli
545 1958 897 2013 imbecillum
917 1959 1139 2013 decent.
1163 1959 1285 2014 Eris
1307 1961 1732 2032 magnanimus,

141 2048 175 2101 si
193 2049 413 2121 pericula
441 2068 543 2105 nec
565 2055 818 2123 appetas,
842 2056 907 2106 ut
930 2053 1290 2122 temerarius,
1315 2070 1418 2108 nec
1438 2054 1730 2125 formides,

140 2148 189 2196 ut
225 2143 468 2214 timidus;
512 2162 651 2223 nam
692 2145 774 2199 nil
816 2146 1084 2202 timidum
1130 2146 1261 2202 facit
1298 2147 1574 2214 animum,
1627 2147 1735 2202 nisi

141 2236 550 2305 reprehensibilis
578 2239 706 2293 vitae
746 2239 1107 2294 conscientia.
1138 2241 1399 2296 Mensura
1434 2258 1571 2313 ergo
1609 2258 1730 2296 ma-

143 2329 478 2399 gnanimitatis
516 2336 623 2397 est,
667 2348 770 2386 nec
808 2332 1075 2388 timidum
1115 2350 1234 2390 esse
1278 2334 1589 2403 hominem,
1628 2351 1732 2390 nec

143 2421 385 2477 audacem.

736 2521 954 2575 CAPUT
995 2522 1081 2575 lll.

675 2636 748 2687 De
801 2634 1149 2687 continentia.

193 2744 575 2802 Continentiam
603 2764 734 2802 vero
761 2747 807 2802 si
837 2748 1049 2820 diligis,
1079 2746 1418 2804 circumcide
1445 2749 1732 2819 superﬂua

144 2839 184 2889 et
214 2836 262 2891 in
297 2845 505 2895 erctum
557 2841 838 2897 desideria
886 2847 983 2897 tua
1039 2842 1386 2913 constringe.
1428 2842 1732 2897 Considera

144 2934 306 2999 tecum,
348 2939 627 3004 quantum
673 2939 877 2990 natura
920 2940 1126 3005 poscat,
1181 2940 1237 2989 et
1285 2951 1401 2989 non
1453 2940 1730 3006 quantum

147 3024 369 3093 cupiditas
426 3032 677 3099 expetat.
730 3028 787 3082 Si
836 3028 1131 3083 continens
1184 3028 1376 3095 fueris,
1431 3046 1496 3083 eo
1549 3045 1729 3100 usque

149 3120 403 3190 pervenies,
450 3127 513 3176 ut
560 3126 618 3176 te
661 3121 784 3192 ipso
831 3126 1127 3177 contentus
1170 3122 1265 3176 sis.
1308 3123 1448 3176 Nam
1487 3121 1586 3194 qui
1626 3122 1730 3176 sibi

149 3209 225 3279 ipsi
251 3213 367 3266 satis
400 3218 500 3283 est,
530 3232 666 3269 cum
702 3215 909 3269 divitiis
938 3220 1102 3269 natus
1129 3221 1231 3270 est.
1263 3218 1492 3288 impone
1520 3232 1727 3270 concu-

165 3267 176 3279 .
538 3267 664 3269 mw
940 3267 1029 3269 ρη
1063 3267 1096 3269 η
1263 3267 1489 3288 ᾔτηη
1529 3267 1693 3270 η--η

149 3302 511 3385 piscentiee’tuaa
546 3309 780 3363 frenum
809 3313 864 3363 et
890 3309 1144 3375 modum,
1174 3309 1477 3380 omniaque
1502 3308 1727 3363 blandi-
1749 3267 1804 3340 Ο

148 3403 292 3451 menta
336 3416 456 3471 qua:
503 3402 785 3456 occultam
839 3402 1188 3472 voluptatem
1242 3403 1494 3471 trahunt,
1534 3402 1726 3472 rejice.

150 3489 230 3543 Ede
252 3492 371 3547 citra
389 3493 748 3564 cruditatem,
778 3494 909 3549 bibe
939 3494 1077 3549 citra
1106 3495 1456 3550 ebrietatem.
1486 3496 1732 3550 Observa

147 3595 198 3635 ne
230 3582 277 3638 in
317 3588 559 3642 convivio
599 3593 699 3642 aut
735 3587 797 3642 in
837 3587 1091 3659 qualibet
1128 3588 1254 3642 vitae
1301 3588 1725 3656 communitate,

149 3690 253 3744 quos
289 3695 389 3734 non
432 3681 768 3751 imitaberis,
817 3681 1086 3736 damnare
1132 3681 1391 3737 videaris.
1430 3684 1538 3736 Nec
1579 3698 1726 3752 pra:-

151 3769 348 3826 sentibus
377 3773 587 3829 deliciis
624 3774 949 3845 inhaerebis,
995 3791 1099 3828 nec
1140 3775 1480 3829 desiderabis
1522 3775 1725 3829 absen-

151 3865 225 3915 tes.
244 3865 406 3921 Victus
440 3868 543 3923 tibi
578 3885 649 3922 ex
685 3867 833 3922 facili
871 3868 963 3934 sit,
994 3885 1097 3923 nec
1134 3868 1207 3923 ad
1232 3869 1598 3940 voluptatem,
1630 3868 1728 3923 sed

149 3953 200 4007 ad
227 3957 391 4014 cibum
425 3961 648 4016 accede.
676 3961 932 4017 Palatum
962 3964 1126 4015 tuum
1154 3962 1333 4016 fames
1358 3961 1581 4031 excitet,
1612 3978 1727 4016 non

152 4063 344 4119 sapores.
372 4054 650 4109 Desideria
682 4058 780 4108 tua
815 4071 985 4126 parvo
1020 4055 1257 4125 redime,
1290 4055 1423 4127 quia
1459 4055 1564 4109 hoc
1600 4060 1726 4110 tan-

154 4145 242 4196 tum
282 4161 462 4201 curare
510 4129 704 4216 debes,
760 4152 824 4202 ut
866 4147 1129 4203 desinant
1177 4164 1190 4203 :
1232 4152 1402 4220 atque
1446 4148 1609 4221 quasi
1656 4148 1728 4203 ad

154 4238 387 4309 exemplar
420 4240 765 4312 compositus
806 4240 1082 4310 divinum,
1112 4258 1145 4295 a
1180 4257 1416 4313 corpore
1446 4242 1517 4296 ad
1560 4241 1726 4312 spiri-

152 4331 258 4397 lllm,
280 4338 540 4402 quantum
581 4338 764 4405 potes,
793 4339 847 4389 te
883 4334 1087 4389 festina
1122 4335 1412 4389 reducere.
1444 4334 1500 4390 Si
1545 4334 1728 4389 conti-

150 4424 307 4478 nentiae
345 4426 547 4494 studes,
590 4427 785 4481 habita
821 4445 937 4482 non
977 4444 1218 4495 amcene,
1248 4428 1346 4483 sed
1384 4427 1726 4483 salubriter:

149 4528 224 4567 nec
248 4516 517 4575 dominum
548 4537 671 4577 esse
698 4520 832 4576 velis
859 4526 1059 4577 notum
1087 4540 1120 4575 a
1144 4522 1332 4592 domo,
1365 4521 1462 4576 sed
1495 4522 1729 4575 domum

986 390 1385 449 OPUSCULUM
1424 392 1704 450 PRIMUM.
1748 390 2063 451 FORMULA
2104 394 2427 451 HONESTA-I
2464 394 2656 452 ἮΤᾸΞ.

3416 384 3485 453 26

1770 504 2029 597 Ariliter
2100 503 2329 575 effusus,
2382 504 2430 559 si
2496 504 2852 561 muliebriter
2918 504 3146 562 fractus.
3200 503 3483 565 Odibilem

1846 614 2072 670 quoque
2100 598 2392 655 hominem
2429 599 2563 655 facit
2588 600 2753 669 risus,
2782 604 2882 656 aut
2918 600 3215 673 superbus,
3242 604 3341 655 aut
3368 600 3482 655 cla-

1846 708 1942 746 rus
1978 690 2083 763 [An
2100 691 2278 747 elatus
2293 692 2337 766 ?]
2370 698 2469 752 aut
2491 693 2777 766 malignus
2803 700 2859 751 et
2884 695 3145 763 furtivus,
3165 698 3263 749 aut
3285 693 3483 749 alienis

1842 785 2007 841 malis
2045 791 2324 841 evocatus.
2354 787 2410 843 Si
2448 804 2585 861 ergo
2613 788 2763 860 ipsos
2783 790 2941 860 jocos
2971 788 3171 860 exigis,
3204 788 3310 843 hoc
3335 803 3479 860 quo-

1843 896 1953 952 que
1981 879 2255 952 dignitate
2283 880 2574 953 sapientia:
2605 899 2758 954 gere,
2788 887 2851 938 ut
2876 887 2930 937 te
2956 899 3059 938 nec
3092 886 3325 955 gravent
3352 886 3480 936 tan-

1843 989 2015 1045 quam
2062 988 2347 1046 asperum,
2395 991 2499 1030 nec
2552 981 2919 1031 contemnant
2966 980 3239 1048 tanquam
3286 975 3479 1031 vilem.

1842 1067 1963 1122 Non
2001 1068 2110 1123 erit
2151 1068 2255 1122 tibi
2295 1068 2622 1139 scurrilitas,
2652 1070 2747 1125 sed
2790 1074 2951 1141 grata
2984 1069 3295 1126 urbanitas.
3327 1068 3480 1125 Sales

1844 1160 1925 1215 tui
1964 1160 2079 1215 sint
2114 1161 2233 1216 sine
2271 1162 2458 1229 dente,
2483 1161 2598 1232 joci
2641 1161 2760 1217 sine
2796 1163 3029 1230 vilitate,
3062 1162 3207 1218 risus
3235 1162 3356 1218 sine
3384 1179 3477 1218 ca-

1841 1254 2068 1323 chinno,
2109 1270 2217 1309 vox
2258 1254 2378 1309 sine
2427 1256 2693 1324 clamore,
2732 1256 2984 1311 incessus
3020 1256 3140 1311 sine
3176 1256 3428 1311 tumultu
3461 1272 3475 1312 :

1840 1347 1999 1419 quies
2039 1347 2165 1416 tibi,
2191 1364 2308 1403 non
2347 1347 2559 1403 desidia
2596 1348 2733 1417 erit;
2762 1353 2818 1404 et
2841 1366 2972 1404 cum
2997 1349 3067 1403 ab
3094 1349 3216 1404 aliis
3241 1349 3477 1417 luditur,

1840 1446 1901 1495 tu
1947 1441 2124 1495 sancti
2156 1441 2369 1513 aliquid
2404 1441 2741 1514 honestique
2780 1442 3066 1498 tractabis.
3099 1443 3155 1499 Si
3184 1444 3479 1497 continens

1840 1550 1918 1601 es,
1951 1534 2295 1589 adulationes
2335 1535 2482 1591 evita
2512 1553 2525 1591 :
2558 1536 2739 1607 sitque
2779 1536 2883 1590 tibi
2916 1540 3033 1591 tam
3060 1535 3219 1591 triste
3256 1535 3479 1591 laudari

1838 1644 1870 1681 a
1896 1628 2176 1698 turpibus,
2204 1646 2377 1700 quam
2408 1629 2453 1683 si
2479 1629 2727 1684 lauderis
2764 1628 2835 1684 ob
2862 1629 3074 1700 turpia.
3104 1629 3308 1684 Laetior
3333 1632 3473 1695 esto,

1838 1722 2057 1794 quoties
2098 1722 2359 1794 displices
2393 1722 2576 1792 malis,
2607 1728 2662 1777 et
2692 1723 2972 1777 malorum
3003 1723 3072 1777 de
3103 1728 3158 1778 te
3184 1722 3476 1778 existima-

1837 1814 2019 1870 tiones
2056 1816 2250 1883 malas,
2281 1833 2473 1870 veram
2512 1817 2597 1871 tui
2643 1816 3027 1872 laudationem
3058 1816 3292 1871 ascribe.
3324 1815 3478 1869 Diffi-

1757 1899 1812 1970 B
1837 1908 2111 1964 cillimum
2148 1909 2507 1964 continentiae
2544 1927 2686 1981 opus
2721 1915 2823 1977 est,
2855 1910 3257 1965 assentationes
3289 1909 3478 1964 adula-

1835 2002 1985 2057 tione
2007 2003 2297 2074 repellere,
2326 2019 2570 2074 quarum
2598 2019 2888 2057 sermones
2908 2003 3164 2057 animum
3191 2003 3475 2073 voluptate

1834 2082 2141 2151 resol‘vunt.
2206 2096 2427 2150 Nullius
2490 2113 2595 2167 per
2662 2096 3100 2151 assentationem
3168 2095 3475 2151 amicitiam

1833 2189 2121 2258 merearis,
2153 2205 2258 2243 nec
2282 2188 2353 2243 ad
2381 2193 2538 2243 tuam
2564 2189 3004 2260 promerendam
3038 2205 3141 2259 per
3175 2189 3322 2243 hanc
3348 2189 3471 2243 adi-

1832 2288 1958 2338 tum
2000 2282 2235 2353 pandas.
2278 2283 2401 2337 Non
2444 2283 2555 2337 eris
2598 2283 2803 2348 audax,
2850 2298 2952 2336 nec
2992 2298 3303 2353 arrogans:
3335 2280 3470 2337 sub-

1833 2376 2021 2431 mittes
2046 2379 2120 2443 te,
2153 2392 2271 2429 non
2305 2375 2595 2447 projicies;
2632 2374 2907 2447 gravitate
2932 2380 3168 2442 servata,
3197 2375 3469 2430 admone-

1831 2469 1981 2524 beris
2018 2467 2280 2536 libenter,
2310 2474 2366 2525 et
2390 2468 2825 2540 reprehenderis
2855 2470 3156 2540 patienter.
3181 2468 3237 2524 Si
3264 2468 3470 2523 merito

1831 2562 2156 2634 objurgabit
2192 2563 2419 2634 aliquis,
2446 2562 2584 2617 scito
2625 2562 2761 2634 quia
2794 2562 3037 2634 profuit;
3080 2561 3128 2616 si
3163 2561 3467 2629 immerito,

1832 2656 1968 2711 scito
2009 2655 2145 2728 quia
2185 2656 2450 2727 prodesse
2487 2656 2687 2711 voluit.
2729 2657 2852 2710 Non
2888 2655 3105 2723 acerba,
3140 2655 3237 2709 sed
3270 2654 3474 2709 blanda

1831 2749 2055 2804 timebis
2099 2750 2285 2804 verba.
2331 2751 2459 2805 Esto
2507 2748 2776 2803 vitiorum
2817 2748 2993 2820 fugax
3036 2748 3187 2819 ipse;
3231 2747 3474 2803 aliorum

1830 2860 1962 2897 vero
1987 2859 2172 2914 neque
2201 2842 2455 2897 curiosus
2481 2846 2778 2909 scrutator,
2804 2858 2991 2914 neque
3015 2841 3248 2897 acerbus
3276 2858 3471 2912 repre-

1830 2937 2057 3003 hensor,
2110 2936 2207 2991 sed
2261 2936 2381 2991 sine
2433 2935 2867 3006 exprobratione
2922 2938 3230 3006 correptor,
3283 2934 3363 2989 ita
3409 2939 3475 2989 ut

1828 3029 2278 3084 admonitionem
2319 3029 2603 3083 hilaritate
2640 3029 2971 3099 praevenias,
3003 3033 3060 3084 et
3098 3027 3277 3082 errori
3310 3028 3471 3082 facile

1830 3123 2053 3177 veniam
2090 3123 2241 3178 dato.
2280 3124 2390 3177 Nec
2430 3122 2666 3178 extollas
2705 3138 3072 3193 quemquam,
3102 3138 3286 3191 neque
3325 3122 3467 3192 deji-

1829 3216 1962 3271 cias.
2017 3215 2332 3271 Dicentium
2383 3221 2503 3271 esto
2563 3216 2764 3270 tacitus
2812 3215 3057 3284 auditor,
3113 3213 3469 3269 audientium

1831 3314 2126 3380 promptus
2150 3316 2426 3380 receptor.
2462 3308 2794 3380 Requirenti
2816 3308 2976 3361 facile
3002 3307 3301 3379 responde,
3331 3324 3468 3362 con-

1830 3402 2107 3456 temnenti
2140 3402 2301 3457 facile
2331 3402 2465 3457 cede
2495 3421 2508 3457 :
2539 3419 2611 3457 ne
2638 3402 2696 3456 in
2716 3401 2914 3473 jurgia
2944 3401 3468 3473 exsecrationesque

1831 3494 2099 3549 discedas.
2142 3495 2197 3550 Si
2246 3494 2541 3550 continens
2583 3512 2678 3563 es,
2720 3494 2896 3549 animi
2934 3494 3019 3550 tui
3055 3498 3243 3548 motus
3277 3511 3472 3566 corpo-

1830 3587 2019 3658 risque
2050 3588 2301 3655 observa,
2337 3605 2410 3643 ne
2444 3588 2697 3643 indecori
2734 3587 2863 3643 sint.
2896 3588 3006 3642 Nec
3032 3588 3159 3642 illos
3182 3587 3309 3642 ideo
3345 3605 3474 3643 con-

1827 3686 2048 3735 temnas
2075 3680 2208 3753 quia
2246 3682 2450 3749 latent;
2482 3698 2615 3737 nam
2650 3681 2730 3736 nil
2759 3680 2963 3747 differt,
2998 3680 3043 3734 si
3070 3696 3236 3734 nemo
3264 3680 3466 3749 videat,

1829 3790 1961 3828 cum
2011 3779 2075 3829 tu
2116 3774 2234 3847 ipse
2282 3775 2404 3829 illos
2448 3774 2655 3829 videas.
2703 3774 2918 3829 Mobilis
2960 3778 3099 3839 esto,
3143 3789 3259 3826 non
3303 3773 3465 3841 levis;

1828 3873 2109 3935 constans,
2133 3885 2248 3922 non
2268 3868 2549 3939 pertinax.
2571 3867 2821 3938 Alicujus
2842 3866 2922 3921 rei
2948 3865 3242 3920 scientiam
3260 3866 3469 3921 habere

1828 3966 1883 4016 te
1913 3978 2017 4015 nec
2052 3961 2315 4031 ignotum
2342 3961 2431 4028 sit,
2460 3977 2564 4015 nec
2590 3961 2911 4015 molestum.
2941 3952 3150 4014 Omnes
3178 3959 3281 4014 tibi
3304 3975 3468 4031 pares

1828 4054 1995 4110 facies
2029 4071 2042 4108 :
2084 4054 2181 4109 sed
2214 4054 2509 4109 inferiores
2548 4053 2926 4126 superbiendo
2968 4069 3084 4108 non
3118 4057 3464 4109 contemnes.

1829 4148 2155 4219 Superiores
2188 4152 2336 4203 recte
2372 4148 2629 4216 vivendo,
2659 4164 2776 4202 non
2816 4152 3052 4202 metuas.
3088 4148 3150 4201 In
3181 4147 3468 4202 reddenda

1829 4241 2195 4310 ofliciositate,
2228 4257 2413 4312 neque
2456 4241 2772 4313 negligens,
2802 4257 2990 4312 neque
3029 4243 3255 4295 exactor
3290 4257 3464 4312 appa-

1829 4352 1972 4389 reas.
2004 4335 2232 4390 Cunctis
2262 4340 2380 4390 esto
2408 4334 2712 4407 benignus,
2744 4333 2960 4389 nemini
2985 4333 3245 4402 blandus,
3274 4334 3469 4405 paucis

1829 4427 2141 4496 familiaris,
2173 4427 2437 4483 omnibus
2471 4445 2688 4500 aequus.
2719 4427 2973 4483 Severior
3010 4432 3127 4482 esto
3163 4428 3223 4481 in
3254 4427 3468 4498 judicio

1829 4538 2003 4592 quam
2031 4537 2309 4589 sermone,
2344 4521 2456 4575 vita
2490 4538 2663 4593 quam
2688 4522 2845 4576 vultu
2876 4538 2889 4575 :
2922 4521 3102 4574 cultor
3126 4519 3463 4587 clementiae,

151 4621 173 4657 a
193 4608 403 4667 domino.
424 4615 545 4668 Non
571 4614 678 4669 tibi
703 4614 947 4669 ascribas
974 4616 1125 4686 quod
1152 4631 1265 4670 non
1296 4614 1425 4684 eris,
1447 4631 1551 4670 nec
1578 4614 1731 4685 quod
1749 4635 1809 4706 D
1832 4614 2133 4669 detestator
2162 4613 2410 4681 SIBV‘ltltB,
2438 4614 2600 4669 bona:
2626 4614 2817 4681 famae,
2848 4629 3033 4685 neque
3063 4619 3176 4667 tuos
3216 4612 3464 4667 semina-

152 4715 214 4767 Cs;
250 4719 335 4758 nec
373 4707 550 4777 majus
579 4724 755 4778 quam
794 4724 852 4763 es
882 4708 1058 4763 videri
1088 4708 1244 4764 velis.
1279 4709 1389 4762 Hoc
1415 4707 1601 4779 majus
1627 4707 1727 4762 ob-

153 4808 283 4861 serva,
308 4815 370 4854 ne
406 4805 711 4873 paupertas
748 4801 847 4855 tibi
882 4801 1181 4856 immunda
1207 4801 1297 4870 sit,
1325 4818 1430 4855 nec
1455 4800 1732 4871 parcimo—

152 4884 218 4938 nia
256 4892 472 4962 sordida,
519 4910 629 4949 nec
675 4894 1006 4965 simplicitas
1054 4894 1333 4966 neglecta,
1384 4911 1488 4948 nec
1529 4894 1731 4948 lenitas

152 4975 393 5054 languida;
434 4993 489 5042 et
531 4986 580 5041 si
624 4986 726 5041 tibi
770 5004 858 5041 res
902 4988 1128 5059 exiguae
1175 4992 1327 5057 sunt,
1374 5003 1489 5042 non
1539 4992 1732 5042 tamen

154 5069 233 5125 sint
254 5082 508 5148 angustae.
530 5081 645 5134 Nec
671 5084 768 5148 tua
796 5081 1019 5155 defleas,
1054 5098 1158 5135 nec
1189 5081 1374 5134 aliena
1403 5079 1644 5135 mireris.
1677 5079 1733 5136 Si

153 5165 494 5227 continentiam
535 5172 749 5244 diligis,
778 5175 968 5245 turpia
1010 5174 1191 5245 fugito
1216 5177 1345 5228 ante
1374 5190 1547 5245 quam
1571 5190 1729 5229 acce-

154 5254 277 5347 dant;
302 5279 395 5318 nec
419 5283 769 5337 quemquam
796 5267 975 5347 alium
1001 5267 1281 5323 vereberis
1298 5267 1425 5338 plus
1454 5283 1628 5338 quam
1654 5272 1728 5323 te.

153 5346 300 5408 Omnia
322 5358 623 5414 tolerabilia
642 5364 847 5431 praeter
876 5346 1293 5433 turpitudinem
1321 5360 1507 5415 crede.
1531 5363 1576 5416 A
1602 5377 1729 5415 ver-

155 5440 211 5496 bis
229 5463 427 5521 quoque
452 5452 721 5525 turpibus
739 5453 1037 5524 abstineto,
1061 5455 1197 5527 quia
1222 5470 1419 5510 eorum
1440 5454 1733 5517 licentiam

155 5542 530 5607 Imprudentiam
565 5546 768 5603 nutrit.
808 5547 1107 5603 Sermones
1147 5548 1312 5604 utiles
1345 5548 1526 5620 magis
1558 5564 1732 5619 quam

156 5624 308 5687 facetos
346 5641 399 5692 et
430 5638 703 5696 amabiles
742 5657 890 5709 ama,
920 5647 1102 5696 rectos
1142 5641 1327 5714 potius
1364 5658 1540 5714 quam
1566 5641 1729 5697 obse-

158 5724 420 5786 cundantes.
448 5732 700 5788 Miscebis
727 5734 1021 5790 interdum
1056 5735 1216 5790 seriis
1235 5735 1414 5806 jocos,
1448 5735 1545 5790 sed
1581 5740 1728 5790 tem-

161 5822 342 5890 Pemlos,
358 5828 410 5879 et
436 5824 559 5881 sine
584 5825 928 5882 detrimento
954 5827 1246 5899 dignitatis
1270 5846 1335 5882 ac
1356 5827 1728 5883 verecundiae.

162 5902 259 5965 Nam
288 5917 725 5989 reprehensibilis
752 5921 900 5977 risus
930 5926 1034 5991 est,
1064 5921 1110 5977 si
1132 5922 1489 5993 immodicus,
1521 5922 1567 5978 si
1600 5914 1747 5994 pue-'

1832 4713 1938 4776 tor,
1976 4724 2159 4779 neque
2195 4708 2393 4761 alienas
2436 4708 2681 4763 invidus.
2715 4707 3077 4773 Rumoribus,
3110 4706 3465 4774 criminibus,

1831 4800 2243 4873 suspicionibus
2292 4800 2528 4856 minime
2579 4800 2841 4855 credulus
2883 4801 2968 4853 vel
3018 4800 3323 4871 malignus,
3371 4800 3469 4854 sed

1831 4893 2018 4964 potius
2041 4893 2131 4948 his
2151 4894 2250 4966 qui
2275 4911 2378 4965 per
2396 4894 2641 4965 speciem
2657 4892 3030 4964 simplicitatis
3048 4893 3119 4947 ad
3143 4893 3469 4948 nocendum

1831 4986 2114 5059 aliquibus
2139 4987 2473 5058 subrepunt,
2493 4986 2959 5058 oppositissimus.
2980 4987 3063 5041 Ad
3084 4986 3229 5041 iram
3251 4987 3465 5054 tardus,

1832 5081 1901 5134 ad
1949 5079 2395 5135 misericordiam
2452 5097 2685 5151 pronus,
2733 5080 2791 5134 in
2838 5080 3087 5135 adversis
3138 5080 3356 5149 firmus,
3409 5080 3468 5133 in

1832 5174 2115 5245 prosperis
2150 5177 2347 5227 cautus
2396 5178 2452 5227 et
2493 5172 2727 5227 humilis
2766 5190 2779 5227 :
2818 5175 3127 5229 occultator
3169 5173 3464 5239 virtutum,

1834 5268 1977 5321 sicut
2010 5266 2105 5321 alii
2129 5266 2419 5322 vitiorum.
2449 5268 2617 5321 Vanus
2660 5266 2853 5338 gloriae
2880 5272 3254 5337 contemptor,
3282 5270 3339 5321 et
3364 5265 3466 5319 bo-

1832 5376 2040 5415 norum
2086 5360 2290 5431 quibus
2335 5360 2604 5431 praeditus
2653 5377 2732 5428 es,
2784 5377 2899 5414 non
2943 5360 3177 5414 acerbus
3222 5363 3466 5413 exactor.

1833 5453 2049 5508 Nullius
2074 5452 2518 5524 imprudentiam
2545 5453 2841 5526 despicias.
2866 5453 2997 5508 Rari
3024 5452 3299 5508 sermonis
3326 5452 3465 5525 ipse,

1833 5548 1932 5602 sed
1970 5546 2328 5620 loquentium
2371 5547 2613 5619 patiens.
2658 5548 2913 5615 Severus,
2954 5562 3069 5600 non
3111 5563 3325 5614 saevus;
3374 5545 3470 5600 sed

1831 5641 2071 5695 hilarem
2091 5656 2205 5696 non
2225 5658 2551 5712 aspernens.
2575 5640 2872 5713 Sapientiae
2894 5639 3135 5711 cupidus
3156 5645 3211 5695 et
3230 5639 3427 5695 docilis
3451 5655 3465 5691 :

1832 5750 1961 5805 quae
1991 5735 2159 5802 nosti,
2181 5734 2299 5789 sine
2320 5735 2638 5803 arrogantia
2665 5731 2968 5804 postulanti
2984 5732 3314 5804 imparties;
3343 5748 3468 5803 quas

1833 5828 2033 5895 nescis,
2063 5828 2185 5882 sine
2213 5827 2583 5881 occultatione
2616 5825 2953 5897 ignorantia:
2978 5824 3079 5879 tibi
3108 5823 3329 5896 postula
3354 5825 3465 5877 im-

1833 5921 2054 5993 partiri.
2085 5921 2205 5975 Non
2224 5917 2581 5974 conturbabit
2607 5919 2827 5989 sapiens
2856 5932 3039 5971 mores
3066 5914 3339 5984 publicos,
3364 5929 3465 5967 nec
