4020 6232
500 384 570 441 27
828 384 835 389 ’
1156 385 1209 439 S.
1251 385 1527 440 MABTINI
1567 380 1923 437 DUMIENSIS
1959 378 2189 434 OPUSC.
2230 378 2271 432 I.
2315 378 2629 433 FORMULA
2671 379 2995 434 HONESTA‘I
3035 378 3221 432 VITzE.
3801 376 3879 428 28

494 490 772 565 populum
797 489 859 547 in
885 505 943 547 se
969 488 1097 547 vita
1131 491 1377 548 novitate
1411 492 1717 546 convertet.
1743 486 1981 544 Justitiae
2007 489 2135 558 post
2155 496 2213 569 Α
2234 500 2371 556 ergo
2388 485 2636 539 maculas
2660 485 2962 557 prudentia
2991 485 3398 540 iinmensurata
3421 480 3714 555 perducet.
3737 480 3880 546 Qui-

494 587 618 645 hsec
637 585 817 643 virtus
844 588 947 643 est.

1103 697 1373 753 CAPUT
1423 698 1524 754 IV.

1146 812 1221 866 De
1236 809 1479 879 justitia.

565 942 711 1008 Quid
736 944 820 998 est
844 940 1088 1013 justitia,
1120 939 1234 995 nisi
1272 942 1491 995 naturae
1518 937 1691 995 tacita
1724 936 2041 1007 conventio,
2070 938 2132 992 in

492 1035 842 1109 adiutorium
877 1036 1191 1090 multorum
1226 1033 1496 1089 inventa?
1534 1031 1759 1087 Iustitia
1789 1049 1907 1088 non
1938 1035 2132 1087 nostra

493 1129 839 1196 constitutio,
872 1128 972 1183 sed
1014 1128 1204 1183 divina
1238 1128 1329 1182 lex
1369 1130 1470 1194 est,
1507 1125 1805 1181 vinculum
1849 1125 2133 1181 societatis

494 1224 781 1279 humanae.
808 1224 866 1276 In
883 1222 990 1277 hac
1006 1238 1121 1278 non
1143 1225 1226 1276 est
1241 1220 1394 1292 quod
1419 1219 1767 1275 aestimemus
1787 1219 1927 1291 quid
1955 1235 2128 1290 expe-

494 1316 610 1372 diat
637 1334 651 1371 :
683 1315 913 1388 expedit
938 1315 1063 1385 tibi,
1093 1313 1373 1386 quidquid
1401 1313 1498 1368 illa
1524 1311 1836 1368 dictaverit.
1865 1312 2131 1384 Quisquis

491 1426 628 1481 ergo
672 1409 820 1465 hanc
859 1407 1061 1463 sectari
1107 1406 1410 1475 desideras,
1460 1407 1641 1461 Deum
1689 1406 1827 1461 time
1876 1406 2036 1477 prius
2075 1409 2149 1460 et'

492 1519 641 1572 ama,
670 1507 734 1557 ut
776 1500 985 1556 ameris
1022 1517 1056 1555 a
1092 1500 1223 1554 Deo.
1250 1500 1522 1554 Amabilis
1560 1499 1673 1554 eris
1700 1500 1833 1566 Deo,
1864 1499 1912 1553 si
1936 1499 1997 1553 in
2024 1498 2131 1553 hoc

490 1596 657 1651 illum
682 1593 1014 1662 imitaberis,
1042 1598 1107 1648 ut
1139 1593 1277 1648 velis
1304 1593 1569 1647 omnibus
1593 1592 1880 1665 prodesse,
1908 1596 1965 1647 et
1989 1592 2131 1646 nulli

490 1703 714 1745 nocere.
736 1689 803 1742 Et
826 1691 960 1741 tunc
989 1690 1044 1741 te
1064 1687 1287 1757 justum
1304 1686 1492 1741 virum
1518 1686 1886 1757 appellabunt
1910 1701 2127 1755 omnes,

493 1784 822 1853 sequentur,
843 1779 1267 1835 venerabuntur
1293 1783 1349 1833 et
1375 1779 1640 1849 diligent.
1667 1779 1857 1834 Justus
1887 1778 2043 1833 enim
2068 1782 2133 1833 ut

2232 594 2455 650 cunque
2481 578 2541 633 in
2568 578 2663 633 illa
2687 580 2958 635 mediocri
2985 579 3142 633 lance
3171 577 3438 650 persistit,
3466 592 3571 632 nec
3599 575 3880 631 obtusum

2231 672 2291 729 in
2318 688 2377 728 se
2405 671 2619 745 aliquid
2648 672 2868 741 habeat,
2900 689 3004 728 nec
3029 675 3341 728 versutum.

2869 825 3087 881 CAPUT
3136 825 3220 879 VI.

2648 932 2723 985 De
2749 928 3083 983 moderanda
3107 927 3451 995 fortitudine.

2298 1053 2731 1126 Magnanimitas
2777 1057 2970 1108 autem
3018 1052 3066 1106 si
3115 1067 3173 1106 se
3217 1055 3378 1106 extra
3418 1052 3655 1107 modum
3694 1067 3876 1106 suum

2227 1148 2473 1217 extollat,
2503 1147 2670 1203 faciet
2694 1147 2882 1202 virum
2911 1145 3216 1212 minacem,
3238 1144 3521 1213 inﬂatum,
3544 1145 3873 1213 turbidum,

2225 1240 2582 1313 inquietum:
2612 1245 2669 1295 et
2706 1241 2766 1295 in
2804 1255 3169 1311 quascunque
3199 1239 3554 1294 extollentias
3583 1237 3876 1293 dictorum

2226 1338 2594 1406 actorumque
2615 1377 2629 1405 ,
2680 1333 2942 1404 neglecta
3013 1333 3338 1400 honestate,
3400 1332 3703 1400 festinum;
3766 1331 3877 1402 qui

2229 1429 2535 1483 momentis
2552 1427 2815 1482 omnibus
2835 1426 3138 1498 supercilia
3155 1425 3474 1497 subrigens,
3493 1429 3550 1480 et
3567 1424 3878 1479 bestiarius

2228 1521 2401 1575 etiam
2437 1521 2629 1593 quieta
2666 1520 2891 1589 excitat,
2927 1520 3105 1574 alium
3141 1518 3291 1589 ferit,
3321 1519 3497 1573 alium
3539 1518 3723 1589 fugat.
3761 1517 3878 1573 Sed

2228 1614 2485 1686 quamvis
2523 1614 2707 1669 audax
2741 1614 2813 1669 sit
2852 1614 3239 1685 impugnator,
3272 1618 3465 1667 tamen
3501 1611 3682 1666 multa
3706 1614 3879 1665 extra

2228 1724 2286 1762 se
2305 1706 2547 1763 valentia
2573 1708 2722 1763 ferre
2748 1723 2864 1761 non
2889 1707 3121 1779 poterit.
3145 1706 3252 1762 Sed
3276 1710 3377 1761 aut
3399 1707 3672 1761 miserum
3698 1721 3880 1776 appe-

2227 1801 2296 1856 tit
2317 1801 2508 1870 ﬁnem,
2527 1804 2625 1855 aut
2640 1817 3019 1855 aerumnosam
3039 1800 3128 1855 sui
3144 1800 3482 1854 memoriam
3497 1798 3873 1871 derelinquit.

491 1874 587 1943 sis,
615 1889 730 1928 non
757 1873 943 1928 solum
967 1889 1083 1927 non
1105 1872 1353 1942 nocebis,
1382 1872 1479 1927 sed
1505 1872 1676 1927 etiam
1700 1876 1966 1927 nocentes
1990 1888 2123 1943 pro-
2146 1868 2202 1939 B
2225 1868 2647 1966 Manaum'argo
2675 1893 3158 1966 magnanimitatis
3188 1897 3292 1963 est,
3325 1909 3429 1948 nec
3455 1868 3877 1949 mnidum'esse

490 1966 709 2023 hibebis
740 1985 755 2022 :
783 1983 916 2021 nam
945 1966 1026 2020 nil
1045 1982 1268 2033 nocere,
1299 1982 1417 2020 non
1442 1969 1527 2020 est
1547 1965 1786 2036 justitla,
1820 1964 1915 2020 sed
1947 1964 2122 2019 absti-

488 2060 685 2115 nentia
709 2059 879 2114 alieni
905 2063 1007 2114 est.
1030 2059 1112 2113 Ab
1142 2059 1230 2113 his
1261 2075 1399 2129 ergo
1425 2058 1632 2129 incipe,
1655 2062 1721 2113 ut
1744 2074 1862 2113 non
1880 2057 2123 2128 auferas,

486 2157 553 2207 ut
577 2153 647 2207 ad
674 2152 889 2223 majora
914 2152 1260 2223 proveharis,
1285 2157 1340 2206 et
1357 2151 1485 2206 aliis
1511 2151 1699 2206 ablata
1716 2150 2000 2207 restituas.
2023 2151 2127 2205 Ba-

486 2250 678 2317 ptores
714 2262 943 2318 quoque
978 2245 1127 2317 ipsos
1156 2262 1229 2300 ne
1255 2246 1380 2299 aliis
1404 2244 1644 2299 timendi
1667 2245 1801 2314 sint,
1833 2244 2045 2315 castiga
2072 2247 2128 2299 et

486 2338 705 2394 cohibe.
748 2340 827 2393 Ex
864 2338 1023 2392 nulla
1069 2338 1218 2392 vocis
1260 2337 1633 2409 ambiguitate
1680 2337 2128 2392 controversiam

486 2435 698 2498 nectes,
721 2431 818 2486 sed
844 2430 1025 2485 animi
1044 2431 1373 2503 qualitatem
1400 2430 1714 2503 speculare.
1737 2430 1885 2485 Nihil
1904 2430 2011 2485 tibi
2034 2430 2125 2484 in-

490 2524 670 2592 tersit,
703 2540 777 2579 an
804 2522 1014 2592 ﬁrmes,
1036 2540 1111 2578 an
1128 2524 1345 2595 jures'.
1368 2525 1445 2579 De
1467 2523 1579 2579 ﬁde
1605 2528 1661 2579 et
1688 2523 1964 2593 religione
1989 2523 2128 2577 scias

493 2617 609 2689 agi,
632 2616 956 2688 ubicunque
984 2617 1053 2672 de
1078 2617 1312 2672 veritate
1339 2621 1611 2672 tractatur
1641 2634 1654 2672 :
1685 2634 1820 2671 nam
1847 2617 1894 2671 si
1913 2616 2131 2687 jureju-

490 2710 668 2764 rando
712 2710 856 2765 Deus
897 2711 1211 2778 invocetur,
1255 2715 1311 2766 et
1345 2727 1461 2765 non
1496 2710 1784 2765 invocanti
1822 2710 1979 2765 testis
2023 2714 2125 2777 est,

495 2806 686 2858 tamen
721 2819 837 2858 non
884 2802 1120 2858 transies
1158 2804 1474 2872 veritatem,
1504 2820 1577 2857 ne
1618 2803 1855 2874 justitiaa
1881 2808 2131 2858 transeas

491 2896 697 2968 legem.
725 2897 889 2961 Quod
928 2896 976 2951 si
1008 2897 1314 2969 aliquando
1354 2897 1652 2952 coarcteris
1692 2896 1774 2952 uti
1811 2896 2127 2963 mendacio,

492 2993 655 3045 utere
699 3006 814 3045 non
855 2990 928 3045 ad
976 2990 1123 3069 falsi,
1174 2990 1271 3045 sed
1322 2990 1394 3045 ad
1434 2990 1554 3045 veri
1599 2990 1912 3046 custodiam
1941 2989 2017 3059 ι³;
2075 2993 2133 3044 et

490 3082 539 3137 si
565 3083 866 3155 contigerit
890 3083 1223 3139 ﬁdelitatem
1247 3084 1540 3140 mendacio
1570 3084 1797 3153 redimi,
1823 3101 1938 3139 non
1965 3099 2128 3138 men-

490 3176 670 3246 tieris,
730 3177 830 3232 sed
876 3177 1064 3248 potius
1116 3177 1469 3232 excusaberis
1512 3194 1527 3232 :
1565 3177 1700 3249 quia
1750 3177 1850 3232 ubi
1898 3178 2133 3232 honesta

492 3284 659 3324 causa
689 3273 794 3337 est,
826 3270 1016 3340 justus
1050 3274 1265 3326 secreta
1305 3287 1422 3325 non
1455 3270 1663 3342 prodit,
1698 3270 1935 3326 tacenda
1974 3270 2130 3325 enim

492 3365 658 3429 tacet,
684 3362 967 3433 loquenda
993 3363 1281 3435 loquitur:
1302 3368 1471 3436 atque
1497 3364 1579 3419 illi
1607 3368 1821 3436 aperta,
1852 3368 1908 3420 et
1935 3379 2131 3419 secura

491 3455 888 3526 tranquillitas,
918 3461 987 3511 ut
1016 3456 1156 3511 dum
1192 3456 1287 3511 alii
1312 3456 1609 3513 vincantur
1633 3475 1668 3512 a
1693 3456 1876 3525 malis,
1904 3458 2131 3512 vincan-

492 3550 590 3602 tur
606 3547 676 3602 ab
704 3548 803 3603 illo
822 3549 990 3605 mala.
1012 3550 1139 3605 Huic
1160 3566 1297 3622 ergo
1316 3551 1363 3606 si
1388 3551 1615 3607 studere
1641 3550 1943 3620 curaveris,
1967 3550 2129 3605 laetus

438 3630 447 3637 ’
492 3644 548 3695 et
567 3639 886 3713 intrepidus
907 3659 1105 3703 cursus
1125 3643 1209 3698 tui
1227 3645 1403 3700 tinem
1425 3644 1797 3716 exspectabis,
1821 3643 2130 3716 prospicies

493 3733 613 3788 haec
641 3734 824 3790 tristia
848 3736 1021 3808 hujus
1050 3738 1249 3793 mundi
1277 3738 1493 3808 hilaris,
1512 3738 1862 3794 tumultuosa
1884 3737 2126 3810 quietus,

493 3832 750 3885 extrema
778 3846 1029 3887 securus.

1152 3944 1372 3999 CAPUT
1410 3944 1473 3999 V.

727 4056 801 4109 De
824 4068 1074 4110 mensura
1102 4058 1153 4110 et
1184 4036 1547 4111 moderatione
1567 4055 1896 4127 prudentia.

563 4182 659 4237 llis
686 4196 823 4253 ergo
850 4182 1303 4239 institutionibus
1328 4184 1654 4254 observatis,
1677 4188 1921 4256 quatuor
1948 4183 2128 4240 virtu-

488 4280 612 4332 tum
634 4275 847 4347 species
869 4277 1183 4348 perfectum
1203 4281 1258 4333 te
1278 4277 1487 4333 facient
1504 4277 1713 4345 virum,
1736 4278 1785 4331 si
1803 4293 2131 4333 mensuram

490 4369 846 4425 rectitudinis
888 4386 1086 4426 earum
1132 4388 1315 4443 aequo,
1362 4370 1587 4426 vivendi
1636 4369 1751 4425 ﬁne
1799 4372 2125 4427 servaveris.

492 4464 632 4518 Nam
665 4462 712 4518 si
754 4464 1057 4535 prudentia
1089 4464 1365 4519 terminos
1400 4480 1530 4518 suos
1568 4463 1818 4532 excedat,
1849 4464 2048 4519 callida
2074 4468 2131 4519 et

488 4556 692 4628 pavida
730 4557 1105 4626 commiseris,
1133 4558 1503 4628 investigator
1526 4556 1849 4626 latentium,
1878 4562 1935 4613 et
1968 4575 2126 4613 scru-

489 4654 639 4704 tator
667 4650 1149 4723 qualiumcunque
1175 4666 1457 4705 noxarum
1484 4649 1817 4721 ostenderis,
1845 4651 2131 4707 notaberis

490 4742 744 4813 timidus,
766 4745 1053 4816 speciosus
1085 4743 1263 4816 Vorte,
1296 4743 1683 4817 suspiciosus],
1713 4748 1961 4801 attentus
1980 4762 2128 4801 sem-

490 4852 596 4906 per
620 4835 835 4908 aliquid
861 4853 1142 4909 quaerens,
1167 4852 1394 4908 semper
1416 4836 1633 4909 aliquid
1656 4838 1884 4907 timens,
1908 4856 2134 4911 semper

492 4927 711 5000 aliquid
736 4929 1020 4997 dubitans,
1044 4934 1101 4985 et
1126 4930 1521 4986 subtilissimas
1545 4930 1893 5004 suspiciones
1914 4950 2042 4987 suas
2062 4932 2133 4987 ad

490 5024 670 5078 animi
707 5023 793 5079 tui
836 5022 1353 5094 apprehensionem
1393 5024 1697 5097 impingas.
1740 5026 2133 5082 Monstraberis

491 5118 671 5189 digito
691 5116 898 5172 astutia
924 5117 1126 5188 plenus
1155 5117 1507 5189 ,versipellis,
1540 5135 1572 5173 θ
1597 5120 1999 5192 tsimplicitatis
2027 5120 2135 5174 ini-

492 5211 694 5281 micus,
721 5210 1244 5283 contemplatorq-se
1271 5211 1569 5282 culparum
1613 5218 1670 5269 et
1696 5219 1985 5286 postremo
2015 5228 2130 5267 uno

490 5304 723 5359 nomine
775 5303 1059 5359 vocaberis
1104 5320 1138 5359 a
1176 5305 1412 5375 cunctis,
1457 5306 1640 5362 malus
1686 5307 1881 5362 homo.
1929 5308 1991 5360 ln
2029 5306 2131 5359 has

562 5466 589 5495 ι
616 5457 787 5513 Caute
821 5458 948 5530 lege
976 5474 990 5512 :
1024 5474 1157 5513 nam
1195 5458 1441 5514 multum
1471 5459 1707 5530 interest
1730 5459 1880 5514 inter
1908 5457 2126 5530 simpli-

493 5544 616 5584 cem
652 5529 1018 5601 assertionem
1053 5534 1110 5585 et
1138 5531 1552 5601 juramentum.
1586 5531 1651 5584 Et
1687 5529 1963 5601 hocasane
1989 5529 2131 5601 opus

494 5603 579 5653 est
612 5598 896 5670 religionis
922 5617 936 5654 :
967 5601 1107 5656 illud
1136 5598 1270 5657 non.
1303 5603 1509 5657 Forsan
1546 5599 1908 5671 hyperbolice
1936 5599 2015 5654 ita
2028 5598 2127 5654 ilo-

493 5673 657 5753 autus
690 5675 795 5737 est,
826 5672 977 5753 quod
1002 5673 1089 5753 vir
1116 5674 1329 5753 prqbus
1364 5678 1540 5752 atque
1553 5670 1870 5753 perfectus.
1898 5672 1996 5753 Est
2022 5675 2123 5737 est,

494 5740 614 5815 Non
641 5754 779 5815 non,
807 5740 923 5815 nisi
954 5740 1137 5815 major
1159 5743 1315 5815 adsit
1330 5740 1653 5815 necessitas,
1687 5746 1985 5798 contentus
2008 5757 2130 5796 esse

494 5807 681 5882 debet,
709 5807 774 5866 ut
796 5807 1061 5871 Christus
1077 5819 1276 5870 monet
1304 5814 1364 5869 in
1391 5812 1719 5882 Evangelio.

563 5878 590 5917 ι)
639 5879 809 5941 Caute
850 5885 957 5942 ista
990 5886 1119 5958 lege
1148 5902 1162 5941 :
1194 5900 1328 5941 nam
1365 5878 1585 5942 certum
1620 5886 1722 5950 est,
1766 5883 2128 5941 mendacium

2150 4602 2208 4674 D

2224 1987 2539 2057 hominem,
2563 2004 2668 2043 nec
2695 1987 2989 2043 audacem.

2857 2146 3075 2202 CAPUT
3114 2147 3226 2201 νη.

2709 2259 2783 2312 De
2811 2257 2966 2311 modo
2994 2257 3379 2328 temperantia.

2295 2384 2655 2441 Continentia
2692 2385 2897 2441 deinde
2934 2385 3025 2440 his
3067 2385 3327 2440 terminis
3372 2384 3649 2457 astringat
3682 2401 3697 2439 :
3738 2400 3878 2440 cave

2227 2494 2300 2533 ne
2324 2495 2528 2550 parcus
2556 2480 2651 2549 sis,
2679 2496 2752 2534 ne
2778 2479 3027 2551 speciose
3057 2483 3113 2534 et
3140 2478 3339 2533 timide
3365 2494 3601 2533 manum
3638 2483 3876 2533 contra-

2228 2571 2350 2627 has.
2383 2573 2461 2627 Ne
2497 2572 2559 2627 in
2596 2572 2847 2627 minimis
2886 2589 3112 2645 quoque
3147 2572 3441 2644 speculum
3482 2588 3679 2643 ponas.
3726 2573 3880 2626 Nam

2229 2665 2356 2721 talis
2376 2670 2431 2719 et
2451 2669 2568 2721 tam
2591 2666 2923 2721 circumcisa
2944 2666 3069 2721 vilis
3095 2666 3389 2738 putabitur
3416 2665 3732 2737 integritas.
3762 2666 3879 2721 Hac

2230 2774 2367 2829 ergo
2391 2758 2793 2815 mediocritatis
2818 2760 2968 2814 linea
2997 2760 3404 2815 continentiam
3432 2758 3780 2828 observabis,
3810 2763 3881 2813 ut

2229 2868 2333 2906 nec
2361 2852 2634 2924 voluptati
2674 2852 2913 2921 deditus,
2946 2853 3219 2924 prodigus
3256 2857 3313 2907 et
3344 2851 3667 2907 luxuriosus
3701 2867 3882 2923 appa-

2229 2961 2354 2999 reas
2404 2960 2506 3000 nec
2561 2961 2728 3000 avara
2787 2945 3088 3002 tenacitate
3140 2945 3400 3001 sordidus
3454 2949 3553 3000 aut
3599 2944 3881 3001 obscurus

2231 3038 2483 3094 exsistas.

2855 3133 3074 3189 CAPUT
3112 3133 3245 3189 Vill.

2555 3244 2800 3312 Qualiter
2835 3246 2908 3299 sit
2946 3246 3278 3301 moderanda
3304 3244 3547 3314 justitia.

2297 3374 2519 3429 Iustitia
2553 3377 2837 3445 postremo
2876 3390 2942 3429 eo
2977 3374 3384 3431 mediocritatis
3419 3375 3524 3431 tibi
3551 3375 3764 3432 itinere
3792 3393 3882 3432 re-

2232 3468 2417 3540 genda
2434 3471 2535 3535 est,
2558 3471 2625 3521 ut
2648 3482 2751 3522 nec
2776 3467 2950 3522 ductu
2960 3468 3180 3539 jugiter
3206 3466 3315 3539 [Αἱ.
3339 3468 3599 3542 turpiter]
3626 3469 3738 3524 levi
3762 3470 3878 3524 im-

2230 3565 2444 3617 motam
2481 3576 2707 3631 semper
2750 3560 2927 3616 animi
2972 3561 3252 3616 rationem
3293 3562 3647 3634 negligentia
3689 3562 3883 3617 subse-

2230 3658 2458 3726 quatur.
2488 3656 2633 3709 Dum
2663 3668 2848 3725 neque
2887 3654 2957 3709 de
2998 3654 3241 3727 magnis,
3281 3671 3469 3727 neque
3508 3656 3577 3711 de
3621 3655 3881 3711 minimis

2230 3748 2546 3803 errantium
2571 3746 2719 3801 vitiis
2759 3747 3081 3817 corrigendi
3116 3764 3311 3803 curam
3354 3749 3524 3820 geris,
3552 3749 3650 3804 sed
3682 3764 3880 3821 neque

2231 3841 2518 3897 licentiam
2542 3840 2832 3912 peccandi,
2860 3846 2960 3895 aut
2983 3841 3351 3897 illudentibus
3374 3842 3477 3897 tibi
3516 3842 3745 3911 blande,
3777 3848 3883 3898 aut

2230 3935 2595 3992 illudentibus
2623 3938 2881 4006 proterve
2906 3934 3210 4005 permittis,
3248 3951 3434 4007 neque
3468 3951 3666 3991 rursus
3693 3938 3881 3992 nimia

2232 4028 2518 4100 rigiditate
2547 4031 2603 4083 et
2626 4027 2944 4099 asperitate,
2972 4028 3056 4081 nil
3084 4028 3262 4082 veniae
3286 4033 3387 4082 aut
3407 4028 3751 4100 benignitati
3783 4047 3878 4086 re-

2231 4137 2478 4191 servans,
2508 4121 2775 4176 humanaa
2801 4120 3054 4176 societati
3078 4121 3254 4176 durus
3291 4124 3585 4195 appareas.
3620 4124 3700 4178 Ita
3735 4140 3880 4196 ergo

2223 4214 2458 4288 justitite
2488 4215 2684 4286 regula
2710 4214 2955 4269 tenenda
2979 4218 3082 4283 est,
3109 4218 3173 4269 ut
3204 4214 3520 4270 reverentia
3555 4216 3879 4287 disciplina;

2231 4310 2352 4381 ejus
2381 4325 2570 4382 neque
2594 4307 2773 4362 nimia
2798 4306 3166 4379 negligentia:
3187 4307 3592 4363 communitate
3612 4308 3879 4382 despecta

2230 4403 2477 4473 vilescat,
2504 4417 2691 4473 neque
2713 4400 2981 4456 severiori
3012 4401 3301 4457 atrocitate
3330 4401 3601 4458 diuturna
3627 4404 3879 4476 gratiam

2229 4498 2495 4553 humanae
2519 4495 2884 4551 amabilitatis
2909 4494 3154 4551 amittat.

2683 4630 2966 4686 Conclusio
2986 4630 3411 4699 prcemissorum.

2302 4745 2358 4801 Si
2386 4744 2512 4816 quis
2533 4758 2670 4814 ergo
2689 4742 2861 4796 vitam
2883 4757 3044 4796 suam
3072 4742 3144 4797 ad
3172 4740 3479 4797 utilitatem
3507 4759 3624 4798 non
3650 4748 3879 4801 tantum

2231 4838 2431 4910 pariat,
2455 4836 2552 4892 sed
2576 4836 2889 4890 multorum
2916 4834 3336 4907 inculpabiliter
3360 4852 3700 4907 componere
3722 4839 3876 4895 desi-

2232 4932 2409 5001 derat,
2425 4931 2572 4985 hanc
2586 4928 2989 5001 praedictarum
3000 4928 3276 4984 virtutum
3295 4928 3606 4986 formulam
3620 4949 3726 5003 pro
3742 4948 3879 5006 qua-

2232 5023 2484 5081 litatibus
2502 5028 2845 5096 temporum,
2863 5022 3140 5087 locorum,
3163 5038 3536 5092 personarum
3556 5028 3728 5096 atque
3750 5041 3881 5081 cau-

2233 5135 2422 5173 sarum
2450 5121 2757 5190 sequatur:
2791 5133 2856 5171 eo
2885 5113 3288 5170 mediocritatis
3312 5114 3600 5187 insistens,
3629 5135 3745 5190 quo
3776 5134 3881 5191 per

2230 5211 2472 5283 abrupta
2495 5211 2826 5265 altrinsecus
2850 5205 3180 5280 praecipitia,
3203 5211 3303 5262 aut
3326 5213 3591 5264 ruentem
3620 5212 3879 5288 corporis

2232 5304 2439 5359 devitet
2464 5302 2761 5369 insaniam,
2784 5305 2882 5355 aut
2910 5299 3248 5356 efﬁcientem
3272 5302 3475 5373 puniat
3506 5303 3801 5376 ignaviam
3834 5317 3875 5358 ο.

2270 5456 2595 5512 uantumvis
2631 5453 2968 5521 oﬂiciosum,
2999 5469 3297 5526 nunquam
3323 5469 3444 5509 esse
3471 5455 3713 5526 licitum.
3739 5457 3878 5512 Vide

2254 5525 2287 5583 ἶ.
2314 5529 2586 5582 Thomam
2625 5529 2679 5579 2.
2707 5528 2759 5578 2.
2793 5528 2991 5595 quaest.
3028 5525 3152 5591 HO,
3179 5530 3288 5581 art.
3319 5529 3371 5595 3,
3399 5529 3458 5579 et
3499 5525 3723 5583 Sixtum
3776 5529 3876 5584 Se-

2230 5615 2468 5654 nensem
2500 5598 2597 5651 lib.
2628 5612 2681 5665 v,
2707 5595 2847 5649 Bibl.
2879 5600 3073 5651 annot.
3101 5598 3222 5650 107.

2299 5682 2322 5710 ο
2363 5671 2422 5723 In
2447 5684 2552 5722 ms.
2580 5666 2781 5722 Codice
2808 5666 2897 5720 his
2924 5667 3107 5721 verbis
3131 5665 3335 5739 desinit
3360 5666 3466 5722 hoc
3493 5670 3834 5739 opusculum
3860 5684 3873 5721 :

2228 5742 2345 5795 Aut
2372 5740 2700 5810 deﬁcientem
2728 5741 3032 5810 contemnat
3052 5737 3342 5802 invidiam,
3369 5743 3437 5795 ut
3461 5737 3724 5799 observat
3749 5742 3874 5796 lau-

2228 5812 2394 5869 datus
2420 5806 2603 5869 editor
2628 5806 3034 5867 Bucherianus.
