4020 6232
222 457 2389 482 Mm

2397 466 3556 490 Μ

1386 625 2208 733 OPUSCULUM
2269 633 2410 734 ΙΙ.

793 816 1674 938 ιωειιιιυε
1771 817 1807 935 1

1910 817 2015 936 Ε
2123 819 2976 946 MORIBUS.

275 1025 312 1078 I.
344 1025 520 1082 Omne
562 1033 858 1099 peccatum
899 1031 1044 1086 actio
1087 1034 1192 1086 est.
1219 1032 1377 1087 Actio
1411 1035 1603 1087 autem
1642 1031 1828 1086 omnis
1850 1041 1907 1114 Α
1929 1031 1997 1086 lis
2033 1031 2354 1116 displicere,
2390 1041 2474 1090 est
2502 1035 2740 1092 laudari.
2769 1039 2907 1093 Male
2933 1039 3002 1094 de
3037 1043 3092 1094 te
3116 1039 3432 1112 loquuntur
3454 1042 3562 1097 ho-

206 1117 501 1174 voluntaria
527 1126 615 1178 est
643 1127 757 1178 tam
783 1123 1018 1179 honesta
1037 1141 1210 1198 quam
1239 1125 1451 1197 turpis;
1476 1141 1614 1195 ergo
1635 1126 1827 1180 volun-

207 1211 392 1266 tarium
448 1218 532 1268 est
575 1231 747 1270 omne
792 1221 1108 1288 peccatum.
1157 1219 1308 1274 Tolle
1364 1219 1822 1288 excusationem;

207 1320 354 1358 nemo
388 1313 583 1378 peccat
624 1309 853 1366 invitus.
899 1313 1167 1367 Educatio
1211 1318 1267 1368 et
1307 1313 1601 1384 disciplina
1640 1329 1825 1367 mores

207 1398 420 1466 faciunt;
445 1405 501 1454 et
524 1401 581 1456 id
615 1405 1003 1478 unusquisque
1024 1407 1190 1478 sapit,
1214 1407 1366 1478 quod
1387 1407 1603 1462 didicit.
1633 1407 1824 1478 Itaque

206 1491 333 1550 bona
350 1497 697 1553 consuetudo
718 1505 980 1555 excutere
1002 1501 1169 1555 debet
1189 1501 1337 1572 quod
1359 1501 1508 1555 mala
1532 1499 1818 1555 instruxit.

205 1590 332 1644 nihil
350 1590 584 1646 interest
614 1609 728 1664 quo
754 1594 946 1650 animo
973 1594 1144 1649 facias
1164 1594 1315 1666 quod
1335 1594 1529 1648 fecisse
1553 1594 1819 1648 vitiosum

205 1689 293 1750 est,
317 1684 444 1755 quia
473 1685 623 1740 facta
657 1692 990 1755 cernuntur,
1020 1689 1243 1743 animus
1270 1705 1399 1742 vero
1427 1705 1544 1743 non
1575 1687 1816 1744 videtur.

203 1777 345 1832 Nulla
366 1783 557 1834 autem
584 1781 708 1835 laus
726 1785 809 1836 est
828 1798 945 1836 non
963 1781 1144 1836 facere
1168 1783 1322 1854 quod
1348 1784 1531 1838 facere
1552 1798 1667 1836 non
1693 1798 1818 1852 pos-

204 1871 284 1927 sis.
311 1873 448 1936 Quid
475 1874 700 1930 homini
729 1879 810 1929 est
847 1875 1341 1931 inimicissimum?
1383 1879 1582 1931 Homo.
1611 1877 1816 1931 Liben-

203 1971 278 2020 ter
302 1967 439 2022 feras
474 1969 630 2040 quod
669 1985 894 2024 necesse
929 1973 1038 2038 est;
1071 1969 1232 2024 dolor
1255 1970 1525 2042 patientia
1551 1970 1814 2025 vincitur.

200 2060 446 2132 Exspecta
477 2079 594 2134 quo
628 2079 924 2134 nunquam
951 2064 1246 2134 pmniteas.
1278 2065 1397 2118 Non
1424 2081 1593 2136 quam
1625 2064 1816 2118 multis

200 2153 412 2222 placeas,
438 2157 536 2210 sed
564 2157 827 2228 qualibus
855 2158 1036 2212 stude.
1061 2159 1118 2212 In
1138 2158 1247 2212 hoc
1278 2161 1498 2212 tantum
1528 2157 1812 2225 incumbe,

200 2250 253 2300 ut
273 2247 525 2303 libentius
554 2249 752 2304 audias
782 2267 954 2322 quam
981 2250 1251 2322 loquaris.
1285 2251 1480 2306 Multos
1501 2251 1673 2306 vitam
1705 2252 1813 2306 dif-

198 2340 415 2396 ferentes
450 2359 608 2397 mors
639 2344 840 2415 juncta
882 2344 1175 2416 praevenit.
1217 2347 1407 2416 Itaque
1461 2345 1648 2399 omnis
1695 2345 1815 2400 dies

1927 1125 2128 1193 mines,
2152 1127 2295 1182 bene
2319 1133 2510 1182 autem
2530 1130 2688 1202 loqui
2715 1133 3003 1202 nesciunt;
3032 1149 3146 1188 non
3172 1135 3327 1205 quod
3353 1151 3566 1190 merea-

1927 1219 2024 1286 ris,
2044 1220 2141 1274 sed
2167 1221 2319 1291 quod
2343 1221 2525 1277 solent
2553 1223 2680 1294 ipsi.
2704 1225 2968 1280 Homines
2995 1227 3062 1281 de
3083 1231 3138 1281 te
3159 1228 3305 1282 mala
3324 1228 3565 1300 loquun-

1924 1313 2058 1366 tur?
2087 1313 2142 1368 Si
2182 1315 2405 1382 merito,
2439 1332 2553 1370 non
2592 1317 2742 1387 quod
2773 1317 3087 1390 loquuntur
3121 1320 3427 1376 molestum
3455 1327 3560 1390 est,

1924 1406 2021 1459 sed
2051 1407 2204 1478 quod
2239 1424 2353 1462 non
2389 1409 2762 1466 mentiuntur.
2794 1411 2848 1466 Si
2880 1413 3202 1468 immerito?
3239 1415 3562 1470 Innocentia

1923 1514 2050 1552 mea
2084 1515 2237 1554 nunc
2277 1502 2521 1557 maxime
2549 1504 2768 1574 gaudeo
2790 1522 2806 1573 ;
2837 1509 3072 1576 apparet
3101 1506 3253 1560 enim
3280 1507 3404 1561 illos
3429 1523 3561 1562 vera

1923 1591 2242 1662 objecturos
2277 1595 2325 1649 si
2354 1601 2600 1666 possent.
2632 1599 2753 1652 Non
2793 1614 2852 1653 es
2883 1599 2941 1652 in
2983 1600 3168 1670 patria
3205 1601 3339 1654 tua?
3377 1601 3560 1655 Patria

1919 1692 2017 1744 tua
2055 1693 2159 1756 est,
2198 1689 2522 1761 ubicunque
2565 1691 2708 1746 bene
2749 1708 2841 1761 es;
2889 1691 3034 1747 illud
3075 1694 3230 1748 enim
3268 1710 3370 1764 per
3407 1694 3559 1765 quod

1919 1781 2063 1836 bene
2097 1787 2200 1848 est,
2233 1799 2347 1838 non
2376 1788 2460 1838 est
2487 1783 2547 1838 in
2574 1783 2718 1852 loco,
2753 1786 2850 1839 sed
2887 1785 2947 1840 in
2976 1785 3227 1840 homine.
3257 1786 3407 1840 Nihil
3437 1803 3558 1840 ma-

1921 1891 2120 1945 gnum,
2149 1876 2260 1931 nisi
2286 1893 2496 1947 magno
2523 1878 2714 1932 animo
2743 1878 3037 1950 despicias.
3065 1881 3200 1944 Qua“:
3227 1884 3359 1935 sunt
3385 1881 3562 1935 maxi-

1919 1985 2027 2022 mze
2063 1969 2311 2025 divitiae?
2340 1971 2461 2024 Non
2481 1970 2799 2026 desiderare
2823 1971 3067 2027 divitias.
3089 1972 3222 2037 Quis
3247 1973 3560 2044 plurimum

1917 2061 2122 2116 habet?
2160 2064 2206 2116 Is
2235 2064 2335 2134 qui
2361 2063 2667 2118 minimum
2692 2065 2866 2136 cupit.
2898 2065 3044 2130 Quid
3069 2071 3156 2120 est
3182 2067 3314 2122 dare
3342 2066 3556 2122 beneﬁ-

1917 2155 2111 2210 cium?
2156 2157 2334 2210 Deum
2369 2155 2600 2210 imitari.
2635 2157 2932 2212 Honestius
2958 2163 3042 2213 est
3068 2176 3198 2214 cum
3218 2160 3560 2230 judicaveris

1916 2264 2129 2316 amare,
2165 2265 2338 2320 quam
2373 2265 2503 2303 cum
2542 2250 2819 2304 amaveris
2849 2251 3126 2321 judicare.
3164 2251 3444 2307 Dissensio
3486 2253 3556 2308 ab

1913 2341 2022 2395 alio
2050 2342 2304 2413 incipiat,
2337 2347 2445 2396 ate
2471 2346 2661 2398 autem
2688 2344 3090 2400 reconciliatio.
3119 2344 3393 2400 Succurre
3422 2363 3559 2418 pau-

198 2434 329 2489 velut
378 2436 610 2490 ultimus
653 2437 964 2508 judicetur.
1007 2438 1312 2492 Tristitiam
1331 2480 1344 2504 ,
1399 2439 1445 2492 si
1499 2442 1658 2508 potes
1675 2479 1689 2504 ,
1742 2456 1812 2493 ne
1835 2415 1891 2486 B
1916 2435 2140 2506 pertati,
2162 2435 2498 2506 amicorum,
2521 2436 2637 2491 imo
2659 2453 2910 2493 occurre.
2932 2439 3156 2493 Amicos
3181 2440 3440 2494 secunda:
3467 2457 3558 2495 res

198 2528 498 2599 admiseris;
539 2532 630 2586 sin
667 2531 876 2599 minus,
907 2548 978 2587 ne
1015 2532 1348 2587 ostenderis.
1377 2531 1568 2587 Amico
1596 2535 1810 2586 secreto

197 2621 432 2693 admone,
463 2624 653 2695 palam
678 2630 870 2680 autem
898 2626 1082 2680 lauda.
1117 2625 1296 2680 Verba
1320 2625 1509 2694 rebus,
1537 2641 1651 2678 non
1678 2641 1809 2696 per-

197 2716 330 2770 sonis
352 2718 676 2774 azstimanda
701 2724 852 2774 sunt.
887 2721 1178 2774 Oratorem
1217 2723 1270 2773 te
1297 2723 1451 2790 puta,
1482 2719 1526 2773 si
1554 2718 1656 2772 tibi
1681 2723 1811 2774 ante

199 2823 370 2864 omnes
399 2812 553 2882 quod
583 2817 807 2884 oportet
840 2812 1204 2884 persuaseris.
1237 2815 1305 2868 Ut
1333 2812 1620 2868 licentiosa
1646 2830 1808 2868 man-

198 2902 321 2974 cipia
365 2906 560 2976 animi,
605 2907 849 2978 imperio
887 2923 1080 2962 coerce
1134 2906 1412 2977 linguam,
1458 2913 1708 2962 ventrem
1754 2912 1811 2962 et

197 2995 481 3054 libidinem.
514 3000 676 3064 Quod
713 3001 948 3054 tacitum
982 3016 1100 3054 esse
1135 3001 1292 3067 velis,
1327 3001 1545 3055 nemini
1577 3001 1806 3056 dixeris.

198 3089 241 3144 Si
276 3091 371 3145 tibi
409 3109 524 3148 non
565 3093 880 3164 imperasti,
922 3093 1208 3164 quomodo
1251 3093 1322 3148 ab
1361 3095 1471 3147 alio
1519 3094 1808 3149 silentium

197 3187 396 3254 speras?
433 3187 758 3242 Ridiculum
797 3190 879 3241 est
912 3187 1160 3258 aliquem
1202 3187 1332 3241 odio
1361 3188 1616 3242 nocentis
1649 3188 1810 3242 inno-

195 3279 406 3333 centiam
429 3280 686 3350 perdere.

256 3370 310 3422 ll.
336 3372 573 3427 Monstro
611 3373 812 3427 similis
850 3377 934 3427 est
969 3374 1204 3427 avaritia
1241 3373 1449 3428 senilis.
1482 3373 1627 3438 Quid
1653 3374 1808 3428 enim

199 3462 394 3517 stultius
425 3471 528 3534 est,
557 3466 712 3537 quod
744 3465 854 3520 dici
884 3466 1042 3532 solet,
1064 3483 1236 3538 quam
1262 3467 1348 3521 via
1381 3467 1678 3522 deﬁciente
1697 3468 1808 3522 via-

198 3554 344 3610 ticum
380 3561 632 3629 augere?
661 3560 868 3616 Omnes
907 3559 1149 3614 infantes
1184 3564 1333 3614 terra
1365 3561 1546 3615 nudos
1575 3560 1803 3632 excipit.

201 3647 298 3702 Non
316 3651 483 3721 pudet
505 3657 562 3707 te
584 3652 783 3707 fortius
805 3653 959 3708 nasci
977 3669 1149 3724 quam
1173 3653 1396 3709 vivere?
1415 3654 1558 3719 Quid
1586 3654 1806 3708 dulcius

197 3757 339 3812 quam
385 3745 596 3802 habere
647 3747 894 3802 amicum
939 3765 1069 3803 cum
1111 3765 1224 3820 quo
1267 3747 1474 3802 audeas
1511 3751 1578 3802 ut
1617 3752 1881 3850 tecumC

197 3838 359 3892 omnia
376 3839 571 3911 loqui?
597 3841 928 3911 Magnarum
954 3842 1161 3896 virium
1187 3845 1270 3896 est
1292 3841 1583 3911 negligere
1604 3839 1808 3895 Iazden-

197 3933 306 3984 tem.
332 3932 467 3996 Quid
492 3933 574 3989 sis
603 3933 853 4001 interest,
885 3951 1004 3990 non
1031 3935 1169 4006 quid
1194 3933 1420 3988 habeas.
1451 3934 1716 3989 Nondum
1747 3951 1806 3990 es

196 4019 304 4078 felix
338 4025 381 4079 si
425 4031 480 4082 te
516 4028 691 4083 turba
723 4044 840 4082 non
885 4027 1167 4082 deriserit.
1207 4028 1262 4082 Si
1300 4027 1381 4080 vis
1419 4027 1618 4082 beatus
1659 4045 1801 4098 esse,

195 4118 350 4187 cogita
383 4119 486 4175 hoc
515 4121 794 4194 primum,
833 4125 1196 4176 contemnere
1233 4123 1289 4174 et
1316 4121 1622 4176 contemni.
1646 4121 1805 4175 Prius

195 4227 339 4280 quam
375 4214 674 4284 promittas
714 4214 1018 4282 deliberes;
1058 4218 1114 4268 et
1156 4229 1286 4267 cum
1328 4213 1681 4286 promiseris,
1717 4214 1803 4267 fa-

196 4302 303 4358 cias.
331 4307 382 4360 Id
415 4325 574 4378 agas,
604 4324 678 4362 ne
717 4309 844 4379 quis
885 4308 1091 4362 merito
1127 4311 1182 4361 te
1219 4306 1430 4375 oderit;
1465 4311 1520 4360 et
1544 4307 1589 4360 si
1619 4308 1804 4361 nullos

197 4396 420 4454 inimicos
446 4401 555 4455 tibi
583 4399 748 4455 faciet
781 4400 1010 4472 injuria,
1043 4400 1253 4454 multos
1281 4399 1414 4454 facit
1439 4398 1672 4454 invidia.
1699 4400 1801 4454 So-

194 4488 462 4548 litudinem
487 4497 725 4566 quaeret,
748 4494 848 4564 qui
872 4495 991 4548 vult
1016 4510 1148 4548 cum
1173 4492 1569 4548 innocentibus
1593 4494 1801 4563 vivere,

197 4585 415 4652 optimus
431 4603 572 4658 ergo
598 4587 824 4640 animus
845 4593 900 4642 et
923 4587 1346 4658 pulcherrimus
1372 4587 1554 4641 cultor
1575 4586 1671 4642 Dei
1697 4591 1800 4641 est.

195 4675 476 4733 Abstinebis
500 4679 574 4734 ab
595 4679 784 4734 alieno
813 4680 1203 4735 matrimonio.
1231 4679 1528 4734 Praestabis
1559 4679 1805 4752 parenti~

195 4765 280 4822 bus
301 4772 579 4841 pietatem,
601 4773 853 4844 cognatis
883 4773 1321 4844 indulgentiam,
1345 4773 1607 4828 omnibus
1631 4772 1804 4845 aequi-

195 4863 358 4918 tatem.
383 4866 664 4921 Devitabis
687 4866 1100 4933 crudelitatem,
1134 4871 1190 4920 et
1214 4867 1534 4922 ministram
1564 4868 1803 4924 crudeli-

194 4955 298 5008 tatis
334 4957 490 5014 iram.
535 4961 660 5015 Non
697 4959 864 5014 aliter
894 4959 1048 5013 vivas
1083 4959 1142 5014 in
1179 4960 1498 5027 solitudine,
1538 4961 1704 5016 aliter
1741 4963 1800 5019 in

191 5045 314 5103 foro.
342 5051 484 5106 Nihil
507 5058 687 5124 petas,
708 5053 862 5124 quod
888 5059 1201 5123 negaturus
1231 5054 1386 5108 fuisti
1417 5070 1430 5108 :
1458 5054 1605 5108 nihil
1632 5071 1802 5126 nega-

1912 2533 2134 2600 parant,
2191 2529 2436 2584 adversas
2485 2530 2798 2586 certissime
2855 2532 3122 2603 probant.
3172 2532 3368 2602 Pejora
3425 2539 3559 2590 sunt

1912 2627 2057 2678 tecta
2085 2623 2213 2677 odia
2246 2639 2419 2694 quam
2458 2629 2670 2694 aperta.
2705 2627 2896 2696 Itaque
2922 2630 2976 2681 te
3002 2626 3192 2680 minus
3215 2626 3423 2698 loquax
3451 2627 3555 2681 ini-

1912 2716 2091 2771 micus
2117 2716 2352 2772 offendit
2377 2734 2549 2789 quam
2578 2717 2798 2773 tacitus.
2827 2719 2962 2772 Mira
2983 2720 3127 2774 ratio
3157 2724 3258 2786 est,
3289 2736 3416 2792 qua:
3441 2738 3554 2776 non

1912 2809 2031 2864 vult
2063 2810 2358 2881 praedicari
2392 2811 2544 2882 quod
2575 2811 2784 2882 gaudet
2820 2812 3100 2884 intellegi.
3130 2814 3347 2884 Ignosci
3375 2819 3548 2884 amat,

1911 2903 2011 2974 qui
2049 2903 2204 2975 quod
2241 2904 2361 2958 odit
2394 2905 2662 2960 ostendit.
2693 2906 3061 2977 Eleemosyna
3097 2923 3213 2961 non
3252 2912 3368 2962 tam
3405 2909 3551 2963 acci-

1910 2997 2193 3067 pientibus
2237 3014 2408 3069 quam
2451 2998 2713 3053 dantibus
2751 2999 3001 3069 prodest.
3048 3001 3115 3054 Et
3160 3018 3285 3071 spes
3331 3001 3552 3072 praemii

1909 3089 2175 3152 solatium
2210 3091 2282 3145 sit
2316 3089 2545 3145 laboris.
2577 3092 2712 3155 Quae
2749 3097 2832 3146 est
2857 3091 3105 3146 maxima
3131 3096 3388 3163 egestas?
3416 3098 3554 3149 Ava-

1909 3183 2058 3238 ritia.
2088 3183 2349 3238 Pecuniae
2392 3184 2677 3256 imperare
2726 3189 2972 3256 oportet,
3000 3201 3118 3240 non
3157 3187 3385 3242 servire.
3423 3188 3552 3242 Nul-

1909 3276 2030 3332 lum
2069 3277 2358 3332 conscium
2398 3284 2762 3349 peccatorum
2803 3284 3036 3334 tuorum
3073 3280 3255 3352 magis
3291 3281 3550 3336 timueris

1907 3387 2078 3442 quam
2120 3371 2504 3442 temetipsum.
2531 3373 2720 3428 Alium
2761 3377 2920 3444 potes
2961 3374 3230 3446 effugere,
3261 3378 3315 3429 te
3356 3379 3548 3430 autem

1907 3480 2223 3535 nunquam.
2256 3465 2392 3528 Quis
2429 3469 2513 3520 est
2542 3468 2800 3538 pauper?
2835 3467 2942 3531 Qui
2976 3467 3080 3522 sibi
3107 3469 3349 3523 videtur.
3377 3468 3484 3533 Qui
3513 3485 3548 3521 a

1908 3557 2101 3610 multis
2138 3557 2388 3627 timetur,
2427 3560 2636 3613 multos
2669 3559 2853 3615 timet.
2888 3561 3172 3616 Infelicem
3213 3561 3387 3633 erige,
3417 3561 3544 3616 sub-

1908 3649 2066 3704 mitte
2111 3649 2455 3706 felicitatem.
2487 3653 2629 3706 Vera
2666 3652 2902 3708 felicitas
2938 3653 3264 3710 innocentia
3297 3659 3399 3710 est.
3436 3657 3544 3710 Ne-

1906 3742 2083 3814 quitia
2119 3743 2238 3814 ipsa
2265 3743 2352 3798 sui
2385 3761 2550 3815 poena
2577 3750 2662 3801 est
2709 3748 2848 3802 Mala
2877 3749 3222 3803 conscientia
3250 3765 3396 3819 saepe
3426 3752 3547 3802 tuta

1906 3840 2008 3906 est,
2052 3852 2247 3890 secura
2289 3837 2388 3908 qui
2431 3839 2648 3892 exitum
2692 3841 2986 3910 cogitabit.
3028 3841 3290 3896 Beneﬁcii
3334 3842 3545 3912 accepti

1905 3945 2200 4000 nunquam
2231 3934 2452 3999 Oportet
2476 3931 2761 4000 oblivisci;
2796 3933 2933 4002 dati,
2961 3934 3241 4005 protinus.

1978 4023 2062 4075 IV.
2096 4021 2399 4076 Inhonesta
2435 4023 2668 4078 victoria
2708 4030 2810 4094 est,
2841 4043 2973 4081 suos
3002 4027 3249 4082 vincere.
3281 4026 3422 4082 Satis
3460 4031 3544 4087 est

1907 4131 2223 4185 poenarum,
2247 4115 2494 4186 potuisse
2520 4118 2746 4188 punire.
2775 4120 3096 4175 Inimicitias
3124 4121 3281 4176 tarde
3301 4121 3540 4192 suscipe,

1905 4207 2177 4262 amicitias
2263 4225 2462 4264 exerce
2539 4212 2846 4268 moderate.
2910 4214 3230 4270 Simultates
3303 4215 3539 4286 depone.

1905 4302 2096 4371 Imago
2141 4302 2318 4356 animi
2361 4319 2551 4358 sermo
2607 4310 2710 4360 est.
2763 4307 2956 4370 Qualis
3001 4309 3105 4377 vir,
3154 4308 3283 4363 talis
3338 4308 3538 4364 oratio.

1905 4395 2105 4464 Magna
2144 4411 2233 4450 res
2270 4401 2353 4451 est
2377 4397 2531 4451 vocis
2558 4402 2614 4453 et
2640 4399 2847 4454 silentii
2874 4405 3408 4472 temperamentum.
3437 4402 3542 4467 Qui

1906 4503 2070 4558 inquo
2095 4487 2286 4543 animo
2314 4491 2476 4544 malis
2503 4491 2872 4560 immiscetur,
2903 4495 3083 4548 malus
3109 4498 3213 4550 est.
3245 4495 3540 4550 Neminem

1905 4581 2237 4652 laudaveris,
2269 4583 2562 4639 neminem
2589 4585 2698 4640 cito
2726 4587 3002 4642 accusaris
3035 4604 3049 4641 :
3077 4603 3302 4659 semper
3326 4593 3460 4658 puta
3485 4594 3541 4643 te

1905 4691 2036 4729 cum
2063 4674 2169 4729 diis
2195 4677 2586 4733 testimonium
2615 4679 2821 4735 dicere.
2849 4681 3061 4736 Vitium
3087 4685 3171 4736 est
3197 4681 3388 4736 omnia
3415 4698 3536 4736 cre-

1904 4768 2056 4831 dere,
2086 4768 2289 4823 vitium
2316 4771 2456 4825 nihil
2485 4773 2731 4828 credere.
2755 4774 3036 4828 Utendum
3062 4778 3146 4830 est
3175 4775 3402 4842 divitiis,
3423 4792 3540 4830 non

1901 4861 2272 4916 abutendum.
2303 4863 2531 4918 Nullum
2559 4867 2842 4935 putaveris
2871 4868 3062 4923 locum
3090 4869 3210 4925 sine
3237 4874 3398 4925 teste.
3430 4871 3538 4924 Ex-

1902 4954 2253 5010 cusationem
2283 4953 2556 5026 qumrere,
2586 4958 2806 5013 vitium.
2841 4961 3063 5016 Fortior
3091 4966 3175 5017 est
3204 4964 3302 5035 qui
3327 4964 3541 5035 cupidi—

1900 5052 2074 5103 tatem
2102 5048 2274 5103 vincit
2298 5064 2468 5120 quam
2497 5050 2596 5121 qui
2625 5051 2845 5106 hostem
2872 5055 3118 5126 subjicit.
3151 5058 3244 5112 Est
3270 5057 3537 5113 difﬁcilli-

191 5138 258 5195 bis
280 5146 422 5216 quod
450 5146 731 5218 petiturus
759 5147 938 5202 fuisti.
966 5149 1168 5201 Pacem
1199 5164 1330 5201 cum
1357 5147 1684 5202 hominibus
1705 5147 1876 5219 ha-D
1902 5158 2082 5210 mum,
2126 5158 2184 5195 se
2225 5141 2412 5212 ipsum
2445 5141 2689 5198 vincere.
2735 5145 2928 5219 Inique
2968 5148 3246 5219 irascitur,
3287 5152 3385 5222 qui
3424 5152 3538 5205 suis

190 5232 337 5304 bebis,
362 5255 490 5296 cum
514 5240 664 5294 vitiis
691 5240 926 5296 bellum.
959 5242 1072 5296 Hoc
1112 5240 1286 5296 habet
1323 5240 1505 5294 omnis
1543 5240 1796 5309 affectus,

188 5331 240 5380 ut
271 5328 324 5384 in
354 5334 502 5405 quod
545 5333 666 5405 ipse
711 5334 938 5402 insanit,
972 5335 1030 5388 in
1067 5335 1125 5389 id
1154 5338 1319 5406 putet
1360 5333 1531 5389 etiam
1567 5339 1800 5389 caeteros

188 5417 366 5478 furere.
393 5427 702 5482 Maximum
731 5426 790 5481 in
821 5443 887 5481 eo
917 5428 1121 5482 vitium
1150 5432 1253 5495 est,
1283 5427 1382 5500 qui
1411 5443 1526 5481 non
1546 5427 1793 5482 meliori-

190 5508 274 5565 bus
297 5517 406 5572 vult
436 5519 678 5589 placere,
707 5519 804 5573 sed
830 5519 1108 5588 pluribus.
1141 5521 1233 5574 Vis
1260 5519 1523 5574 omnibus
1553 5536 1672 5575 esse
1700 5537 1796 5575 no-

192 5605 298 5660 tus?
319 5610 466 5678 prius
490 5613 649 5667 efﬁce
669 5617 733 5667 ut
761 5610 1052 5666 neminem
1072 5613 1312 5667 noveris.
1337 5613 1557 5666 Bonum
1577 5616 1659 5666 est
1679 5630 1793 5668 non

189 5693 392 5771 laudari,
414 5708 468 5759 et
487 5721 606 5761 esse
631 5707 996 5763 laudabilem.
1025 5707 1273 5764 Stultum
1303 5711 1388 5762 est
1416 5705 1618 5762 timere
1642 5707 1790 5778 quod

191 5788 336 5848 Vitare
354 5811 462 5852 non
488 5804 668 5870 potes.

249 5883 324 5940 Ill.
348 5887 477 5947 Male
508 5894 817 5964 opinentur
848 5895 917 5950 de
959 5899 1012 5951 te
1053 5894 1330 5962 homines,
1360 5895 1454 5951 sed
1486 5894 1640 5950 mali.
1677 5896 1788 5950 Ma-

1901 5233 2178 5289 irascitur.
2236 5238 2440 5290 Amare
2498 5236 2576 5290 sic
2625 5236 2830 5309 incipe,
2884 5246 3154 5314 tanquam
3210 5261 3327 5300 non
3378 5245 3537 5300 liccat

1899 5327 2177 5382 desinere.
2206 5329 2536 5400 Magnarum
2576 5346 2771 5386 rerum
2811 5335 2983 5392 etiam
3023 5339 3067 5392 si
3103 5355 3390 5395 successus
3424 5358 3537 5395 non

1897 5420 2069 5475 fuerit
2106 5422 2377 5477 honestus
2411 5428 2496 5479 est
2523 5423 2644 5496 ipse
2673 5433 2922 5484 conatus.
2953 5431 3223 5487 Nobilitas
3249 5435 3426 5490 animi
3457 5441 3540 5490 est

1897 5515 2241 5587 generositas
2304 5533 2531 5587 sensus;
2588 5521 2846 5576 nobilitas
2898 5525 3175 5593 corporis,
3233 5545 3537 5599 generosus

1903 5610 2148 5665 animus.
2177 5610 2474 5665 Honestior
2498 5618 2581 5667 est
2606 5631 2774 5686 quem
2805 5621 3061 5671 senectus
3085 5619 3154 5673 ad
3185 5622 3365 5676 otium
3390 5628 3540 5677 retu-

1893 5703 1986 5771 rit,
2016 5719 2188 5774 quam
2217 5719 2387 5774 quem
2418 5704 2475 5758 in
2505 5706 2620 5760 otio
2653 5708 2886 5776 invenit,
2922 5715 2978 5764 et
3004 5715 3138 5766 tunc
3165 5712 3365 5785 incipit
3390 5715 3535 5769 labo-

1892 5813 2036 5851 rare.
2059 5797 2244 5867 Turpe
2268 5798 2650 5866 spectaculum
2682 5801 2896 5870 przebet
2923 5802 3146 5857 animus
3172 5821 3344 5875 aeger.
3378 5809 3531 5862 Nun-

1889 5906 2062 5964 quam
2113 5889 2182 5942 sit
2225 5887 2398 5943 tristis
2447 5889 2615 5945 facies
2671 5893 2774 5948 tibi
2828 5893 2886 5948 in
2930 5898 3230 5951 commodo
3283 5900 3528 5953 alterius.
