4020 6232
409 386 469 450 31
1767 388 2043 447 MARTINI
2081 387 2438 448 DUMIENSIS
3717 396 3789 456 32

404 501 583 559 Homo
623 515 750 557 sum
780 514 793 556 :
824 500 1119 557 commodo
1148 500 1402 558 devitabo
1442 499 1816 557 secundarum
1845 515 2038 555 rerum
2060 507 2121 583 Α
2139 500 2290 557 facit.
2315 502 2509 559 Merito
2537 503 2812 574 damnari,
2835 520 2999 577 poena
3017 509 3101 562 est
3124 521 3137 562 :
3162 504 3452 562 damnatio
3472 504 3786 579 immerita,

404 594 716 651 invidiam?
741 595 797 651 Si
823 594 1146 651 felicitatem
1165 595 1481 668 jactaveris,
1504 611 1636 651 cum
1658 594 1854 650 multis
1882 594 2038 648 dives

405 689 536 746 eris.
563 690 852 754 Quomodo
892 690 1103 761 optime
1142 690 1455 763 potentiam
1479 689 1723 745 tuebor?
1751 690 2035 760 Impoten-

404 784 483 838 tia
525 784 847 839 occasionis.
888 784 1096 838 Locum
1138 788 1294 839 tenet
1336 782 1672 839 innocentia:
1714 782 2041 854 proximum

404 877 696 933 confessio.
734 879 837 934 Ubi
878 878 1171 948 confessio,
1203 878 1282 932 ibi
1320 877 1594 932 remissio.
1628 878 1729 931 Irae
1775 875 2040 931 severitas

404 970 466 1026 in
491 970 626 1027 vitio
657 976 756 1028 est.
788 972 925 1026 Boni
947 972 1153 1043 judicis
1184 976 1269 1027 est
1296 971 1640 1042 dispensare,
1672 986 1789 1024 non
1818 972 2041 1024 tantum

405 1064 544 1138 quid
569 1065 953 1120 damnandum
980 1067 1070 1136 sit,
1101 1065 1198 1120 sed
1226 1068 1526 1139 quatenus.
1549 1063 1845 1120 Proximus
1866 1062 2037 1134 justi-

403 1158 499 1215 tiae
527 1160 748 1229 modus,
778 1157 1062 1217 severitas.
1962 1166 1969 1175 ’

478 1349 539 1403 V.
567 1348 984 1414 Quietissimam
1014 1350 1187 1405 vitam
1218 1354 1454 1422 agerent
1481 1348 1738 1405 homines
1763 1350 1823 1404 in
1855 1349 2036 1419 terris,

405 1440 453 1497 si
478 1442 598 1498 hare
628 1443 739 1498 duo
769 1444 935 1499 verba
960 1461 994 1498 a
1020 1449 1221 1498 natura
1251 1444 1506 1499 omnium
1531 1459 1727 1510 rerum
1753 1444 2036 1512 tollerent,

405 1552 599 1591 meum
635 1541 692 1590 et
731 1541 917 1592 tuum.
958 1537 1063 1602 Qui
1105 1542 1494 1609 paupertatem
1537 1538 1718 1606 timet,
1754 1536 2040 1592 timendus

405 1633 508 1687 est.
537 1633 691 1687 Vires
721 1636 845 1685 tuas
873 1630 1039 1685 amici
1070 1632 1252 1701 magis
1280 1631 1526 1686 sentiant
1554 1631 1841 1685 beneﬁciis
1866 1647 2040 1702 quam

403 1726 647 1797 injuriis.
693 1725 935 1780 Pecunia
980 1741 1095 1779 non
1141 1724 1307 1779 satiat
1349 1724 1661 1792 avaritiam,
1693 1725 1790 1779 sed
1832 1724 2036 1779 irritat.

404 1821 582 1874 Homo
621 1836 844 1890 semper
882 1819 1146 1890 indigens
1181 1818 1438 1889 pecunia,
1468 1818 1569 1873 scit
1598 1835 1729 1873 cum
1755 1818 1875 1888 ejus
1912 1834 2036 1872 mo-

403 1912 560 1968 ribus
596 1912 913 1967 convenire.
950 1912 1083 1966 Mihi
1130 1911 1316 1981 crede,
1360 1928 1476 1966 non
1516 1915 1680 1983 potes
1727 1911 1881 1966 dives
1920 1883 2116 1965 esseB

325 2074 337 2084 .
402 2009 460 2059 et
510 2004 661 2059 felix.
716 2005 959 2060 Auribus
1000 2005 1357 2077 frequentius
1396 2020 1570 2075 quam
1612 2004 1811 2075 lingua
1854 2010 2036 2060 utere.

401 2097 684 2170 Quidquid
725 2098 975 2152 dicturus
1014 2116 1093 2167 es,
1120 2105 1253 2153 ante
1293 2115 1465 2171 quam
1505 2097 1647 2165 aliis,
1678 2098 1884 2152 dixeris
1912 2097 2036 2153 tibi.

399 2190 549 2245 Nihil
587 2191 820 2246 interest
861 2192 1012 2247 inter
1050 2191 1259 2247 iratum
1305 2197 1361 2247 et
1408 2191 1693 2261 insanum,
1740 2191 1847 2245 nisi
1889 2207 2039 2245 unus

402 2283 520 2337 dies
553 2299 567 2338 :
605 2284 749 2338 alter
775 2301 892 2339 non
929 2301 1154 2356 semper
1192 2285 1471 2350 irascitur,
1512 2284 1655 2339 alter
1690 2301 1913 2355 semper
1945 2284 2035 2338 in—

400 2376 569 2431 sanit.
617 2377 904 2431 Facillime
941 2377 1125 2432 bonus
1165 2377 1361 2447 fueris,
1411 2377 1457 2431 si
1500 2394 1567 2432 ea
1612 2377 1871 2431 vitaveris
1910 2393 2038 2447 quas

399 2469 821 2539 vituperaveris.
860 2470 1001 2524 Cum
1036 2470 1243 2524 alienos
1283 2470 1563 2538 timueris,
1613 2474 1668 2524 te
1704 2469 1891 2540 ipsum
1939 2486 2033 2524 ve-

402 2578 566 2616 rere:
594 2578 728 2616 nam
766 2580 917 2634 saepe
957 2563 1078 2617 sine
1117 2562 1241 2616 aliis
1278 2579 1397 2618 esse
1436 2567 1615 2634 potes,
1649 2562 1768 2616 sine
1802 2567 1857 2617 te
1884 2579 2033 2617 nun-

398 2670 593 2727 quam.
651 2656 706 2711 Si
758 2656 902 2711 bene
963 2661 1018 2711 te
1067 2656 1435 2725 instruxeris,
1494 2656 1707 2726 pudeat
1757 2655 2037 2710 deteriora

399 2747 602 2803 facere.
629 2748 789 2812 Quod
827 2749 1168 2821 persuaseris
1203 2750 1310 2804 erit
1347 2748 1705 2817 diuturnum,
1738 2749 1889 2819 quod
1916 2765 2038 2803 coe-

401 2841 552 2912 geris
606 2842 713 2897 erit
757 2842 820 2897 in.
870 2843 1177 2897 occasione.
1235 2842 1411 2897 Alteri
1462 2859 1689 2914 semper
1735 2842 2032 2913 ignoscito,

400 2933 505 2989 tibi
545 2934 653 3005 ipsi
696 2926 1011 3006 nunquam.
1061 2938 1304 2990 Tantum
1347 2935 1417 2989 ad
1470 2935 1738 2990 virtutem
1786 2935 2032 3005 adjicies,

400 3031 677 3099 quantum
698 3045 767 3082 ex
784 3030 1068 3099 voluptate
1088 3029 1445 3084 abstraxeris.
1468 3029 1716 3085 Stultum
1736 3032 1819 3083 est
1838 3046 2036 3083 somno

398 3121 684 3192 dejectari,
720 3126 777 3176 et
813 3123 973 3193 quasi
1010 3128 1255 3177 mortem
1284 3122 1492 3178 moliri.
1525 3124 1691 3177 Bonis
1723 3127 1907 3191 nocet,
1938 3122 2038 3193 qui

398 3213 561 3268 malis
598 3214 796 3284 parcit.
839 3215 998 3269 Multi
1032 3232 1164 3270 cum
1198 3215 1324 3269 aliis
1358 3215 1721 3284 maledicunt,
1758 3214 1863 3269 sibi
1902 3214 2037 3285 ipsis

398 3305 710 3361 convitium
751 3307 987 3362 faciunt.
1019 3308 1169 3362 Nihil
1211 3309 1436 3379 turpius
1479 3324 1651 3381 quam
1696 3308 1795 3379 qui
1845 3307 2039 3378 objicit

398 3398 597 3468 alteri;
663 3399 768 3453 sibi
826 3399 1228 3470 objiciendum.
1286 3403 1355 3456 Ut
1412 3400 1707 3456 licentiosa
1753 3400 2038 3471 mancipia

398 3491 595 3561 animi,
626 3491 866 3563 imperio
904 3510 1040 3565 rege
1076 3488 1364 3566 linguam,
1396 3488 1711 3561 libidinem,
1742 3499 2031 3562 ventrem;

399 3584 877 3657 cupiditatemque
911 3586 1219 3658 comprime
1245 3605 1262 3657 ;
1305 3588 1351 3641 si
1390 3604 1505 3642 non
1534 3593 1711 3659 potes,
1740 3586 2038 3657 paululum

401 3679 646 3734 remitte.
676 3680 833 3751 Saepe
874 3697 939 3735 ea
972 3698 1100 3753 quae
1128 3681 1316 3736 sanari
1352 3683 1571 3736 ratione
1609 3697 1725 3735 non
1752 3685 2033 3752 poterant,

400 3776 591 3826 sanata
630 3777 763 3827 sunt
792 3778 1069 3845 tempore.
1099 3775 1206 3839 Qui
1244 3779 1476 3846 propter
1499 3773 1756 3846 pecunias
1783 3789 2035 3827 amorem

399 3870 456 3919 et
481 3865 787 3921 libidinum
813 3868 1075 3936 moritur,
1095 3867 1337 3923 ostendit
1352 3885 1413 3923 se
1433 3884 1731 3939 nunquam
1757 3866 1846 3921 sui
1872 3882 2036 3921 causa

400 3957 626 4013 vixisse.
653 3960 863 4030 Turpia
891 3977 963 4015 ne
992 3961 1222 4030 dixeris,
1244 3961 1519 4032 paulatim
1547 3960 1699 4015 enim
1725 3960 1910 4031 pudor
1935 3975 2038 4030 per

401 4050 575 4105 verba
615 4050 933 4107 discutitur.
963 4054 1049 4110 Sic
1078 4054 1291 4121 habita,
1321 4058 1384 4108 ut
1420 4053 1607 4124 potius
1643 4053 1907 4107 laudetur
1933 4053 2033 4107 do-

402 4143 593 4198 minus
619 4160 791 4216 quam
823 4146 1024 4201 domus
1052 4164 1065 4201 :
1096 4146 1596 4202 consuetudinaria
1622 4162 1713 4199 res
1746 4151 1830 4201 est
1867 4147 2034 4201 inno-

404 4237 609 4293 centia.
642 4237 761 4292 Non
802 4239 1108 4309 damnatio,
1142 4241 1240 4295 sed
1275 4255 1441 4294 causa
1476 4239 1770 4293 hominem
1808 4244 2037 4310 turpem

2141 595 2460 652 damnantis
2487 601 2571 652 est
2596 598 2897 655 calamitas.

2210 690 2293 744 VI.
2329 690 2385 745 Si
2413 691 2628 762 aliquid
2668 694 3023 763 cogitaveris,
3060 694 3171 749 cito
3212 694 3509 766 apparebit
3546 710 3785 751 conver-

2140 783 2416 839 santibus.
2458 785 2648 841 Videri
2690 786 2774 840 vis
2819 787 2889 840 ab
2932 788 3236 843 omnibus?
3279 804 3575 859 nunquam
3618 789 3789 845 bonae

2140 877 2450 933 honestatis
2478 878 2762 933 simulatio
2790 880 2961 952 longa
2989 886 3095 936 est.
3123 880 3280 944 Quod
3310 882 3378 936 de
3407 882 3606 937 alienis
3633 887 3786 939 trac-

2140 976 2243 1041 tas,
2292 987 2360 1026 ex
2412 973 2526 1027 tuis
2567 973 2809 1043 judices.
2860 974 3019 1028 Multi
3072 980 3205 1029 sunt
3256 975 3567 1046 obligandi,
3615 978 3790 1048 pauci

2141 1065 2496 1135 offendendi;
2538 1082 2671 1120 nam
2710 1067 2987 1121 memoria
3022 1067 3430 1122 beneﬁciorum
3471 1069 3650 1123 facilis
3677 1075 3785 1139 est,

2142 1158 2483 1230 injuriarum
2553 1164 2742 1215 tenax.
2808 1160 3201 1232 Objurgationi
3275 1178 3501 1233 semper
3565 1163 3789 1236 aliquid

2140 1251 2344 1307 blande
2378 1252 2653 1322 admisce;
2693 1252 2915 1308 facilius
2940 1254 3095 1308 enim
3131 1258 3433 1325 penetrant
3457 1256 3626 1311 verba
3652 1273 3786 1328 quas

2141 1346 2298 1401 molli
2317 1346 2531 1401 vadunt
2547 1347 2655 1414 via,
2673 1364 2847 1418 quam
2878 1364 3104 1420 aspera;
3128 1364 3297 1403 nemo
3320 1349 3473 1404 enim
3494 1366 3551 1404 se
3576 1354 3784 1420 mutat,

2142 1439 2278 1511 quia
2321 1440 2533 1494 mutari
2567 1456 2626 1494 se
2666 1440 2944 1512 desperet.
3003 1442 3231 1505 Quoties
3275 1443 3525 1497 scribens
3566 1443 3789 1514 aliquid

2141 1533 2394 1587 dicturus
2426 1549 2503 1603 es,
2534 1534 2672 1588 scito
2704 1551 2929 1589 morum
2956 1538 3189 1590 tuorum
3218 1540 3272 1590 te
3300 1536 3627 1593 hominibus
3654 1537 3783 1592 chi-

2140 1627 2491 1697 rographum
2517 1627 2669 1682 dare.
2699 1628 2807 1692 Qui
2840 1628 2900 1682 in
2926 1645 3113 1683 servos
3154 1629 3417 1685 irascitur
3450 1634 3507 1685 et
3538 1631 3785 1686 crudelis

2143 1723 2245 1789 est,
2284 1721 2417 1774 satis
2460 1721 2706 1775 ostendit
2742 1726 3077 1792 potestatem
3113 1723 3379 1778 adversus
3418 1724 3628 1779 alienos
3672 1725 3785 1780 sibi

2144 1812 2407 1867 defuisse.
2436 1813 2542 1878 Qui
2578 1814 2757 1873 nescit
2792 1818 2996 1885 tacere,
3025 1815 3205 1871 nescit
3228 1816 3404 1888 loqui.
3433 1817 3671 1871 Facilius
3696 1821 3786 1872 est

2140 1906 2377 1976 pauperi
2404 1910 2794 1977 contemptum
2823 1906 3072 1978 effugere
3095 1925 3268 1980 quam
3294 1909 3455 1964 diviti
3483 1910 3779 1965 invidiam.

2140 2000 2326 2053 Bonus
2350 1999 2563 2054 fruitur
2585 2000 2732 2054 bona
2760 2001 3120 2057 conscientia.
3149 2003 3305 2057 Malis
3331 2003 3658 2058 hominibus
3684 2009 3781 2059 tu-

2139 2092 2424 2147 tissimum
2456 2097 2540 2148 est
2581 2094 2692 2149 cito
2723 2094 2943 2166 fugere.
2976 2095 3137 2149 Nulla
3166 2096 3373 2167 pusilla
3398 2096 3618 2166 domus,
3651 2113 3782 2169 quas

2138 2186 2347 2240 multos
2380 2186 2600 2241 amicos
2639 2188 2808 2258 capit.
2839 2188 2991 2243 Scire
3023 2188 3110 2243 uti
3144 2194 3497 2261 paupertate,
3529 2191 3783 2245 maxima

2138 2279 2394 2334 felicitas.
2438 2280 2603 2335 Acuit
2643 2281 2905 2351 intentio,
2947 2282 3160 2353 frangit
3196 2282 3453 2337 animum
3498 2284 3779 2340 remissio.

2138 2372 2439 2444 Nunquam
2477 2373 2658 2429 scelus
2697 2375 2905 2430 scelere
2945 2375 3291 2430 vincendum
3327 2380 3429 2431 est.
3470 2377 3657 2431 Bonus
3692 2377 3784 2432 vir

2139 2471 2222 2520 est
2250 2467 2349 2537 qui
2380 2483 2446 2522 eo
2476 2466 2744 2539 perduxit
2770 2467 2975 2523 affectu
3003 2468 3281 2536 animum,
3309 2473 3374 2524 ut
3404 2486 3519 2524 non
3555 2474 3782 2526 tantum

2137 2575 2368 2629 peccare
2393 2576 2509 2614 non
2533 2560 2686 2626 velit,
2710 2561 2808 2615 sed
2837 2561 3008 2615 etiam
3029 2578 3142 2617 non
3164 2550 3371 2633 possit.
3388 2563 3782 2635 Regnantibus

2137 2652 2297 2723 pejus
2325 2654 2502 2707 multo
2533 2654 2851 2725 periculum
2878 2671 3050 2727 quam
3078 2655 3169 2710 his
3197 2656 3298 2727 qui
3315 2655 3680 2727 judicantur;
3717 2657 3782 2712 hi

2137 2747 2290 2801 enim
2330 2747 2584 2818 singulos
2619 2747 2844 2818 timent,
2873 2748 2955 2802 illi
2985 2749 3298 2804 universos.
3322 2750 3590 2822 Nunquid
3620 2750 3782 2805 fortis

2134 2839 2339 2894 fortem
2366 2856 2423 2894 se
2452 2840 2805 2911 gloriabitur,
2828 2858 3000 2912 quem
3027 2843 3277 2914 corporis
3298 2844 3577 2915 aegritudo
3606 2843 3783 2899 efﬁcit

2136 2932 2470 2987 inﬁrmum?
2496 2933 2760 3003 Nunquid
2782 2933 2936 2988 dives
2965 2935 3027 2989 in
3048 2935 3250 3006 Opibus
3277 2936 3394 2991 suis
3420 2936 3777 3007 gloriabitur,

2136 3026 2297 3095 cujus
2326 3042 2485 3096 spem
2510 3026 2604 3080 fur
2621 3026 2709 3081 vel
2733 3030 3006 3097 tyrannus
3031 3028 3300 3099 abrupit?
3325 3029 3592 3102 Nunquid
3619 3029 3785 3085 nobi-

2135 3119 2262 3172 litas
2308 3118 2644 3189 gloriabitur
2694 3119 2911 3186 affecta,
2960 3138 3373 3194 nonnunquam
3423 3122 3678 3195 indignis
3721 3128 3781 3178 et

2136 3212 2554 3266 miserabilibus
2591 3213 2882 3268 serviens?
2917 3214 3179 3269 Diabolus
3217 3214 3520 3286 aliquando
3556 3232 3613 3271 se
3653 3216 3776 3288 glo-

2136 3304 2389 3360 riabatur
2426 3305 2845 3362 interfectorem
2880 3311 2994 3361 tuae
3027 3308 3459 3378 misericordias,
3492 3326 3643 3365 nunc
3681 3310 3777 3365 in-

2137 3398 2487 3468 tergemiscit
2528 3400 2705 3454 socios
2739 3405 2852 3454 tute
2887 3400 3271 3469 beatitudinis,
3312 3402 3601 3474 Fugienda
3646 3409 3780 3459 sunt

2138 3490 2401 3546 omnibus
2422 3491 2606 3547 modis
2628 3498 2683 3547 et
2708 3492 3086 3547 abscindenda
3112 3493 3234 3565 igni
3263 3510 3325 3548 ac
3354 3494 3525 3562 ferro,
3549 3499 3779 3567 totoque

2137 3586 2375 3641 artiﬁcio
2412 3586 2723 3658 separanda
2740 3629 2753 3656 ,
2781 3587 3024 3658 languor
3054 3603 3085 3639 a
3111 3603 3365 3658 corpore,
3395 3588 3680 3659 imperitia
3703 3589 3777 3644 ab

2135 3680 2347 3751 animo,
2380 3680 2608 3735 luxuria
2643 3697 2675 3733 a
2716 3684 2926 3746 mente,
2960 3695 2993 3733 a
3029 3678 3253 3734 civitate
3290 3678 3512 3751 seditio,
3540 3697 3572 3734 a
3608 3681 3779 3737 domo

2137 3773 2431 3841 discordia,
2462 3790 2493 3826 a
2520 3772 2737 3829 cunctis
2778 3772 2947 3826 rebus
2983 3771 3437 3843 intemperantia.
3467 3774 3619 3829 Dixit
3656 3773 3780 3847 qui—

2137 3867 2288 3934 dam,
2317 3866 2631 3921 amicorum
2674 3864 2865 3919 omnia
2902 3880 3020 3919 esse
3059 3865 3401 3935 communia,
3435 3870 3490 3921 et
3526 3867 3781 3922 amicum

2138 3977 2201 4013 se
2226 3959 2411 4030 ipsum
2441 3974 2559 4012 esse
2595 3958 2861 4012 alterum.
2887 3959 3137 4011 Duorum
3168 3962 3490 4029 temporum
3526 3960 3777 4015 maxime

2138 4052 2456 4107 habendam
2500 4068 2727 4118 curam,
2759 4055 2815 4105 et
2852 4067 3050 4106 eorum
3093 4067 3221 4122 quae
3256 4051 3436 4106 acturi
3474 4069 3688 4121 sumus,
3721 4058 3783 4107 et

2138 4162 2337 4201 eorum
2373 4161 2499 4217 quas
2542 4144 2840 4216 gessimus.
2880 4146 3011 4198 Post
3055 4144 3233 4200 Deum
3260 4144 3556 4200 veritatem
3596 4145 3782 4201 colen-

2139 4239 2289 4308 dam,
2318 4254 2445 4309 quae
2472 4238 2585 4292 sola
2607 4236 2871 4292 homines
2897 4235 3005 4292 diis
3033 4236 3321 4309 proximos
3348 4237 3500 4293 facit.

1559 4510 2369 4617 OPUSCULUM
2439 4511 2632 4613 III.

653 4689 1002 4810 PRO
1076 4688 2289 4810 REPELLENDA
2361 4687 3538 4815 JAGTANTIA“.

472 4901 512 4954 l.
555 4900 726 4956 Multa
774 4905 907 4954 sunt
944 4900 1213 4954 vitiorum
1256 4918 1493 4972 genam,
1538 4903 1745 4974 quibus
1788 4902 2114 4988 humanaD
2137 4901 2486 4970 sordidatur,
2540 4900 2934 4973 turpiloquiis,
2987 4899 3268 4968 ludibriis,
3328 4899 3781 4969 scurrilitatibus,

397 4993 671 5065 fragilitas
691 4994 1010 5062 infestatur,
1042 4998 1099 5048 et
1127 5010 1369 5065 quorum
1398 4996 1725 5050 vulneribus
1745 5013 1888 5068 pene
1918 5014 2033 5051 om-

399 5102 498 5141 nes
542 5086 799 5141 homines
846 5085 1152 5141 sociantur.
1205 5088 1345 5141 Nam
1398 5093 1460 5142 ut
1512 5089 1695 5144 dicam
1735 5106 1915 5160 pauca
1964 5091 2032 5145 de

396 5180 591 5233 multis
636 5178 762 5233 aliis
806 5195 820 5232 :
865 5179 966 5249 qui
1007 5180 1076 5233 ab
1127 5180 1419 5235 iracundia
1460 5182 1737 5251 vincitur,
1788 5183 2033 5238 caedibus

399 5271 738 5340 homicidiis,
775 5271 1008 5327 clamori
1040 5290 1103 5327 ac
1139 5273 1402 5329 seditioni
1447 5276 1708 5331 deservit.
1747 5276 1900 5330 Alius
1935 5276 2033 5346 qui

397 5364 632 5419 avaritia
677 5364 1018 5436 impellitur,
1071 5360 1580 5439 inhumanitatem,
1637 5368 2031 5441 rapacitatem,

398 5458 535 5513 falsa
575 5457 914 5529 testimonia,
943 5459 1255 5531 violentias,
1283 5462 1552 5533 perjuria,
1585 5463 1764 5532 furta,
1796 5462 2031 5516 menda-

399 5551 551 5604 cium
597 5556 653 5607 et
689 5549 1069 5609 fraudationes
1112 5560 1354 5611 exercet.
1389 5556 1541 5611 Alius
1587 5555 1685 5626 qui
1729 5572 1763 5609 a
1797 5554 2034 5610 libidine

469 5695 646 5773 {flata
665 5698 721 5751 et
744 5712 872 5767 qua:
900 5703 1218 5773 sequuntur
1233 5700 1514 5773 opuscula
1537 5695 2035 5773 quinque‘primus

401 5763 574 5839 edidit
617 5763 856 5823 Joannes
898 5763 1174 5839 Tainayus
1225 5763 1444 5825 salazar
1499 5763 1573 5823 in'
1614 5763 1715 5822 suo
1754 5763 2032 5839 Martirol.

399 5834 729 5912 l‘lisprtom.
784 5841 849 5895 ll.
892 5857 1024 5912 pag.
1070 5834 1335 5912 '3l7e328.
1390 5841 1646 5912 Quorum
1671 5838 1801 5912 __tria
1847 5840 2036 5912 priora

399 5902 691 5983 descripsit
734 5927 763 5968 e
805 5902 1130 5985 pervetusto
1172 5909 1370 5967 Codice
1413 5902 1528 5967 'ms.
1572 5902 1928 5969 bibliothecae
1969 5912 2032 5968 D.

2136 4994 2428 5050 adulteriis
2481 4997 2537 5047 et
2583 4991 3051 5047 fornicationibus
3099 4992 3434 5047 succumbit.
3483 4992 3639 5047 Alius
3682 4994 3785 5063 qui

2136 5089 2284 5160 gula:
2322 5087 2576 5159 ingluvie
2612 5090 2932 5159 superatur,
2964 5084 3480 5155 comessationibus,
3509 5085 3779 5156 crapulae,

2135 5180 2392 5237 ebrietati
2417 5179 2680 5235 deservit.
2716 5181 2781 5234 Et
2819 5184 2885 5233 ut
2914 5194 3028 5232 non
3056 5178 3236 5232 multa
3269 5194 3599 5250 prosequar,
3628 5194 3784 5249 quae-

2134 5289 2359 5345 cunque
2389 5289 2705 5328 memorare
2723 5289 2826 5343 per
2850 5272 3087 5342 longum
3110 5275 3214 5341 est,
3236 5288 3366 5325 cum
3392 5271 3646 5342 singulos
3670 5272 3780 5326 ho-

2134 5368 2319 5423 mines
2354 5370 2572 5422 constet
2601 5381 2615 5417 :
2645 5381 2793 5419 unus
2829 5365 2979 5421 inter
3017 5365 3139 5419 haec
3181 5364 3372 5420 omnia
3412 5364 3646 5420 morbus
3673 5369 3778 5435 est,

2134 5461 2232 5533 qui
2277 5458 2613 5515 conditionis
2658 5474 2773 5513 suae
2811 5474 2926 5512 non
2965 5457 3301 5531 singillatim
3346 5457 3643 5530 quosdam,
3684 5458 3783 5512 sed

2135 5552 2523 5626 congregatim
2568 5556 2799 5607 cunctos
2847 5550 3084 5621 addicit;
3132 5556 3192 5607 et
3232 5568 3362 5605 cum
3406 5555 3607 5606 caetera
3646 5549 3783 5605 vitia

2135 5698 2347 5776 Garcias
2392 5698 2461 5752 de
2504 5698 2734 5769 Loaysa.
2778 5695 3015 5776 Reliqua
3052 5710 3184 5749 vero
3225 5695 3338 5776 duo
3371 5694 3523 5750 unde
3561 5695 3783 5776 desum—

2180 5769 2334 5839 serit,
2360 5766 2772 5840 expresse'gnon
2809 5766 3044 5840 indicat,
3073 5781 3202 5838 quae
3239 5771 3434 5823 tamen
3473 5782 3543 5822 ex
3579 5767 3779 5823 eodem

2180 5788 2334 5839 SBI‘II,
2360 5788 2619 5840 expresse
2655 5788 2772 5822 ΠΟΙΙ
2809 5788 3009 5821 ωαιεω

2136 5788 2338 5897 ἓοὰὶοθ
2365 5839 2460 5896 ille
2487 5838 2741 5896 hausisse
2768 5837 3009 5894 videtur.
