4020 6232
194 289 249 340 33
1078 282 1473 341 OPL'SCL'LUM
1512 284 1601 340 ΠΙ.
1642 283 1775 339 PRO
1814 282 2254 340 REPELLFNDA
2290 283 2644 340 JACTANTIA
3358 288 3365 296 ’
3482 290 3548 343 3i

190 388 551 464 particulatim
580 389 692 446 sibi
718 391 1005 448 vindicent
1038 408 1180 463 quos
1206 393 1463 464 vicerint,
1495 393 1602 449 hoc
1637 408 1818 449 unum
1840 403 1899 476 Α
1921 392 1989 448 de
2025 409 2083 447 se
2120 392 2227 448 sibi
2262 392 2369 447 hoc
2403 392 2558 466 quod
2593 407 2790 447 verum
2827 395 2912 447 est
2947 391 3267 461 conﬁtetur,
3311 394 3552 466 gloriam

188 501 288 542 non
310 484 420 539 nisi
446 484 724 540 omnibus
748 486 1030 542 dominari
1054 490 1384 543 contentum
1409 493 1513 543 est.
1546 489 1605 543 Id
1625 492 1817 544 autem

188 584 261 635 est
282 579 445 633 inane
471 578 666 634 laudis
694 581 969 651 studium,
998 581 1151 653 quod
1192 582 1351 637 Greci
1388 591 1645 651 κενοδοξία,
1676 583 1819 637 Lati-

188 673 241 728 ni
262 688 451 727 ranam
477 674 722 743 gloriam
747 690 843 731 seu
861 675 1192 745 jactantiam
1217 681 1437 732 vocant.
1468 677 1627 742 Quod
1652 678 1817 750 quale

191 767 250 821 sit
266 767 475 822 malum
497 771 557 822 et
582 769 871 839 quomodo
899 769 1193 825 universos
1213 770 1489 841 vulneret,
1523 771 1725 827 dicam.

251 861 310 914 Il.
357 860 499 915 Cum
546 861 613 915 in
659 862 925 917 omnibus
966 862 1141 935 hujus
1177 864 1307 920 vita:
1354 864 1574 935 studiis,
1627 863 1817 937 aliqua

188 954 320 1025 plus,
354 953 546 1025 aliqua
586 954 782 1009 minus
825 955 1077 1010 humano
1126 959 1323 1029 generi
1358 958 1635 1031 placeant,
1673 958 1816 1012 nihil

189 1046 355 1118 magis
382 1046 777 1104 delectabilius
807 1049 878 1103 ab
903 1050 1060 1105 omni
1096 1051 1327 1107 homine
1356 1068 1526 1124 quam
1563 1052 1817 1107 studium

189 1141 433 1197 humanae
477 1142 672 1198 laudis
709 1143 1015 1215 appetitur.
1054 1146 1122 1199 Et
1146 1145 1259 1200 alia
1290 1146 1522 1218 quidem
1557 1148 1815 1219 quamvis

191 1234 566 1290 ardentissima
612 1236 936 1309 cupiditatis
984 1237 1289 1295 ambitione
1336 1244 1469 1295 sunt
1510 1241 1811 1313 acquisita;

189 1332 361 1385 tamen
402 1334 707 1401 postquam
762 1329 960 1386 haberi
1002 1332 1274 1404 cceperint
1313 1334 1437 1405 ipso
1486 1335 1815 1406 quotidiano

191 1422 266 1476 sui
286 1439 387 1477 usu
420 1423 688 1494 quamvis
720 1440 931 1497 magna
958 1426 1089 1496 sint,
1122 1426 1391 1481 continuo
1426 1427 1810 1485 fastidiuntur.

192 1518 252 1570 At
271 1532 398 1571 vero
424 1516 599 1572 inane
621 1518 730 1573 hoc
755 1514 919 1574 vanae.
935 1520 1122 1589 gloria:
1151 1500 1495 1575 desiderium
1526 1526 1681 1577 tanto
1699 1540 1814 1578 am-

191 1609 322 1679 plius
343 1611 645 1681 quaeritur,
668 1617 883 1683 quanto
912 1614 1156 1685 amplius
1184 1614 1479 1669 inventum
1508 1620 1590 1670 est
1611 1632 1625 1670 :
1648 1617 1726 1672 ita
1749 1621 1814 1671 ut

192 1702 318 1757 nihil
341 1720 407 1759 ex
432 1705 595 1759 omni
613 1721 786 1777 opere
814 1706 942 1778 plus
963 1708 1134 1763 homo
1158 1710 1352 1780 cupiat
1375 1726 1547 1781 quam
1566 1711 1808 1779 laudari;

1919 502 2082 541 suam
2108 503 2179 541 ex
2203 486 2388 542 aliena
2415 486 2687 558 opinione
2716 484 3043 557 suspendit;
3085 491 3141 542 et
3176 503 3309 542 cum
3345 488 3555 544 dicitur

1918 580 2133 649 beatus,
2166 580 2524 653 magnificus,
2556 585 2779 652 potens,
2808 596 2928 635 non
2958 580 3093 652 quia
3140 580 3218 635 ita
3254 587 3339 637 est
3376 583 3447 637 de
3471 599 3550 653 se,

1920 675 2015 728 sed
2041 674 2175 745 quia
2203 675 2280 728 ita
2304 675 2512 731 dicitur
2535 675 2732 729 credit.
2766 676 2881 729 Hoc
2908 674 3062 729 enim
3081 678 3165 729 est
3191 676 3554 731 mortiferum

1919 768 2061 822 illud
2088 768 2287 823 vitium
2307 769 2376 823 de
2407 786 2521 841 quo
2549 769 2825 823 Dominus
2854 769 2916 823 in
2949 770 3249 840 Evangelio
3276 770 3355 824 ita
3376 770 3556 843 loqui-

1917 865 2013 915 tur
2048 862 2119 916 ad
2162 863 2382 917 Iudaeos
2423 882 2436 918 :
2483 864 2773 931 Quomodo,
2800 861 3011 933 inquit,
3051 879 3142 918 vos
3179 867 3401 934 potestis
3437 880 3551 920 cre-

1917 955 2062 1017 dere,
2091 958 2188 1025 qui
2210 956 2439 1023 gloriam
2463 957 2531 1010 ab
2554 958 2778 1011 invicem
2802 958 3070 1025 accipitis,
3100 961 3152 1011 et
3172 958 3403 1024 gloriam
3433 974 3553 1027 qua:

1917 1064 1952 1103 α
1975 1050 2086 1103 solo
2117 1052 2221 1105 Deo
2261 1054 2338 1105 est
2376 1066 2481 1104 non
2522 1052 2764 1119 quaeritis
2804 1049 2976 1120 (Joan.
3021 1067 3076 1119 v,
3121 1050 3252 1121 41;)?
3294 1050 3552 1107 Ostendit

1917 1142 2069 1196 enim
2097 1142 2387 1210 Dominus,
2416 1142 2550 1214 quia
2577 1142 2834 1214 quisquis
2857 1142 2927 1197 ab
2953 1143 3282 1199 hominibus
3311 1145 3554 1216 gloriam

1916 1236 2120 1307 quaerit
2144 1253 2177 1290 a
2206 1237 2315 1291 Deo
2339 1252 2454 1290 non
2488 1236 2658 1291 habet
2682 1236 2833 1307 quod
2860 1240 3161 1308 exspectet.
3191 1238 3346 1293 Unde
3379 1239 3553 1294 etiam

1915 1328 2060 1384 illud
2096 1330 2164 1385 de
2203 1329 2513 1402 hypocritis
2550 1330 2965 1401 elecmosynam
3004 1330 3335 1386 facientibus
3369 1332 3505 1388 dicit
3536 1350 3550 1388 :

1914 1423 2040 1476 Ideo
2070 1424 2165 1477 hoc
2188 1426 2424 1491 faciunt,
2452 1429 2513 1478 ut
2535 1424 2905 1493 gloriﬁcentur
2933 1424 3002 1476 ab
3027 1424 3346 1480 hominibus.
3373 1426 3550 1481 Amen

1914 1515 2032 1569 dico
2064 1517 2213 1569 vobis
2258 1520 2389 1586 quia
2442 1521 2757 1585 receperunt
2808 1517 3099 1571 mercedem
3148 1533 3303 1572 suam
3338 1518 3549 1588 (Matth.

1914 1623 1986 1677 vr,
2037 1609 2123 1680 2);
2179 1609 2236 1663 id
2292 1615 2397 1680 est,
2449 1610 2674 1664 laudem
2729 1610 3039 1664 humanam
3092 1609 3444 1666 solummodo
3494 1613 3555 1667 in
3632 1611 3637 1617 ’

1914 1703 2196 1771 praesenti.
2230 1705 2434 1758 Paulus
2461 1719 2686 1775 quoque
2716 1704 3011 1775 Apostolus
3039 1719 3140 1757 nos
3177 1709 3371 1759 monet
3399 1722 3412 1759 :
3443 1709 3554 1764 No-

191 1809 282 1849 nec
306 1796 451 1851 aliud
480 1797 702 1869 aliquid
742 1801 956 1870 gratius
985 1801 1088 1855 sibi
1124 1778 1413 1858 existimet
1436 1804 1614 1874 reddi,
1644 1778 1891 1876 quamB
1917 1794 2029 1857 ιίίθ,
2076 1796 2282 1867 inquit,
2325 1799 2446 1867 ﬁeri
2481 1799 2667 1851 inanis
2704 1798 2892 1865 gloria:
2932 1798 3121 1865 cupidi
3164 1796 3307 1868 (Gal.
3348 1815 3399 1852 v.
3442 1799 3552 1870 26).

195 1887 234 1943 si
255 1890 370 1961 quis
406 1890 572 1946 illum
601 1893 765 1963 quasi
793 1893 1102 1964 gloriosum
1138 1896 1312 1951 fuerit
1337 1896 1669 1952 admiratus.
1702 1899 1813 1952 Hoc

194 1997 314 2053 ergo
338 1999 517 2055 reges,
548 1985 660 2040 hoc
678 1986 919 2057 judices,
942 1988 1047 2042 hoc
1079 1988 1303 2059 urbani,
1334 1990 1443 2045 hoc
1470 1990 1682 2061 rustici,
1708 1991 1816 2045 hoc

192 2075 300 2145 viri,
338 2077 440 2131 hoc
482 2078 736 2150 feminae,
775 2081 938 2151 pueri
962 2124 976 2152 ,
1032 2083 1433 2152 adolescentes,
1479 2084 1718 2155 juvenes
1758 2089 1815 2142 et

194 2184 335 2224 senes
358 2171 465 2226 hoc
493 2172 779 2228 ambiunt.
811 2174 1021 2231 Omnes
1060 2176 1281 2231 laudari
1306 2177 1522 2248 volunt,
1560 2178 1815 2249 quamvis

194 2262 312 2318 false
345 2263 672 2321 laudentur.
699 2267 839 2322 Nam
864 2269 1025 2339 pueri
1054 2270 1479 2326 adolescentum
1510 2271 1618 2326 sibi
1648 2271 1811 2343 inge-

194 2354 335 2411 nium
355 2358 665 2429 vindicant,
693 2360 1075 2418 adolescentes
1106 2363 1387 2434 juvcnum
1418 2364 1475 2418 in
1501 2382 1559 2419 se
1586 2365 1809 2419 fortitu-

196 2438 364 2505 dinem
395 2451 775 2523 mentiuntur,
800 2455 1041 2525 juvenes
1067 2472 1269 2511 senum
1306 2457 1411 2511 sibi
1452 2457 1813 2528 prudentiam

195 2542 453 2599 scribunt
494 2561 508 2599 :
550 2562 737 2617 senes,
777 2548 911 2620 quia
960 2549 1199 2604 ulterius
1250 2549 1333 2605 ire
1386 2566 1503 2605 non
1552 2556 1810 2622 possunt,

195 2636 466 2693 redeuntes
494 2643 675 2709 retro,
708 2641 945 2712 gloriam
973 2641 1080 2697 sibi
1110 2643 1349 2715 exigunt
1373 2643 1441 2699 de
1481 2646 1809 2715 transactis;

197 2729 396 2785 femina:
418 2734 685 2804 quamvis
711 2751 852 2790 sexu
876 2752 995 2791 non
1024 2742 1284 2808 possunt,
1312 2738 1506 2792 animo
1538 2755 1595 2793 se
1622 2744 1812 2794 tamen

195 2822 448 2881 virilitatis
482 2827 805 2897 extollunt;
854 2829 1051 2884 rustici
1086 2830 1333 2885 urbanos
1372 2831 1553 2887 videri
1589 2849 1647 2887 se
1694 2850 1815 2904 ges-

198 2916 349 2987 tiunt;
370 2920 594 2990 judices
633 2922 743 2976 hoc
767 2922 875 2977 sibi
913 2929 1181 2995 quaerunt
1200 2923 1431 2991 deferri,
1465 2926 1616 2997 quod
1657 2926 1811 2997 regi-

198 3007 314 3079 bus;
338 3028 495 3085 reges
518 3015 629 3070 hoc
651 3032 710 3071 se
735 3017 1019 3072 somniant
1036 3034 1218 3089 posse,
1249 3019 1400 3091 quod
1437 3020 1605 3074 Deus.
1630 3022 1812 3092 Atque

197 3101 260 3157 ita
288 3104 416 3160 dum
448 3108 669 3181 singuli
704 3128 763 3166 se
808 3111 938 3183 plus
978 3113 1178 3167 volunt
1217 3112 1399 3167 videri
1446 3130 1617 3185 quam
1657 3118 1809 3185 sunt,

203 3195 415 3267 gloriam
440 3201 627 3258 laudis
657 3221 786 3275 qum
812 3205 917 3259 soli
944 3206 1057 3261 Deo
1084 3206 1361 3262 veraciter
1385 3206 1624 3262 debetur
1643 3207 1815 3263 hosti-

200 3288 310 3345 liter
331 3292 636 3365 depraedati
658 3303 811 3353 sunt.
833 3300 902 3354 Et
928 3300 1084 3371 quod
1102 3301 1171 3355 ad
1198 3317 1489 3355 summum
1514 3301 1671 3356 nefas
1689 3318 1817 3374 per-

200 3383 336 3455 tinet,
364 3387 495 3443 hinc
525 3390 671 3446 illud
697 3392 1059 3464 sacrilegium
1096 3394 1356 3450 exoritur
1390 3394 1811 3467 blasphemum,

202 3482 255 3532 ut
284 3480 407 3551 quia
444 3488 639 3539 totum
675 3486 831 3557 quod
866 3487 1049 3542 laudis
1082 3492 1167 3543 est
1202 3488 1378 3543 homo
1414 3489 1629 3561 diripit,
1670 3489 1814 3543 nihil

204 3570 329 3627 aliud
363 3576 472 3631 Deo
496 3578 616 3632 nisi
652 3578 774 3633 sola
799 3581 1141 3651 vituperatio
1180 3581 1544 3654 relinquitur.
1574 3582 1817 3638 Excessit

205 3679 462 3724 mensuras
487 3688 622 3726 suas
652 3688 833 3743 genus
862 3673 1203 3744 humanum,
1234 3676 1371 3731 dum
1397 3677 1689 3732 neminem
1721 3677 1812 3731 in-

204 3760 364 3816 venias
387 3763 483 3834 qui
510 3781 632 3819 non
656 3766 735 3821 ita
759 3766 956 3821 mirari
986 3784 1043 3823 se
1070 3768 1206 3824 velit
1229 3773 1294 3824 ut
1319 3770 1483 3825 Deus.
1514 3769 1648 3834 Quis
1677 3785 1814 3841 ergo

206 3853 379 3908 modus
412 3862 606 3928 potest
645 3875 766 3914 esse
809 3860 1037 3928 talibus,
1067 3877 1101 3915 a
1143 3862 1350 3933 quibus
1388 3867 1445 3917 et
1482 3864 1686 3917 coelum
1733 3869 1817 3919 est

204 3945 541 4017 pignoratum
585 3952 657 4007 ad
697 3954 862 4025 cujus
907 3954 1267 4011 altitudinem
1316 3955 1422 4009 nisi
1472 3956 1599 4027 quis
1643 3955 1816 4011 fuerit

208 4036 429 4113 humilis,
454 4062 576 4101 non
604 4047 875 4119 attingit?

268 4135 345 4191 ΙΙΙ.
372 4139 461 4193 llis
480 4145 674 4196 autem
696 4157 729 4195 a
754 4141 960 4212 quibus
981 4141 1037 4197 id
1056 4143 1207 4213 quod
1228 4159 1538 4215 supernum
1556 4148 1639 4199 est
1660 4162 1818 4200 usur-

207 4233 363 4299 patur,
392 4237 451 4286 ut
476 4234 625 4288 mihi
641 4234 882 4303 videtur,
908 4235 1055 4289 nihil
1074 4235 1228 4291 aliud
1255 4241 1511 4291 remanet
1535 4254 1710 4309 quam
1735 4238 1818 4293 in-

207 4318 419 4380 fernum.
472 4326 596 4381 Non
648 4327 805 4383 enim
868 4328 1079 4383 habent
1127 4346 1240 4401 quo
1290 4330 1631 4401 ascendant;
1684 4331 1818 4403 quia

209 4427 402 4486 semper
422 4420 800 4489 ascendendo,
830 4421 940 4476 hoc
967 4422 1081 4476 illis
1106 4425 1330 4477 tantum
1362 4427 1637 4495 superest,
1666 4425 1817 4496 quod

1913 1888 2145 1943 lnanem
2189 1890 2480 1962 appellans
2525 1890 2765 1962 gloriam
2819 1906 2993 1962 quam
3034 1890 3252 1945 fenerat
3299 1891 3555 1947 mendice

1914 1981 2229 2038 mendicus.
2274 1986 2509 2038 Inanem
2552 1984 2744 2039 dicens
2790 1988 2846 2037 et
2891 2000 3124 2037 vacuam
3171 2000 3283 2055 qua
3330 1984 3376 2039 si
3417 1985 3555 2057 quid

1912 2073 2047 2128 boni
2080 2076 2290 2146 agitur,
2320 2078 2457 2131 dum
2496 2077 2601 2131 sibi
2646 2077 2817 2131 homo
2854 2076 3073 2146 tribuit,
3113 2077 3371 2133 omnium
3394 2079 3553 2135 labo-

1914 2183 2043 2233 rum
2070 2168 2286 2224 fructus
2313 2173 2563 2225 evacuat.

1983 2261 2068 2316 IV.
2127 2263 2236 2317 Nec
2292 2264 2475 2319 solum
2524 2262 2728 2318 merita
2784 2263 3062 2319 virtutum
3131 2265 3399 2335 excludit,
3450 2267 3548 2321 sed

1915 2354 2083 2410 etiam
2127 2373 2258 2411 reus
2293 2358 2537 2412 efficitur
2561 2357 2759 2413 aeterni
2790 2358 3045 2428 supplicii
3076 2374 3089 2411 :
3118 2358 3250 2428 quia
3277 2375 3419 2430 opus
3446 2359 3551 2414 bo-

1913 2464 2055 2503 num
2097 2452 2247 2522 quod
2277 2451 2511 2507 obtentu
2534 2451 2789 2521 jubentis
2823 2451 2918 2505 Dei
2945 2450 3141 2506 debuit
3162 2451 3430 2521 exerceri,
3458 2470 3551 2508 ac-

1914 2543 2206 2615 quirendm
2226 2544 2407 2600 laudis
2430 2545 2612 2615 gratia
2633 2550 2980 2601 exerceatur.
2999 2546 3150 2600 Tolle
3167 2544 3401 2613 favores,
3418 2547 3553 2602 tolle

1913 2637 2311 2693 admirationes
2354 2640 2653 2708 humanas,
2688 2656 2896 2711 paucos
2927 2638 3181 2707 invenies
3207 2639 3306 2711 qui
3339 2640 3553 2712 aliquid

1914 2729 2047 2784 boni
2081 2735 2179 2785 aut
2217 2749 2410 2788 amore
2454 2732 2571 2801 Dei,
2613 2736 2711 2787 aut
2761 2733 2826 2802 (si
2854 2732 2943 2786 hic
2986 2748 3102 2787 non
3140 2732 3327 2803 fuerit)
3355 2733 3557 2789 timore

1912 2825 2226 2895 perﬁciant.
2267 2827 2424 2881 Unde
2460 2843 2577 2881 non
2607 2826 2782 2881 levior
2811 2843 2914 2880 nos
2944 2825 3123 2897 :culpa
3160 2828 3551 2897 commaculat,

1914 2919 2045 2989 quia
2074 2919 2333 2974 homines
2357 2920 2492 2991 Deo,
2516 2924 2572 2975 et
2612 2920 2851 2991 gloriam
2881 2920 3194 2974 humanam
3230 2920 3425 2991 glorias
3451 2939 3555 2977 coe-

1913 3012 2040 3067 lesti
2092 3014 2497 3085 prmponimus.
2542 3016 2749 3069 Acutus
2795 3012 2965 3067 nimis
3016 3012 3107 3066 hic
3158 3012 3417 3069 elationis
3470 3020 3557 3071 est

1915 3107 2145 3161 morbus
2178 3126 2191 3162 :
2223 3124 2291 3162 ex
2326 3111 2567 3179 utraque
2613 3110 2773 3178 parte
2819 3106 3127 3177 pestiferat,
3185 3123 3248 3161 ac
3299 3107 3555 3164 incautos

1910 3202 2220 3261 exulcerat.
2265 3203 2402 3255 Nam
2432 3200 2527 3254 alii
2564 3200 2690 3269 sibi,
2720 3200 2853 3272 quia
2888 3200 3024 3254 boni
3060 3205 3233 3255 sunt:
3266 3201 3385 3271 alii,
3422 3203 3554 3274 quia

1915 3294 2052 3349 mali
2089 3299 2241 3362 sunt,
2277 3295 2613 3365 gloriantur.
2654 3293 2761 3349 Sed
2805 3295 2874 3349 de
2906 3294 3069 3349 bonis
3108 3294 3266 3349 elatis
3303 3296 3551 3352 dicitur:

1917 3389 2181 3454 Quoniam
2217 3392 2359 3443 Deus
2396 3390 2689 3459 dissipavit
2722 3404 2844 3443 ossa
2880 3390 3153 3444 hominum
3190 3390 3296 3443 sibi
3326 3391 3550 3460 placen-

1916 3484 2052 3537 tium
2105 3482 2210 3551 (Ps.
2260 3498 2353 3551 ιιι,
2395 3482 2468 3551 6).
2517 3483 2593 3536 De
2647 3482 2812 3537 malis
2858 3499 2989 3537 vero
3043 3482 3250 3538 inﬂatis
3302 3484 3548 3540 dicitur:
3642 3502 3649 3507 ’

1918 3576 2182 3642 Quoniam
2209 3576 2476 3630 laudatur
2494 3580 2743 3647 peccator
2762 3578 2818 3631 in
2838 3576 3117 3632 desideriis
3136 3580 3334 3633 anima:
3352 3593 3482 3641 suae,
3505 3583 3556 3634 et

1915 3672 2015 3739 qui
2050 3671 2243 3739 iniqua
2280 3672 2420 3739 gerit
2458 3670 2787 3725 benedicitur
2812 3670 2918 3737 (Ps.
2948 3686 2981 3723 x
3002 3686 3018 3738 ;
3055 3685 3153 3725 sec.
3186 3672 3318 3726 Heb.
3358 3672 3458 3744 ιιι).
3489 3672 3558 3727 Et

1915 3762 2056 3817 illud
2083 3762 2454 3834 apostolicum
2498 3780 2512 3817 :
2556 3765 2792 3831 Quorum
2830 3763 2959 3818 deus
2990 3768 3193 3826 venter,
3221 3768 3273 3819 et
3297 3766 3473 3835 gloria
3497 3767 3556 3821 in

1916 3858 2276 3924 confusionem
2304 3858 2564 3927 (Philipp.
2592 3872 2673 3925 ιιι,
2712 3856 2816 3927 19).

1986 3950 2051 4004 ν.
2083 3949 2297 4020 Ubique
2339 3949 2492 4003 enim
2538 3950 2645 4003 hoc
2675 3948 2960 4017 jactantiw
3002 3948 3206 4004 vitium
3256 3952 3451 4023 serpit,
3500 3956 3558 4008 et

1916 4059 2044 4098 suas
2080 4042 2384 4115 utrobique
2430 4047 2620 4115 partes
2665 4048 2909 4097 exercet.
2960 4043 3067 4100 Sed
3103 4044 3149 4098 si
3186 4044 3311 4099 illos
3354 4047 3455 4117 qui
3493 4046 3555 4101 in

1915 4137 2076 4191 bonis
2101 4137 2368 4209 operibus
2390 4136 2642 4191 viventes
2671 4137 2983 4192 humanam
3014 4139 3253 4210 gloriam
3275 4156 3557 4213 aucupan-

1916 4234 2032 4301 tur,
2058 4231 2360 4287 auctoritas
2387 4231 2575 4286 divina
2601 4232 2960 4299 condemnat,
2991 4249 3057 4288 eo
3084 4235 3235 4306 quod
3263 4251 3319 4290 se
3346 4234 3406 4289 in
3440 4235 3554 4290 illis

1916 4325 2102 4397 magis
2130 4326 2433 4381 voluerunt
2458 4326 2679 4380 laudari
2715 4342 2886 4397 quam
2915 4327 3125 4397 Deum;
3159 4328 3296 4401 quid
3338 4329 3407 4384 de
3445 4330 3555 4385 illis

1916 4418 2014 4474 ﬁet
2039 4420 2138 4491 qui
2165 4424 2220 4474 et
2249 4421 2398 4476 male
2424 4421 2619 4475 vivunt
2648 4423 2704 4474 et
2724 4424 2913 4476 tamen
2939 4421 3161 4477 laudari
3184 4423 3423 4479 volunt?
3445 4423 3556 4495 lpsi

211 4503 534 4568 descendant.
565 4513 777 4568 Omnes
804 4515 959 4569 enim
981 4515 1052 4570 ad
1073 4516 1333 4588 gloriam,
1354 4533 1459 4572 nec
1484 4521 1677 4573 tamen
1703 4536 1817 4574 una
1835 4529 1894 4601 D
1918 4513 2292 4569 considerent.
2318 4515 2513 4569 Nullus
2539 4514 2721 4586 igitur
2747 4531 2904 4569 vana:
2934 4515 3127 4587 gloriae
3152 4516 3280 4571 ﬁnis
3306 4521 3425 4573 est:
3449 4533 3555 4572 nec

211 4598 284 4654 via
302 4612 662 4676 concurrunt;
692 4608 790 4663 alii
810 4608 965 4663 enim
994 4609 1063 4663 de
1088 4611 1333 4681 acceptis
1359 4612 1675 4666 honoribus
1701 4612 1816 4667 lau-

213 4691 321 4749 dem
360 4701 610 4771 cupiunt,
664 4701 762 4757 alii
809 4702 879 4757 de
924 4702 1168 4772 relictis;
1213 4703 1445 4775 quidam
1483 4721 1621 4760 auro
1660 4707 1813 4774 elati,

211 4787 411 4857 quidam
434 4810 625 4864 panno
652 4796 925 4851 vilissimo
961 4797 1310 4868 gloriantur;
1344 4798 1485 4853 alius
1512 4800 1644 4871 quia
1672 4799 1814 4854 deli-

214 4880 333 4937 ciose
356 4883 485 4941 vivit
520 4889 743 4959 placere
769 4890 911 4958 vult,
937 4889 1081 4946 alius
1118 4890 1255 4963 quia
1288 4908 1486 4963 parce;
1525 4896 1814 4964 postremo

213 4975 331 5033 alter
360 4978 525 5053 vitiis,
553 4983 696 5039 alter
739 4984 1061 5041 virtutibus.
1104 4987 1314 5041 Omnes
1354 4985 1570 5058 ubique
1606 4988 1815 5043 famam

214 5080 349 5126 suam
372 5092 681 5148 prorogare
709 5079 1060 5134 contendunt
1092 5094 1107 5133 :
1136 5081 1193 5134 et
1211 5078 1340 5134 ideo
1372 5079 1705 5135 difﬁcillima
1733 5085 1817 5136 est

214 5158 358 5234 hujus
372 5169 655 5238 jactantia.’
681 5173 920 5239 curatio,
954 5172 1088 5243 quia
1116 5189 1235 5227 non
1259 5173 1409 5228 vitiis
1433 5177 1675 5244 tantum,
1720 5175 1815 5230 sed

214 5256 358 5314 Etiam
396 5263 698 5320 virtutibus
741 5282 799 5321 se
826 5265 1126 5321 immiscet.
1176 5268 1287 5322 Nec
1332 5266 1486 5322 enim
1537 5268 1816 5339 permittit

215 5346 472 5411 hominem
505 5359 687 5430 qualis
711 5360 782 5415 sit
806 5376 839 5414 a
866 5360 1167 5432 semetipso
1191 5361 1486 5433 dignosci;
1517 5362 1650 5434 quia
1678 5362 1816 5417 dum

215 5439 439 5505 laudibus
470 5453 667 5508 alienis
713 5454 1016 5525 adgaudet,
1067 5455 1190 5526 ejus
1238 5456 1504 5512 exaltatio
1556 5456 1818 5529 sequitur

219 5540 473 5613 Gaudium,
507 5547 906 5603 exultationem
944 5564 1081 5605 vero
1120 5555 1316 5606 tumor
1352 5554 1410 5605 et
1447 5550 1625 5606 nimia
1663 5550 1814 5605 aesti-

218 5633 362 5690 matio
391 5640 494 5707 sui,
520 5640 650 5712 plus
675 5639 956 5714 siquidem
988 5643 1048 5699 in
1076 5660 1134 5700 se
1171 5645 1415 5701 aestimat
1451 5661 1622 5717 quam
1659 5644 1815 5718 quod

220 5723 362 5788 videt.
382 5732 558 5809 Atque
580 5733 659 5793 ita
692 5735 758 5795 ﬁt
782 5740 850 5794 ut
880 5752 999 5795 non
1034 5742 1260 5797 tantum
1285 5740 1465 5797 aliena
1488 5739 1813 5798 adulatione

223 5815 367 5883 simus
409 5828 618 5908 miseri,
661 5831 761 5890 sed
800 5830 972 5891 etiam
1002 5838 1235 5893 nostra:
1266 5852 1400 5894 nam
1439 5834 1579 5894 dum
1619 5834 1814 5893 nullus

1917 4608 2101 4662 solum
2129 4624 2193 4662 ea
2223 4624 2349 4679 qua:
2378 4612 2534 4680 gesta
2559 4612 2692 4663 sunt
2718 4609 2977 4681 requirit,
3005 4610 3103 4665 sed
3128 4610 3300 4665 etiam
3326 4628 3393 4666 ea
3425 4628 3555 4684 qua:

1920 4702 2168 4774 gerenda
2196 4706 2327 4756 sunt
2354 4702 2654 4757 antecedit.
2687 4703 2827 4757 Nam
2857 4702 2903 4756 si
2937 4703 3074 4775 quid
3107 4703 3243 4760 boni
3272 4706 3456 4777 operis
3484 4707 3554 4761 ab

1916 4795 2106 4867 aliquo
2134 4795 2476 4851 destinatum
2501 4800 2604 4865 est,
2629 4796 2901 4851 continuo
2921 4797 3041 4853 haec
3062 4792 3285 4869 alludit;
3309 4803 3365 4855 et
3383 4815 3557 4872 quan-

1916 4894 2040 4945 tum
2068 4906 2136 4944 ex
2174 4905 2240 4944 eo
2269 4889 2618 4944 admirabilis
2652 4889 2750 4945 fiat
2785 4891 3022 4962 caeteris,
3043 4892 3165 4964 jam
3195 4894 3471 4967 depingit.
3499 4895 3555 4951 Si

1916 4982 2132 5055 aliquid
2170 4987 2321 5037 recte
2359 4983 2631 5054 quosdam
2668 4984 2868 5041 docere
2897 4986 3161 5058 voluerit,
3197 4988 3353 5060 prius
3382 5005 3555 5062 quam

1915 5077 1986 5131 ab
2008 5076 2132 5130 aliis
2151 5077 2405 5132 eruditus
2432 5083 2529 5133 aut
2555 5079 3047 5151 eloquentissimus
3073 5082 3409 5155 appelletur,
3432 5084 3555 5154 jam

1917 5171 2025 5225 hoc
2052 5170 2358 5242 przrmissaz
2385 5172 2717 5244 suspicionis
2746 5173 3114 5232 delectatione
3142 5193 3305 5231 aures
3342 5177 3551 5253 depra-

1914 5265 2073 5320 riunt
2105 5264 2322 5321 audire.
2353 5265 2409 5321 Si
2447 5265 2667 5338 quoties
2697 5267 3006 5340 aliquando
3045 5270 3325 5342 dirigatur
3355 5271 3555 5327 littera:

1915 5360 1986 5414 ad
2010 5359 2277 5430 amicum,
2307 5360 2467 5431 prius
2502 5377 2674 5433 quam
2715 5363 3191 5433 transmittuntur,
3220 5369 3329 5419 aut‘
3341 5365 3401 5420 in
3430 5382 3554 5421 ma-

1915 5470 2025 5508 nus
2051 5453 2173 5525 ejus
2199 5454 2292 5509 cui
2320 5458 2457 5510 sunt
2476 5456 2698 5528 scripta:
2720 5456 3069 5529 perveniant,
3095 5462 3375 5529 quantum
3396 5459 3456 5515 in
3477 5459 3559 5515 eis

1914 5546 2067 5620 apud
2109 5548 2273 5605 illum
2310 5549 2668 5607 doctissimus
2703 5550 2979 5621 videatur,
3028 5556 3421 5626 quantumque
3472 5552 3555 5608 illi

1914 5642 2302 5699 admirationis
2322 5661 2427 5718 per
2451 5646 2713 5718 quaedam
2742 5645 2981 5701 dictatus
3010 5646 3098 5701 sui
3123 5647 3246 5703 loca
3271 5651 3551 5714 nascatur,

1914 5737 2103 5810 sagaci
2118 5739 2365 5812 quodam
2384 5739 2892 5798 commendationis
2908 5755 3023 5796 suae
3044 5742 3386 5814 cogitamine
3404 5756 3552 5814 prte-

1915 5831 2146 5891 diviuat.
2204 5834 2261 5893 Si
2310 5832 2478 5891 alicui
2532 5833 2589 5892 in
2642 5834 2763 5893 loco
2813 5834 3157 5891 necessitatis
3214 5833 3553 5897 beneﬁcium
