4020 6232
442 316 509 367 35
1793 308 2069 364 unum
2108 307 2469 363 erumnas
3747 317 3819 366 3,,

346 464 358 476 .
439 422 703 492 prompte
732 420 1055 489 praestetur,
1082 419 1385 487 antequam
1411 414 1667 486 accipiat,
1696 415 1794 485 qui
1837 415 2070 486 praebet,
2097 427 2155 499 Î‘
2175 415 2432 486 sequitur
2462 433 2476 470 :
2508 419 2569 470 ut
2597 414 2708 472 nisi
2740 414 2866 488 quis
2890 413 3046 470 illam
3079 415 3138 469 in
3176 415 3333 470 omni
3366 431 3536 486 opere
3564 432 3669 472 suo
3697 418 3818 472 cir-

438 517 717 585 quantum
734 528 803 566 ex
826 528 892 566 eo
910 511 1193 582 benignus
1210 509 1473 564 omnibus
1489 513 1587 562 aut
1605 508 2075 579 largientissimus

439 607 717 675 videatur,
751 605 842 660 hic
871 605 970 676 qui
999 605 1232 660 daturus
1262 608 1345 658 est
1370 601 1622 656 metitur.
1651 601 1806 656 Miles
1833 602 2074 672 denique

438 700 560 771 ipse
591 699 830 770 sumptis
857 698 1030 752 armis
1055 697 1245 768 pergit
1269 697 1339 750 ad
1366 695 1658 766 praelium;
1691 695 1829 750 dum
1865 696 2070 765 adhuc,

440 793 531 848 cui
576 793 736 848 cedat
775 791 1024 860 victoria,
1057 791 1323 858 nescitur,
1371 793 1720 859 praesumpta
1765 788 1870 842 sibi
1907 789 2070 844 forti-

437 887 651 941 tudinis
686 885 1043 956 arrogantia,
1076 885 1154 938 ita
1191 883 1466 954 typhosus
1488 924 1502 952 ,
1544 882 1704 952 quasi
1737 882 1857 952 jam
1896 882 2074 937 victor

437 980 776 1051 ingreditur.
829 977 1096 1033 Praeludit
1134 993 1271 1048 ergo
1310 976 1474 1030 elatio
1518 975 1578 1029 in
1616 975 1976 1046 quibusdam,
2017 980 2074 1030 et

440 1075 594 1129 velut
607 1074 722 1128 dux
737 1072 998 1144 quaedam
1013 1071 1210 1125 suadet
1223 1069 1506 1124 omnibus.
1527 1069 1635 1122 Nec
1653 1069 1835 1122 solum
1848 1069 2072 1139 magnis

439 1168 536 1222 dat
575 1167 851 1233 animum,
889 1166 984 1220 sed
1025 1169 1082 1220 et
1119 1163 1326 1235 parvis.
1366 1163 1506 1216 Nam
1552 1162 1611 1216 in
1651 1163 1846 1233 quovis
1888 1162 2073 1234 operis

439 1266 644 1316 conatu
684 1260 770 1315 vel
813 1259 1098 1330 ponderis,
1131 1255 1388 1327 quamvis
1423 1255 1735 1309 invalidum
1773 1273 1906 1310 mox
1947 1256 2072 1309 laud

437 1355 672 1424 daveris,
705 1354 834 1425 plus
859 1351 1086 1406 valebit.
1117 1350 1172 1404 Si
1209 1366 1414 1420 parum
1449 1349 1713 1420 ponderis
1752 1354 2073 1420 portantem

435 1449 595 1521 quasi
632 1448 940 1503 admiratus
976 1444 1168 1514 fueris,
1201 1444 1403 1514 majori
1442 1443 1776 1498 succumbit.
1809 1443 1864 1498 Si
1907 1443 2072 1514 pigro

436 1541 647 1597 dixeris
682 1541 814 1612 quia
841 1539 1004 1594 velox
1051 1542 1154 1606 est,
1181 1537 1452 1592 continuo
1495 1537 1754 1591 evolabit.
1784 1538 2073 1592 Postremo

436 1641 492 1691 et
517 1636 609 1690 cui
628 1635 773 1688 vires
791 1650 934 1688 vana
962 1632 1139 1704 gloria
1163 1631 1296 1686 dare
1317 1648 1431 1686 non
1455 1631 1660 1702 potuit,
1682 1631 1767 1685 vel
1791 1630 2071 1702 impetum

435 1727 832 1784 commodavit.
858 1729 1048 1798 Itaque
1066 1742 1204 1797 ergo
1224 1725 1484 1797 quazdam
1501 1725 1787 1795 praecedit,
1809 1724 2069 1795 quaedam

2175 513 2494 579 cumspecte
2537 509 2844 580 provideat,
2881 509 3028 563 nihil
3064 509 3173 564 Deo
3203 525 3274 565 ex
3309 510 3464 564 omni
3491 527 3659 582 opere
3689 512 3822 583 ejus

2175 601 2319 655 nihil
2353 602 2632 672 proximo,
2669 602 2812 656 nihil
2857 602 3103 674 denique
3145 603 3331 658 eidem
3369 603 3476 675 ipsi
3518 605 3816 676 proficiat;

2175 695 2272 750 sed
2301 695 2454 749 velut
2486 695 2682 750 infelix
2707 695 3075 766 mancipium,
3109 697 3213 751 sub
3242 713 3380 751 aura
3410 697 3638 752 domina
3663 715 3817 770 qua-

2175 788 2380 842 tumvis
2406 789 2762 858 laboraverit,
2794 794 2985 844 tamen
3011 806 3235 860 semper
3259 795 3344 845 est
3369 791 3609 846 nudum.

2247 883 2332 937 Vl.
2364 882 2471 936 Sed
2506 883 2655 937 dicet
2689 881 2835 936 mihi
2873 882 3076 954 aliquis
3106 902 3120 937 :
3152 885 3299 954 Ergo
3337 884 3479 938 nihil
3515 885 3809 955 charitati,

2174 975 2316 1030 nihil
2350 976 2769 1042 misericordite,
2816 975 2958 1030 nihil
2999 981 3281 1047 postremo
3318 978 3470 1048 quod
3508 979 3813 1050 gessimus,

2172 1069 2488 1141 cuicunque
2528 1069 2893 1140 deputabitur
2932 1070 3214 1125 bonitati?
3252 1071 3533 1126 Audacter
3569 1073 3758 1127 dicam
3795 1092 3810 1128 :

2172 1163 2336 1218 nihil.
2376 1162 2513 1228 Quia
2551 1163 2656 1217 soli
2695 1163 2956 1218 inanitati
2985 1180 3100 1218 sua:
3136 1180 3278 1218 vana
3321 1164 3500 1236 gloria
3537 1165 3810 1237 vindicat,

2171 1257 2446 1330 quidquid
2475 1273 2586 1311 non
2617 1256 2904 1327 bonitatis,
2931 1258 3028 1312 sed
3055 1258 3177 1328 ejus
3203 1257 3442 1330 imperio
3471 1262 3556 1313 est
3581 1260 3812 1330 perfec-

2171 1354 2316 1405 tum.
2351 1351 2520 1405 Multa
2557 1355 2690 1405 sunt
2726 1367 2855 1422 quae
2890 1351 2960 1406 de
3006 1352 3111 1406 hac
3150 1352 3484 1423 contagione
3513 1353 3813 1423 dicantur;

2171 1444 2265 1499 sed
2319 1444 2454 1515 quia
2505 1445 2628 1514 jam
2690 1444 3052 1499 multiformis
3101 1445 3377 1500 subtilitas
3440 1447 3563 1517 ejus
3621 1451 3816 1518 potest

2171 1536 2413 1608 sapienti
2442 1537 2560 1591 viro
2586 1537 2674 1592 his
2711 1538 2903 1609 paucis
2935 1537 3164 1608 judiciis
3203 1539 3512 1610 perlucere,
3541 1557 3695 1595 nunc
3736 1541 3812 1597 ad

2169 1631 2388 1702 reliqua
2434 1635 2736 1700 transeam,
2772 1635 2831 1686 et
2869 1631 3007 1703 quid
3043 1632 3193 1688 aliud
3225 1633 3386 1706 pejus
3415 1651 3484 1690 ex
3514 1635 3620 1690 hoc
3656 1635 3814 1691 malo

2172 1729 2478 1796 generetur
2503 1725 2819 1796 expediam.

1589 2042 2023 2148 OPUSC
2035 2041 2194 2146 UL
2213 2042 2408 2146 UM
2471 2043 2650 2146 IV.

1433 2232 1688 2350 DE
1789 2231 2822 2352 SUPERBIA.

505 2453 735 2519 [Qualis
763 2453 970 2508 electus
995 2452 1066 2508 sit
1101 2453 1272 2507 David
1305 2453 1364 2508 in
1401 2454 1611 2524 pepulo
1654 2455 1752 2508 Dei
1789 2456 2142 2539 prephetaB
2167 2471 2235 2509 ex
2263 2471 2406 2509 vana
2433 2456 2632 2526 gloria.
2669 2455 2810 2508 Cum
2844 2453 3018 2508 semel
3056 2453 3296 2509 aliorum
3330 2453 3806 2509 assentationibus

432 2553 488 2602 et
513 2564 636 2617 rex,
667 2552 989 2619 quantaque
1015 2547 1414 2609 misericordia,
1443 2563 1682 2601 summa:
1711 2551 1765 2602 et
1808 2565 2066 2603 mansue-

431 2641 642 2696 tudinis
667 2641 838 2695 fuerit
863 2640 1134 2713 praeditus
1164 2641 1460 2711 dignitate,
1480 2647 1618 2712 puto
1646 2646 1721 2708 te,
1741 2641 2065 2698 charissima

429 2751 720 2790 sacrorum
739 2735 1093 2789 voluminum
1115 2734 1449 2788 testimoniis
1469 2735 1781 2805 agnovisse.
1809 2737 2066 2792 lntendat

431 2845 568 2900 ergo
597 2827 894 2900 prudentia
925 2834 1042 2893 tua,
1071 2829 1354 2900 quomodo
1385 2829 1478 2882 ille
1510 2830 1618 2883 Deo
1638 2829 1892 2900 placidus
1924 2829 2067 2902 [For-

429 2929 498 2991 te,
530 2921 784 2994 placitus]
811 2922 898 2976 vir
923 2921 1510 2993 hunc_nequissimum
1549 2940 1706 2977 vanm
1736 2924 1929 2994 gloriae
1955 2925 2065 2996 spi-

427 3017 624 3086 ritum,
653 3033 724 3070 ne
768 3015 874 3070 sibi
909 3017 1260 3088 subreperet,
1311 3017 1652 3072 formidavit.
1703 3018 2063 3089 Conspiciens

427 3109 580 3164 enim
610 3112 798 3182 qualia
832 3115 888 3166 et
922 3114 1134 3182 quanta
1159 3110 1309 3164 bona
1344 3111 1426 3164 illi
1463 3111 1712 3182 quotidie
1749 3111 1847 3165 Dei
1884 3113 2063 3183 gratia

425 3203 753 3275 largiretur,
774 3205 828 3258 id
846 3209 948 3271 est,
970 3210 1052 3259 tot
1069 3204 1324 3258 victorias
1345 3204 1815 3275 alienigenarum,
1837 3188 2061 3260 tantam

427 3297 751 3354 divitiarum
775 3297 1146 3368 affluentiam,
1174 3297 1476 3352 vindictam
1516 3298 1575 3352 in
1614 3299 1853 3367 azmulis,
1886 3299 2059 3352 innu-

425 3391 806 3447 merositatem
847 3391 906 3446 in
931 3392 1164 3461 civibus,
1195 3392 1690 3446 mansuetudinem
1727 3393 1786 3446 in
1808 3392 2055 3463 judiciis,

391 3486 394 3487 â·
424 3491 708 3559 postremo
739 3485 1098 3557 prophetiam
1131 3485 1374 3556 Spiritus
1399 3485 1577 3540 sancti
1611 3485 1671 3540 in
1707 3486 2059 3557 agnitionem

422 3580 681 3635 omnium
707 3579 1058 3647 futurorum;
1078 3584 1269 3634 tamen
1294 3595 1366 3634 ne
1394 3579 1560 3634 illum
1582 3579 1642 3634 iu
1663 3579 1750 3633 his
1766 3578 1936 3634 tantis
1960 3579 2058 3633 bo-

422 3673 512 3730 nis
527 3674 718 3744 aliqua
733 3689 873 3727 vana
892 3673 1071 3744 gloria
1089 3689 1258 3727 usum
1278 3672 1504 3728 inï¬‚aret
1520 3673 1706 3742 elatio,
1731 3677 1852 3727 orat
1879 3672 2056 3726 Deum

2166 2549 2452 2603 consuevit
2476 2550 2668 2618 homo,
2695 2547 2848 2619 quod
2872 2563 3116 2618 magnus
3139 2548 3230 2617 sit,
3255 2564 3481 2603 necesse
3510 2552 3596 2602 est
3616 2552 3680 2602 ut
3697 2547 3808 2602 hoc

2166 2642 2271 2696 sibi
2291 2647 2347 2697 et
2365 2642 2483 2713 ipse
2512 2641 2844 2696 consentiat.
2868 2640 3050 2705 Quam
3070 2641 3356 2696 miseriam
3376 2641 3517 2696 illud
3542 2641 3696 2713 quod
3717 2646 3807 2696 est

2164 2735 2327 2806 pejus
2347 2736 2670 2807 assequitur
2702 2753 2715 2789 :
2739 2734 2870 2806 quia
2898 2735 3176 2806 quidquid
3203 2735 3357 2806 apud
3383 2751 3441 2790 se
3470 2735 3637 2790 etiam
3666 2752 3806 2807 pro-

2163 2829 2291 2900 prio
2317 2829 2638 2884 testimonio
2664 2828 2966 2898 roboravit,
2999 2829 3256 2900 quamvis
3295 2828 3499 2884 falsum
3541 2829 3614 2883 sit
3645 2828 3810 2883 nulla

2164 2922 2222 2977 id
2247 2923 2301 2977 ei
2336 2921 2526 2993 [Edit.,
2557 2922 2707 2996 eum]
2754 2922 2961 2994 poterit
2999 2928 3334 2995 extorquere
3376 2923 3596 2992 suasio;
3639 2927 3694 2978 et
3732 2924 3808 2978 ob

2163 3015 2270 3070 hoc
2310 3016 2747 3072 inemendabilis
2785 3021 2981 3086 status,
3024 3017 3231 3088 spretis
3282 3017 3427 3086 aliis,
3469 3034 3528 3071 se
3578 3021 3807 3072 tantum

2161 3110 2411 3180 quotidie
2451 3111 2785 3179 admiratur,
2816 3110 2875 3165 id
2902 3111 3086 3165 solum
3123 3109 3622 3182 irreprehensibile
3663 3126 3803 3182 per-

2160 3203 2484 3276 fectumque
2517 3205 2800 3276 judicans,
2827 3205 2978 3276 quod
3017 3204 3137 3276 ipse
3177 3204 3446 3276 sapuerit.
3479 3205 3590 3258 Hoc
3624 3203 3808 3276 igitur

2160 3301 2299 3364 erat,
2331 3299 2482 3370 quod
2520 3315 2620 3353 rex
2658 3298 2850 3367 David,
2881 3315 2954 3353 ne
2993 3298 3076 3352 illi
3111 3299 3462 3370 subreperet,
3497 3297 3800 3367 exorabat;

2158 3406 2232 3446 ne
2265 3391 2410 3447 forte
2449 3391 2638 3464 aliqua
2672 3391 2951 3459 suasione,
2979 3408 3118 3446 vana
3159 3391 3343 3446 laudis
3386 3391 3658 3461 inductio,
3685 3408 3805 3446 non

2158 3483 2265 3538 hoc
2294 3484 2498 3540 divinat
2525 3485 2740 3558 gratiae,
2764 3486 2861 3540 sed
2899 3502 3015 3540 suae
3040 3485 3325 3558 potestati,
3355 3485 3492 3558 quia
3517 3491 3635 3542 tam
3670 3503 3805 3541 ma-

2159 3593 2307 3649 gnus
2331 3583 2472 3648 erat,
2499 3580 2825 3635 ascriberet.

2229 3673 2317 3726 lll.
2343 3673 2485 3736 Quid
2516 3677 2707 3728 autem
2743 3673 3025 3744 superbiae
3058 3673 3261 3745 spiritu
3293 3673 3519 3729 inï¬‚atos
3539 3673 3804 3730 homines

420 3768 710 3837 attentius,
749 3767 940 3822 dicens
969 3785 982 3822 :
1011 3769 1134 3824 Non
1167 3769 1351 3821 veniat
1390 3768 1525 3821 mihi
1551 3782 1648 3836 pes
1684 3766 1968 3836 superbiae,
2006 3771 2057 3820 et
2155 3763 2550 3837 subsequatur,
2566 3767 3004 3838 proximisidem
3021 3767 3496 3839 prophetaverbis
3512 3768 3799 3839 adjunxit.

419 3877 615 3918 manus
629 3863 930 3931 peccatoris
951 3877 1057 3915 non
1078 3866 1284 3916 moveat
1304 3877 1404 3916 me.
1437 3861 1522 3914 Ibi
1541 3860 1846 3914 ceciderunt
1876 3875 2054 3914 omnes
2076 3841 2130 3914 C
2155 3858 2297 3913 Cum
2329 3859 2483 3915 enim
2513 3861 2745 3916 dixisset
2786 3879 2799 3915 :
2837 3863 2957 3918 Non
2982 3864 3164 3916 veniat
3207 3863 3346 3916 mihi
3379 3877 3472 3933 pes
3511 3862 3799 3933 superbia,

420 3959 518 4026 qui
535 3961 830 4025 operantur
851 3957 1225 4024 iniquitatem;
1245 3955 1462 4024 expulsi
1479 3957 1628 4014 sunt,
1652 3970 1746 4008 nec
1755 3959 2054 4022 potuerunt

418 4055 564 4105 stare
589 4049 695 4119 (Ps.
725 4065 886 4118 xxxv,
919 4053 1004 4118 l2,
1035 4050 1138 4120 13).
1160 4048 1459 4103 Videamus
1485 4063 1620 4116 ergo
1651 4047 1785 4116 quid
1813 4052 1895 4102 est
1922 4048 2049 4118 hoc,

419 4143 572 4216 quod
596 4141 737 4197 dixit
773 4161 786 4196 :
826 4146 947 4200 Non
972 4145 1156 4198 veniat
1182 4144 1315 4196 mihi
1336 4156 1435 4210 pes
1462 4140 1749 4208 superbire,
1779 4146 1829 4195 et
1858 4158 2052 4196 manus

410 4239 710 4308 peccatoris
741 4253 846 4291 non
872 4241 1079 4292 moveat
1108 4252 1208 4290 me.
1253 4237 1352 4288 Pes
1381 4233 1662 4304 siquidem
1702 4233 1762 4288 in
1797 4234 2048 4303 homine,

416 4336 696 4404 quantum
723 4327 869 4387 ratio
898 4331 1129 4398 indicat,
1154 4327 1411 4400 quamvis
1437 4327 1766 4382 extremitas
1801 4329 2054 4400 corporis

415 4426 507 4495 sit,
537 4430 726 4481 tamen
753 4425 915 4497 quasi
943 4423 1380 4480 fundamentum
1408 4419 1636 4492 aliquod
1663 4421 1892 4477 initium
1923 4439 2049 4477 sur-

417 4519 601 4591 gentis
645 4525 821 4574 status
861 4524 973 4589 est,
1007 4537 1039 4572 a
1063 4534 1176 4589 quo
1203 4515 1373 4569 etiam
1400 4514 1575 4569 veluti
1616 4515 1883 4571 fabricata
1933 4517 2048 4571 for-

415 4619 580 4669 matae
605 4614 788 4668 carnis
813 4613 1052 4669 altitudo
1079 4608 1390 4678 consurgit.
1423 4609 1582 4672 Quod
1607 4625 1744 4680 ergo
1785 4611 1862 4664 ait
1891 4627 1904 4665 :
1932 4611 2052 4670 Non

412 4711 596 4764 veniat
621 4709 758 4764 mihi
776 4724 870 4780 pes
888 4706 1171 4778 superbire,
1205 4702 1313 4756 tale
1335 4705 1438 4771 est,
1469 4718 1533 4756 ac
1567 4702 1611 4757 si
1638 4703 1848 4759 diceret
1877 4723 1891 4759 :
1929 4706 2051 4759 Non

414 4802 600 4858 veniat
624 4803 767 4858 mihi
792 4801 1021 4856 initium
1047 4795 1348 4868 snperbiee,
1376 4795 1434 4850 id
1456 4801 1557 4866 est,
1589 4813 1731 4852 vana
1749 4798 1947 4870 gloria,
1981 4815 2051 4854 ex

413 4896 575 4969 cujus
624 4896 994 4952 fundamento
1046 4889 1273 4945 ruinosa
1317 4889 1410 4944 illa
1457 4893 1730 4962 Superbia:
1780 4893 2051 4948 celsitudo

412 4989 766 5066 producitur.
791 4990 911 5044 Una
932 4985 1088 5041 enim
1115 4988 1506 5056 generatur-ex
1528 4987 1722 5056 altera,
1746 4991 1802 5042 et
1821 4988 2053 5059 propin-

412 5087 597 5160 quitas
625 5098 821 5140 earum
849 5081 940 5134 vix
968 5095 1278 5150 paucorum
1305 5079 1448 5134 forte
1476 5080 1808 5136 discretione
1837 5098 2049 5154 cogno-

413 5181 610 5237 scitur.
630 5179 768 5232 Nam
796 5191 864 5229 ex
893 5189 1236 5245 quocunque
1264 5173 1410 5228 bono
1436 5174 1679 5230 nimium
1705 5175 1918 5230 fuerint
1944 5176 2047 5230 ho-

2069 5221 2127 5292 D

2155 3953 2423 4008 continuo
2464 3954 2681 4010 addidit
2717 3973 2734 4009 :
2764 3958 2833 4010 Et
2869 3971 3062 4010 manus
3099 3958 3396 4026 peccatoris
3431 3971 3542 4010 non
3587 3962 3803 4012 moveat

2153 4062 2255 4101 me.
2287 4047 2506 4102 Sciebat
2530 4048 2684 4103 enim
2711 4048 2844 4119 quia
2868 4064 3098 4104 omnem
3125 4048 3448 4120 superbiam
3510 4048 3800 4104 mobilitas

2153 4140 2342 4194 statim
2385 4141 2644 4213 sequitur
2682 4146 3062 4214 peccatorum.
3111 4145 3190 4198 Ita
3232 4159 3293 4197 re
3339 4159 3471 4198 vera
3519 4148 3621 4198 est.
3653 4143 3798 4198 Nam

2153 4233 2408 4304 quisquis
2437 4235 2713 4306 superbia:
2760 4240 2984 4290 tumore
3025 4234 3219 4308 [Edit.,
3261 4236 3485 4305 timore,
3526 4236 3793 4310 mendose]

2152 4325 2509 4399 distenditur,
2542 4329 2600 4383 in
2625 4330 2731 4384 hoc
2759 4329 2856 4384 Dei
2884 4329 3123 4402 gloriam
3160 4329 3418 4385 imitatur
3444 4330 3596 4402 quod
3624 4346 3800 4386 nemo

2151 4419 2231 4474 illi
2257 4421 2328 4476 sit
2355 4421 2554 4477 similis
2585 4441 2598 4478 :
2630 4428 2905 4496 tanquam
2928 4439 3058 4478 vere
3100 4424 3391 4495 profanus,
3418 4423 3518 4495 qui
3547 4423 3619 4479 ad
3646 4423 3801 4495 inju-

2150 4514 2294 4570 riam
2313 4516 2410 4570 Dei
2433 4518 2745 4589 consurgit,
2767 4517 3068 4572 derelictus
3091 4517 3161 4572 ab
3183 4534 3268 4588 eo,
3297 4518 3356 4572 in
3386 4517 3648 4572 manibus
3686 4523 3802 4573 tra-

2152 4609 2306 4664 ditur
2320 4615 2698 4682 peccatorum,
2717 4612 2778 4666 in
2803 4611 3068 4683 operibus
3091 4616 3320 4666 actuum
3339 4611 3797 4681 immundorum,

2150 4707 2208 4758 at
2252 4703 2646 4776 ignominiosis
2688 4705 3017 4778 passionum
3059 4705 3289 4777 ï¬‚agitiis
3325 4705 3669 4775 incurvatus,
3701 4705 3796 4761 di-

2151 4803 2267 4853 scat
2294 4815 2352 4854 se
2378 4803 2591 4854 terram
2619 4815 2738 4854 esse
2767 4804 2823 4854 et
2847 4799 3119 4868 cinerem,
3141 4803 3197 4855 et
3221 4799 3374 4872 quod
3402 4800 3631 4855 inï¬‚atus
3649 4799 3710 4854 in
3731 4817 3800 4858 se

2150 4891 2340 4947 videre
2367 4909 2480 4948 non
2515 4893 2718 4965 potuit,
2748 4893 3080 4948 humiliatus
3106 4899 3394 4966 agnoscat.
3428 4893 3582 4950 Unde
3605 4897 3662 4948 et
3691 4894 3796 4950 Sa-

2150 4985 2341 5041 lomon
2367 4986 2444 5041 ait
2469 5003 2482 5040 :
2512 4988 2825 5044 Immundas
2854 4993 2932 5044 est
2959 4992 3086 5042 ante
3125 4991 3310 5051 Deum,
3355 4990 3452 5059 qui
3473 4988 3682 5044 exultat
3703 5003 3801 5046 cor

2150 5095 2305 5134 suum
2333 5080 2603 5148 (Proverb.
2635 5098 2745 5150 xvr,
2783 5084 2884 5151 t8;
2917 5097 3070 5148 xvm,
3108 5082 3214 5152 l2).

2224 5175 2307 5228 Î¹Î½.
2353 5174 2495 5238 Quid
2533 5180 2724 5231 autem
2762 5181 2887 5247 post
2926 5175 3047 5229 haec
3088 5190 3188 5229 rex
3219 5175 3390 5230 David
3432 5181 3656 5232 secutus
3694 5175 3796 5248 sit,

412 5275 596 5331 mines
624 5268 866 5342 gloriati,
906 5269 1012 5322 hoc
1051 5267 1319 5322 continuo
1350 5268 1731 5342 subsequitur,
1761 5275 1822 5323 ut
1859 5267 2126 5341 ipsumâ€
2150 5267 2456 5323 videamus.
2503 5269 2603 5333 Ibi,
2653 5268 2750 5335 ait,
2793 5268 3095 5324 ceciderunt
3139 5283 3318 5324 omnes
3360 5272 3458 5340 qui
3499 5274 3802 5340 operantur

409 5368 648 5435 bonum,
686 5378 802 5418 non
842 5361 1099 5434 largitori
1142 5362 1269 5433 Deo,
1301 5363 1399 5418 sed
1444 5380 1559 5418 suae
1600 5363 1854 5418 tribuant
1896 5367 2049 5435 pote-

413 5461 562 5519 stati.

481 5555 548 5609 ll.
582 5552 731 5606 Vana
773 5551 949 5624 gloria
991 5555 1076 5608 est
1115 5568 1252 5624 ergo
1285 5551 1552 5607 humanis
1592 5549 1854 5606 laudibus
1893 5547 2046 5604 dele-

410 5647 552 5704 ctari
584 5664 597 5701 :
635 5646 899 5718 superbia
925 5663 1058 5703 vero
1081 5651 1186 5718 est,
1213 5647 1430 5702 bonum
1454 5661 1559 5717 pro
1579 5660 1692 5716 quo
1712 5641 1914 5715 aliquis
1934 5643 2050 5698 lau-

411 5741 599 5814 datur,
629 5739 740 5797 sibi
777 5742 884 5800 hoc
920 5741 1212 5818 applicari,
1251 5757 1368 5796 non
1413 5740 1548 5795 Deo.
1577 5739 1644 5794 Et
1681 5753 1824 5794 vana
1869 5737 2049 5810 gloria

409 5833 641 5908 quidem
653 5855 722 5898 ex
745 5839 928 5897 aliena
949 5833 1609 5905 aestimationenutritur,
1631 5831 1897 5906 superbia
1915 5847 2048 5888 vero

2146 5363 2492 5431 iniquitatem
2538 5378 2555 5414 :
2591 5363 2805 5433 arpulsi
2830 5366 2975 5424 sunt,
3007 5377 3098 5416 nec
3125 5366 3418 5432 potuerunt
3453 5368 3618 5419 stare.
3659 5364 3800 5418 Evi-

2149 5455 2348 5510 denter
2367 5456 2610 5512 ostendit
2647 5455 2780 5528 quia
2806 5455 2866 5510 in
2896 5455 3159 5526 superbia
3180 5456 3438 5511 omnium
3459 5457 3800 5530 iniquorum

2146 5548 2330 5621 prima
2357 5549 2522 5604 ruina
2546 5553 2650 5605 est.
2681 5549 2950 5621 Idemque
2987 5548 3158 5604 etiam
3184 5549 3320 5604 alibi
3353 5549 3630 5622 scriptum
3658 5557 3743 5608 est
3778 5571 3795 5609 :

2145 5645 2368 5698 Initium
2387 5645 2596 5714 peccati
2615 5644 2869 5715 superbia
2897 5642 3077 5713 (Eccii.
3106 5659 3163 5711 x,
3195 5645 3300 5714 l5).
3333 5644 3493 5709 Quod
3521 5649 3586 5701 ut
3618 5661 3796 5718 aper-

2147 5735 2260 5794 tius
2301 5737 2743 5809 demonstretur,
2787 5736 2978 5811 augeli
3021 5735 3174 5792 illius
3213 5736 3388 5810 primi
3422 5739 3796 5800 recordemur

2147 5829 2408 5903 exitium,
2431 5831 2531 5906 qui
2552 5849 2654 5906 pro
2676 5831 2976 5906 splendore
3003 5829 3220 5886 decoris
3246 5832 3333 5887 sui
3360 5833 3582 5890 Lucifer
3606 5837 3796 5895 nomi.
