  <div class='ocr_page' id='page_1' title='image "/cluster/home/n/w/nwhite01/storage/ocr_20150623/72/uva.x000827084/026.png"; bbox 0 0 4020 6232; ppageno 0'>
   <div class='ocr_carea' id='block_1_1' title="bbox 149 282 3483 345">
    <p class='ocr_par' dir='ltr' id='par_1_1' title="bbox 149 282 3483 345">
     <span class='ocr_line' id='line_1_1' title="bbox 149 282 3483 345; baseline 0.001 -2"><span class='ocrx_word' id='word_1_1' title='bbox 149 294 199 343; x_wconf 79' lang='lat'>37</span> <span class='ocrx_word' id='word_1_2' title='bbox 1289 285 1687 342; x_wconf 80' lang='lat' dir='ltr'>OPUSCULUM</span> <span class='ocrx_word' id='word_1_3' title='bbox 1728 282 1816 338; x_wconf 82' lang='lat' dir='ltr'>IV.</span> <span class='ocrx_word' id='word_1_4' title='bbox 1858 283 1943 339; x_wconf 89' lang='lat' dir='ltr'>DE</span> <span class='ocrx_word' id='word_1_5' title='bbox 1981 285 2326 341; x_wconf 83' lang='lat' dir='ltr'>SUPERBIA.</span> <span class='ocrx_word' id='word_1_6' title='bbox 3417 294 3483 345; x_wconf 83' lang='lat'>38</span> 
     </span>
    </p>
   </div>
   <div class='ocr_carea' id='block_1_2' title="bbox 144 381 3484 476">
    <p class='ocr_par' dir='ltr' id='par_1_2' title="bbox 144 381 3484 476">
     <span class='ocr_line' id='line_1_2' title="bbox 144 381 3484 476; baseline 0 -25"><span class='ocrx_word' id='word_1_7' title='bbox 144 400 295 465; x_wconf 82' lang='lat' dir='ltr'>natus,</span> <span class='ocrx_word' id='word_1_8' title='bbox 314 409 377 449; x_wconf 88' lang='lat' dir='ltr'>ex</span> <span class='ocrx_word' id='word_1_9' title='bbox 394 392 493 448; x_wconf 90' lang='lat' dir='ltr'>illo</span> <span class='ocrx_word' id='word_1_10' title='bbox 507 392 748 450; x_wconf 90' lang='lat' dir='ltr'>sublimi</span> <span class='ocrx_word' id='word_1_11' title='bbox 765 393 1043 467; x_wconf 80' lang='lat' dir='ltr'>beatoque</span> <span class='ocrx_word' id='word_1_12' title='bbox 1064 381 1399 466; x_wconf 77' lang='lat' dir='ltr'>angelorum</span> <span class='ocrx_word' id='word_1_13' title='bbox 1423 396 1564 464; x_wconf 88' lang='lat' dir='ltr'>loco,</span> <span class='ocrx_word' id='word_1_14' title='bbox 1586 393 1743 449; x_wconf 89' lang='lat' dir='ltr'>nullo</span> <span class='ocrx_word' id='word_1_15' title='bbox 1765 398 2012 476; x_wconf 73' lang='lat' dir='ltr'>Aptura</span> <span class='ocrx_word' id='word_1_16' title='bbox 2057 397 2465 449; x_wconf 86' lang='lat' dir='ltr'>commemorat</span> <span class='ocrx_word' id='word_1_17' title='bbox 2512 411 2525 449; x_wconf 92' lang='lat'>:</span> <span class='ocrx_word' id='word_1_18' title='bbox 2568 396 2637 451; x_wconf 87' lang='lat' dir='ltr'>Et</span> <span class='ocrx_word' id='word_1_19' title='bbox 2674 394 2845 457; x_wconf 83' lang='lat' dir='ltr'>cibus,</span> <span class='ocrx_word' id='word_1_20' title='bbox 2886 394 3094 467; x_wconf 79' lang='lat' dir='ltr'>inquit,</span> <span class='ocrx_word' id='word_1_21' title='bbox 3138 394 3257 464; x_wconf 86' lang='lat' dir='ltr'>ejus</span> <span class='ocrx_word' id='word_1_22' title='bbox 3286 396 3484 452; x_wconf 83' lang='lat' dir='ltr'>electus</span> 
     </span>
    </p>
   </div>
   <div class='ocr_carea' id='block_1_3' title="bbox 142 488 1745 560">
    <p class='ocr_par' dir='ltr' id='par_1_3' title="bbox 142 488 1745 560">
     <span class='ocr_line' id='line_1_3' title="bbox 142 488 1745 560; baseline -0.002 -15"><span class='ocrx_word' id='word_1_23' title='bbox 142 489 229 545; x_wconf 82' lang='lat' dir='ltr'>alio</span> <span class='ocrx_word' id='word_1_24' title='bbox 252 488 354 543; x_wconf 88' lang='lat' dir='ltr'>nisi</span> <span class='ocrx_word' id='word_1_25' title='bbox 377 488 483 542; x_wconf 89' lang='lat' dir='ltr'>hoc</span> <span class='ocrx_word' id='word_1_26' title='bbox 511 488 637 543; x_wconf 89' lang='lat' dir='ltr'>solo</span> <span class='ocrx_word' id='word_1_27' title='bbox 666 488 946 560; x_wconf 87' lang='lat' dir='ltr'>superbia</span> <span class='ocrx_word' id='word_1_28' title='bbox 975 488 1126 557; x_wconf 90' lang='lat' dir='ltr'>vitio,</span> <span class='ocrx_word' id='word_1_29' title='bbox 1159 489 1230 543; x_wconf 88' lang='lat' dir='ltr'>ad</span> <span class='ocrx_word' id='word_1_30' title='bbox 1250 488 1470 543; x_wconf 81' lang='lat' dir='ltr'>inferna</span> <span class='ocrx_word' id='word_1_31' title='bbox 1494 488 1745 560; x_wconf 82' lang='lat' dir='ltr'>dilapsus</span> 
     </span>
    </p>
   </div>
   <div class='ocr_carea' id='block_1_4' title="bbox 141 580 1740 653">
    <p class='ocr_par' dir='ltr' id='par_1_4' title="bbox 141 580 1740 653">
     <span class='ocr_line' id='line_1_4' title="bbox 141 580 1740 653; baseline -0.002 -15"><span class='ocrx_word' id='word_1_32' title='bbox 141 587 225 638; x_wconf 87' lang='lat' dir='ltr'>est.</span> <span class='ocrx_word' id='word_1_33' title='bbox 257 580 388 646; x_wconf 92' lang='lat' dir='ltr'>Quia</span> <span class='ocrx_word' id='word_1_34' title='bbox 427 598 564 635; x_wconf 89' lang='lat' dir='ltr'>cum</span> <span class='ocrx_word' id='word_1_35' title='bbox 608 581 764 637; x_wconf 91' lang='lat' dir='ltr'>inter</span> <span class='ocrx_word' id='word_1_36' title='bbox 788 587 1013 636; x_wconf 82' lang='lat' dir='ltr'>caeteras</span> <span class='ocrx_word' id='word_1_37' title='bbox 1050 597 1324 653; x_wconf 88' lang='lat' dir='ltr'>supernas</span> <span class='ocrx_word' id='word_1_38' title='bbox 1357 582 1595 636; x_wconf 73' lang='lat' dir='ltr'>virtutes</span> <span class='ocrx_word' id='word_1_39' title='bbox 1626 581 1740 636; x_wconf 88' lang='lat' dir='ltr'>cla-</span> 
     </span>
    </p>
   </div>
   <div class='ocr_carea' id='block_1_5' title="bbox 137 674 1744 747">
    <p class='ocr_par' dir='ltr' id='par_1_5' title="bbox 137 674 1744 747">
     <span class='ocr_line' id='line_1_5' title="bbox 137 674 1744 747; baseline -0.001 -17"><span class='ocrx_word' id='word_1_40' title='bbox 137 675 277 730; x_wconf 86' lang='lat' dir='ltr'>rioris</span> <span class='ocrx_word' id='word_1_41' title='bbox 301 674 749 746; x_wconf 81' lang='lat' dir='ltr'>pulchritudinis</span> <span class='ocrx_word' id='word_1_42' title='bbox 779 674 996 730; x_wconf 90' lang='lat' dir='ltr'>lumine</span> <span class='ocrx_word' id='word_1_43' title='bbox 1031 674 1450 747; x_wconf 90' lang='lat' dir='ltr'>praemineret,</span> <span class='ocrx_word' id='word_1_44' title='bbox 1482 691 1598 730; x_wconf 92' lang='lat' dir='ltr'>non</span> <span class='ocrx_word' id='word_1_45' title='bbox 1636 675 1744 729; x_wconf 90' lang='lat' dir='ltr'>hoc</span> 
     </span>
    </p>
   </div>
   <div class='ocr_carea' id='block_1_6' title="bbox 135 767 1746 840">
    <p class='ocr_par' dir='ltr' id='par_1_6' title="bbox 135 767 1746 840">
     <span class='ocr_line' id='line_1_6' title="bbox 135 767 1746 840; baseline 0 -17"><span class='ocrx_word' id='word_1_46' title='bbox 135 768 374 823; x_wconf 84' lang='lat' dir='ltr'>beneﬁcio</span> <span class='ocrx_word' id='word_1_47' title='bbox 398 769 675 823; x_wconf 81' lang='lat' dir='ltr'>creatoris</span> <span class='ocrx_word' id='word_1_48' title='bbox 694 767 801 838; x_wconf 90' lang='lat' dir='ltr'>sui,</span> <span class='ocrx_word' id='word_1_49' title='bbox 830 768 927 823; x_wconf 92' lang='lat' dir='ltr'>sed</span> <span class='ocrx_word' id='word_1_50' title='bbox 946 768 1176 840; x_wconf 90' lang='lat' dir='ltr'>propria</span> <span class='ocrx_word' id='word_1_51' title='bbox 1199 768 1406 823; x_wconf 90' lang='lat' dir='ltr'>virtute</span> <span class='ocrx_word' id='word_1_52' title='bbox 1426 785 1484 823; x_wconf 92' lang='lat' dir='ltr'>se</span> <span class='ocrx_word' id='word_1_53' title='bbox 1507 769 1746 824; x_wconf 82' lang='lat' dir='ltr'>credidit</span> 
     </span>
    </p>
   </div>
   <div class='ocr_carea' id='block_1_7' title="bbox 136 860 1745 933">
    <p class='ocr_par' dir='ltr' id='par_1_7' title="bbox 136 860 1745 933">
     <span class='ocr_line' id='line_1_7' title="bbox 136 860 1745 933; baseline 0.001 -17"><span class='ocrx_word' id='word_1_54' title='bbox 136 860 386 931; x_wconf 78' lang='lat' dir='ltr'>obtinere;</span> <span class='ocrx_word' id='word_1_55' title='bbox 419 864 475 916; x_wconf 89' lang='lat' dir='ltr'>et</span> <span class='ocrx_word' id='word_1_56' title='bbox 500 866 781 933; x_wconf 86' lang='lat' dir='ltr'>tanquam</span> <span class='ocrx_word' id='word_1_57' title='bbox 814 862 1027 916; x_wconf 84' lang='lat' dir='ltr'>nullius</span> <span class='ocrx_word' id='word_1_58' title='bbox 1053 879 1169 916; x_wconf 91' lang='lat' dir='ltr'>non</span> <span class='ocrx_word' id='word_1_59' title='bbox 1199 867 1393 933; x_wconf 83' lang='lat' dir='ltr'><strong>egeret</strong></span> <span class='ocrx_word' id='word_1_60' title='bbox 1414 862 1644 932; x_wconf 89' lang='lat' dir='ltr'>auxilio,</span> <span class='ocrx_word' id='word_1_61' title='bbox 1676 863 1745 917; x_wconf 87' lang='lat' dir='ltr'>si-</span> 
     </span>
    </p>
   </div>
   <div class='ocr_carea' id='block_1_8' title="bbox 135 955 1745 1026">
    <p class='ocr_par' dir='ltr' id='par_1_8' title="bbox 135 955 1745 1026">
     <span class='ocr_line' id='line_1_8' title="bbox 135 955 1745 1026; baseline 0.001 -16"><span class='ocrx_word' id='word_1_62' title='bbox 135 960 217 1010; x_wconf 90' lang='lat' dir='ltr'>cut</span> <span class='ocrx_word' id='word_1_63' title='bbox 238 957 371 1011; x_wconf 85' lang='lat' dir='ltr'>Deus</span> <span class='ocrx_word' id='word_1_64' title='bbox 394 956 471 1011; x_wconf 88' lang='lat' dir='ltr'>ita</span> <span class='ocrx_word' id='word_1_65' title='bbox 495 972 559 1010; x_wconf 88' lang='lat' dir='ltr'>se</span> <span class='ocrx_word' id='word_1_66' title='bbox 586 955 671 1010; x_wconf 89' lang='lat' dir='ltr'>illi</span> <span class='ocrx_word' id='word_1_67' title='bbox 700 955 944 1010; x_wconf 85' lang='lat' dir='ltr'>similem</span> <span class='ocrx_word' id='word_1_68' title='bbox 960 956 1257 1026; x_wconf 82' lang='lat' dir='ltr'>judicavit,</span> <span class='ocrx_word' id='word_1_69' title='bbox 1280 956 1470 1011; x_wconf 90' lang='lat' dir='ltr'>dicens</span> <span class='ocrx_word' id='word_1_70' title='bbox 1499 973 1513 1010; x_wconf 91' lang='lat'><strong>:</strong></span> <span class='ocrx_word' id='word_1_71' title='bbox 1540 959 1745 1012; x_wconf 88' lang='lat' dir='ltr'>Ponam</span> 
     </span>
    </p>
   </div>
   <div class='ocr_carea' id='block_1_9' title="bbox 134 1048 1740 1121">
    <p class='ocr_par' dir='ltr' id='par_1_9' title="bbox 134 1048 1740 1121">
     <span class='ocr_line' id='line_1_9' title="bbox 134 1048 1740 1121; baseline 0.002 -18"><span class='ocrx_word' id='word_1_72' title='bbox 134 1048 282 1103; x_wconf 79' lang='lat' dir='ltr'>sedem</span> <span class='ocrx_word' id='word_1_73' title='bbox 298 1064 465 1104; x_wconf 84' lang='lat' dir='ltr'>meam</span> <span class='ocrx_word' id='word_1_74' title='bbox 486 1049 559 1103; x_wconf 88' lang='lat' dir='ltr'>ab</span> <span class='ocrx_word' id='word_1_75' title='bbox 577 1051 851 1119; x_wconf 75' lang='lat' dir='ltr'>aquilone,</span> <span class='ocrx_word' id='word_1_76' title='bbox 881 1054 932 1104; x_wconf 87' lang='lat' dir='ltr'>et</span> <span class='ocrx_word' id='word_1_77' title='bbox 950 1064 1037 1105; x_wconf 83' lang='lat' dir='ltr'>ero</span> <span class='ocrx_word' id='word_1_78' title='bbox 1066 1051 1265 1105; x_wconf 76' lang='lat' dir='ltr'>similis</span> <span class='ocrx_word' id='word_1_79' title='bbox 1292 1051 1571 1105; x_wconf 83' lang='lat' dir='ltr'>Altissimo</span> <span class='ocrx_word' id='word_1_80' title='bbox 1593 1050 1740 1121; x_wconf 85' lang='lat' dir='ltr'>(Isai.</span> 
     </span>
    </p>
   </div>
   <div class='ocr_carea' id='block_1_10' title="bbox 135 1142 1738 1215">
    <p class='ocr_par' dir='ltr' id='par_1_10' title="bbox 135 1142 1738 1215">
     <span class='ocr_line' id='line_1_10' title="bbox 135 1142 1738 1215; baseline 0.002 -19"><span class='ocrx_word' id='word_1_81' title='bbox 135 1157 227 1211; x_wconf 70' lang='grc' dir='ltr'>ιη,</span> <span class='ocrx_word' id='word_1_82' title='bbox 253 1146 333 1209; x_wconf 72' lang='lat' dir='ltr'>i3,</span> <span class='ocrx_word' id='word_1_83' title='bbox 372 1144 478 1213; x_wconf 76' lang='grc'>14).</span> <span class='ocrx_word' id='word_1_84' title='bbox 508 1144 641 1197; x_wconf 85' lang='lat' dir='ltr'>Hac</span> <span class='ocrx_word' id='word_1_85' title='bbox 676 1144 831 1199; x_wconf 89' lang='lat' dir='ltr'>enim</span> <span class='ocrx_word' id='word_1_86' title='bbox 862 1142 1128 1214; x_wconf 77' lang='lat' dir='ltr'>cogitatio</span> <span class='ocrx_word' id='word_1_87' title='bbox 1155 1143 1270 1197; x_wconf 90' lang='lat' dir='ltr'>sola</span> <span class='ocrx_word' id='word_1_88' title='bbox 1294 1143 1456 1198; x_wconf 88' lang='lat' dir='ltr'>illum</span> <span class='ocrx_word' id='word_1_89' title='bbox 1492 1144 1697 1215; x_wconf 89' lang='lat' dir='ltr'>dejecit</span> <span class='ocrx_word' id='word_1_90' title='bbox 1723 1161 1738 1200; x_wconf 92' lang='lat'><strong>:</strong></span> 
     </span>
    </p>
   </div>
   <div class='ocr_carea' id='block_1_11' title="bbox 135 1236 1740 1308">
    <p class='ocr_par' dir='ltr' id='par_1_11' title="bbox 135 1236 1740 1308">
     <span class='ocr_line' id='line_1_11' title="bbox 135 1236 1740 1308; baseline 0.002 -19"><span class='ocrx_word' id='word_1_91' title='bbox 135 1250 247 1289; x_wconf 84' lang='lat' dir='ltr'>nam</span> <span class='ocrx_word' id='word_1_92' title='bbox 270 1250 393 1290; x_wconf 89' lang='lat' dir='ltr'>mox</span> <span class='ocrx_word' id='word_1_93' title='bbox 415 1236 676 1292; x_wconf 90' lang='lat' dir='ltr'>desertus</span> <span class='ocrx_word' id='word_1_94' title='bbox 698 1254 733 1291; x_wconf 86' lang='lat' dir='ltr'>a</span> <span class='ocrx_word' id='word_1_95' title='bbox 758 1238 871 1292; x_wconf 93' lang='lat' dir='ltr'>Deo</span> <span class='ocrx_word' id='word_1_96' title='bbox 899 1237 1061 1307; x_wconf 85' lang='lat' dir='ltr'>cujus</span> <span class='ocrx_word' id='word_1_97' title='bbox 1088 1254 1147 1292; x_wconf 92' lang='lat' dir='ltr'>se</span> <span class='ocrx_word' id='word_1_98' title='bbox 1174 1237 1520 1308; x_wconf 89' lang='lat' dir='ltr'>protectiene</span> <span class='ocrx_word' id='word_1_99' title='bbox 1556 1238 1740 1293; x_wconf 91' lang='lat' dir='ltr'>credi-</span> 
     </span>
    </p>
   </div>
   <div class='ocr_carea' id='block_1_12' title="bbox 138 1328 1743 1402">
    <p class='ocr_par' dir='ltr' id='par_1_12' title="bbox 138 1328 1743 1402">
     <span class='ocr_line' id='line_1_12' title="bbox 138 1328 1743 1402; baseline 0.003 -20"><span class='ocrx_word' id='word_1_100' title='bbox 138 1328 207 1383; x_wconf 89' lang='lat' dir='ltr'>dit</span> <span class='ocrx_word' id='word_1_101' title='bbox 236 1345 339 1384; x_wconf 91' lang='lat' dir='ltr'>non</span> <span class='ocrx_word' id='word_1_102' title='bbox 372 1346 566 1402; x_wconf 85' lang='lat' dir='ltr'>egere,</span> <span class='ocrx_word' id='word_1_103' title='bbox 598 1329 862 1386; x_wconf 85' lang='lat' dir='ltr'>inﬁrmus</span> <span class='ocrx_word' id='word_1_104' title='bbox 896 1330 1081 1385; x_wconf 91' lang='lat' dir='ltr'>subito</span> <span class='ocrx_word' id='word_1_105' title='bbox 1121 1336 1179 1385; x_wconf 91' lang='lat' dir='ltr'>et</span> <span class='ocrx_word' id='word_1_106' title='bbox 1212 1330 1383 1385; x_wconf 90' lang='lat' dir='ltr'>miser</span> <span class='ocrx_word' id='word_1_107' title='bbox 1408 1330 1657 1399; x_wconf 79' lang='lat' dir='ltr'>eﬂ‘ectus,</span> <span class='ocrx_word' id='word_1_108' title='bbox 1686 1336 1743 1387; x_wconf 91' lang='lat' dir='ltr'>et</span> 
     </span>
    </p>
   </div>
   <div class='ocr_carea' id='block_1_13' title="bbox 136 1421 1742 1496">
    <p class='ocr_par' dir='ltr' id='par_1_13' title="bbox 136 1421 1742 1496">
     <span class='ocr_line' id='line_1_13' title="bbox 136 1421 1742 1496; baseline 0.003 -21"><span class='ocrx_word' id='word_1_109' title='bbox 136 1421 538 1478; x_wconf 79' lang='lat' dir='ltr'>mutabilitatem</span> <span class='ocrx_word' id='word_1_110' title='bbox 556 1429 780 1479; x_wconf 86' lang='lat' dir='ltr'>natura</span> <span class='ocrx_word' id='word_1_111' title='bbox 798 1441 918 1479; x_wconf 84' lang='lat' dir='ltr'>sua</span> <span class='ocrx_word' id='word_1_112' title='bbox 938 1425 1125 1496; x_wconf 87' lang='lat' dir='ltr'>&#39;quam</span> <span class='ocrx_word' id='word_1_113' title='bbox 1144 1440 1260 1479; x_wconf 90' lang='lat' dir='ltr'>non</span> <span class='ocrx_word' id='word_1_114' title='bbox 1288 1430 1597 1496; x_wconf 76' lang='lat' dir='ltr'>agnoverat</span> <span class='ocrx_word' id='word_1_115' title='bbox 1620 1441 1742 1480; x_wconf 88' lang='lat' dir='ltr'>sen-</span> 
     </span>
    </p>
   </div>
   <div class='ocr_carea' id='block_1_14' title="bbox 138 1515 1740 1590">
    <p class='ocr_par' dir='ltr' id='par_1_14' title="bbox 138 1515 1740 1590">
     <span class='ocr_line' id='line_1_14' title="bbox 138 1515 1740 1590; baseline 0.003 -20"><span class='ocrx_word' id='word_1_116' title='bbox 138 1515 214 1585; x_wconf 86' lang='lat' dir='ltr'>sit,</span> <span class='ocrx_word' id='word_1_117' title='bbox 228 1520 278 1570; x_wconf 89' lang='lat' dir='ltr'>et</span> <span class='ocrx_word' id='word_1_118' title='bbox 294 1517 384 1571; x_wconf 87' lang='lat' dir='ltr'>Dei</span> <span class='ocrx_word' id='word_1_119' title='bbox 397 1533 613 1573; x_wconf 89' lang='lat' dir='ltr'>munus</span> <span class='ocrx_word' id='word_1_120' title='bbox 629 1518 783 1590; x_wconf 86' lang='lat' dir='ltr'>quod</span> <span class='ocrx_word' id='word_1_121' title='bbox 802 1518 1046 1573; x_wconf 87' lang='lat' dir='ltr'>habebat</span> <span class='ocrx_word' id='word_1_122' title='bbox 1057 1518 1263 1573; x_wconf 88' lang='lat' dir='ltr'>amisit.</span> <span class='ocrx_word' id='word_1_123' title='bbox 1286 1520 1415 1574; x_wconf 88' lang='lat' dir='ltr'>Post</span> <span class='ocrx_word' id='word_1_124' title='bbox 1432 1519 1552 1574; x_wconf 87' lang='lat' dir='ltr'>hac</span> <span class='ocrx_word' id='word_1_125' title='bbox 1569 1520 1740 1575; x_wconf 88' lang='lat' dir='ltr'>etiam</span> 
     </span>
    </p>
   </div>
   <div class='ocr_carea' id='block_1_15' title="bbox 136 1609 1739 1683">
    <p class='ocr_par' dir='ltr' id='par_1_15' title="bbox 136 1609 1739 1683">
     <span class='ocr_line' id='line_1_15' title="bbox 136 1609 1739 1683; baseline 0.004 -21"><span class='ocrx_word' id='word_1_126' title='bbox 136 1609 301 1663; x_wconf 81' lang='lat' dir='ltr'>videns</span> <span class='ocrx_word' id='word_1_127' title='bbox 336 1627 368 1664; x_wconf 89' lang='lat' dir='ltr'>a</span> <span class='ocrx_word' id='word_1_128' title='bbox 408 1611 521 1665; x_wconf 90' lang='lat' dir='ltr'>Deo</span> <span class='ocrx_word' id='word_1_129' title='bbox 560 1612 858 1667; x_wconf 89' lang='lat' dir='ltr'>hominem</span> <span class='ocrx_word' id='word_1_130' title='bbox 891 1612 1106 1668; x_wconf 89' lang='lat' dir='ltr'>factum</span> <span class='ocrx_word' id='word_1_131' title='bbox 1142 1628 1209 1666; x_wconf 91' lang='lat' dir='ltr'>ex</span> <span class='ocrx_word' id='word_1_132' title='bbox 1244 1613 1477 1683; x_wconf 86' lang='lat' dir='ltr'>pulvere</span> <span class='ocrx_word' id='word_1_133' title='bbox 1514 1613 1575 1667; x_wconf 91' lang='lat' dir='ltr'>in</span> <span class='ocrx_word' id='word_1_134' title='bbox 1618 1614 1739 1669; x_wconf 92' lang='lat' dir='ltr'>loco</span> 
     </span>
    </p>
   </div>
   <div class='ocr_carea' id='block_1_16' title="bbox 136 1700 1740 1778">
    <p class='ocr_par' dir='ltr' id='par_1_16' title="bbox 136 1700 1740 1778">
     <span class='ocr_line' id='line_1_16' title="bbox 136 1700 1740 1778; baseline 0.004 -22"><span class='ocrx_word' id='word_1_135' title='bbox 136 1700 463 1758; x_wconf 83' lang='lat' dir='ltr'>beatitudinis</span> <span class='ocrx_word' id='word_1_136' title='bbox 482 1721 661 1776; x_wconf 85' lang='lat' dir='ltr'>quem</span> <span class='ocrx_word' id='word_1_137' title='bbox 679 1706 799 1777; x_wconf 90' lang='lat' dir='ltr'>ipse</span> <span class='ocrx_word' id='word_1_138' title='bbox 822 1705 1147 1777; x_wconf 78' lang='lat' dir='ltr'>perdiderat</span> <span class='ocrx_word' id='word_1_139' title='bbox 1165 1705 1482 1778; x_wconf 83' lang='lat' dir='ltr'>subrogari,</span> <span class='ocrx_word' id='word_1_140' title='bbox 1511 1706 1740 1778; x_wconf 89' lang='lat' dir='ltr'>instiga-</span> 
     </span>
    </p>
   </div>
   <div class='ocr_carea' id='block_1_17' title="bbox 1846 487 3481 562">
    <p class='ocr_par' dir='ltr' id='par_1_17' title="bbox 1846 487 3481 562">
     <span class='ocr_line' id='line_1_17' title="bbox 1846 487 3481 562; baseline -0.001 -19"><span class='ocrx_word' id='word_1_141' title='bbox 1846 487 2070 557; x_wconf 82' lang='lat' dir='ltr'>(Habac.</span> <span class='ocrx_word' id='word_1_142' title='bbox 2104 504 2142 557; x_wconf 77' lang='grc' dir='ltr'>ι,</span> <span class='ocrx_word' id='word_1_143' title='bbox 2175 489 2279 559; x_wconf 80' lang='lat' dir='ltr'>l6).</span> <span class='ocrx_word' id='word_1_144' title='bbox 2310 488 2525 543; x_wconf 84' lang='lat' dir='ltr'>Electus</span> <span class='ocrx_word' id='word_1_145' title='bbox 2570 488 2663 544; x_wconf 90' lang='lat' dir='ltr'>ille</span> <span class='ocrx_word' id='word_1_146' title='bbox 2703 488 2853 543; x_wconf 90' lang='lat' dir='ltr'>viros</span> <span class='ocrx_word' id='word_1_147' title='bbox 2885 492 2942 543; x_wconf 90' lang='lat' dir='ltr'>et</span> <span class='ocrx_word' id='word_1_148' title='bbox 2976 487 3248 545; x_wconf 89' lang='lat' dir='ltr'>sublimes</span> <span class='ocrx_word' id='word_1_149' title='bbox 3274 506 3481 562; x_wconf 86' lang='lat' dir='ltr'>aggre-</span> 
     </span>
    </p>
   </div>
   <div class='ocr_carea' id='block_1_18' title="bbox 1843 581 3483 653">
    <p class='ocr_par' dir='ltr' id='par_1_18' title="bbox 1843 581 3483 653">
     <span class='ocr_line' id='line_1_18' title="bbox 1843 581 3483 653; baseline 0.001 -17"><span class='ocrx_word' id='word_1_150' title='bbox 1843 581 2017 636; x_wconf 87' lang='lat' dir='ltr'>ditur.</span> <span class='ocrx_word' id='word_1_151' title='bbox 2044 582 2151 635; x_wconf 91' lang='lat' dir='ltr'>lllis</span> <span class='ocrx_word' id='word_1_152' title='bbox 2177 582 2437 651; x_wconf 81' lang='lat' dir='ltr'>suggerit</span> <span class='ocrx_word' id='word_1_153' title='bbox 2460 582 2594 653; x_wconf 87' lang='lat' dir='ltr'>quia</span> <span class='ocrx_word' id='word_1_154' title='bbox 2615 582 2810 653; x_wconf 84' lang='lat' dir='ltr'>magni</span> <span class='ocrx_word' id='word_1_155' title='bbox 2830 585 2982 651; x_wconf 89' lang='lat' dir='ltr'>sunt,</span> <span class='ocrx_word' id='word_1_156' title='bbox 3012 583 3146 653; x_wconf 85' lang='lat' dir='ltr'>quia</span> <span class='ocrx_word' id='word_1_157' title='bbox 3165 582 3310 637; x_wconf 91' lang='lat' dir='ltr'>nihil</span> <span class='ocrx_word' id='word_1_158' title='bbox 3338 583 3483 639; x_wconf 86' lang='lat' dir='ltr'>indi-</span> 
     </span>
    </p>
   </div>
   <div class='ocr_carea' id='block_1_19' title="bbox 1845 674 3479 748">
    <p class='ocr_par' dir='ltr' id='par_1_19' title="bbox 1845 674 3479 748">
     <span class='ocr_line' id='line_1_19' title="bbox 1845 674 3479 748; baseline 0.002 -20"><span class='ocrx_word' id='word_1_159' title='bbox 1845 679 2034 745; x_wconf 89' lang='lat' dir='ltr'>geant,</span> <span class='ocrx_word' id='word_1_160' title='bbox 2061 674 2194 746; x_wconf 89' lang='lat' dir='ltr'>quia</span> <span class='ocrx_word' id='word_1_161' title='bbox 2218 674 2495 747; x_wconf 86' lang='lat' dir='ltr'>quidquid</span> <span class='ocrx_word' id='word_1_162' title='bbox 2520 680 2720 747; x_wconf 89' lang='lat' dir='ltr'>agunt,</span> <span class='ocrx_word' id='word_1_163' title='bbox 2749 675 3002 747; x_wconf 89' lang='lat' dir='ltr'>cogitant</span> <span class='ocrx_word' id='word_1_164' title='bbox 3025 676 3111 729; x_wconf 90' lang='lat' dir='ltr'>vel</span> <span class='ocrx_word' id='word_1_165' title='bbox 3145 676 3479 748; x_wconf 90' lang='lat' dir='ltr'>loquuntur,</span> 
     </span>
    </p>
   </div>
   <div class='ocr_carea' id='block_1_20' title="bbox 1843 768 3481 841">
    <p class='ocr_par' dir='ltr' id='par_1_20' title="bbox 1843 768 3481 841">
     <span class='ocr_line' id='line_1_20' title="bbox 1843 768 3481 841; baseline 0.002 -20"><span class='ocrx_word' id='word_1_166' title='bbox 1843 771 2026 822; x_wconf 88' lang='lat' dir='ltr'>totum</span> <span class='ocrx_word' id='word_1_167' title='bbox 2051 768 2108 822; x_wconf 88' lang='lat' dir='ltr'>id</span> <span class='ocrx_word' id='word_1_168' title='bbox 2138 769 2415 839; x_wconf 87' lang='lat' dir='ltr'>sapientia</span> <span class='ocrx_word' id='word_1_169' title='bbox 2440 769 2513 823; x_wconf 90' lang='lat' dir='ltr'>sit</span> <span class='ocrx_word' id='word_1_170' title='bbox 2537 773 2836 841; x_wconf 86' lang='lat' dir='ltr'>totumque</span> <span class='ocrx_word' id='word_1_171' title='bbox 2852 768 3175 841; x_wconf 90' lang='lat' dir='ltr'>prudentia.</span> <span class='ocrx_word' id='word_1_172' title='bbox 3196 769 3410 834; x_wconf 89' lang='lat' dir='ltr'>Quibus</span> <span class='ocrx_word' id='word_1_173' title='bbox 3432 770 3481 825; x_wconf 88' lang='lat' dir='ltr'>si</span> 
     </span>
    </p>
   </div>
   <div class='ocr_carea' id='block_1_21' title="bbox 1844 861 3480 934">
    <p class='ocr_par' dir='ltr' id='par_1_21' title="bbox 1844 861 3480 934">
     <span class='ocr_line' id='line_1_21' title="bbox 1844 861 3480 934; baseline 0.002 -20"><span class='ocrx_word' id='word_1_174' title='bbox 1844 861 1983 933; x_wconf 90' lang='lat' dir='ltr'>quid</span> <span class='ocrx_word' id='word_1_175' title='bbox 2003 861 2165 927; x_wconf 90' lang='lat' dir='ltr'>utile,</span> <span class='ocrx_word' id='word_1_176' title='bbox 2197 861 2309 915; x_wconf 92' lang='lat' dir='ltr'>Deo</span> <span class='ocrx_word' id='word_1_177' title='bbox 2336 861 2394 916; x_wconf 90' lang='lat' dir='ltr'>id</span> <span class='ocrx_word' id='word_1_178' title='bbox 2421 862 2793 931; x_wconf 85' lang='lat' dir='ltr'>gubernante,</span> <span class='ocrx_word' id='word_1_179' title='bbox 2821 863 3167 934; x_wconf 86' lang='lat' dir='ltr'>provenerit,</span> <span class='ocrx_word' id='word_1_180' title='bbox 3201 863 3318 918; x_wconf 88' lang='lat' dir='ltr'>suis</span> <span class='ocrx_word' id='word_1_181' title='bbox 3337 863 3480 919; x_wconf 92' lang='lat' dir='ltr'>illud</span> 
     </span>
    </p>
   </div>
   <div class='ocr_carea' id='block_1_22' title="bbox 1843 954 3478 1028">
    <p class='ocr_par' dir='ltr' id='par_1_22' title="bbox 1843 954 3478 1028">
     <span class='ocr_line' id='line_1_22' title="bbox 1843 954 3478 1028; baseline 0.002 -18"><span class='ocrx_word' id='word_1_182' title='bbox 1843 954 2112 1010; x_wconf 90' lang='lat' dir='ltr'>continuo</span> <span class='ocrx_word' id='word_1_183' title='bbox 2136 954 2347 1009; x_wconf 89' lang='lat' dir='ltr'>viribus</span> <span class='ocrx_word' id='word_1_184' title='bbox 2373 971 2601 1027; x_wconf 87' lang='lat' dir='ltr'>suaque</span> <span class='ocrx_word' id='word_1_185' title='bbox 2644 955 2940 1011; x_wconf 88' lang='lat' dir='ltr'>industria</span> <span class='ocrx_word' id='word_1_186' title='bbox 2976 956 3331 1028; x_wconf 89' lang='lat' dir='ltr'>deputantes,</span> <span class='ocrx_word' id='word_1_187' title='bbox 3362 957 3478 1013; x_wconf 89' lang='lat' dir='ltr'>cla-</span> 
     </span>
    </p>
   </div>
   <div class='ocr_carea' id='block_1_23' title="bbox 1842 1048 3482 1121">
    <p class='ocr_par' dir='ltr' id='par_1_23' title="bbox 1842 1048 3482 1121">
     <span class='ocr_line' id='line_1_23' title="bbox 1842 1048 3482 1121; baseline 0.002 -18"><span class='ocrx_word' id='word_1_188' title='bbox 1842 1053 2003 1104; x_wconf 90' lang='lat' dir='ltr'>mant</span> <span class='ocrx_word' id='word_1_189' title='bbox 2032 1067 2046 1103; x_wconf 88' lang='lat'><strong>:</strong></span> <span class='ocrx_word' id='word_1_190' title='bbox 2078 1049 2195 1119; x_wconf 88' lang='lat' dir='ltr'>Ego</span> <span class='ocrx_word' id='word_1_191' title='bbox 2221 1048 2343 1103; x_wconf 86' lang='lat' dir='ltr'>hac</span> <span class='ocrx_word' id='word_1_192' title='bbox 2370 1048 2496 1119; x_wconf 86' lang='lat' dir='ltr'>feci,</span> <span class='ocrx_word' id='word_1_193' title='bbox 2541 1050 2657 1120; x_wconf 82' lang='lat' dir='ltr'>Ego</span> <span class='ocrx_word' id='word_1_194' title='bbox 2692 1048 2829 1119; x_wconf 85' lang='lat' dir='ltr'>dixi,</span> <span class='ocrx_word' id='word_1_195' title='bbox 2877 1050 2994 1120; x_wconf 87' lang='lat' dir='ltr'>Ego</span> <span class='ocrx_word' id='word_1_196' title='bbox 3036 1050 3389 1121; x_wconf 86' lang='lat' dir='ltr'>excogitavi;</span> <span class='ocrx_word' id='word_1_197' title='bbox 3424 1056 3482 1107; x_wconf 86' lang='lat' dir='ltr'>et</span> 
     </span>
    </p>
   </div>
   <div class='ocr_carea' id='block_1_24' title="bbox 1842 1141 3480 1215">
    <p class='ocr_par' dir='ltr' id='par_1_24' title="bbox 1842 1141 3480 1215">
     <span class='ocr_line' id='line_1_24' title="bbox 1842 1141 3480 1215; baseline 0.002 -18"><span class='ocrx_word' id='word_1_198' title='bbox 1842 1142 2003 1215; x_wconf 86' lang='lat' dir='ltr'>quasi</span> <span class='ocrx_word' id='word_1_199' title='bbox 2042 1141 2405 1214; x_wconf 86' lang='lat' dir='ltr'>stupentibus</span> <span class='ocrx_word' id='word_1_200' title='bbox 2448 1142 2683 1211; x_wconf 87' lang='lat' dir='ltr'>cunctis,</span> <span class='ocrx_word' id='word_1_201' title='bbox 2722 1146 3005 1214; x_wconf 85' lang='lat' dir='ltr'>prarepta</span> <span class='ocrx_word' id='word_1_202' title='bbox 3040 1142 3222 1213; x_wconf 86' lang='lat' dir='ltr'>gloria</span> <span class='ocrx_word' id='word_1_203' title='bbox 3260 1144 3379 1213; x_wconf 89' lang='lat' dir='ltr'>Dei,</span> <span class='ocrx_word' id='word_1_204' title='bbox 3407 1145 3480 1200; x_wconf 86' lang='lat' dir='ltr'>ad</span> 
     </span>
    </p>
   </div>
   <div class='ocr_carea' id='block_1_25' title="bbox 1843 1235 3479 1308">
    <p class='ocr_par' dir='ltr' id='par_1_25' title="bbox 1843 1235 3479 1308">
     <span class='ocr_line' id='line_1_25' title="bbox 1843 1235 3479 1308; baseline 0.001 -16"><span class='ocrx_word' id='word_1_205' title='bbox 1843 1237 1965 1308; x_wconf 88' lang='lat' dir='ltr'>ejus</span> <span class='ocrx_word' id='word_1_206' title='bbox 1993 1252 2049 1291; x_wconf 90' lang='lat' dir='ltr'>se</span> <span class='ocrx_word' id='word_1_207' title='bbox 2075 1235 2509 1291; x_wconf 89' lang='lat' dir='ltr'>similitudinem</span> <span class='ocrx_word' id='word_1_208' title='bbox 2528 1235 2828 1307; x_wconf 88' lang='lat' dir='ltr'>proferunt</span> <span class='ocrx_word' id='word_1_209' title='bbox 2851 1236 3234 1292; x_wconf 89' lang='lat' dir='ltr'>admirandos.</span> <span class='ocrx_word' id='word_1_210' title='bbox 3264 1236 3479 1302; x_wconf 86' lang='lat' dir='ltr'>Quibus</span> 
     </span>
    </p>
   </div>
   <div class='ocr_carea' id='block_1_26' title="bbox 1834 1328 3479 1401">
    <p class='ocr_par' dir='ltr' id='par_1_26' title="bbox 1834 1328 3479 1401">
     <span class='ocr_line' id='line_1_26' title="bbox 1834 1328 3479 1401; baseline 0.001 -16"><span class='ocrx_word' id='word_1_211' title='bbox 1834 1330 1989 1400; x_wconf 90' lang='lat' dir='ltr'>justo</span> <span class='ocrx_word' id='word_1_212' title='bbox 2015 1330 2163 1385; x_wconf 88' lang='lat' dir='ltr'>Deus</span> <span class='ocrx_word' id='word_1_213' title='bbox 2182 1329 2400 1399; x_wconf 91' lang='lat' dir='ltr'>judicio</span> <span class='ocrx_word' id='word_1_214' title='bbox 2428 1328 2694 1400; x_wconf 77' lang='lat' dir='ltr'>praesidia</span> <span class='ocrx_word' id='word_1_215' title='bbox 2722 1344 2826 1383; x_wconf 89' lang='lat' dir='ltr'>sua</span> <span class='ocrx_word' id='word_1_216' title='bbox 2853 1329 3191 1401; x_wconf 91' lang='lat' dir='ltr'>subducens,</span> <span class='ocrx_word' id='word_1_217' title='bbox 3218 1331 3391 1386; x_wconf 81' lang='lat' dir='ltr'>tradit</span> <span class='ocrx_word' id='word_1_218' title='bbox 3413 1332 3479 1386; x_wconf 82' lang='lat' dir='ltr'>il-</span> 
     </span>
    </p>
   </div>
   <div class='ocr_carea' id='block_1_27' title="bbox 1842 1423 3474 1494">
    <p class='ocr_par' dir='ltr' id='par_1_27' title="bbox 1842 1423 3474 1494">
     <span class='ocr_line' id='line_1_27' title="bbox 1842 1423 3474 1494; baseline 0.001 -17"><span class='ocrx_word' id='word_1_219' title='bbox 1842 1424 1941 1486; x_wconf 75' lang='lat' dir='ltr'>los,</span> <span class='ocrx_word' id='word_1_220' title='bbox 1969 1425 2115 1479; x_wconf 88' lang='lat' dir='ltr'>sicut</span> <span class='ocrx_word' id='word_1_221' title='bbox 2138 1424 2217 1478; x_wconf 89' lang='lat' dir='ltr'>ait</span> <span class='ocrx_word' id='word_1_222' title='bbox 2242 1423 2559 1494; x_wconf 89' lang='lat' dir='ltr'>Apostolus,</span> <span class='ocrx_word' id='word_1_223' title='bbox 2597 1425 2657 1477; x_wconf 85' lang='lat' dir='ltr'>in</span> <span class='ocrx_word' id='word_1_224' title='bbox 2690 1423 2980 1492; x_wconf 84' lang='lat' dir='ltr'>reprobum</span> <span class='ocrx_word' id='word_1_225' title='bbox 3007 1438 3242 1486; x_wconf 85' lang='lat' dir='ltr'>sensum,</span> <span class='ocrx_word' id='word_1_226' title='bbox 3286 1430 3349 1478; x_wconf 86' lang='lat' dir='ltr'>ut</span> <span class='ocrx_word' id='word_1_227' title='bbox 3382 1427 3474 1492; x_wconf 83' lang='lat' dir='ltr'>fa-</span> 
     </span>
    </p>
   </div>
   <div class='ocr_carea' id='block_1_28' title="bbox 1841 1517 3474 1590">
    <p class='ocr_par' dir='ltr' id='par_1_28' title="bbox 1841 1517 3474 1590">
     <span class='ocr_line' id='line_1_28' title="bbox 1841 1517 3474 1590; baseline 0 -16"><span class='ocrx_word' id='word_1_228' title='bbox 1841 1520 1990 1574; x_wconf 85' lang='lat' dir='ltr'>ciant</span> <span class='ocrx_word' id='word_1_229' title='bbox 2010 1518 2099 1573; x_wconf 88' lang='lat' dir='ltr'>vel</span> <span class='ocrx_word' id='word_1_230' title='bbox 2140 1517 2390 1589; x_wconf 89' lang='lat' dir='ltr'>cogitent</span> <span class='ocrx_word' id='word_1_231' title='bbox 2428 1533 2549 1587; x_wconf 76' lang='lat' dir='ltr'>qua</span> <span class='ocrx_word' id='word_1_232' title='bbox 2590 1533 2700 1571; x_wconf 88' lang='lat' dir='ltr'>non</span> <span class='ocrx_word' id='word_1_233' title='bbox 2736 1518 3063 1571; x_wconf 83' lang='lat' dir='ltr'>conveniunt</span> <span class='ocrx_word' id='word_1_234' title='bbox 3102 1517 3267 1586; x_wconf 89' lang='lat' dir='ltr'>(Rom.</span> <span class='ocrx_word' id='word_1_235' title='bbox 3296 1533 3335 1584; x_wconf 79' lang='grc' dir='ltr'>ι,</span> <span class='ocrx_word' id='word_1_236' title='bbox 3364 1519 3474 1590; x_wconf 83' lang='grc'><strong>28).</strong></span> 
     </span>
    </p>
   </div>
   <div class='ocr_carea' id='block_1_29' title="bbox 1838 1609 3479 1682">
    <p class='ocr_par' dir='ltr' id='par_1_29' title="bbox 1838 1609 3479 1682">
     <span class='ocr_line' id='line_1_29' title="bbox 1838 1609 3479 1682; baseline -0.001 -15"><span class='ocrx_word' id='word_1_237' title='bbox 1838 1612 1981 1676; x_wconf 86' lang='lat' dir='ltr'>Quia</span> <span class='ocrx_word' id='word_1_238' title='bbox 2004 1628 2135 1667; x_wconf 91' lang='lat' dir='ltr'>cum</span> <span class='ocrx_word' id='word_1_239' title='bbox 2162 1612 2221 1665; x_wconf 90' lang='lat' dir='ltr'>in</span> <span class='ocrx_word' id='word_1_240' title='bbox 2240 1610 2506 1665; x_wconf 90' lang='lat' dir='ltr'>omnibus</span> <span class='ocrx_word' id='word_1_241' title='bbox 2518 1610 2614 1665; x_wconf 90' lang='lat' dir='ltr'>Dei</span> <span class='ocrx_word' id='word_1_242' title='bbox 2628 1609 3040 1681; x_wconf 87' lang='lat' dir='ltr'>providentiam</span> <span class='ocrx_word' id='word_1_243' title='bbox 3053 1609 3246 1665; x_wconf 88' lang='lat' dir='ltr'>adesse</span> <span class='ocrx_word' id='word_1_244' title='bbox 3274 1625 3479 1682; x_wconf 87' lang='lat' dir='ltr'>cogno-</span> 
     </span>
    </p>
   </div>
   <div class='ocr_carea' id='block_1_30' title="bbox 1839 1703 3476 1776">
    <p class='ocr_par' dir='ltr' id='par_1_30' title="bbox 1839 1703 3476 1776">
     <span class='ocr_line' id='line_1_30' title="bbox 1839 1703 3476 1776; baseline -0.001 -14"><span class='ocrx_word' id='word_1_245' title='bbox 1839 1710 2017 1775; x_wconf 89' lang='lat' dir='ltr'>scant,</span> <span class='ocrx_word' id='word_1_246' title='bbox 2046 1722 2163 1760; x_wconf 90' lang='lat' dir='ltr'>non</span> <span class='ocrx_word' id='word_1_247' title='bbox 2196 1710 2263 1760; x_wconf 90' lang='lat' dir='ltr'>ut</span> <span class='ocrx_word' id='word_1_248' title='bbox 2295 1706 2473 1760; x_wconf 89' lang='lat' dir='ltr'>Deum</span> <span class='ocrx_word' id='word_1_249' title='bbox 2503 1704 2871 1775; x_wconf 81' lang='lat' dir='ltr'>magniﬁcant</span> <span class='ocrx_word' id='word_1_250' title='bbox 2906 1704 2996 1759; x_wconf 90' lang='lat' dir='ltr'>vel</span> <span class='ocrx_word' id='word_1_251' title='bbox 3038 1703 3246 1775; x_wconf 85' lang='lat' dir='ltr'>gratias</span> <span class='ocrx_word' id='word_1_252' title='bbox 3274 1708 3476 1776; x_wconf 81' lang='lat' dir='ltr'>agunt,</span> 
     </span>
    </p>
   </div>
   <div class='ocr_carea' id='block_1_31' title="bbox 136 1777 3481 1873">
    <p class='ocr_par' dir='ltr' id='par_1_31' title="bbox 136 1777 3481 1873">
     <span class='ocr_line' id='line_1_31' title="bbox 136 1777 3481 1873; baseline 0.002 -25"><span class='ocrx_word' id='word_1_253' title='bbox 136 1799 210 1848; x_wconf 81' lang='lat' dir='ltr'>tus</span> <span class='ocrx_word' id='word_1_254' title='bbox 240 1796 454 1866; x_wconf 84' lang='lat' dir='ltr'>invidia,</span> <span class='ocrx_word' id='word_1_255' title='bbox 487 1799 693 1854; x_wconf 91' lang='lat' dir='ltr'>eodem</span> <span class='ocrx_word' id='word_1_256' title='bbox 731 1799 1014 1871; x_wconf 89' lang='lat' dir='ltr'>superbia</span> <span class='ocrx_word' id='word_1_257' title='bbox 1041 1800 1205 1854; x_wconf 90' lang='lat' dir='ltr'>illum</span> <span class='ocrx_word' id='word_1_258' title='bbox 1228 1777 1482 1871; x_wconf 90' lang='lat' dir='ltr'>teloquo</span> <span class='ocrx_word' id='word_1_259' title='bbox 1505 1800 1626 1872; x_wconf 88' lang='lat' dir='ltr'>ipse</span> <span class='ocrx_word' id='word_1_260' title='bbox 1655 1777 1738 1856; x_wconf 87' lang='lat' dir='ltr'>est</span> <span class='ocrx_word' id='word_1_261' title='bbox 1758 1777 1814 1849; x_wconf 83' lang='lat' dir='ltr'><strong>B</strong></span> <span class='ocrx_word' id='word_1_262' title='bbox 1838 1801 1935 1856; x_wconf 90' lang='lat' dir='ltr'>sed</span> <span class='ocrx_word' id='word_1_263' title='bbox 1962 1799 2268 1873; x_wconf 87' lang='lat' dir='ltr'>gloriantes</span> <span class='ocrx_word' id='word_1_264' title='bbox 2298 1799 2359 1854; x_wconf 91' lang='lat' dir='ltr'>in</span> <span class='ocrx_word' id='word_1_265' title='bbox 2387 1798 2706 1870; x_wconf 87' lang='lat' dir='ltr'>semetipsis</span> <span class='ocrx_word' id='word_1_266' title='bbox 2733 1802 3075 1854; x_wconf 87' lang='lat' dir='ltr'>evanescunt</span> <span class='ocrx_word' id='word_1_267' title='bbox 3102 1798 3165 1853; x_wconf 90' lang='lat' dir='ltr'>in</span> <span class='ocrx_word' id='word_1_268' title='bbox 3192 1798 3481 1870; x_wconf 86' lang='lat' dir='ltr'>cogitatio-</span> 
     </span>
    </p>
   </div>
   <div class='ocr_carea' id='block_1_32' title="bbox 135 1887 1734 1962">
    <p class='ocr_par' dir='ltr' id='par_1_32' title="bbox 135 1887 1734 1962">
     <span class='ocr_line' id='line_1_32' title="bbox 135 1887 1734 1962; baseline 0.004 -20"><span class='ocrx_word' id='word_1_269' title='bbox 135 1887 350 1958; x_wconf 77' lang='lat' dir='ltr'>dejectns</span> <span class='ocrx_word' id='word_1_270' title='bbox 373 1892 611 1962; x_wconf 89' lang='lat' dir='ltr'>appetit.</span> <span class='ocrx_word' id='word_1_271' title='bbox 642 1891 760 1948; x_wconf 89' lang='lat' dir='ltr'>Sibi</span> <span class='ocrx_word' id='word_1_272' title='bbox 786 1893 939 1947; x_wconf 88' lang='lat' dir='ltr'>enim</span> <span class='ocrx_word' id='word_1_273' title='bbox 966 1892 1185 1948; x_wconf 79' lang='lat' dir='ltr'>dixerat</span> <span class='ocrx_word' id='word_1_274' title='bbox 1212 1912 1226 1947; x_wconf 89' lang='lat'><strong>:</strong></span> <span class='ocrx_word' id='word_1_275' title='bbox 1260 1897 1367 1949; x_wconf 84' lang='lat' dir='ltr'>Ero</span> <span class='ocrx_word' id='word_1_276' title='bbox 1401 1895 1595 1949; x_wconf 75' lang='lat' dir='ltr'>similis</span> <span class='ocrx_word' id='word_1_277' title='bbox 1631 1896 1734 1951; x_wconf 83' lang='lat' dir='ltr'>Al-</span> 
     </span>
    </p>
   </div>
   <div class='ocr_carea' id='block_1_33' title="bbox 135 1983 1732 2059">
    <p class='ocr_par' dir='ltr' id='par_1_33' title="bbox 135 1983 1732 2059">
     <span class='ocr_line' id='line_1_33' title="bbox 135 1983 1732 2059; baseline 0.004 -23"><span class='ocrx_word' id='word_1_278' title='bbox 363 1984 494 2038; x_wconf 81' lang='lat' dir='ltr'>Ada</span> <span class='ocrx_word' id='word_1_279' title='bbox 525 1990 586 2040; x_wconf 88' lang='lat' dir='ltr'>et</span> <span class='ocrx_word' id='word_1_280' title='bbox 612 1986 742 2041; x_wconf 86' lang='lat' dir='ltr'>Eva</span> <span class='ocrx_word' id='word_1_281' title='bbox 770 1986 913 2041; x_wconf 87' lang='lat' dir='ltr'>dixit</span> <span class='ocrx_word' id='word_1_282' title='bbox 952 2003 967 2041; x_wconf 89' lang='lat'><strong>:</strong></span> <span class='ocrx_word' id='word_1_283' title='bbox 1008 1989 1179 2042; x_wconf 82' lang='lat' dir='ltr'>Eritis</span> <span class='ocrx_word' id='word_1_284' title='bbox 1204 1990 1342 2043; x_wconf 82' lang='lat' dir='ltr'>sicut</span> <span class='ocrx_word' id='word_1_285' title='bbox 1368 1989 1454 2043; x_wconf 81' lang='lat' dir='ltr'>dii</span> <span class='ocrx_word' id='word_1_286' title='bbox 1476 1987 1623 2058; x_wconf 85' lang='lat' dir='ltr'>(Gen.</span> <span class='ocrx_word' id='word_1_287' title='bbox 1650 2005 1732 2059; x_wconf 81' lang='grc' dir='ltr'>ω,</span> 
     </span>
    </p>
   </div>
   <div class='ocr_carea' id='block_1_34' title="bbox 136 2075 1731 2151">
    <p class='ocr_par' dir='ltr' id='par_1_34' title="bbox 136 2075 1731 2151">
     <span class='ocr_line' id='line_1_34' title="bbox 136 2075 1731 2151; baseline 0.006 -23"><span class='ocrx_word' id='word_1_288' title='bbox 136 2077 193 2145; x_wconf 82' lang='lat'>5).</span> <span class='ocrx_word' id='word_1_289' title='bbox 226 2075 371 2139; x_wconf 91' lang='lat' dir='ltr'>Quod</span> <span class='ocrx_word' id='word_1_290' title='bbox 396 2077 475 2132; x_wconf 88' lang='lat' dir='ltr'>illi</span> <span class='ocrx_word' id='word_1_291' title='bbox 512 2079 996 2151; x_wconf 90' lang='lat' dir='ltr'>concupiscentes,</span> <span class='ocrx_word' id='word_1_292' title='bbox 1026 2096 1144 2135; x_wconf 86' lang='lat' dir='ltr'>non</span> <span class='ocrx_word' id='word_1_293' title='bbox 1173 2081 1245 2135; x_wconf 94' lang='lat' dir='ltr'>ob</span> <span class='ocrx_word' id='word_1_294' title='bbox 1271 2081 1440 2136; x_wconf 87' lang='lat' dir='ltr'>aliam</span> <span class='ocrx_word' id='word_1_295' title='bbox 1473 2097 1699 2137; x_wconf 89' lang='lat' dir='ltr'>causam</span> <span class='ocrx_word' id='word_1_296' title='bbox 1717 2123 1731 2149; x_wconf 90' lang='lat'>,</span> 
     </span>
    </p>
   </div>
   <div class='ocr_carea' id='block_1_35' title="bbox 134 2168 1735 2247">
    <p class='ocr_par' dir='ltr' id='par_1_35' title="bbox 134 2168 1735 2247">
     <span class='ocr_line' id='line_1_35' title="bbox 134 2168 1735 2247; baseline 0.005 -25"><span class='ocrx_word' id='word_1_297' title='bbox 134 2168 212 2221; x_wconf 81' lang='lat' dir='ltr'>sed</span> <span class='ocrx_word' id='word_1_298' title='bbox 237 2173 442 2225; x_wconf 87' lang='lat' dir='ltr'>tantum</span> <span class='ocrx_word' id='word_1_299' title='bbox 469 2176 534 2226; x_wconf 91' lang='lat' dir='ltr'>ut</span> <span class='ocrx_word' id='word_1_300' title='bbox 563 2171 644 2226; x_wconf 89' lang='lat' dir='ltr'>dii</span> <span class='ocrx_word' id='word_1_301' title='bbox 672 2171 875 2227; x_wconf 82' lang='lat' dir='ltr'>tierent</span> <span class='ocrx_word' id='word_1_302' title='bbox 901 2174 1236 2229; x_wconf 89' lang='lat' dir='ltr'>mandatum</span> <span class='ocrx_word' id='word_1_303' title='bbox 1269 2174 1367 2230; x_wconf 91' lang='lat' dir='ltr'>Dei</span> <span class='ocrx_word' id='word_1_304' title='bbox 1399 2175 1735 2247; x_wconf 75' lang='lat' dir='ltr'>transgressi</span> 
     </span>
    </p>
   </div>
   <div class='ocr_carea' id='block_1_36' title="bbox 135 2262 1730 2341">
    <p class='ocr_par' dir='ltr' id='par_1_36' title="bbox 135 2262 1730 2341">
     <span class='ocr_line' id='line_1_36' title="bbox 135 2262 1730 2341; baseline 0.005 -26"><span class='ocrx_word' id='word_1_305' title='bbox 135 2266 259 2317; x_wconf 87' lang='lat' dir='ltr'>sunt.</span> <span class='ocrx_word' id='word_1_306' title='bbox 285 2262 325 2318; x_wconf 93' lang='grc' dir='ltr'><strong>Ο</strong></span> <span class='ocrx_word' id='word_1_307' title='bbox 350 2270 564 2335; x_wconf 85' lang='lat' dir='ltr'>quanta</span> <span class='ocrx_word' id='word_1_308' title='bbox 589 2270 678 2320; x_wconf 89' lang='lat' dir='ltr'>est</span> <span class='ocrx_word' id='word_1_309' title='bbox 703 2266 926 2334; x_wconf 88' lang='lat' dir='ltr'>cecitas,</span> <span class='ocrx_word' id='word_1_310' title='bbox 957 2267 1018 2322; x_wconf 91' lang='lat' dir='ltr'>in</span> <span class='ocrx_word' id='word_1_311' title='bbox 1044 2269 1301 2339; x_wconf 89' lang='lat' dir='ltr'>appetitu</span> <span class='ocrx_word' id='word_1_312' title='bbox 1327 2285 1484 2324; x_wconf 82' lang='lat' dir='ltr'>vana</span> <span class='ocrx_word' id='word_1_313' title='bbox 1506 2268 1730 2341; x_wconf 84' lang='lat' dir='ltr'>gloria!</span> 
     </span>
    </p>
   </div>
   <div class='ocr_carea' id='block_1_37' title="bbox 136 2354 1733 2435">
    <p class='ocr_par' dir='ltr' id='par_1_37' title="bbox 136 2354 1733 2435">
     <span class='ocr_line' id='line_1_37' title="bbox 136 2354 1733 2435; baseline 0.006 -28"><span class='ocrx_word' id='word_1_314' title='bbox 136 2354 232 2409; x_wconf 83' lang='lat' dir='ltr'>Non</span> <span class='ocrx_word' id='word_1_315' title='bbox 252 2357 378 2412; x_wconf 89' lang='lat' dir='ltr'>vidit</span> <span class='ocrx_word' id='word_1_316' title='bbox 412 2359 586 2415; x_wconf 90' lang='lat' dir='ltr'>homo</span> <span class='ocrx_word' id='word_1_317' title='bbox 615 2366 734 2416; x_wconf 84' lang='lat' dir='ltr'>tam</span> <span class='ocrx_word' id='word_1_318' title='bbox 769 2365 1026 2432; x_wconf 89' lang='lat' dir='ltr'>apertam</span> <span class='ocrx_word' id='word_1_319' title='bbox 1066 2361 1364 2432; x_wconf 84' lang='lat' dir='ltr'>fallaciam,</span> <span class='ocrx_word' id='word_1_320' title='bbox 1405 2364 1467 2417; x_wconf 91' lang='lat' dir='ltr'>in</span> <span class='ocrx_word' id='word_1_321' title='bbox 1503 2380 1616 2435; x_wconf 86' lang='lat' dir='ltr'>qua</span> <span class='ocrx_word' id='word_1_322' title='bbox 1653 2363 1733 2418; x_wconf 89' lang='lat' dir='ltr'>illi</span> 
     </span>
    </p>
   </div>
   <div class='ocr_carea' id='block_1_38' title="bbox 134 2450 1734 2528">
    <p class='ocr_par' dir='ltr' id='par_1_38' title="bbox 134 2450 1734 2528">
     <span class='ocr_line' id='line_1_38' title="bbox 134 2450 1734 2528; baseline 0.008 -28"><span class='ocrx_word' id='word_1_323' title='bbox 134 2463 263 2503; x_wconf 80' lang='lat' dir='ltr'>versa</span> <span class='ocrx_word' id='word_1_324' title='bbox 282 2450 393 2506; x_wconf 82' lang='lat' dir='ltr'>vice</span> <span class='ocrx_word' id='word_1_325' title='bbox 419 2452 732 2509; x_wconf 86' lang='lat' dir='ltr'>similitudo</span> <span class='ocrx_word' id='word_1_326' title='bbox 760 2455 859 2509; x_wconf 90' lang='lat' dir='ltr'>Dei</span> <span class='ocrx_word' id='word_1_327' title='bbox 886 2470 1001 2509; x_wconf 92' lang='lat' dir='ltr'>non</span> <span class='ocrx_word' id='word_1_328' title='bbox 1028 2471 1097 2509; x_wconf 86' lang='lat' dir='ltr'>ex</span> <span class='ocrx_word' id='word_1_329' title='bbox 1124 2456 1443 2512; x_wconf 86' lang='lat' dir='ltr'>obedientia</span> <span class='ocrx_word' id='word_1_330' title='bbox 1472 2457 1613 2528; x_wconf 87' lang='lat' dir='ltr'>ejus,</span> <span class='ocrx_word' id='word_1_331' title='bbox 1635 2457 1734 2513; x_wconf 91' lang='lat' dir='ltr'>sed</span> 
     </span>
    </p>
   </div>
   <div class='ocr_carea' id='block_1_39' title="bbox 135 2548 929 2619">
    <p class='ocr_par' dir='ltr' id='par_1_39' title="bbox 135 2548 929 2619">
     <span class='ocr_line' id='line_1_39' title="bbox 135 2548 929 2619; baseline 0.011 -24"><span class='ocrx_word' id='word_1_332' title='bbox 135 2557 189 2596; x_wconf 83' lang='lat' dir='ltr'>ex</span> <span class='ocrx_word' id='word_1_333' title='bbox 216 2549 527 2618; x_wconf 88' lang='lat' dir='ltr'>contemptu</span> <span class='ocrx_word' id='word_1_334' title='bbox 552 2548 929 2619; x_wconf 88' lang='lat' dir='ltr'>promittitur.</span> 
     </span>
    </p>
   </div>
   <div class='ocr_carea' id='block_1_40' title="bbox 188 2637 1729 2716">
    <p class='ocr_par' dir='ltr' id='par_1_40' title="bbox 188 2637 1729 2716">
     <span class='ocr_line' id='line_1_40' title="bbox 188 2637 1729 2716; baseline 0.008 -27"><span class='ocrx_word' id='word_1_335' title='bbox 188 2637 242 2691; x_wconf 76' lang='grc' dir='ltr'><strong>ν.</strong></span> <span class='ocrx_word' id='word_1_336' title='bbox 261 2639 387 2695; x_wconf 86' lang='lat' dir='ltr'>Ecce</span> <span class='ocrx_word' id='word_1_337' title='bbox 411 2640 505 2695; x_wconf 90' lang='lat' dir='ltr'>hic</span> <span class='ocrx_word' id='word_1_338' title='bbox 533 2646 621 2696; x_wconf 89' lang='lat' dir='ltr'>est</span> <span class='ocrx_word' id='word_1_339' title='bbox 646 2642 823 2714; x_wconf 88' lang='lat' dir='ltr'>primi</span> <span class='ocrx_word' id='word_1_340' title='bbox 851 2642 1001 2697; x_wconf 89' lang='lat' dir='ltr'>illius</span> <span class='ocrx_word' id='word_1_341' title='bbox 1030 2644 1235 2699; x_wconf 89' lang='lat' dir='ltr'>veneni</span> <span class='ocrx_word' id='word_1_342' title='bbox 1264 2649 1555 2716; x_wconf 90' lang='lat' dir='ltr'>saporatus</span> <span class='ocrx_word' id='word_1_343' title='bbox 1582 2646 1729 2702; x_wconf 81' lang='lat' dir='ltr'>inte-</span> 
     </span>
    </p>
   </div>
   <div class='ocr_carea' id='block_1_41' title="bbox 136 2730 1734 2808">
    <p class='ocr_par' dir='ltr' id='par_1_41' title="bbox 136 2730 1734 2808">
     <span class='ocr_line' id='line_1_41' title="bbox 136 2730 1734 2808; baseline 0.009 -25"><span class='ocrx_word' id='word_1_344' title='bbox 136 2730 264 2800; x_wconf 77' lang='lat' dir='ltr'>riuis,</span> <span class='ocrx_word' id='word_1_345' title='bbox 288 2735 382 2804; x_wconf 88' lang='lat' dir='ltr'>qui</span> <span class='ocrx_word' id='word_1_346' title='bbox 406 2736 767 2791; x_wconf 88' lang='lat' dir='ltr'>amarissimo</span> <span class='ocrx_word' id='word_1_347' title='bbox 793 2736 979 2791; x_wconf 89' lang='lat' dir='ltr'>inanis</span> <span class='ocrx_word' id='word_1_348' title='bbox 994 2737 1280 2808; x_wconf 85' lang='lat' dir='ltr'>jactantia</span> <span class='ocrx_word' id='word_1_349' title='bbox 1305 2739 1474 2794; x_wconf 90' lang='lat' dir='ltr'>melle</span> <span class='ocrx_word' id='word_1_350' title='bbox 1495 2740 1734 2796; x_wconf 84' lang='lat' dir='ltr'>circum-</span> 
     </span>
    </p>
   </div>
   <div class='ocr_carea' id='block_1_42' title="bbox 136 2821 1729 2902">
    <p class='ocr_par' dir='ltr' id='par_1_42' title="bbox 136 2821 1729 2902">
     <span class='ocr_line' id='line_1_42' title="bbox 136 2821 1729 2902; baseline 0.009 -26"><span class='ocrx_word' id='word_1_351' title='bbox 136 2821 259 2894; x_wconf 89' lang='lat' dir='ltr'>litus,</span> <span class='ocrx_word' id='word_1_352' title='bbox 287 2833 339 2883; x_wconf 91' lang='lat' dir='ltr'>et</span> <span class='ocrx_word' id='word_1_353' title='bbox 362 2830 637 2902; x_wconf 89' lang='lat' dir='ltr'>angelum</span> <span class='ocrx_word' id='word_1_354' title='bbox 666 2829 865 2885; x_wconf 81' lang='lat' dir='ltr'>fefellit</span> <span class='ocrx_word' id='word_1_355' title='bbox 887 2835 943 2886; x_wconf 90' lang='lat' dir='ltr'>et</span> <span class='ocrx_word' id='word_1_356' title='bbox 967 2830 1282 2886; x_wconf 90' lang='lat' dir='ltr'>hominem.</span> <span class='ocrx_word' id='word_1_357' title='bbox 1318 2833 1378 2887; x_wconf 83' lang='lat' dir='ltr'>In</span> <span class='ocrx_word' id='word_1_358' title='bbox 1404 2833 1511 2887; x_wconf 90' lang='lat' dir='ltr'>hoc</span> <span class='ocrx_word' id='word_1_359' title='bbox 1537 2838 1595 2889; x_wconf 91' lang='lat' dir='ltr'>et</span> <span class='ocrx_word' id='word_1_360' title='bbox 1617 2851 1729 2890; x_wconf 84' lang='lat' dir='ltr'>ca-</span> 
     </span>
    </p>
   </div>
   <div class='ocr_carea' id='block_1_43' title="bbox 136 2916 1732 2984">
    <p class='ocr_par' dir='ltr' id='par_1_43' title="bbox 136 2916 1732 2984">
     <span class='ocr_line' id='line_1_43' title="bbox 136 2916 1732 2984; baseline 0.009 -15"><span class='ocrx_word' id='word_1_361' title='bbox 136 2916 258 2973; x_wconf 86' lang='lat' dir='ltr'>lestis</span> <span class='ocrx_word' id='word_1_362' title='bbox 281 2925 334 2976; x_wconf 90' lang='lat' dir='ltr'>et</span> <span class='ocrx_word' id='word_1_363' title='bbox 355 2928 581 2978; x_wconf 86' lang='lat' dir='ltr'>terrena</span> <span class='ocrx_word' id='word_1_364' title='bbox 606 2924 813 2979; x_wconf 88' lang='lat' dir='ltr'>cecidit</span> <span class='ocrx_word' id='word_1_365' title='bbox 840 2929 1116 2984; x_wconf 87' lang='lat' dir='ltr'>creatura.</span> <span class='ocrx_word' id='word_1_366' title='bbox 1160 2924 1243 2979; x_wconf 90' lang='lat' dir='ltr'>Ob</span> <span class='ocrx_word' id='word_1_367' title='bbox 1270 2925 1377 2981; x_wconf 91' lang='lat' dir='ltr'>hoc</span> <span class='ocrx_word' id='word_1_368' title='bbox 1405 2927 1475 2981; x_wconf 91' lang='lat' dir='ltr'>de</span> <span class='ocrx_word' id='word_1_369' title='bbox 1504 2928 1732 2983; x_wconf 88' lang='lat' dir='ltr'>sedibus</span> 
     </span>
    </p>
   </div>
   <div class='ocr_carea' id='block_1_44' title="bbox 137 3009 1733 3092">
    <p class='ocr_par' dir='ltr' id='par_1_44' title="bbox 137 3009 1733 3092">
     <span class='ocr_line' id='line_1_44' title="bbox 137 3009 1733 3092; baseline 0.009 -29"><span class='ocrx_word' id='word_1_370' title='bbox 137 3009 243 3083; x_wconf 83' lang='lat' dir='ltr'>suis,</span> <span class='ocrx_word' id='word_1_371' title='bbox 277 3014 367 3070; x_wconf 88' lang='lat' dir='ltr'>ille</span> <span class='ocrx_word' id='word_1_372' title='bbox 388 3016 454 3072; x_wconf 90' lang='lat' dir='ltr'>de</span> <span class='ocrx_word' id='word_1_373' title='bbox 481 3018 645 3087; x_wconf 81' lang='lat' dir='ltr'>calo,</span> <span class='ocrx_word' id='word_1_374' title='bbox 670 3018 764 3072; x_wconf 90' lang='lat' dir='ltr'>hic</span> <span class='ocrx_word' id='word_1_375' title='bbox 802 3018 871 3074; x_wconf 92' lang='lat' dir='ltr'>de</span> <span class='ocrx_word' id='word_1_376' title='bbox 905 3018 1170 3090; x_wconf 88' lang='lat' dir='ltr'>paradiso</span> <span class='ocrx_word' id='word_1_377' title='bbox 1207 3021 1428 3090; x_wconf 90' lang='lat' dir='ltr'>expulsi</span> <span class='ocrx_word' id='word_1_378' title='bbox 1473 3026 1642 3092; x_wconf 85' lang='lat' dir='ltr'>sunt;</span> <span class='ocrx_word' id='word_1_379' title='bbox 1676 3026 1733 3077; x_wconf 91' lang='lat' dir='ltr'>et</span> 
     </span>
    </p>
   </div>
   <div class='ocr_carea' id='block_1_45' title="bbox 136 3112 1730 3184">
    <p class='ocr_par' dir='ltr' id='par_1_45' title="bbox 136 3112 1730 3184">
     <span class='ocr_line' id='line_1_45' title="bbox 136 3112 1730 3184; baseline 0.008 -26"><span class='ocrx_word' id='word_1_380' title='bbox 136 3119 226 3160; x_wconf 85' lang='lat' dir='ltr'>non</span> <span class='ocrx_word' id='word_1_381' title='bbox 246 3114 542 3179; x_wconf 87' lang='lat' dir='ltr'>potuerunt</span> <span class='ocrx_word' id='word_1_382' title='bbox 555 3117 728 3182; x_wconf 88' lang='lat' dir='ltr'>stare,</span> <span class='ocrx_word' id='word_1_383' title='bbox 751 3112 886 3183; x_wconf 87' lang='lat' dir='ltr'>quia</span> <span class='ocrx_word' id='word_1_384' title='bbox 913 3113 1162 3184; x_wconf 88' lang='lat' dir='ltr'>graviter</span> <span class='ocrx_word' id='word_1_385' title='bbox 1184 3113 1531 3170; x_wconf 90' lang='lat' dir='ltr'>ceciderunt.</span> <span class='ocrx_word' id='word_1_386' title='bbox 1560 3116 1730 3180; x_wconf 89' lang='lat' dir='ltr'>Quale</span> 
     </span>
    </p>
   </div>
   <div class='ocr_carea' id='block_1_46' title="bbox 138 3204 1729 3279">
    <p class='ocr_par' dir='ltr' id='par_1_46' title="bbox 138 3204 1729 3279">
     <span class='ocr_line' id='line_1_46' title="bbox 138 3204 1729 3279; baseline 0.008 -27"><span class='ocrx_word' id='word_1_387' title='bbox 138 3213 244 3271; x_wconf 85' lang='lat' dir='ltr'>ergo</span> <span class='ocrx_word' id='word_1_388' title='bbox 267 3204 536 3275; x_wconf 82' lang='lat' dir='ltr'>superbia</span> <span class='ocrx_word' id='word_1_389' title='bbox 564 3205 784 3260; x_wconf 90' lang='lat' dir='ltr'>malum</span> <span class='ocrx_word' id='word_1_390' title='bbox 814 3206 887 3261; x_wconf 90' lang='lat' dir='ltr'>sit</span> <span class='ocrx_word' id='word_1_391' title='bbox 914 3206 1066 3278; x_wconf 91' lang='lat' dir='ltr'>quod</span> <span class='ocrx_word' id='word_1_392' title='bbox 1097 3223 1198 3262; x_wconf 88' lang='lat' dir='ltr'>rex</span> <span class='ocrx_word' id='word_1_393' title='bbox 1240 3207 1411 3262; x_wconf 90' lang='lat' dir='ltr'>David</span> <span class='ocrx_word' id='word_1_394' title='bbox 1435 3213 1630 3279; x_wconf 90' lang='lat' dir='ltr'>aperte</span> <span class='ocrx_word' id='word_1_395' title='bbox 1653 3210 1729 3264; x_wconf 85' lang='lat' dir='ltr'>ti-</span> 
     </span>
    </p>
   </div>
   <div class='ocr_carea' id='block_1_47' title="bbox 141 3294 1611 3372">
    <p class='ocr_par' dir='ltr' id='par_1_47' title="bbox 141 3294 1611 3372">
     <span class='ocr_line' id='line_1_47' title="bbox 141 3294 1611 3372; baseline 0.007 -25"><span class='ocrx_word' id='word_1_396' title='bbox 141 3294 271 3361; x_wconf 87' lang='lat' dir='ltr'>muit,</span> <span class='ocrx_word' id='word_1_397' title='bbox 293 3298 552 3369; x_wconf 86' lang='lat' dir='ltr'>subjectis</span> <span class='ocrx_word' id='word_1_398' title='bbox 567 3299 871 3354; x_wconf 87' lang='lat' dir='ltr'>ruinarum</span> <span class='ocrx_word' id='word_1_399' title='bbox 897 3300 1080 3355; x_wconf 89' lang='lat' dir='ltr'>causis</span> <span class='ocrx_word' id='word_1_400' title='bbox 1107 3301 1228 3372; x_wconf 88' lang='lat' dir='ltr'>ipse</span> <span class='ocrx_word' id='word_1_401' title='bbox 1256 3302 1611 3358; x_wconf 89' lang='lat' dir='ltr'>monstravit.</span> 
     </span>
    </p>
   </div>
   <div class='ocr_carea' id='block_1_48' title="bbox 191 3388 1728 3467">
    <p class='ocr_par' dir='ltr' id='par_1_48' title="bbox 191 3388 1728 3467">
     <span class='ocr_line' id='line_1_48' title="bbox 191 3388 1728 3467; baseline 0.005 -23"><span class='ocrx_word' id='word_1_402' title='bbox 191 3388 261 3444; x_wconf 79' lang='lat' dir='ltr'>Vl.</span> <span class='ocrx_word' id='word_1_403' title='bbox 285 3388 479 3447; x_wconf 90' lang='lat' dir='ltr'>Omnia</span> <span class='ocrx_word' id='word_1_404' title='bbox 515 3398 884 3465; x_wconf 88' lang='lat' dir='ltr'>peccatorum</span> <span class='ocrx_word' id='word_1_405' title='bbox 924 3410 1154 3465; x_wconf 84' lang='lat' dir='ltr'>genera,</span> <span class='ocrx_word' id='word_1_406' title='bbox 1204 3395 1263 3450; x_wconf 93' lang='lat' dir='ltr'>id</span> <span class='ocrx_word' id='word_1_407' title='bbox 1318 3400 1423 3466; x_wconf 89' lang='lat' dir='ltr'>est,</span> <span class='ocrx_word' id='word_1_408' title='bbox 1481 3397 1728 3467; x_wconf 87' lang='lat' dir='ltr'>luxuria,</span> 
     </span>
    </p>
   </div>
   <div class='ocr_carea' id='block_1_49' title="bbox 141 3483 1733 3561">
    <p class='ocr_par' dir='ltr' id='par_1_49' title="bbox 141 3483 1733 3561">
     <span class='ocr_line' id='line_1_49' title="bbox 141 3483 1733 3561; baseline 0.006 -27"><span class='ocrx_word' id='word_1_409' title='bbox 141 3483 348 3551; x_wconf 81' lang='lat' dir='ltr'>avaritia,</span> <span class='ocrx_word' id='word_1_410' title='bbox 374 3485 744 3556; x_wconf 86' lang='lat' dir='ltr'>adulterium,</span> <span class='ocrx_word' id='word_1_411' title='bbox 775 3491 832 3542; x_wconf 91' lang='lat' dir='ltr'>et</span> <span class='ocrx_word' id='word_1_412' title='bbox 860 3488 907 3541; x_wconf 89' lang='lat' dir='ltr'>si</span> <span class='ocrx_word' id='word_1_413' title='bbox 939 3505 1051 3560; x_wconf 89' lang='lat' dir='ltr'>qua</span> <span class='ocrx_word' id='word_1_414' title='bbox 1082 3493 1214 3543; x_wconf 90' lang='lat' dir='ltr'>sunt</span> <span class='ocrx_word' id='word_1_415' title='bbox 1238 3488 1369 3559; x_wconf 90' lang='lat' dir='ltr'>alia,</span> <span class='ocrx_word' id='word_1_416' title='bbox 1393 3490 1652 3561; x_wconf 89' lang='lat' dir='ltr'>quamvis</span> <span class='ocrx_word' id='word_1_417' title='bbox 1676 3493 1733 3545; x_wconf 89' lang='lat' dir='ltr'>et</span> 
     </span>
    </p>
   </div>
   <div class='ocr_carea' id='block_1_50' title="bbox 141 3572 1726 3655">
    <p class='ocr_par' dir='ltr' id='par_1_50' title="bbox 141 3572 1726 3655">
     <span class='ocr_line' id='line_1_50' title="bbox 141 3572 1726 3655; baseline 0.006 -27"><span class='ocrx_word' id='word_1_418' title='bbox 141 3572 186 3627; x_wconf 85' lang='lat' dir='ltr'>in</span> <span class='ocrx_word' id='word_1_419' title='bbox 198 3574 531 3634; x_wconf 88' lang='lat' dir='ltr'>hisomnibus</span> <span class='ocrx_word' id='word_1_420' title='bbox 549 3581 701 3635; x_wconf 89' lang='lat' dir='ltr'>Deus</span> <span class='ocrx_word' id='word_1_421' title='bbox 715 3580 1011 3651; x_wconf 85' lang='lat' dir='ltr'>irascatur,</span> <span class='ocrx_word' id='word_1_422' title='bbox 1027 3586 1219 3637; x_wconf 87' lang='lat' dir='ltr'>tamen</span> <span class='ocrx_word' id='word_1_423' title='bbox 1236 3586 1337 3637; x_wconf 89' lang='lat' dir='ltr'>aut</span> <span class='ocrx_word' id='word_1_424' title='bbox 1353 3599 1458 3654; x_wconf 91' lang='lat' dir='ltr'>per</span> <span class='ocrx_word' id='word_1_425' title='bbox 1475 3583 1726 3655; x_wconf 89' lang='lat' dir='ltr'>angelos,</span> 
     </span>
    </p>
   </div>
   <div class='ocr_carea' id='block_1_51' title="bbox 141 3672 1727 3741">
    <p class='ocr_par' dir='ltr' id='par_1_51' title="bbox 141 3672 1727 3741">
     <span class='ocr_line' id='line_1_51' title="bbox 141 3672 1727 3741; baseline 0.008 -20"><span class='ocrx_word' id='word_1_426' title='bbox 141 3673 215 3723; x_wconf 86' lang='lat' dir='ltr'>aut</span> <span class='ocrx_word' id='word_1_427' title='bbox 238 3687 326 3741; x_wconf 88' lang='lat' dir='ltr'>per</span> <span class='ocrx_word' id='word_1_428' title='bbox 366 3672 631 3728; x_wconf 88' lang='lat' dir='ltr'>homines</span> <span class='ocrx_word' id='word_1_429' title='bbox 664 3674 864 3729; x_wconf 90' lang='lat' dir='ltr'>talium</span> <span class='ocrx_word' id='word_1_430' title='bbox 893 3676 1208 3730; x_wconf 89' lang='lat' dir='ltr'>etiamnum</span> <span class='ocrx_word' id='word_1_431' title='bbox 1253 3676 1531 3732; x_wconf 89' lang='lat' dir='ltr'>vindictas</span> <span class='ocrx_word' id='word_1_432' title='bbox 1569 3694 1727 3733; x_wconf 87' lang='lat' dir='ltr'>exse-</span> 
     </span>
    </p>
   </div>
   <div class='ocr_carea' id='block_1_52' title="bbox 141 3764 1724 3843">
    <p class='ocr_par' dir='ltr' id='par_1_52' title="bbox 141 3764 1724 3843">
     <span class='ocr_line' id='line_1_52' title="bbox 141 3764 1724 3843; baseline 0.004 -24"><span class='ocrx_word' id='word_1_433' title='bbox 141 3764 312 3833; x_wconf 81' lang='lat' dir='ltr'>quitur.</span> <span class='ocrx_word' id='word_1_434' title='bbox 336 3770 400 3822; x_wconf 86' lang='lat' dir='ltr'>At</span> <span class='ocrx_word' id='word_1_435' title='bbox 426 3784 563 3822; x_wconf 91' lang='lat' dir='ltr'>vero</span> <span class='ocrx_word' id='word_1_436' title='bbox 592 3768 877 3840; x_wconf 85' lang='lat' dir='ltr'>superbia,</span> <span class='ocrx_word' id='word_1_437' title='bbox 905 3786 1020 3824; x_wconf 90' lang='lat' dir='ltr'>non</span> <span class='ocrx_word' id='word_1_438' title='bbox 1045 3786 1150 3841; x_wconf 90' lang='lat' dir='ltr'>per</span> <span class='ocrx_word' id='word_1_439' title='bbox 1173 3770 1351 3825; x_wconf 90' lang='lat' dir='ltr'>alium</span> <span class='ocrx_word' id='word_1_440' title='bbox 1376 3772 1724 3843; x_wconf 88' lang='lat' dir='ltr'>quempiam,</span> 
     </span>
    </p>
   </div>
   <div class='ocr_carea' id='block_1_53' title="bbox 143 3857 1724 3933">
    <p class='ocr_par' dir='ltr' id='par_1_53' title="bbox 143 3857 1724 3933">
     <span class='ocr_line' id='line_1_53' title="bbox 143 3857 1724 3933; baseline 0.006 -23"><span class='ocrx_word' id='word_1_441' title='bbox 143 3857 215 3910; x_wconf 86' lang='lat' dir='ltr'>sed</span> <span class='ocrx_word' id='word_1_442' title='bbox 230 3859 393 3930; x_wconf 86' lang='lat' dir='ltr'>ipsum</span> <span class='ocrx_word' id='word_1_443' title='bbox 418 3879 521 3933; x_wconf 91' lang='lat' dir='ltr'>per</span> <span class='ocrx_word' id='word_1_444' title='bbox 540 3878 606 3917; x_wconf 89' lang='lat' dir='ltr'>se</span> <span class='ocrx_word' id='word_1_445' title='bbox 631 3863 813 3917; x_wconf 90' lang='lat' dir='ltr'>Deum</span> <span class='ocrx_word' id='word_1_446' title='bbox 841 3868 1096 3918; x_wconf 84' lang='lat' dir='ltr'>meretur</span> <span class='ocrx_word' id='word_1_447' title='bbox 1118 3864 1328 3919; x_wconf 89' lang='lat' dir='ltr'>habere</span> <span class='ocrx_word' id='word_1_448' title='bbox 1355 3866 1724 3922; x_wconf 90' lang='lat' dir='ltr'>contrarium.</span> 
     </span>
    </p>
   </div>
   <div class='ocr_carea' id='block_1_54' title="bbox 144 3948 1728 4028">
    <p class='ocr_par' dir='ltr' id='par_1_54' title="bbox 144 3948 1728 4028">
     <span class='ocr_line' id='line_1_54' title="bbox 144 3948 1728 4028; baseline 0.008 -26"><span class='ocrx_word' id='word_1_449' title='bbox 144 3948 203 4003; x_wconf 84' lang='lat' dir='ltr'>ita</span> <span class='ocrx_word' id='word_1_450' title='bbox 220 3953 354 4007; x_wconf 88' lang='lat' dir='ltr'>enim</span> <span class='ocrx_word' id='word_1_451' title='bbox 385 3957 664 4028; x_wconf 86' lang='lat' dir='ltr'>scriptum</span> <span class='ocrx_word' id='word_1_452' title='bbox 702 3961 826 4011; x_wconf 89' lang='lat' dir='ltr'>est:</span> <span class='ocrx_word' id='word_1_453' title='bbox 856 3957 1116 4026; x_wconf 83' lang='lat' dir='ltr'>Superbis</span> <span class='ocrx_word' id='word_1_454' title='bbox 1152 3963 1333 4013; x_wconf 84' lang='lat' dir='ltr'>autem</span> <span class='ocrx_word' id='word_1_455' title='bbox 1376 3960 1491 4028; x_wconf 78' lang='lat' dir='ltr'>ipse</span> <span class='ocrx_word' id='word_1_456' title='bbox 1523 3962 1728 4015; x_wconf 80' lang='lat' dir='ltr'>resistit</span> 
     </span>
    </p>
   </div>
   <div class='ocr_carea' id='block_1_55' title="bbox 144 4042 1727 4120">
    <p class='ocr_par' dir='ltr' id='par_1_55' title="bbox 144 4042 1727 4120">
     <span class='ocr_line' id='line_1_55' title="bbox 144 4042 1727 4120; baseline 0.008 -25"><span class='ocrx_word' id='word_1_457' title='bbox 144 4042 179 4111; x_wconf 73' lang='grc' dir='ltr'>(Ι</span> <span class='ocrx_word' id='word_1_458' title='bbox 194 4045 287 4100; x_wconf 84' lang='lat' dir='ltr'>Pet.</span> <span class='ocrx_word' id='word_1_459' title='bbox 311 4064 358 4117; x_wconf 87' lang='lat' dir='ltr'>v,</span> <span class='ocrx_word' id='word_1_460' title='bbox 378 4051 445 4118; x_wconf 74' lang='lat'>5;</span> <span class='ocrx_word' id='word_1_461' title='bbox 472 4053 594 4104; x_wconf 84' lang='lat' dir='ltr'>Jac.</span> <span class='ocrx_word' id='word_1_462' title='bbox 628 4065 702 4119; x_wconf 80' lang='lat' dir='ltr'>1v,</span> <span class='ocrx_word' id='word_1_463' title='bbox 730 4050 803 4120; x_wconf 91' lang='lat'>6).</span> <span class='ocrx_word' id='word_1_464' title='bbox 832 4049 1046 4105; x_wconf 87' lang='lat' dir='ltr'>Catera</span> <span class='ocrx_word' id='word_1_465' title='bbox 1084 4050 1241 4105; x_wconf 89' lang='lat' dir='ltr'>enim</span> <span class='ocrx_word' id='word_1_466' title='bbox 1264 4052 1401 4105; x_wconf 84' lang='lat' dir='ltr'>vitia</span> <span class='ocrx_word' id='word_1_467' title='bbox 1426 4053 1513 4106; x_wconf 91' lang='lat' dir='ltr'>vel</span> <span class='ocrx_word' id='word_1_468' title='bbox 1543 4053 1603 4107; x_wconf 91' lang='lat' dir='ltr'>in</span> <span class='ocrx_word' id='word_1_469' title='bbox 1633 4070 1727 4109; x_wconf 91' lang='lat' dir='ltr'>eos</span> 
     </span>
    </p>
   </div>
   <div class='ocr_carea' id='block_1_56' title="bbox 142 4135 1726 4216">
    <p class='ocr_par' dir='ltr' id='par_1_56' title="bbox 142 4135 1726 4216">
     <span class='ocr_line' id='line_1_56' title="bbox 142 4135 1726 4216; baseline 0.009 -28"><span class='ocrx_word' id='word_1_470' title='bbox 142 4135 257 4206; x_wconf 86' lang='lat' dir='ltr'>ipsos</span> <span class='ocrx_word' id='word_1_471' title='bbox 292 4143 383 4212; x_wconf 88' lang='lat' dir='ltr'>qui</span> <span class='ocrx_word' id='word_1_472' title='bbox 416 4143 510 4197; x_wconf 90' lang='lat' dir='ltr'>illa</span> <span class='ocrx_word' id='word_1_473' title='bbox 553 4144 1029 4214; x_wconf 90' lang='lat' dir='ltr'>perpetraverint,</span> <span class='ocrx_word' id='word_1_474' title='bbox 1074 4150 1480 4216; x_wconf 84' lang='lat' dir='ltr'>retorquentur</span> <span class='ocrx_word' id='word_1_475' title='bbox 1520 4148 1608 4201; x_wconf 90' lang='lat' dir='ltr'>vel</span> <span class='ocrx_word' id='word_1_476' title='bbox 1664 4148 1726 4202; x_wconf 91' lang='lat' dir='ltr'>in</span> 
     </span>
    </p>
   </div>
   <div class='ocr_carea' id='block_1_57' title="bbox 141 4229 1725 4312">
    <p class='ocr_par' dir='ltr' id='par_1_57' title="bbox 141 4229 1725 4312">
     <span class='ocr_line' id='line_1_57' title="bbox 141 4229 1725 4312; baseline 0.008 -29"><span class='ocrx_word' id='word_1_477' title='bbox 141 4229 247 4286; x_wconf 81' lang='lat' dir='ltr'>alios</span> <span class='ocrx_word' id='word_1_478' title='bbox 265 4233 508 4292; x_wconf 87' lang='lat' dir='ltr'>homines</span> <span class='ocrx_word' id='word_1_479' title='bbox 544 4236 817 4292; x_wconf 86' lang='lat' dir='ltr'>videntur</span> <span class='ocrx_word' id='word_1_480' title='bbox 841 4238 1088 4292; x_wconf 88' lang='lat' dir='ltr'>admitti.</span> <span class='ocrx_word' id='word_1_481' title='bbox 1130 4237 1232 4293; x_wconf 88' lang='lat' dir='ltr'>Hic</span> <span class='ocrx_word' id='word_1_482' title='bbox 1265 4256 1399 4294; x_wconf 91' lang='lat' dir='ltr'>vero</span> <span class='ocrx_word' id='word_1_483' title='bbox 1445 4240 1725 4312; x_wconf 85' lang='lat' dir='ltr'>superbia</span> 
     </span>
    </p>
   </div>
   <div class='ocr_carea' id='block_1_58' title="bbox 141 4327 1725 4402">
    <p class='ocr_par' dir='ltr' id='par_1_58' title="bbox 141 4327 1725 4402">
     <span class='ocr_line' id='line_1_58' title="bbox 141 4327 1725 4402; baseline 0.008 -25"><span class='ocrx_word' id='word_1_484' title='bbox 141 4327 290 4381; x_wconf 85' lang='lat' dir='ltr'>tumor</span> <span class='ocrx_word' id='word_1_485' title='bbox 306 4331 524 4401; x_wconf 90' lang='lat' dir='ltr'>proprie</span> <span class='ocrx_word' id='word_1_486' title='bbox 551 4331 762 4387; x_wconf 88' lang='lat' dir='ltr'>nititur</span> <span class='ocrx_word' id='word_1_487' title='bbox 787 4336 985 4387; x_wconf 88' lang='lat' dir='ltr'>contra</span> <span class='ocrx_word' id='word_1_488' title='bbox 1009 4332 1210 4402; x_wconf 91' lang='lat' dir='ltr'>Deum,</span> <span class='ocrx_word' id='word_1_489' title='bbox 1244 4338 1301 4389; x_wconf 91' lang='lat' dir='ltr'>et</span> <span class='ocrx_word' id='word_1_490' title='bbox 1326 4334 1535 4389; x_wconf 90' lang='lat' dir='ltr'>idcirco</span> <span class='ocrx_word' id='word_1_491' title='bbox 1560 4334 1725 4390; x_wconf 90' lang='lat' dir='ltr'>illum</span> 
     </span>
    </p>
   </div>
   <div class='ocr_carea' id='block_1_59' title="bbox 140 4408 1723 4498">
    <p class='ocr_par' dir='ltr' id='par_1_59' title="bbox 140 4408 1723 4498">
     <span class='ocr_line' id='line_1_59' title="bbox 140 4408 1723 4498; baseline 0.007 -26"><span class='ocrx_word' id='word_1_492' title='bbox 140 4418 309 4486; x_wconf 86' lang='lat' dir='ltr'>patitur</span> <span class='ocrx_word' id='word_1_493' title='bbox 334 4423 631 4481; x_wconf 88' lang='lat' dir='ltr'>inimicum</span> <span class='ocrx_word' id='word_1_494' title='bbox 650 4443 668 4495; x_wconf 84' lang='lat'><strong>;</strong></span> <span class='ocrx_word' id='word_1_495' title='bbox 698 4427 834 4498; x_wconf 84' lang='lat' dir='ltr'>quia</span> <span class='ocrx_word' id='word_1_496' title='bbox 863 4427 1005 4481; x_wconf 90' lang='lat' dir='ltr'>sein</span> <span class='ocrx_word' id='word_1_497' title='bbox 1030 4408 1318 4482; x_wconf 69' lang='lat' dir='ltr'>excelsum</span> <span class='ocrx_word' id='word_1_498' title='bbox 1342 4428 1601 4498; x_wconf 89' lang='lat' dir='ltr'>tendens,</span> <span class='ocrx_word' id='word_1_499' title='bbox 1630 4429 1723 4484; x_wconf 91' lang='lat' dir='ltr'>hic</span> 
     </span>
    </p>
   </div>
   <div class='ocr_carea' id='block_1_60' title="bbox 1833 1891 3473 1965">
    <p class='ocr_par' dir='ltr' id='par_1_60' title="bbox 1833 1891 3473 1965">
     <span class='ocr_line' id='line_1_60' title="bbox 1833 1891 3473 1965; baseline -0.001 -15"><span class='ocrx_word' id='word_1_500' title='bbox 1833 1895 2002 1950; x_wconf 89' lang='lat' dir='ltr'>nibus</span> <span class='ocrx_word' id='word_1_501' title='bbox 2031 1894 2169 1949; x_wconf 89' lang='lat' dir='ltr'>suis.</span> <span class='ocrx_word' id='word_1_502' title='bbox 2202 1892 2459 1949; x_wconf 89' lang='lat' dir='ltr'>Dicentes</span> <span class='ocrx_word' id='word_1_503' title='bbox 2497 1909 2557 1948; x_wconf 89' lang='lat' dir='ltr'>se</span> <span class='ocrx_word' id='word_1_504' title='bbox 2599 1908 2721 1948; x_wconf 91' lang='lat' dir='ltr'>esse</span> <span class='ocrx_word' id='word_1_505' title='bbox 2763 1892 3067 1963; x_wconf 88' lang='lat' dir='ltr'>sapientes,</span> <span class='ocrx_word' id='word_1_506' title='bbox 3112 1891 3271 1947; x_wconf 89' lang='lat' dir='ltr'>stulti</span> <span class='ocrx_word' id='word_1_507' title='bbox 3305 1897 3473 1965; x_wconf 82' lang='lat' dir='ltr'>sunt;</span> 
     </span>
    </p>
   </div>
   <div class='ocr_carea' id='block_1_61' title="bbox 1827 1985 3474 2059">
    <p class='ocr_par' dir='ltr' id='par_1_61' title="bbox 1827 1985 3474 2059">
     <span class='ocr_line' id='line_1_61' title="bbox 1827 1985 3474 2059; baseline -0.001 -16"><span class='ocrx_word' id='word_1_508' title='bbox 1827 1988 2106 2059; x_wconf 88' lang='lat' dir='ltr'>jactantes</span> <span class='ocrx_word' id='word_1_509' title='bbox 2134 2004 2191 2042; x_wconf 89' lang='lat' dir='ltr'>se</span> <span class='ocrx_word' id='word_1_510' title='bbox 2220 2003 2343 2042; x_wconf 88' lang='lat' dir='ltr'>esse</span> <span class='ocrx_word' id='word_1_511' title='bbox 2371 1986 2616 2055; x_wconf 87' lang='lat' dir='ltr'>stabiles,</span> <span class='ocrx_word' id='word_1_512' title='bbox 2645 1985 2901 2053; x_wconf 89' lang='lat' dir='ltr'>invictos,</span> <span class='ocrx_word' id='word_1_513' title='bbox 2930 1988 3210 2058; x_wconf 87' lang='lat' dir='ltr'>potentes,</span> <span class='ocrx_word' id='word_1_514' title='bbox 3238 1985 3474 2058; x_wconf 85' lang='lat' dir='ltr'>inﬁrmi,</span> 
     </span>
    </p>
   </div>
   <div class='ocr_carea' id='block_1_62' title="bbox 1836 2079 2740 2152">
    <p class='ocr_par' dir='ltr' id='par_1_62' title="bbox 1836 2079 2740 2152">
     <span class='ocr_line' id='line_1_62' title="bbox 1836 2079 2740 2152; baseline -0.002 -17"><span class='ocrx_word' id='word_1_515' title='bbox 1836 2081 1965 2137; x_wconf 86' lang='lat' dir='ltr'>victi</span> <span class='ocrx_word' id='word_1_516' title='bbox 1991 2086 2047 2137; x_wconf 90' lang='lat' dir='ltr'>et</span> <span class='ocrx_word' id='word_1_517' title='bbox 2069 2082 2414 2152; x_wconf 87' lang='lat' dir='ltr'>impotentes</span> <span class='ocrx_word' id='word_1_518' title='bbox 2440 2079 2740 2135; x_wconf 88' lang='lat' dir='ltr'>exsistunt.</span> 
     </span>
    </p>
   </div>
   <div class='ocr_carea' id='block_1_63' title="bbox 1908 2171 3472 2239">
    <p class='ocr_par' dir='ltr' id='par_1_63' title="bbox 1908 2171 3472 2239">
     <span class='ocr_line' id='line_1_63' title="bbox 1908 2171 3472 2239; baseline 0.001 -9"><span class='ocrx_word' id='word_1_519' title='bbox 1908 2176 2018 2230; x_wconf 86' lang='lat' dir='ltr'>VII.</span> <span class='ocrx_word' id='word_1_520' title='bbox 2067 2176 2203 2239; x_wconf 88' lang='lat' dir='ltr'>Qua</span> <span class='ocrx_word' id='word_1_521' title='bbox 2246 2190 2379 2229; x_wconf 91' lang='lat' dir='ltr'>cum</span> <span class='ocrx_word' id='word_1_522' title='bbox 2419 2173 2496 2228; x_wconf 90' lang='lat' dir='ltr'>ita</span> <span class='ocrx_word' id='word_1_523' title='bbox 2539 2172 2675 2239; x_wconf 89' lang='lat' dir='ltr'>sint,</span> <span class='ocrx_word' id='word_1_524' title='bbox 2721 2172 2856 2228; x_wconf 89' lang='lat' dir='ltr'>satis</span> <span class='ocrx_word' id='word_1_525' title='bbox 2888 2171 3346 2230; x_wconf 84' lang='lat' dir='ltr'>manifestissime</span> <span class='ocrx_word' id='word_1_526' title='bbox 3387 2180 3472 2231; x_wconf 90' lang='lat' dir='ltr'>est</span> 
     </span>
    </p>
   </div>
   <div class='ocr_carea' id='block_1_64' title="bbox 1834 2265 3473 2340">
    <p class='ocr_par' dir='ltr' id='par_1_64' title="bbox 1834 2265 3473 2340">
     <span class='ocr_line' id='line_1_64' title="bbox 1834 2265 3473 2340; baseline 0 -16"><span class='ocrx_word' id='word_1_527' title='bbox 1834 2273 2190 2340; x_wconf 89' lang='lat' dir='ltr'>compertum</span> <span class='ocrx_word' id='word_1_528' title='bbox 2217 2267 2352 2339; x_wconf 88' lang='lat' dir='ltr'>quia</span> <span class='ocrx_word' id='word_1_529' title='bbox 2376 2266 2533 2321; x_wconf 91' lang='lat' dir='ltr'>omni</span> <span class='ocrx_word' id='word_1_530' title='bbox 2546 2265 2840 2337; x_wconf 88' lang='lat' dir='ltr'>vigilantia</span> <span class='ocrx_word' id='word_1_531' title='bbox 2865 2266 3161 2338; x_wconf 90' lang='lat' dir='ltr'>omnisque</span> <span class='ocrx_word' id='word_1_532' title='bbox 3185 2268 3368 2323; x_wconf 90' lang='lat' dir='ltr'>cordis</span> <span class='ocrx_word' id='word_1_533' title='bbox 3391 2268 3473 2324; x_wconf 77' lang='lat' dir='ltr'>in-</span> 
     </span>
    </p>
   </div>
   <div class='ocr_carea' id='block_1_65' title="bbox 1834 2359 3471 2434">
    <p class='ocr_par' dir='ltr' id='par_1_65' title="bbox 1834 2359 3471 2434">
     <span class='ocr_line' id='line_1_65' title="bbox 1834 2359 3471 2434; baseline -0.001 -16"><span class='ocrx_word' id='word_1_534' title='bbox 1834 2363 2053 2418; x_wconf 88' lang='lat' dir='ltr'>dustria</span> <span class='ocrx_word' id='word_1_535' title='bbox 2075 2361 2359 2434; x_wconf 89' lang='lat' dir='ltr'>appetitus</span> <span class='ocrx_word' id='word_1_536' title='bbox 2386 2360 2550 2415; x_wconf 90' lang='lat' dir='ltr'>nobis</span> <span class='ocrx_word' id='word_1_537' title='bbox 2586 2376 2745 2414; x_wconf 88' lang='lat' dir='ltr'>vana</span> <span class='ocrx_word' id='word_1_538' title='bbox 2783 2359 2979 2431; x_wconf 88' lang='lat' dir='ltr'>gloria</span> <span class='ocrx_word' id='word_1_539' title='bbox 3018 2365 3103 2415; x_wconf 93' lang='lat' dir='ltr'>est</span> <span class='ocrx_word' id='word_1_540' title='bbox 3144 2360 3471 2432; x_wconf 88' lang='lat' dir='ltr'>fugiendus,</span> 
     </span>
    </p>
   </div>
   <div class='ocr_carea' id='block_1_66' title="bbox 1832 2453 3475 2526">
    <p class='ocr_par' dir='ltr' id='par_1_66' title="bbox 1832 2453 3475 2526">
     <span class='ocr_line' id='line_1_66' title="bbox 1832 2453 3475 2526; baseline -0.001 -14"><span class='ocrx_word' id='word_1_541' title='bbox 1832 2474 1905 2512; x_wconf 87' lang='lat' dir='ltr'>ne</span> <span class='ocrx_word' id='word_1_542' title='bbox 1932 2458 2073 2512; x_wconf 86' lang='lat' dir='ltr'>forte</span> <span class='ocrx_word' id='word_1_543' title='bbox 2099 2457 2146 2510; x_wconf 90' lang='lat' dir='ltr'>si</span> <span class='ocrx_word' id='word_1_544' title='bbox 2173 2455 2514 2510; x_wconf 88' lang='lat' dir='ltr'>virulentum</span> <span class='ocrx_word' id='word_1_545' title='bbox 2539 2454 2628 2509; x_wconf 92' lang='lat' dir='ltr'>vel</span> <span class='ocrx_word' id='word_1_546' title='bbox 2655 2454 2830 2509; x_wconf 89' lang='lat' dir='ltr'>semel</span> <span class='ocrx_word' id='word_1_547' title='bbox 2853 2453 3039 2508; x_wconf 90' lang='lat' dir='ltr'>morbi</span> <span class='ocrx_word' id='word_1_548' title='bbox 3063 2454 3390 2526; x_wconf 87' lang='lat' dir='ltr'>contagium</span> <span class='ocrx_word' id='word_1_549' title='bbox 3414 2455 3475 2510; x_wconf 91' lang='lat' dir='ltr'>in</span> 
     </span>
    </p>
   </div>
   <div class='ocr_carea' id='block_1_67' title="bbox 1833 2546 3474 2624">
    <p class='ocr_par' dir='ltr' id='par_1_67' title="bbox 1833 2546 3474 2624">
     <span class='ocr_line' id='line_1_67' title="bbox 1833 2546 3474 2624; baseline -0.001 -18"><span class='ocrx_word' id='word_1_550' title='bbox 1833 2550 2218 2624; x_wconf 87' lang='lat' dir='ltr'>penetralibus</span> <span class='ocrx_word' id='word_1_551' title='bbox 2237 2549 2417 2604; x_wconf 85' lang='lat' dir='ltr'>nostri</span> <span class='ocrx_word' id='word_1_552' title='bbox 2436 2548 2619 2603; x_wconf 90' lang='lat' dir='ltr'>cordis</span> <span class='ocrx_word' id='word_1_553' title='bbox 2642 2546 2955 2619; x_wconf 89' lang='lat' dir='ltr'>irrepserit,</span> <span class='ocrx_word' id='word_1_554' title='bbox 2978 2547 3036 2601; x_wconf 89' lang='lat' dir='ltr'>in</span> <span class='ocrx_word' id='word_1_555' title='bbox 3059 2547 3215 2602; x_wconf 90' lang='lat' dir='ltr'>omni</span> <span class='ocrx_word' id='word_1_556' title='bbox 3235 2564 3474 2620; x_wconf 88' lang='lat' dir='ltr'>operum</span> 
     </span>
    </p>
   </div>
   <div class='ocr_carea' id='block_1_68' title="bbox 1832 2641 3475 2715">
    <p class='ocr_par' dir='ltr' id='par_1_68' title="bbox 1832 2641 3475 2715">
     <span class='ocr_line' id='line_1_68' title="bbox 1832 2641 3475 2715; baseline -0.001 -15"><span class='ocrx_word' id='word_1_557' title='bbox 1832 2650 2159 2701; x_wconf 89' lang='lat' dir='ltr'>nostrorum</span> <span class='ocrx_word' id='word_1_558' title='bbox 2203 2643 2579 2715; x_wconf 90' lang='lat' dir='ltr'>prosperitate</span> <span class='ocrx_word' id='word_1_559' title='bbox 2602 2684 2617 2712; x_wconf 92' lang='lat'>,</span> <span class='ocrx_word' id='word_1_560' title='bbox 2674 2641 3040 2697; x_wconf 89' lang='lat' dir='ltr'>subtilissima</span> <span class='ocrx_word' id='word_1_561' title='bbox 3089 2642 3475 2699; x_wconf 88' lang='lat' dir='ltr'>humanarum</span> 
     </span>
    </p>
   </div>
   <div class='ocr_carea' id='block_1_69' title="bbox 1831 2735 3470 2806">
    <p class='ocr_par' dir='ltr' id='par_1_69' title="bbox 1831 2735 3470 2806">
     <span class='ocr_line' id='line_1_69' title="bbox 1831 2735 3470 2806; baseline 0 -13"><span class='ocrx_word' id='word_1_562' title='bbox 1831 2738 2068 2795; x_wconf 89' lang='lat' dir='ltr'>laudum</span> <span class='ocrx_word' id='word_1_563' title='bbox 2094 2737 2465 2793; x_wconf 89' lang='lat' dir='ltr'>delectatione</span> <span class='ocrx_word' id='word_1_564' title='bbox 2491 2752 2868 2806; x_wconf 90' lang='lat' dir='ltr'>succrescens,</span> <span class='ocrx_word' id='word_1_565' title='bbox 2898 2752 2969 2791; x_wconf 90' lang='lat' dir='ltr'>ex</span> <span class='ocrx_word' id='word_1_566' title='bbox 2994 2735 3345 2791; x_wconf 87' lang='lat' dir='ltr'>abundantia</span> <span class='ocrx_word' id='word_1_567' title='bbox 3368 2753 3470 2793; x_wconf 88' lang='lat' dir='ltr'>ne-</span> 
     </span>
    </p>
   </div>
   <div class='ocr_carea' id='block_1_70' title="bbox 1831 2829 3469 2906">
    <p class='ocr_par' dir='ltr' id='par_1_70' title="bbox 1831 2829 3469 2906">
     <span class='ocr_line' id='line_1_70' title="bbox 1831 2829 3469 2906; baseline -0.001 -19"><span class='ocrx_word' id='word_1_568' title='bbox 1831 2833 2024 2906; x_wconf 85' lang='lat' dir='ltr'>quitia</span> <span class='ocrx_word' id='word_1_569' title='bbox 2050 2848 2166 2887; x_wconf 89' lang='lat' dir='ltr'>sua</span> <span class='ocrx_word' id='word_1_570' title='bbox 2190 2831 2567 2886; x_wconf 90' lang='lat' dir='ltr'>deterrimum</span> <span class='ocrx_word' id='word_1_571' title='bbox 2592 2830 2755 2884; x_wconf 90' lang='lat' dir='ltr'>illum</span> <span class='ocrx_word' id='word_1_572' title='bbox 2782 2834 2840 2885; x_wconf 90' lang='lat' dir='ltr'>et</span> <span class='ocrx_word' id='word_1_573' title='bbox 2867 2829 3244 2885; x_wconf 88' lang='lat' dir='ltr'>crudeliorem</span> <span class='ocrx_word' id='word_1_574' title='bbox 3270 2847 3469 2903; x_wconf 90' lang='lat' dir='ltr'>super-</span> 
     </span>
    </p>
   </div>
   <div class='ocr_carea' id='block_1_71' title="bbox 1828 2924 3475 2999">
    <p class='ocr_par' dir='ltr' id='par_1_71' title="bbox 1828 2924 3475 2999">
     <span class='ocr_line' id='line_1_71' title="bbox 1828 2924 3475 2999; baseline -0.001 -17"><span class='ocrx_word' id='word_1_575' title='bbox 1828 2927 1936 2983; x_wconf 89' lang='lat' dir='ltr'>bia</span> <span class='ocrx_word' id='word_1_576' title='bbox 1962 2927 2213 2999; x_wconf 87' lang='lat' dir='ltr'>proferat</span> <span class='ocrx_word' id='word_1_577' title='bbox 2255 2929 2505 2996; x_wconf 89' lang='lat' dir='ltr'>partum.</span> <span class='ocrx_word' id='word_1_578' title='bbox 2550 2925 2687 2988; x_wconf 88' lang='lat' dir='ltr'>Qua</span> <span class='ocrx_word' id='word_1_579' title='bbox 2729 2940 2860 2978; x_wconf 90' lang='lat' dir='ltr'>cum</span> <span class='ocrx_word' id='word_1_580' title='bbox 2907 2927 3150 2995; x_wconf 89' lang='lat' dir='ltr'>utraque</span> <span class='ocrx_word' id='word_1_581' title='bbox 3191 2924 3475 2995; x_wconf 90' lang='lat' dir='ltr'>pestiferis</span> 
     </span>
    </p>
   </div>
   <div class='ocr_carea' id='block_1_72' title="bbox 1827 3016 3471 3090">
    <p class='ocr_par' dir='ltr' id='par_1_72' title="bbox 1827 3016 3471 3090">
     <span class='ocr_line' id='line_1_72' title="bbox 1827 3016 3471 3090; baseline -0.001 -14"><span class='ocrx_word' id='word_1_582' title='bbox 1827 3021 2075 3076; x_wconf 83' lang='lat' dir='ltr'>fundata</span> <span class='ocrx_word' id='word_1_583' title='bbox 2101 3018 2388 3074; x_wconf 89' lang='lat' dir='ltr'>radicibus</span> <span class='ocrx_word' id='word_1_584' title='bbox 2414 3019 2682 3072; x_wconf 88' lang='lat' dir='ltr'>humana</span> <span class='ocrx_word' id='word_1_585' title='bbox 2709 3016 2918 3072; x_wconf 90' lang='lat' dir='ltr'>mentis</span> <span class='ocrx_word' id='word_1_586' title='bbox 2944 3034 3152 3072; x_wconf 89' lang='lat' dir='ltr'>arcana</span> <span class='ocrx_word' id='word_1_587' title='bbox 3174 3020 3471 3090; x_wconf 90' lang='lat' dir='ltr'>suppleve-</span> 
     </span>
    </p>
   </div>
   <div class='ocr_carea' id='block_1_73' title="bbox 1831 3110 3472 3185">
    <p class='ocr_par' dir='ltr' id='par_1_73' title="bbox 1831 3110 3472 3185">
     <span class='ocr_line' id='line_1_73' title="bbox 1831 3110 3472 3185; baseline -0.002 -15"><span class='ocrx_word' id='word_1_588' title='bbox 1831 3113 2010 3182; x_wconf 80' lang='lat' dir='ltr'>rint&#39;,</span> <span class='ocrx_word' id='word_1_589' title='bbox 2041 3113 2295 3185; x_wconf 88' lang='lat' dir='ltr'>undique</span> <span class='ocrx_word' id='word_1_590' title='bbox 2325 3115 2543 3167; x_wconf 89' lang='lat' dir='ltr'>mutata</span> <span class='ocrx_word' id='word_1_591' title='bbox 2570 3111 2911 3166; x_wconf 89' lang='lat' dir='ltr'>insidiarum</span> <span class='ocrx_word' id='word_1_592' title='bbox 2939 3111 3126 3181; x_wconf 88' lang='lat' dir='ltr'>specie</span> <span class='ocrx_word' id='word_1_593' title='bbox 3152 3110 3472 3183; x_wconf 89' lang='lat' dir='ltr'>improvisis</span> 
     </span>
    </p>
   </div>
   <div class='ocr_carea' id='block_1_74' title="bbox 1833 3204 3471 3277">
    <p class='ocr_par' dir='ltr' id='par_1_74' title="bbox 1833 3204 3471 3277">
     <span class='ocr_line' id='line_1_74' title="bbox 1833 3204 3471 3277; baseline -0.002 -13"><span class='ocrx_word' id='word_1_594' title='bbox 1833 3212 2151 3264; x_wconf 89' lang='lat' dir='ltr'>occurrant.</span> <span class='ocrx_word' id='word_1_595' title='bbox 2181 3208 2320 3261; x_wconf 91' lang='lat' dir='ltr'>Nam</span> <span class='ocrx_word' id='word_1_596' title='bbox 2346 3206 2438 3260; x_wconf 92' lang='lat' dir='ltr'>his</span> <span class='ocrx_word' id='word_1_597' title='bbox 2463 3206 2566 3277; x_wconf 86' lang='lat' dir='ltr'>qui</span> <span class='ocrx_word' id='word_1_598' title='bbox 2603 3205 2675 3260; x_wconf 88' lang='lat' dir='ltr'>ad</span> <span class='ocrx_word' id='word_1_599' title='bbox 2710 3204 3031 3276; x_wconf 88' lang='lat' dir='ltr'>spiritualia</span> <span class='ocrx_word' id='word_1_600' title='bbox 3056 3220 3114 3259; x_wconf 90' lang='lat' dir='ltr'>se</span> <span class='ocrx_word' id='word_1_601' title='bbox 3139 3205 3320 3260; x_wconf 88' lang='lat' dir='ltr'>studia</span> <span class='ocrx_word' id='word_1_602' title='bbox 3342 3222 3471 3261; x_wconf 86' lang='lat' dir='ltr'>con-</span> 
     </span>
    </p>
   </div>
   <div class='ocr_carea' id='block_1_75' title="bbox 1833 3297 3466 3371">
    <p class='ocr_par' dir='ltr' id='par_1_75' title="bbox 1833 3297 3466 3371">
     <span class='ocr_line' id='line_1_75' title="bbox 1833 3297 3466 3371; baseline -0.002 -13"><span class='ocrx_word' id='word_1_603' title='bbox 1833 3303 2105 3370; x_wconf 89' lang='lat' dir='ltr'>tulerunt,</span> <span class='ocrx_word' id='word_1_604' title='bbox 2126 3317 2261 3355; x_wconf 87' lang='lat' dir='ltr'>mox</span> <span class='ocrx_word' id='word_1_605' title='bbox 2287 3316 2430 3354; x_wconf 87' lang='lat' dir='ltr'>vana</span> <span class='ocrx_word' id='word_1_606' title='bbox 2452 3299 2633 3371; x_wconf 87' lang='lat' dir='ltr'>gloria</span> <span class='ocrx_word' id='word_1_607' title='bbox 2652 3297 2760 3352; x_wconf 90' lang='lat' dir='ltr'>illis</span> <span class='ocrx_word' id='word_1_608' title='bbox 2780 3298 2850 3352; x_wconf 90' lang='lat' dir='ltr'>de</span> <span class='ocrx_word' id='word_1_609' title='bbox 2870 3297 3114 3369; x_wconf 89' lang='lat' dir='ltr'>jejunio,</span> <span class='ocrx_word' id='word_1_610' title='bbox 3143 3298 3211 3353; x_wconf 92' lang='lat' dir='ltr'>de</span> <span class='ocrx_word' id='word_1_611' title='bbox 3230 3298 3466 3371; x_wconf 87' lang='lat' dir='ltr'>vigiliis,</span> 
     </span>
    </p>
   </div>
   <div class='ocr_carea' id='block_1_76' title="bbox 1833 3392 3472 3464">
    <p class='ocr_par' dir='ltr' id='par_1_76' title="bbox 1833 3392 3472 3464">
     <span class='ocr_line' id='line_1_76' title="bbox 1833 3392 3472 3464; baseline -0.002 -13"><span class='ocrx_word' id='word_1_612' title='bbox 1833 3397 1902 3451; x_wconf 91' lang='lat' dir='ltr'>de</span> <span class='ocrx_word' id='word_1_613' title='bbox 1924 3395 2183 3464; x_wconf 90' lang='lat' dir='ltr'>lectione,</span> <span class='ocrx_word' id='word_1_614' title='bbox 2213 3395 2282 3449; x_wconf 89' lang='lat' dir='ltr'>de</span> <span class='ocrx_word' id='word_1_615' title='bbox 2306 3393 2611 3448; x_wconf 87' lang='lat' dir='ltr'>solitudine</span> <span class='ocrx_word' id='word_1_616' title='bbox 2639 3393 2838 3460; x_wconf 90' lang='lat' dir='ltr'>eremi,</span> <span class='ocrx_word' id='word_1_617' title='bbox 2875 3392 2944 3447; x_wconf 90' lang='lat' dir='ltr'>de</span> <span class='ocrx_word' id='word_1_618' title='bbox 2970 3392 3262 3463; x_wconf 89' lang='lat' dir='ltr'>patientia,</span> <span class='ocrx_word' id='word_1_619' title='bbox 3293 3393 3365 3448; x_wconf 90' lang='lat' dir='ltr'>de</span> <span class='ocrx_word' id='word_1_620' title='bbox 3391 3396 3472 3448; x_wconf 81' lang='lat' dir='ltr'>ta-</span> 
     </span>
    </p>
   </div>
   <div class='ocr_carea' id='block_1_77' title="bbox 1831 3485 3471 3557">
    <p class='ocr_par' dir='ltr' id='par_1_77' title="bbox 1831 3485 3471 3557">
     <span class='ocr_line' id='line_1_77' title="bbox 1831 3485 3471 3557; baseline -0.003 -11"><span class='ocrx_word' id='word_1_621' title='bbox 1831 3488 2157 3546; x_wconf 87' lang='lat' dir='ltr'>citurnitate</span> <span class='ocrx_word' id='word_1_622' title='bbox 2180 3487 2489 3542; x_wconf 87' lang='lat' dir='ltr'>blanditur.</span> <span class='ocrx_word' id='word_1_623' title='bbox 2521 3488 2589 3541; x_wconf 87' lang='lat' dir='ltr'>Et</span> <span class='ocrx_word' id='word_1_624' title='bbox 2617 3485 2665 3540; x_wconf 89' lang='lat' dir='ltr'>si</span> <span class='ocrx_word' id='word_1_625' title='bbox 2690 3486 2881 3541; x_wconf 88' lang='lat' dir='ltr'>statim</span> <span class='ocrx_word' id='word_1_626' title='bbox 2906 3485 3027 3540; x_wconf 90' lang='lat' dir='ltr'>hac</span> <span class='ocrx_word' id='word_1_627' title='bbox 3052 3486 3243 3557; x_wconf 89' lang='lat' dir='ltr'>prima</span> <span class='ocrx_word' id='word_1_628' title='bbox 3272 3486 3471 3542; x_wconf 82' lang='lat' dir='ltr'>sollici-</span> 
     </span>
    </p>
   </div>
   <div class='ocr_carea' id='block_1_78' title="bbox 1830 3579 3471 3653">
    <p class='ocr_par' dir='ltr' id='par_1_78' title="bbox 1830 3579 3471 3653">
     <span class='ocr_line' id='line_1_78' title="bbox 1830 3579 3471 3653; baseline -0.001 -15"><span class='ocrx_word' id='word_1_629' title='bbox 1830 3584 1967 3639; x_wconf 90' lang='lat' dir='ltr'>tatio</span> <span class='ocrx_word' id='word_1_630' title='bbox 1995 3582 2415 3653; x_wconf 86' lang='lat' dir='ltr'>circumspecta</span> <span class='ocrx_word' id='word_1_631' title='bbox 2434 3580 2643 3635; x_wconf 82' lang='lat' dir='ltr'>mentis</span> <span class='ocrx_word' id='word_1_632' title='bbox 2668 3580 2829 3634; x_wconf 91' lang='lat' dir='ltr'>oculo</span> <span class='ocrx_word' id='word_1_633' title='bbox 2855 3579 3203 3651; x_wconf 87' lang='lat' dir='ltr'>deprehensa</span> <span class='ocrx_word' id='word_1_634' title='bbox 3223 3596 3338 3636; x_wconf 90' lang='lat' dir='ltr'>non</span> <span class='ocrx_word' id='word_1_635' title='bbox 3351 3581 3471 3636; x_wconf 86' lang='lat' dir='ltr'>fue-</span> 
     </span>
    </p>
   </div>
   <div class='ocr_carea' id='block_1_79' title="bbox 1830 3662 3469 3746">
    <p class='ocr_par' dir='ltr' id='par_1_79' title="bbox 1830 3662 3469 3746">
     <span class='ocr_line' id='line_1_79' title="bbox 1830 3662 3469 3746; baseline -0.001 -14"><span class='ocrx_word' id='word_1_636' title='bbox 1830 3677 1924 3745; x_wconf 90' lang='lat' dir='ltr'>rit,</span> <span class='ocrx_word' id='word_1_637' title='bbox 1954 3676 2130 3732; x_wconf 88' lang='lat' dir='ltr'>dirior</span> <span class='ocrx_word' id='word_1_638' title='bbox 2165 3675 2323 3730; x_wconf 89' lang='lat' dir='ltr'>illam</span> <span class='ocrx_word' id='word_1_639' title='bbox 2360 3691 2390 3729; x_wconf 93' lang='lat' dir='ltr'><strong>e</strong></span> <span class='ocrx_word' id='word_1_640' title='bbox 2432 3673 2669 3745; x_wconf 88' lang='lat' dir='ltr'>vestigio</span> <span class='ocrx_word' id='word_1_641' title='bbox 2691 3672 2956 3745; x_wconf 86' lang='lat' dir='ltr'>superbia</span> <span class='ocrx_word' id='word_1_642' title='bbox 2990 3689 3178 3728; x_wconf 88' lang='lat' dir='ltr'>comes</span> <span class='ocrx_word' id='word_1_643' title='bbox 3208 3662 3469 3746; x_wconf 81' lang='lat' dir='ltr'>assequi-</span> 
     </span>
    </p>
   </div>
   <div class='ocr_carea' id='block_1_80' title="bbox 1828 3766 3462 3842">
    <p class='ocr_par' dir='ltr' id='par_1_80' title="bbox 1828 3766 3462 3842">
     <span class='ocr_line' id='line_1_80' title="bbox 1828 3766 3462 3842; baseline -0.001 -16"><span class='ocrx_word' id='word_1_644' title='bbox 1828 3776 1953 3841; x_wconf 86' lang='lat' dir='ltr'>tur;</span> <span class='ocrx_word' id='word_1_645' title='bbox 1969 3787 2097 3842; x_wconf 88' lang='lat' dir='ltr'>qua</span> <span class='ocrx_word' id='word_1_646' title='bbox 2118 3769 2231 3824; x_wconf 92' lang='lat' dir='ltr'>illis</span> <span class='ocrx_word' id='word_1_647' title='bbox 2252 3768 2561 3823; x_wconf 89' lang='lat' dir='ltr'>mentiatur</span> <span class='ocrx_word' id='word_1_648' title='bbox 2575 3772 2630 3821; x_wconf 90' lang='lat' dir='ltr'>et</span> <span class='ocrx_word' id='word_1_649' title='bbox 2644 3767 2951 3822; x_wconf 89' lang='lat' dir='ltr'>sanctiores</span> <span class='ocrx_word' id='word_1_650' title='bbox 2972 3782 3066 3821; x_wconf 89' lang='lat' dir='ltr'>eos</span> <span class='ocrx_word' id='word_1_651' title='bbox 3085 3766 3462 3838; x_wconf 88' lang='lat' dir='ltr'>melioresque</span> 
     </span>
    </p>
   </div>
   <div class='ocr_carea' id='block_1_81' title="bbox 1828 3858 3459 3931">
    <p class='ocr_par' dir='ltr' id='par_1_81' title="bbox 1828 3858 3459 3931">
     <span class='ocr_line' id='line_1_81' title="bbox 1828 3858 3459 3931; baseline -0.002 -11"><span class='ocrx_word' id='word_1_652' title='bbox 1828 3865 2093 3921; x_wconf 90' lang='lat' dir='ltr'>omnibus</span> <span class='ocrx_word' id='word_1_653' title='bbox 2140 3878 2282 3929; x_wconf 90' lang='lat' dir='ltr'>esse,</span> <span class='ocrx_word' id='word_1_654' title='bbox 2314 3866 2373 3916; x_wconf 90' lang='lat' dir='ltr'>et</span> <span class='ocrx_word' id='word_1_655' title='bbox 2413 3862 2473 3915; x_wconf 91' lang='lat' dir='ltr'>in</span> <span class='ocrx_word' id='word_1_656' title='bbox 2516 3876 2740 3915; x_wconf 89' lang='lat' dir='ltr'>summo</span> <span class='ocrx_word' id='word_1_657' title='bbox 2779 3858 3141 3931; x_wconf 88' lang='lat' dir='ltr'>perfectionis</span> <span class='ocrx_word' id='word_1_658' title='bbox 3190 3859 3459 3931; x_wconf 87' lang='lat' dir='ltr'>culmine,</span> 
     </span>
    </p>
   </div>
   <div class='ocr_carea' id='block_1_82' title="bbox 1825 3952 3463 4031">
    <p class='ocr_par' dir='ltr' id='par_1_82' title="bbox 1825 3952 3463 4031">
     <span class='ocr_line' id='line_1_82' title="bbox 1825 3952 3463 4031; baseline -0.004 -16"><span class='ocrx_word' id='word_1_659' title='bbox 1825 3959 2060 4031; x_wconf 88' lang='lat' dir='ltr'>propria</span> <span class='ocrx_word' id='word_1_660' title='bbox 2085 3957 2256 4013; x_wconf 84' lang='lat' dir='ltr'>etiam</span> <span class='ocrx_word' id='word_1_661' title='bbox 2282 3955 2504 4010; x_wconf 90' lang='lat' dir='ltr'>virtutis</span> <span class='ocrx_word' id='word_1_662' title='bbox 2529 3953 2851 4022; x_wconf 88' lang='lat' dir='ltr'>stabilitate,</span> <span class='ocrx_word' id='word_1_663' title='bbox 2875 3952 3036 4025; x_wconf 84' lang='lat' dir='ltr'>quasi</span> <span class='ocrx_word' id='word_1_664' title='bbox 3057 3969 3353 4025; x_wconf 89' lang='lat' dir='ltr'>nunquam</span> <span class='ocrx_word' id='word_1_665' title='bbox 3377 3971 3463 4009; x_wconf 87' lang='lat' dir='ltr'>ca-</span> 
     </span>
    </p>
   </div>
   <div class='ocr_carea' id='block_1_83' title="bbox 1826 4047 3463 4118">
    <p class='ocr_par' dir='ltr' id='par_1_83' title="bbox 1826 4047 3463 4118">
     <span class='ocr_line' id='line_1_83' title="bbox 1826 4047 3463 4118; baseline -0.002 -10"><span class='ocrx_word' id='word_1_666' title='bbox 1826 4070 1984 4109; x_wconf 89' lang='lat' dir='ltr'>suros</span> <span class='ocrx_word' id='word_1_667' title='bbox 2021 4057 2171 4107; x_wconf 88' lang='lat' dir='ltr'>stare</span> <span class='ocrx_word' id='word_1_668' title='bbox 2211 4048 2485 4105; x_wconf 89' lang='lat' dir='ltr'>divendit.</span> <span class='ocrx_word' id='word_1_669' title='bbox 2511 4047 2604 4102; x_wconf 83' lang='lat' dir='ltr'>His</span> <span class='ocrx_word' id='word_1_670' title='bbox 2647 4063 2783 4103; x_wconf 90' lang='lat' dir='ltr'>vero</span> <span class='ocrx_word' id='word_1_671' title='bbox 2809 4047 2909 4118; x_wconf 90' lang='lat' dir='ltr'>qui</span> <span class='ocrx_word' id='word_1_672' title='bbox 2934 4047 3119 4102; x_wconf 91' lang='lat' dir='ltr'>adhuc</span> <span class='ocrx_word' id='word_1_673' title='bbox 3147 4047 3463 4104; x_wconf 88' lang='lat' dir='ltr'>carnalium</span> 
     </span>
    </p>
   </div>
   <div class='ocr_carea' id='block_1_84' title="bbox 1826 4141 3462 4220">
    <p class='ocr_par' dir='ltr' id='par_1_84' title="bbox 1826 4141 3462 4220">
     <span class='ocr_line' id='line_1_84' title="bbox 1826 4141 3462 4220; baseline -0.003 -18"><span class='ocrx_word' id='word_1_674' title='bbox 1826 4148 2152 4220; x_wconf 89' lang='lat' dir='ltr'>passionum</span> <span class='ocrx_word' id='word_1_675' title='bbox 2187 4141 2653 4200; x_wconf 88' lang='lat' dir='ltr'>oblectationibus</span> <span class='ocrx_word' id='word_1_676' title='bbox 2698 4141 2904 4213; x_wconf 86' lang='lat' dir='ltr'>quibus</span> <span class='ocrx_word' id='word_1_677' title='bbox 2954 4141 3289 4213; x_wconf 89' lang='lat' dir='ltr'>subrepunt,</span> <span class='ocrx_word' id='word_1_678' title='bbox 3329 4159 3462 4198; x_wconf 83' lang='lat' dir='ltr'>cum</span> 
     </span>
    </p>
   </div>
   <div class='ocr_carea' id='block_1_85' title="bbox 1825 4235 3459 4297">
    <p class='ocr_par' dir='ltr' id='par_1_85' title="bbox 1825 4235 3459 4297">
     <span class='ocr_line' id='line_1_85' title="bbox 1825 4235 3459 4297; baseline -0.003 0"><span class='ocrx_word' id='word_1_679' title='bbox 1825 4242 2000 4297; x_wconf 91' lang='lat' dir='ltr'>semel</span> <span class='ocrx_word' id='word_1_680' title='bbox 2024 4241 2130 4295; x_wconf 88' lang='lat' dir='ltr'>sibi</span> <span class='ocrx_word' id='word_1_681' title='bbox 2155 4237 2502 4294; x_wconf 87' lang='lat' dir='ltr'>obtinuerint</span> <span class='ocrx_word' id='word_1_682' title='bbox 2541 4235 2824 4291; x_wconf 90' lang='lat' dir='ltr'>domicilia</span> <span class='ocrx_word' id='word_1_683' title='bbox 2861 4236 3141 4290; x_wconf 90' lang='lat' dir='ltr'>mentium</span> <span class='ocrx_word' id='word_1_684' title='bbox 3178 4236 3459 4292; x_wconf 85' lang='lat' dir='ltr'>humana-</span> 
     </span>
    </p>
   </div>
   <div class='ocr_carea' id='block_1_86' title="bbox 1824 4329 3459 4403">
    <p class='ocr_par' dir='ltr' id='par_1_86' title="bbox 1824 4329 3459 4403">
     <span class='ocr_line' id='line_1_86' title="bbox 1824 4329 3459 4403; baseline -0.003 -12"><span class='ocrx_word' id='word_1_685' title='bbox 1824 4351 1977 4403; x_wconf 87' lang='lat' dir='ltr'>rum,</span> <span class='ocrx_word' id='word_1_686' title='bbox 2004 4340 2130 4390; x_wconf 90' lang='lat' dir='ltr'>tum</span> <span class='ocrx_word' id='word_1_687' title='bbox 2158 4332 2568 4388; x_wconf 85' lang='lat' dir='ltr'>multiformem</span> <span class='ocrx_word' id='word_1_688' title='bbox 2594 4347 2664 4385; x_wconf 85' lang='lat' dir='ltr'>ex</span> <span class='ocrx_word' id='word_1_689' title='bbox 2710 4335 2949 4401; x_wconf 89' lang='lat' dir='ltr'>utraque</span> <span class='ocrx_word' id='word_1_690' title='bbox 2983 4329 3240 4385; x_wconf 89' lang='lat' dir='ltr'>fomitem</span> <span class='ocrx_word' id='word_1_691' title='bbox 3264 4331 3459 4403; x_wconf 90' lang='lat' dir='ltr'>pullu-</span> 
     </span>
    </p>
   </div>
   <div class='ocr_carea' id='block_1_87' title="bbox 1824 4424 3465 4496">
    <p class='ocr_par' dir='ltr' id='par_1_87' title="bbox 1824 4424 3465 4496">
     <span class='ocr_line' id='line_1_87' title="bbox 1824 4424 3465 4496; baseline -0.002 -12"><span class='ocrx_word' id='word_1_692' title='bbox 1824 4429 1944 4485; x_wconf 89' lang='lat' dir='ltr'>lant</span> <span class='ocrx_word' id='word_1_693' title='bbox 1954 4429 2243 4484; x_wconf 88' lang='lat' dir='ltr'>vitiorum.</span> <span class='ocrx_word' id='word_1_694' title='bbox 2260 4428 2402 4481; x_wconf 82' lang='lat' dir='ltr'>Nam</span> <span class='ocrx_word' id='word_1_695' title='bbox 2417 4442 2561 4480; x_wconf 88' lang='lat' dir='ltr'>vana</span> <span class='ocrx_word' id='word_1_696' title='bbox 2580 4424 2758 4496; x_wconf 88' lang='lat' dir='ltr'>gloria</span> <span class='ocrx_word' id='word_1_697' title='bbox 2779 4428 3013 4496; x_wconf 86' lang='lat' dir='ltr'>generat</span> <span class='ocrx_word' id='word_1_698' title='bbox 3028 4440 3097 4479; x_wconf 91' lang='lat' dir='ltr'>ex</span> <span class='ocrx_word' id='word_1_699' title='bbox 3118 4441 3176 4479; x_wconf 91' lang='lat' dir='ltr'>se</span> <span class='ocrx_word' id='word_1_700' title='bbox 3192 4441 3465 4495; x_wconf 77' lang='lat' dir='ltr'>praesum-</span> 
     </span>
    </p>
   </div>
   <div class='ocr_carea' id='block_1_88' title="bbox 140 4517 3462 4596">
    <p class='ocr_par' dir='ltr' id='par_1_88' title="bbox 140 4517 3462 4596">
     <span class='ocr_line' id='line_1_88' title="bbox 140 4517 3462 4596; baseline 0.002 -26"><span class='ocrx_word' id='word_1_701' title='bbox 140 4526 319 4585; x_wconf 73' lang='lat' dir='ltr'>semper</span> <span class='ocrx_word' id='word_1_702' title='bbox 339 4520 549 4590; x_wconf 88' lang='lat' dir='ltr'>appetit</span> <span class='ocrx_word' id='word_1_703' title='bbox 575 4520 729 4590; x_wconf 87' lang='lat' dir='ltr'>quod</span> <span class='ocrx_word' id='word_1_704' title='bbox 753 4520 838 4574; x_wconf 92' lang='lat' dir='ltr'>illi</span> <span class='ocrx_word' id='word_1_705' title='bbox 864 4521 969 4575; x_wconf 91' lang='lat' dir='ltr'>soli</span> <span class='ocrx_word' id='word_1_706' title='bbox 993 4525 1078 4576; x_wconf 90' lang='lat' dir='ltr'>est</span> <span class='ocrx_word' id='word_1_707' title='bbox 1103 4522 1422 4593; x_wconf 88' lang='lat' dir='ltr'>proprium.</span> <span class='ocrx_word' id='word_1_708' title='bbox 1458 4523 1724 4587; x_wconf 89' lang='lat' dir='ltr'>Quamvis</span> <span class='ocrx_word' id='word_1_709' title='bbox 1742 4524 1802 4596; x_wconf 88' lang='lat' dir='ltr'>D</span> <span class='ocrx_word' id='word_1_710' title='bbox 1823 4524 2081 4596; x_wconf 92' lang='lat' dir='ltr'>ptionem</span> <span class='ocrx_word' id='word_1_711' title='bbox 2105 4522 2363 4577; x_wconf 90' lang='lat' dir='ltr'>omnium</span> <span class='ocrx_word' id='word_1_712' title='bbox 2388 4520 2722 4589; x_wconf 91' lang='lat' dir='ltr'>novitatum,</span> <span class='ocrx_word' id='word_1_713' title='bbox 2741 4517 3165 4574; x_wconf 88' lang='lat' dir='ltr'>adinventiones</span> <span class='ocrx_word' id='word_1_714' title='bbox 3189 4518 3462 4576; x_wconf 87' lang='lat' dir='ltr'>falsorum</span> 
     </span>
    </p>
   </div>
   <div class='ocr_carea' id='block_1_89' title="bbox 139 4611 1725 4688">
    <p class='ocr_par' dir='ltr' id='par_1_89' title="bbox 139 4611 1725 4688">
     <span class='ocr_line' id='line_1_89' title="bbox 139 4611 1725 4688; baseline 0.011 -30"><span class='ocrx_word' id='word_1_715' title='bbox 139 4611 287 4664; x_wconf 85' lang='lat' dir='ltr'>autem</span> <span class='ocrx_word' id='word_1_716' title='bbox 311 4614 647 4683; x_wconf 87' lang='lat' dir='ltr'>generaliter</span> <span class='ocrx_word' id='word_1_717' title='bbox 664 4614 784 4669; x_wconf 84' lang='lat' dir='ltr'>hac</span> <span class='ocrx_word' id='word_1_718' title='bbox 803 4615 1084 4687; x_wconf 89' lang='lat' dir='ltr'>superbia</span> <span class='ocrx_word' id='word_1_719' title='bbox 1102 4616 1256 4670; x_wconf 87' lang='lat' dir='ltr'>labes</span> <span class='ocrx_word' id='word_1_720' title='bbox 1275 4616 1476 4671; x_wconf 79' lang='lat' dir='ltr'>infesta</span> <span class='ocrx_word' id='word_1_721' title='bbox 1491 4617 1583 4688; x_wconf 90' lang='lat' dir='ltr'>sit,</span> <span class='ocrx_word' id='word_1_722' title='bbox 1605 4636 1725 4675; x_wconf 91' lang='lat' dir='ltr'>non</span> 
     </span>
    </p>
   </div>
   <div class='ocr_carea' id='block_1_90' title="bbox 138 4699 1726 4785">
    <p class='ocr_par' dir='ltr' id='par_1_90' title="bbox 138 4699 1726 4785">
     <span class='ocr_line' id='line_1_90' title="bbox 138 4699 1726 4785; baseline 0.008 -30"><span class='ocrx_word' id='word_1_723' title='bbox 138 4699 238 4767; x_wconf 85' lang='lat' dir='ltr'>plus</span> <span class='ocrx_word' id='word_1_724' title='bbox 258 4709 429 4762; x_wconf 85' lang='lat' dir='ltr'>tamen</span> <span class='ocrx_word' id='word_1_725' title='bbox 452 4709 583 4764; x_wconf 88' lang='lat' dir='ltr'>aliis</span> <span class='ocrx_word' id='word_1_726' title='bbox 607 4708 916 4764; x_wconf 87' lang='lat' dir='ltr'>metuenda</span> <span class='ocrx_word' id='word_1_727' title='bbox 944 4714 1029 4764; x_wconf 88' lang='lat' dir='ltr'>est</span> <span class='ocrx_word' id='word_1_728' title='bbox 1056 4726 1232 4782; x_wconf 87' lang='lat' dir='ltr'>quam</span> <span class='ocrx_word' id='word_1_729' title='bbox 1256 4710 1347 4764; x_wconf 91' lang='lat' dir='ltr'>his</span> <span class='ocrx_word' id='word_1_730' title='bbox 1372 4711 1471 4781; x_wconf 91' lang='lat' dir='ltr'>qui</span> <span class='ocrx_word' id='word_1_731' title='bbox 1491 4716 1591 4767; x_wconf 89' lang='lat' dir='ltr'>aut</span> <span class='ocrx_word' id='word_1_732' title='bbox 1614 4714 1726 4785; x_wconf 88' lang='lat' dir='ltr'>spi-</span> 
     </span>
    </p>
   </div>
   <div class='ocr_carea' id='block_1_91' title="bbox 139 4793 1723 4875">
    <p class='ocr_par' dir='ltr' id='par_1_91' title="bbox 139 4793 1723 4875">
     <span class='ocr_line' id='line_1_91' title="bbox 139 4793 1723 4875; baseline 0.007 -24"><span class='ocrx_word' id='word_1_733' title='bbox 139 4793 331 4854; x_wconf 76' lang='lat' dir='ltr'>ritaliter</span> <span class='ocrx_word' id='word_1_734' title='bbox 354 4802 420 4857; x_wconf 85' lang='lat' dir='ltr'>ad</span> <span class='ocrx_word' id='word_1_735' title='bbox 442 4803 857 4875; x_wconf 88' lang='lat' dir='ltr'>perfectionem</span> <span class='ocrx_word' id='word_1_736' title='bbox 880 4802 1181 4873; x_wconf 85' lang='lat' dir='ltr'>virtutum,</span> <span class='ocrx_word' id='word_1_737' title='bbox 1204 4808 1303 4859; x_wconf 91' lang='lat' dir='ltr'>aut</span> <span class='ocrx_word' id='word_1_738' title='bbox 1328 4804 1631 4861; x_wconf 85' lang='lat' dir='ltr'>carnaliter</span> <span class='ocrx_word' id='word_1_739' title='bbox 1652 4807 1723 4862; x_wconf 91' lang='lat' dir='ltr'>ad</span> 
     </span>
    </p>
   </div>
   <div class='ocr_carea' id='block_1_92' title="bbox 140 4885 1720 4972">
    <p class='ocr_par' dir='ltr' id='par_1_92' title="bbox 140 4885 1720 4972">
     <span class='ocr_line' id='line_1_92' title="bbox 140 4885 1720 4972; baseline 0.007 -26"><span class='ocrx_word' id='word_1_740' title='bbox 140 4885 408 4950; x_wconf 70' lang='lat' dir='ltr'>divitiarum</span> <span class='ocrx_word' id='word_1_741' title='bbox 430 4898 655 4970; x_wconf 90' lang='lat' dir='ltr'>copiam</span> <span class='ocrx_word' id='word_1_742' title='bbox 682 4902 740 4953; x_wconf 90' lang='lat' dir='ltr'>et</span> <span class='ocrx_word' id='word_1_743' title='bbox 761 4912 1015 4953; x_wconf 90' lang='lat' dir='ltr'>summos</span> <span class='ocrx_word' id='word_1_744' title='bbox 1054 4898 1339 4953; x_wconf 89' lang='lat' dir='ltr'>honorum</span> <span class='ocrx_word' id='word_1_745' title='bbox 1366 4898 1562 4954; x_wconf 90' lang='lat' dir='ltr'>titulos</span> <span class='ocrx_word' id='word_1_746' title='bbox 1590 4917 1720 4972; x_wconf 91' lang='lat' dir='ltr'>per-</span> 
     </span>
    </p>
   </div>
   <div class='ocr_carea' id='block_1_93' title="bbox 141 4986 1719 5067">
    <p class='ocr_par' dir='ltr' id='par_1_93' title="bbox 141 4986 1719 5067">
     <span class='ocr_line' id='line_1_93' title="bbox 141 4986 1719 5067; baseline 0.01 -32"><span class='ocrx_word' id='word_1_747' title='bbox 141 4986 365 5044; x_wconf 77' lang='lat' dir='ltr'>venerint.</span> <span class='ocrx_word' id='word_1_748' title='bbox 406 4991 653 5048; x_wconf 86' lang='lat' dir='ltr'>Tantum</span> <span class='ocrx_word' id='word_1_749' title='bbox 704 4992 916 5048; x_wconf 88' lang='lat' dir='ltr'>scilicet</span> <span class='ocrx_word' id='word_1_750' title='bbox 949 4993 1012 5048; x_wconf 92' lang='lat' dir='ltr'>in</span> <span class='ocrx_word' id='word_1_751' title='bbox 1060 4992 1174 5047; x_wconf 90' lang='lat' dir='ltr'>illis</span> <span class='ocrx_word' id='word_1_752' title='bbox 1225 4993 1408 5064; x_wconf 88' lang='lat' dir='ltr'>major</span> <span class='ocrx_word' id='word_1_753' title='bbox 1455 4989 1719 5067; x_wconf 84' lang='lat' dir='ltr'>efﬁcitur,</span> 
     </span>
    </p>
   </div>
   <div class='ocr_carea' id='block_1_94' title="bbox 141 5082 1723 5158">
    <p class='ocr_par' dir='ltr' id='par_1_94' title="bbox 141 5082 1723 5158">
     <span class='ocr_line' id='line_1_94' title="bbox 141 5082 1723 5158; baseline 0.007 -26"><span class='ocrx_word' id='word_1_754' title='bbox 141 5082 367 5145; x_wconf 80' lang='lat' dir='ltr'>quantum</span> <span class='ocrx_word' id='word_1_755' title='bbox 390 5088 445 5139; x_wconf 90' lang='lat' dir='ltr'>et</span> <span class='ocrx_word' id='word_1_756' title='bbox 464 5085 650 5156; x_wconf 89' lang='lat' dir='ltr'>major</span> <span class='ocrx_word' id='word_1_757' title='bbox 678 5091 759 5141; x_wconf 89' lang='lat' dir='ltr'>est</span> <span class='ocrx_word' id='word_1_758' title='bbox 791 5086 891 5158; x_wconf 90' lang='lat' dir='ltr'>qui</span> <span class='ocrx_word' id='word_1_759' title='bbox 919 5086 1194 5157; x_wconf 84' lang='lat' dir='ltr'>superbit.</span> <span class='ocrx_word' id='word_1_760' title='bbox 1235 5087 1428 5158; x_wconf 87' lang='lat' dir='ltr'>Neque</span> <span class='ocrx_word' id='word_1_761' title='bbox 1459 5086 1557 5142; x_wconf 88' lang='lat' dir='ltr'>illa</span> <span class='ocrx_word' id='word_1_762' title='bbox 1585 5088 1723 5144; x_wconf 90' lang='lat' dir='ltr'>viles</span> 
     </span>
    </p>
   </div>
   <div class='ocr_carea' id='block_1_95' title="bbox 142 5179 1724 5252">
    <p class='ocr_par' dir='ltr' id='par_1_95' title="bbox 142 5179 1724 5252">
     <span class='ocr_line' id='line_1_95' title="bbox 142 5179 1724 5252; baseline 0.009 -28"><span class='ocrx_word' id='word_1_763' title='bbox 142 5184 320 5244; x_wconf 81' lang='lat' dir='ltr'>quoque</span> <span class='ocrx_word' id='word_1_764' title='bbox 342 5183 435 5233; x_wconf 90' lang='lat' dir='ltr'>aut</span> <span class='ocrx_word' id='word_1_765' title='bbox 469 5179 776 5252; x_wconf 89' lang='lat' dir='ltr'>populares</span> <span class='ocrx_word' id='word_1_766' title='bbox 812 5181 1149 5236; x_wconf 89' lang='lat' dir='ltr'>subvertisse</span> <span class='ocrx_word' id='word_1_767' title='bbox 1181 5184 1450 5237; x_wconf 90' lang='lat' dir='ltr'>contenta</span> <span class='ocrx_word' id='word_1_768' title='bbox 1491 5186 1594 5252; x_wconf 91' lang='lat' dir='ltr'>est,</span> <span class='ocrx_word' id='word_1_769' title='bbox 1625 5184 1724 5239; x_wconf 91' lang='lat' dir='ltr'>sed</span> 
     </span>
    </p>
   </div>
   <div class='ocr_carea' id='block_1_96' title="bbox 144 5264 1723 5349">
    <p class='ocr_par' dir='ltr' id='par_1_96' title="bbox 144 5264 1723 5349">
     <span class='ocr_line' id='line_1_96' title="bbox 144 5264 1723 5349; baseline 0.009 -32"><span class='ocrx_word' id='word_1_770' title='bbox 144 5266 182 5316; x_wconf 85' lang='lat' dir='ltr'>et</span> <span class='ocrx_word' id='word_1_771' title='bbox 201 5264 251 5320; x_wconf 91' lang='lat' dir='ltr'>in</span> <span class='ocrx_word' id='word_1_772' title='bbox 276 5268 489 5327; x_wconf 87' lang='lat' dir='ltr'>illorum</span> <span class='ocrx_word' id='word_1_773' title='bbox 514 5274 615 5345; x_wconf 90' lang='lat' dir='ltr'>qui</span> <span class='ocrx_word' id='word_1_774' title='bbox 641 5273 882 5329; x_wconf 82' lang='lat' dir='ltr'>maximi</span> <span class='ocrx_word' id='word_1_775' title='bbox 924 5274 1148 5330; x_wconf 89' lang='lat' dir='ltr'>insidiis</span> <span class='ocrx_word' id='word_1_776' title='bbox 1190 5275 1403 5330; x_wconf 90' lang='lat' dir='ltr'>assidet</span> <span class='ocrx_word' id='word_1_777' title='bbox 1431 5292 1444 5331; x_wconf 91' lang='lat'><strong>:</strong></span> <span class='ocrx_word' id='word_1_778' title='bbox 1476 5292 1723 5349; x_wconf 87' lang='lat' dir='ltr'>quorum</span> 
     </span>
    </p>
   </div>
   <div class='ocr_carea' id='block_1_97' title="bbox 144 5366 1721 5440">
    <p class='ocr_par' dir='ltr' id='par_1_97' title="bbox 144 5366 1721 5440">
     <span class='ocr_line' id='line_1_97' title="bbox 144 5366 1721 5440; baseline 0.009 -27"><span class='ocrx_word' id='word_1_779' title='bbox 144 5366 370 5425; x_wconf 84' lang='lat' dir='ltr'>quantum</span> <span class='ocrx_word' id='word_1_780' title='bbox 390 5366 554 5423; x_wconf 88' lang='lat' dir='ltr'>altior</span> <span class='ocrx_word' id='word_1_781' title='bbox 581 5367 792 5440; x_wconf 88' lang='lat' dir='ltr'>gradus</span> <span class='ocrx_word' id='word_1_782' title='bbox 827 5373 930 5438; x_wconf 90' lang='lat' dir='ltr'>est,</span> <span class='ocrx_word' id='word_1_783' title='bbox 968 5373 1193 5425; x_wconf 88' lang='lat' dir='ltr'>tantum</span> <span class='ocrx_word' id='word_1_784' title='bbox 1228 5370 1399 5426; x_wconf 88' lang='lat' dir='ltr'>altior</span> <span class='ocrx_word' id='word_1_785' title='bbox 1440 5375 1497 5426; x_wconf 91' lang='lat' dir='ltr'>et</span> <span class='ocrx_word' id='word_1_786' title='bbox 1532 5372 1721 5427; x_wconf 89' lang='lat' dir='ltr'>ruina.</span> 
     </span>
    </p>
   </div>
   <div class='ocr_carea' id='block_1_98' title="bbox 146 5447 1726 5539">
    <p class='ocr_par' dir='ltr' id='par_1_98' title="bbox 146 5447 1726 5539">
     <span class='ocr_line' id='line_1_98' title="bbox 146 5447 1726 5539; baseline 0.012 -36"><span class='ocrx_word' id='word_1_787' title='bbox 146 5447 263 5511; x_wconf 85' lang='lat' dir='ltr'>Unde</span> <span class='ocrx_word' id='word_1_788' title='bbox 284 5459 440 5516; x_wconf 83' lang='lat' dir='ltr'>etiam</span> <span class='ocrx_word' id='word_1_789' title='bbox 466 5466 523 5518; x_wconf 90' lang='lat' dir='ltr'>et</span> <span class='ocrx_word' id='word_1_790' title='bbox 549 5462 697 5518; x_wconf 89' lang='lat' dir='ltr'>illud</span> <span class='ocrx_word' id='word_1_791' title='bbox 724 5462 795 5518; x_wconf 91' lang='lat' dir='ltr'>de</span> <span class='ocrx_word' id='word_1_792' title='bbox 821 5462 1020 5519; x_wconf 91' lang='lat' dir='ltr'>eodem</span> <span class='ocrx_word' id='word_1_793' title='bbox 1040 5463 1323 5537; x_wconf 88' lang='lat' dir='ltr'>superbia</span> <span class='ocrx_word' id='word_1_794' title='bbox 1350 5465 1553 5539; x_wconf 88' lang='lat' dir='ltr'>spiritu</span> <span class='ocrx_word' id='word_1_795' title='bbox 1580 5466 1726 5524; x_wconf 72' lang='grc' dir='ltr'>εει-ί-</span> 
     </span>
    </p>
   </div>
   <div class='ocr_carea' id='block_1_99' title="bbox 198 5613 1649 5694">
    <p class='ocr_par' dir='ltr' id='par_1_99' title="bbox 198 5613 1649 5694">
     <span class='ocr_line' id='line_1_99' title="bbox 198 5613 1649 5694; baseline 0.007 -26"><span class='ocrx_word' id='word_1_796' title='bbox 198 5613 218 5641; x_wconf 83' lang='grc'>¹</span> <span class='ocrx_word' id='word_1_797' title='bbox 236 5616 307 5669; x_wconf 83' lang='lat' dir='ltr'>Au</span> <span class='ocrx_word' id='word_1_798' title='bbox 324 5622 705 5677; x_wconf 76' lang='lat' dir='ltr'>succreverint!</span> <span class='ocrx_word' id='word_1_799' title='bbox 730 5618 920 5677; x_wconf 81' lang='lat' dir='ltr'>Malim</span> <span class='ocrx_word' id='word_1_800' title='bbox 939 5623 1135 5678; x_wconf 90' lang='lat' dir='ltr'>tamen</span> <span class='ocrx_word' id='word_1_801' title='bbox 1152 5622 1649 5694; x_wconf 82' lang='lat' dir='ltr'>supplantaverint.</span> 
     </span>
    </p>
   </div>
   <div class='ocr_carea' id='block_1_100' title="bbox 1824 4612 3460 4690">
    <p class='ocr_par' dir='ltr' id='par_1_100' title="bbox 1824 4612 3460 4690">
     <span class='ocr_line' id='line_1_100' title="bbox 1824 4612 3460 4690; baseline -0.002 -17"><span class='ocrx_word' id='word_1_802' title='bbox 1824 4619 2177 4690; x_wconf 87' lang='lat' dir='ltr'>dogmatum,</span> <span class='ocrx_word' id='word_1_803' title='bbox 2209 4615 2593 4688; x_wconf 81' lang='lat' dir='ltr'>quaestionum</span> <span class='ocrx_word' id='word_1_804' title='bbox 2617 4618 2882 4682; x_wconf 89' lang='lat' dir='ltr'>torturas,</span> <span class='ocrx_word' id='word_1_805' title='bbox 2906 4612 3316 4681; x_wconf 87' lang='lat' dir='ltr'>contentiones,</span> <span class='ocrx_word' id='word_1_806' title='bbox 3345 4614 3460 4670; x_wconf 83' lang='lat' dir='ltr'>ha-</span> 
     </span>
    </p>
   </div>
   <div class='ocr_carea' id='block_1_101' title="bbox 1822 4707 3458 4781">
    <p class='ocr_par' dir='ltr' id='par_1_101' title="bbox 1822 4707 3458 4781">
     <span class='ocr_line' id='line_1_101' title="bbox 1822 4707 3458 4781; baseline -0.003 -13"><span class='ocrx_word' id='word_1_807' title='bbox 1822 4728 1992 4781; x_wconf 90' lang='lat' dir='ltr'>reses,</span> <span class='ocrx_word' id='word_1_808' title='bbox 2022 4715 2219 4779; x_wconf 90' lang='lat' dir='ltr'>sectas,</span> <span class='ocrx_word' id='word_1_809' title='bbox 2253 4708 2575 4764; x_wconf 89' lang='lat' dir='ltr'>schismata.</span> <span class='ocrx_word' id='word_1_810' title='bbox 2612 4708 2887 4779; x_wconf 88' lang='lat' dir='ltr'>Superbia</span> <span class='ocrx_word' id='word_1_811' title='bbox 2914 4725 3045 4764; x_wconf 90' lang='lat' dir='ltr'>vero</span> <span class='ocrx_word' id='word_1_812' title='bbox 3069 4708 3219 4781; x_wconf 85' lang='lat' dir='ltr'>parit</span> <span class='ocrx_word' id='word_1_813' title='bbox 3262 4707 3458 4781; x_wconf 77' lang='lat' dir='ltr'>indig-</span> 
     </span>
    </p>
   </div>
   <div class='ocr_carea' id='block_1_102' title="bbox 1822 4802 3457 4874">
    <p class='ocr_par' dir='ltr' id='par_1_102' title="bbox 1822 4802 3457 4874">
     <span class='ocr_line' id='line_1_102' title="bbox 1822 4802 3457 4874; baseline -0.002 -11"><span class='ocrx_word' id='word_1_814' title='bbox 1822 4807 2130 4873; x_wconf 89' lang='lat' dir='ltr'>nationem,</span> <span class='ocrx_word' id='word_1_815' title='bbox 2174 4803 2466 4873; x_wconf 90' lang='lat' dir='ltr'>invidiam,</span> <span class='ocrx_word' id='word_1_816' title='bbox 2543 4805 2955 4873; x_wconf 89' lang='lat' dir='ltr'>contemptum,</span> <span class='ocrx_word' id='word_1_817' title='bbox 3030 4802 3457 4874; x_wconf 88' lang='lat' dir='ltr'>detractionem,</span> 
     </span>
    </p>
   </div>
   <div class='ocr_carea' id='block_1_103' title="bbox 1822 4895 3460 4966">
    <p class='ocr_par' dir='ltr' id='par_1_103' title="bbox 1822 4895 3460 4966">
     <span class='ocr_line' id='line_1_103' title="bbox 1822 4895 3460 4966; baseline -0.002 -8"><span class='ocrx_word' id='word_1_818' title='bbox 1822 4898 2357 4966; x_wconf 89' lang='lat' dir='ltr'>murmurationem,</span> <span class='ocrx_word' id='word_1_819' title='bbox 2409 4901 2467 4953; x_wconf 89' lang='lat' dir='ltr'>et</span> <span class='ocrx_word' id='word_1_820' title='bbox 2516 4895 3003 4953; x_wconf 88' lang='lat' dir='ltr'>exsecrabiliorem</span> <span class='ocrx_word' id='word_1_821' title='bbox 3056 4897 3146 4952; x_wconf 91' lang='lat' dir='ltr'>his</span> <span class='ocrx_word' id='word_1_822' title='bbox 3195 4898 3460 4955; x_wconf 88' lang='lat' dir='ltr'>omnibus</span> 
     </span>
    </p>
   </div>
   <div class='ocr_carea' id='block_1_104' title="bbox 1820 4990 3463 5068">
    <p class='ocr_par' dir='ltr' id='par_1_104' title="bbox 1820 4990 3463 5068">
     <span class='ocr_line' id='line_1_104' title="bbox 1820 4990 3463 5068; baseline -0.001 -18"><span class='ocrx_word' id='word_1_823' title='bbox 1820 4993 2253 5068; x_wconf 88' lang='lat' dir='ltr'>blasphemiam.</span> <span class='ocrx_word' id='word_1_824' title='bbox 2275 4994 2528 5058; x_wconf 90' lang='lat' dir='ltr'>Quorum</span> <span class='ocrx_word' id='word_1_825' title='bbox 2554 4990 2835 5046; x_wconf 91' lang='lat' dir='ltr'>malorum</span> <span class='ocrx_word' id='word_1_826' title='bbox 2861 5007 3030 5046; x_wconf 88' lang='lat' dir='ltr'>causa</span> <span class='ocrx_word' id='word_1_827' title='bbox 3048 4991 3095 5046; x_wconf 90' lang='lat' dir='ltr'>si</span> <span class='ocrx_word' id='word_1_828' title='bbox 3115 4990 3242 5063; x_wconf 90' lang='lat' dir='ltr'>quis</span> <span class='ocrx_word' id='word_1_829' title='bbox 3261 4992 3463 5049; x_wconf 76' lang='lat' dir='ltr'>exstir-</span> 
     </span>
    </p>
   </div>
   <div class='ocr_carea' id='block_1_105' title="bbox 1821 5084 3458 5162">
    <p class='ocr_par' dir='ltr' id='par_1_105' title="bbox 1821 5084 3458 5162">
     <span class='ocr_line' id='line_1_105' title="bbox 1821 5084 3458 5162; baseline -0.002 -17"><span class='ocrx_word' id='word_1_830' title='bbox 1821 5106 1957 5162; x_wconf 84' lang='lat' dir='ltr'>pare</span> <span class='ocrx_word' id='word_1_831' title='bbox 1982 5089 2043 5144; x_wconf 92' lang='lat' dir='ltr'>in</span> <span class='ocrx_word' id='word_1_832' title='bbox 2067 5088 2304 5144; x_wconf 88' lang='lat' dir='ltr'>veritate</span> <span class='ocrx_word' id='word_1_833' title='bbox 2330 5086 2628 5157; x_wconf 87' lang='lat' dir='ltr'>desiderat,</span> <span class='ocrx_word' id='word_1_834' title='bbox 2660 5084 2914 5157; x_wconf 90' lang='lat' dir='ltr'>origines</span> <span class='ocrx_word' id='word_1_835' title='bbox 2940 5101 3138 5142; x_wconf 87' lang='lat' dir='ltr'>earum</span> <span class='ocrx_word' id='word_1_836' title='bbox 3157 5103 3191 5141; x_wconf 90' lang='lat' dir='ltr'>a</span> <span class='ocrx_word' id='word_1_837' title='bbox 3218 5104 3277 5145; x_wconf 91' lang='lat' dir='ltr'>se</span> <span class='ocrx_word' id='word_1_838' title='bbox 3300 5086 3458 5159; x_wconf 90' lang='lat' dir='ltr'>prius</span> 
     </span>
    </p>
   </div>
   <div class='ocr_carea' id='block_1_106' title="bbox 1824 5164 3457 5253">
    <p class='ocr_par' dir='ltr' id='par_1_106' title="bbox 1824 5164 3457 5253">
     <span class='ocr_line' id='line_1_106' title="bbox 1824 5164 3457 5253; baseline -0.002 -14"><span class='ocrx_word' id='word_1_839' title='bbox 1824 5187 1881 5240; x_wconf 87' lang='lat' dir='ltr'>et</span> <span class='ocrx_word' id='word_1_840' title='bbox 1925 5183 2141 5238; x_wconf 89' lang='lat' dir='ltr'>radices</span> <span class='ocrx_word' id='word_1_841' title='bbox 2179 5181 2420 5237; x_wconf 87' lang='lat' dir='ltr'>excidat.</span> <span class='ocrx_word' id='word_1_842' title='bbox 2476 5164 2554 5235; x_wconf 88' lang='lat' dir='ltr'>Ita</span> <span class='ocrx_word' id='word_1_843' title='bbox 2590 5196 2839 5253; x_wconf 90' lang='lat' dir='ltr'>namque</span> <span class='ocrx_word' id='word_1_844' title='bbox 2883 5180 3144 5237; x_wconf 91' lang='lat' dir='ltr'>omnium</span> <span class='ocrx_word' id='word_1_845' title='bbox 3188 5180 3457 5236; x_wconf 90' lang='lat' dir='ltr'>vitiorum</span> 
     </span>
    </p>
   </div>
   <div class='ocr_carea' id='block_1_107' title="bbox 1821 5273 3455 5348">
    <p class='ocr_par' dir='ltr' id='par_1_107' title="bbox 1821 5273 3455 5348">
     <span class='ocr_line' id='line_1_107' title="bbox 1821 5273 3455 5348; baseline -0.003 -14"><span class='ocrx_word' id='word_1_846' title='bbox 1821 5277 2077 5334; x_wconf 85' lang='lat' dir='ltr'>funditus</span> <span class='ocrx_word' id='word_1_847' title='bbox 2100 5279 2369 5348; x_wconf 90' lang='lat' dir='ltr'>poterunt</span> <span class='ocrx_word' id='word_1_848' title='bbox 2404 5274 2622 5330; x_wconf 89' lang='lat' dir='ltr'>soboles</span> <span class='ocrx_word' id='word_1_849' title='bbox 2657 5273 2978 5347; x_wconf 84' lang='lat' dir='ltr'>exstirpari,</span> <span class='ocrx_word' id='word_1_850' title='bbox 3010 5275 3057 5331; x_wconf 89' lang='lat' dir='ltr'>si</span> <span class='ocrx_word' id='word_1_851' title='bbox 3080 5276 3202 5347; x_wconf 90' lang='lat' dir='ltr'>ipsa</span> <span class='ocrx_word' id='word_1_852' title='bbox 3228 5290 3455 5347; x_wconf 84' lang='lat' dir='ltr'>quoque</span> 
     </span>
    </p>
   </div>
   <div class='ocr_carea' id='block_1_108' title="bbox 1825 5368 3373 5443">
    <p class='ocr_par' dir='ltr' id='par_1_108' title="bbox 1825 5368 3373 5443">
     <span class='ocr_line' id='line_1_108' title="bbox 1825 5368 3373 5443; baseline -0.002 -13"><span class='ocrx_word' id='word_1_853' title='bbox 1825 5388 2022 5430; x_wconf 90' lang='lat' dir='ltr'>eorum</span> <span class='ocrx_word' id='word_1_854' title='bbox 2047 5370 2283 5441; x_wconf 87' lang='lat' dir='ltr'>semina,</span> <span class='ocrx_word' id='word_1_855' title='bbox 2314 5370 2645 5443; x_wconf 88' lang='lat' dir='ltr'>priusquam</span> <span class='ocrx_word' id='word_1_856' title='bbox 2671 5369 3014 5443; x_wconf 87' lang='lat' dir='ltr'>germinent,</span> <span class='ocrx_word' id='word_1_857' title='bbox 3042 5368 3373 5427; x_wconf 76' lang='lat' dir='ltr'>evelluntur.</span> 
     </span>
    </p>
   </div>
  </div>
