4020 6232
1700 520 2134 624 OPUSC
2146 522 2307 625 UL
2324 523 2517 625 ΠΜ
2600 524 2706 625 V.

920 690 2142 812 EXHORTATIO
2231 692 3496 815 HUMILITATIS.

583 877 624 933 Ι.
669 876 933 947 Quisquis
981 881 1126 931 nutu
1180 876 1279 931 Dei
1312 876 1613 947 cujuslibet
1646 876 1815 931 ofﬁcii
1869 876 2144 948 dignitate
2167 876 2447 962 AOIeum
2497 883 2689 935 autem
2739 880 3049 951 peccatoris
3097 880 3347 937 adulatio
3399 885 3515 950 est,
3577 896 3709 952 qua
3773 879 3890 935 levi

508 971 801 1043 praeluces,
823 970 917 1024 hic
938 969 1185 1041 providae
1210 969 1637 1040 gubernationis
1661 969 1904 1025 utilitate
1929 971 2147 1026 caeteris

506 1064 777 1137 praecedis
791 1064 815 1093 ⁸
830 1063 1175 1134 hominibus,
1196 1064 1343 1118 hanc
1369 1063 1919 1119 exhortatiunculam
1960 1080 2145 1119 meam

508 1158 829 1230 diligenter,
853 1174 1063 1228 quasso,
1091 1157 1350 1228 recipias,
1377 1173 1481 1212 nec
1505 1174 1807 1229 pomposas
1834 1157 1893 1212 in
1924 1175 1989 1214 ea
2014 1174 2143 1229 spu-

507 1268 628 1306 mas
652 1252 949 1307 rhetorum
976 1268 1226 1323 quazras;
1268 1251 1402 1321 quia
1430 1251 1768 1307 humilitatis
1808 1251 1988 1307 virtus
2028 1268 2144 1307 non

505 1346 808 1401 verborum
836 1345 1094 1413 elatione,
1138 1345 1232 1399 sed
1270 1344 1479 1399 mentis
1517 1345 1766 1417 puritate
1806 1345 2139 1417 requiritur.

506 1442 573 1495 Et
597 1440 645 1493 si
670 1440 815 1494 forte
842 1438 1038 1494 durius
1057 1437 1272 1509 aliquid
1298 1438 1493 1493 videor
1525 1438 1703 1511 loqui,
1748 1439 1999 1494 veritatis
2022 1440 2142 1494 haec

504 1534 688 1605 culpa,
719 1549 833 1587 non
862 1547 986 1586 mea
1025 1536 1129 1587 est.
1169 1532 1307 1585 Nam
1344 1532 1470 1586 ideo
1506 1533 1766 1604 quaedam
1809 1533 1950 1587 dura
1982 1538 2137 1603 Sunt,

504 1626 766 1699 quaedam
795 1625 1018 1694 mollia;
1048 1625 1144 1679 sed
1166 1630 1221 1680 et
1239 1626 1498 1697 quamvis
1526 1627 1866 1682 alterutrum
1893 1626 2000 1680 sibi
2026 1642 2144 1681 om-

502 1736 604 1775 nes
630 1718 890 1773 homines
905 1719 1146 1773 debeant
1164 1720 1481 1786 veritatem,
1502 1720 1679 1774 libere
1700 1724 1891 1775 tamen
1906 1720 2137 1792 loquar:

501 1813 719 1869 nemini
747 1812 932 1867 verius
959 1812 1163 1867 debere
1182 1812 1396 1884 aliquid
1425 1813 1553 1882 dici,
1585 1830 1756 1885 quam
1798 1813 1848 1867 ei
1877 1813 1975 1885 qui
2001 1830 2143 1885 pra:-

501 1907 645 1961 sidet
669 1905 882 1960 multis.
924 1906 1026 1960 Cui
1068 1906 1171 1960 etsi
1212 1922 1480 1977 asperum
1516 1906 1728 1978 aliquid
1779 1924 1849 1961 ex
1903 1908 2141 1963 veritate

498 1999 823 2071 aliquando,
879 2003 946 2054 ut
1000 1999 1218 2069 assolet,
1264 1999 1563 2069 offeratur,
1616 2000 1769 2055 velut
1819 2001 2140 2056 antidotum

498 2093 805 2165 quoddam,
835 2093 1089 2165 quamvis
1115 2093 1261 2148 forte
1288 2094 1380 2162 sit,
1405 2098 1595 2147 tamen
1622 2093 1757 2165 quia
1783 2094 2140 2149 salutiferum

496 2193 598 2257 est,
634 2187 872 2257 etiamsi,
902 2186 1188 2256 amaricet,
1220 2186 1532 2241 bibendum
1559 2192 1661 2241 est.

2244 972 2491 1043 quadam
2519 977 2575 1028 et
2601 974 2759 1028 suavi
2790 975 3058 1029 unctione
3084 978 3256 1046 caput
3292 973 3578 1030 interioris
3609 974 3889 1043 hominis,

2245 1066 2398 1137 quod
2425 1068 2509 1120 est
2537 1082 2651 1137 cor,
2696 1068 2857 1139 quasi
2893 1068 3162 1140 ungendo
3199 1068 3481 1124 dinitidat.
3510 1067 3707 1122 Melius
3747 1084 3890 1139 ergo

2244 1159 2351 1213 sibi
2377 1159 2484 1231 ipsi
2521 1177 2640 1216 esse
2669 1161 2815 1216 dixit
2854 1162 3133 1233 propheta
3174 1161 3347 1216 David
3373 1161 3443 1216 ab
3470 1160 3703 1216 homine
3724 1160 3890 1231 justo

2243 1253 2409 1324 argui
2440 1254 2525 1310 vel
2558 1255 2798 1324 moneri,
2829 1272 3003 1327 quam
3030 1272 3063 1309 a
3086 1254 3286 1327 quovis
3319 1254 3609 1310 adulatore
3638 1254 3886 1309 laudari.

2243 1347 2413 1402 Recte
2437 1352 2629 1403 autem
2659 1349 3014 1403 adulatorem
3039 1348 3345 1421 peccatoris
3384 1348 3615 1404 nomine
3644 1347 3885 1403 denota-

2243 1440 2342 1509 vit,
2370 1442 2531 1512 cujus
2560 1442 2617 1497 id
2634 1443 2952 1497 maximum
2979 1447 3110 1498 ante
3137 1443 3327 1498 oculos
3346 1442 3445 1498 Dei
3470 1448 3527 1497 et
3552 1441 3885 1497 detestabile

2243 1539 2327 1589 est
2353 1540 2668 1606 peccatum,
2693 1536 2845 1591 aliud
2865 1537 3031 1591 corde
3064 1541 3278 1606 tenere,
3306 1536 3457 1591 aliud
3484 1552 3581 1591 ore
3605 1535 3884 1607 proferre.

2244 1629 2319 1683 De
2346 1628 2552 1683 talibus
2579 1630 2732 1685 enim
2758 1636 2814 1685 et
2848 1630 2908 1684 in
2936 1630 3047 1684 alio
3074 1631 3290 1686 Psalmo
3314 1630 3449 1684 dicit
3481 1646 3495 1684 :
3523 1630 3727 1684 Molliti
3753 1636 3887 1684 sunt

2239 1738 2507 1778 sermones
2559 1724 2676 1791 ejus
2739 1740 2902 1793 super
2965 1726 3159 1785 oleum,
3217 1730 3267 1777 et
3332 1726 3440 1792 ipsi
3502 1728 3631 1777 sunt
3683 1723 3883 1791 jacula

2243 1816 2349 1886 (Ps.
2379 1833 2483 1883 Liv,
2519 1820 2630 1886 22).
2660 1818 2736 1871 De
2758 1818 2913 1887 justo
2939 1822 3131 1872 autem
3167 1817 3304 1871 dicit
3329 1836 3345 1870 :
3378 1818 3644 1885 Loquitur
3677 1819 3882 1870 verita-

2242 1915 2403 1964 tatem
2430 1912 2485 1963 in
2512 1911 2669 1965 corde
2693 1927 2809 1973 suo,
2852 1917 2902 1965 et
2936 1927 3044 1965 non
3083 1912 3190 1977 egit
3225 1911 3408 1965 dolum
3452 1912 3512 1963 in
3547 1911 3739 1977 lingua
3779 1925 3884 1963 sua

2242 2002 2349 2071 (Ps.
2377 2018 2487 2069 xxv,
2522 2004 2594 2074 3).
2625 2005 2693 2058 Ut
2718 2007 2908 2058 autem
2936 2005 2997 2058 in
3023 2003 3113 2058 his
3138 2003 3307 2058 rebus
3333 2003 3542 2075 quaevis
3577 2002 3883 2057 hominum

2241 2097 2518 2151 subtilitas
2534 2097 2691 2151 nullo
2708 2113 2963 2169 unquam
2979 2097 3318 2152 laudationis
3334 2097 3691 2152 titillamento
3710 2110 3733 2138 ε
3764 2112 3887 2151 cre-

2239 2190 2531 2246 dulitatem
2581 2192 2791 2245 mentis
2854 2196 2967 2246 tua;
3033 2191 3283 2245 attrahat
3328 2190 3390 2244 in
3438 2207 3747 2260 consensu,
3810 2190 3885 2245 ad

570 2282 632 2336 ll.
665 2282 776 2336 Hoc
802 2297 938 2353 ergo
963 2281 1159 2336 hortor
1183 2280 1245 2335 in
1272 2280 1493 2352 primis,
1531 2285 1598 2335 ut
1638 2296 1864 2352 semper
1894 2282 2136 2337 delecta-
2160 2262 2216 2331 B
2240 2284 2418 2355 ipsius
2464 2284 2686 2338 Domini
2736 2285 2913 2339 nostri
2961 2286 3093 2339 Iesu
3148 2284 3355 2339 Christi
3410 2283 3734 2355 evangelica
3783 2282 3884 2337 illa

495 2374 633 2429 bilia
650 2375 749 2429 illa
762 2374 934 2428 nimis
953 2374 1254 2429 hominum
1271 2374 1661 2427 blandimenta
1674 2374 2001 2445 pertimeas.
2018 2375 2138 2430 Non

2240 2381 2396 2449 gesta
2447 2380 2803 2447 convertere;
2866 2382 2923 2433 et
2978 2378 3232 2433 invenies
3277 2377 3441 2432 illum
3480 2378 3884 2431 dominantium

496 2469 653 2524 enim
682 2469 743 2523 in
772 2469 876 2522 hac
902 2484 963 2522 re
986 2471 1143 2522 tanta
1168 2467 1781 2539 vigilantiaeindustria
1816 2469 2139 2523 adhibenda
2238 2474 2521 2526 Dominum
2575 2473 2763 2543 (Apoc.
2816 2488 2926 2540 xix,
2977 2474 3062 2541 16)
3112 2487 3391 2543 magnum
3444 2470 3606 2525 nobis
3657 2470 3884 2526 dedisse

495 2567 599 2631 est,
641 2567 920 2633 quantum
967 2562 1027 2614 in
1070 2561 1183 2614 illis
1226 2560 1584 2616 sermonibus
1624 2562 1989 2632 repellendis,
2039 2562 2139 2634 qui
2238 2565 2390 2620 inter
2421 2566 2700 2620 humanas
2736 2564 2930 2619 laudes
2968 2565 3309 2620 humilitatis
3344 2565 3693 2636 exemplum.
3729 2565 3883 2619 Hanc

495 2656 585 2712 sib
609 2656 955 2727 rigiditatem
974 2655 1153 2709 animi
1174 2655 1418 2726 quadam
1444 2655 1873 2710 simulationum
1900 2656 2139 2711 delecta-
2238 2675 2374 2731 ergo
2411 2659 2624 2727 excole,
2654 2658 2912 2729 hancque
2950 2659 3283 2729 magistram
3321 2658 3548 2727 habeto,
3593 2658 3742 2712 hanc
3776 2656 3884 2712 tibi

492 2751 646 2806 tione
672 2750 1035 2819 subnervant,
1059 2749 1158 2820 qui
1174 2749 1566 2819 promerendae
1585 2749 1777 2820 gratiae
1797 2750 2005 2818 aditus,
2021 2766 2136 2804 non
2237 2753 2387 2807 inter
2410 2752 2805 2807 laudationum
2831 2751 3124 2806 illecebras
3149 2752 3423 2806 arbitram
3450 2768 3615 2823 pone.
3660 2752 3885 2814 Quanta

495 2845 757 2900 laborum
774 2842 995 2909 merito,
1014 2842 1581 2897 sedadsentationum
1599 2843 1835 2897 rimatur
1849 2844 2132 2898 acumine.
2234 2847 2419 2917 portio
2445 2862 2515 2900 ex
2544 2846 2631 2900 his
2657 2862 2786 2918 quae
2815 2844 3074 2899 homines
3098 2845 3452 2900 adlaudando
3478 2845 3761 2911 tribuunt,
3794 2843 3883 2897 vel

492 2937 662 2994 Utilia
690 2954 826 3009 ergo
852 2937 1040 3008 potius
1067 2953 1239 3007 quam
1270 2936 1635 3007 obsequentia
1663 2936 1832 2990 verba
1871 2937 2131 3008 recipies,
2236 2944 2445 3010 quanto
2471 2945 2731 3011 tempore
2755 2944 2853 2994 tua
2879 2940 2971 3007 sit,
3016 2939 3135 2993 haec
3173 2955 3287 2993 non
3309 2937 3604 3010 permittas
3646 2936 3882 3008 placidis

496 3037 649 3088 recta
675 3031 857 3103 magis
881 3047 1053 3102 quam
1077 3028 1323 3084 affabilis.
1340 3033 1396 3084 et
1413 3029 1667 3100 jucunda
1686 3030 1957 3101 captabis.
1977 3030 2131 3085 Adu-

493 3127 635 3182 lanti
661 3126 943 3197 siquidem
971 3124 1315 3196 adgaudere,
1343 3123 1571 3194 regium
1595 3124 1797 3179 vitium
1827 3129 1910 3179 est
1933 3142 1950 3193 ;
1990 3124 2131 3179 adu-

452 3270 455 3275 .
497 3221 603 3275 lari
626 3236 779 3287 vero,
807 3219 1006 3273 servile
1032 3223 1135 3273 est.
1168 3218 1276 3273 Sed
1317 3218 1575 3289 quamvis
1620 3218 1874 3272 adulanti
1914 3218 2129 3289 adgau-

498 3315 631 3371 dere
656 3314 880 3384 regium
910 3312 1000 3380 sit,
1032 3317 1222 3367 tamen
1249 3311 1449 3366 vitium
1476 3328 1582 3366 usu
1609 3312 1977 3366 vernaculum
2002 3311 2128 3379 hoc,

498 3412 555 3464 et
583 3408 743 3480 quasi
772 3406 1067 3478 proprium
1094 3422 1303 3460 munus
1332 3410 1434 3475 est,
1463 3406 1694 3478 egregie
1733 3406 1901 3460 verba
1928 3410 2128 3477 poten-

496 3508 623 3559 tum
654 3500 942 3572 subsequi,
986 3504 1042 3555 et
1080 3516 1149 3554 ex
1187 3499 1415 3554 illorum
1455 3499 1841 3554 voluntatibus
1882 3500 2129 3553 formare

2235 3034 2464 3088 auribus
2489 3034 2706 3103 audire,
2736 3033 2870 3105 quia
2901 3034 3053 3088 ticta.

2307 3128 2391 3181 ιν.
2429 3128 2717 3183 Postremo
2752 3127 2873 3181 hac
2909 3130 3102 3181 sancta
3146 3126 3464 3192 humilitas,
3510 3123 3805 3178 subductis
3848 3141 3882 3177 a

2232 3224 2289 3275 te
2318 3220 2575 3275 omnium
2600 3220 3029 3275 simulationum
3053 3220 3352 3289 illecebris,
3378 3224 3514 3274 tunc
3539 3217 3642 3272 tibi
3668 3218 3881 3271 caelum

2233 3312 2467 3386 aperiet,
2488 3331 2620 3368 cum
2645 3314 2750 3369 tibi
2773 3314 2833 3367 in
2860 3330 2998 3368 aure
3019 3313 3265 3368 dixerit:
3290 3314 3431 3378 Quia
3458 3319 3605 3367 terra
3632 3326 3685 3364 es
3719 3310 3873 3378 (Gen.

2232 3424 2312 3476 ιιι,
2356 3408 2469 3477 l9);
2507 3412 2641 3461 tunc
2684 3412 2739 3462 te
2778 3408 2838 3461 in
2880 3408 2978 3461 illa
3025 3424 3157 3462 vera
3215 3407 3481 3461 societate
3530 3403 3881 3459 haereditatis

2232 3500 2330 3556 Dei
2369 3500 2701 3570 introducit,
2758 3517 2889 3555 cum
2948 3505 3003 3555 te
3047 3502 3107 3556 in
3154 3500 3419 3555 omnibus
3468 3496 3877 3554 admonuerit:

498 3611 841 3653 sermonem.
868 3596 1007 3648 Nam
1033 3594 1079 3647 si
1104 3593 1241 3665 quid
1266 3594 1409 3649 forte
1434 3592 1805 3659 laudaverint,
1836 3597 1892 3646 et
1928 3593 1987 3647 id
2014 3609 2129 3647 non
2156 3633 2210 3707 Ο
2237 3594 2377 3660 Quia
2400 3595 2551 3649 homo
2575 3611 2629 3650 es
2656 3599 2706 3649 et
2725 3600 2997 3664 peccator.
3026 3596 3094 3649 Et
3131 3612 3263 3649 cum
3298 3593 3588 3648 universas
3633 3590 3881 3645 rationes

498 3691 556 3707 I‘!
660 3696 669 3707 ι
812 3706 840 3707 η
864 3689 902 3707 j'
946 3689 955 3707 ξ
1004 3705 1091 3707 "ﬂ,
1116 3705 1129 3707 4
1158 3706 1163 3707 ,
1188 3688 1395 3707 _,-nl!,_1
1482 3687 1731 3707 _,_AS..___
1780 3691 2037 3707 -_-___-_L
2094 3686 2130 3707 ,Σ
2246 3705 2283 3707 _,
2332 3690 2346 3707 ι
2376 3689 2415 3707 ’κ
2454 3706 2561 3707 κηκγκ
2604 3706 2613 3707 κ
2646 3689 2661 3707 1
2696 3693 2739 3707 1,
2796 3706 2801 3707 ,
2828 3688 2957 3707 --.n,',,
2986 3692 3059 3707 ,-,|
3109 3689 3155 3707 ',_
3186 3689 3201 3707 ‘I
3230 3689 3355 3707 -s!_i_
3386 3684 3723 3707 l--...212‘-l:..
3750 3701 3852 3707 _--_a

496 3691 742 3746 libenter
776 3689 961 3744 audiri
1002 3688 1421 3760 prospexerint,
1472 3687 1738 3742 continuo
1776 3691 2059 3756 accusant,
2089 3686 2136 3739 si
2158 3684 2210 3707 υ
2235 3705 2306 3744 ex
2330 3689 2419 3743 his
2443 3706 2570 3760 qute
2594 3689 2665 3742 ad
2694 3693 2748 3743 te
2775 3688 3087 3760 pertinent,
3105 3689 3166 3743 in
3186 3689 3360 3758 hujus
3386 3684 3726 3742 humilitatis
3747 3701 3881 3755 sup-

496 3785 635 3858 quid
662 3784 830 3857 paulo
855 3787 983 3838 ante
1007 3783 1403 3837 laudaverunt.
1441 3780 1496 3836 Si
1522 3780 1657 3851 quid
1684 3795 1817 3835 vero
1849 3780 2132 3852 vitupera-

494 3879 696 3949 verint,
726 3878 784 3933 id
810 3878 1040 3947 iterum,
1069 3877 1117 3931 si
1162 3876 1243 3931 ita
1278 3880 1517 3947 patrono
1552 3874 1739 3928 visum
1768 3874 1962 3943 fuerit,
2009 3874 2133 3929 lau-

496 3974 655 4029 dant.
686 3975 866 4044 Atque
895 3973 975 4027 ita
1000 3972 1150 4026 inter
1176 3970 1279 4024 hos
1306 3969 1447 4023 tales
1473 3968 1684 4023 adulati
1711 3968 1936 4023 animus
1956 3969 2138 4024 fertur

496 4072 770 4138 tanquam
794 4067 951 4121 navis
976 4066 1123 4121 inter
1148 4064 1327 4119 varios
1354 4078 1624 4117 aurarum
1648 4061 1835 4132 ﬂatus,
1866 4063 2003 4133 quia
2020 4079 2135 4118 non

498 4161 668 4217 habet
692 4162 844 4216 unde
870 4164 1033 4217 exeat
1055 4163 1111 4214 et
1138 4159 1466 4213 ﬂuctuatur.
1500 4157 1650 4210 Inter
1673 4146 1778 4210 hos
1796 4154 1799 4159 ’
1819 4172 1957 4227 ergo
1990 4171 2133 4228 quo-

498 4273 630 4312 rum
656 4255 976 4311 uberrimus
1001 4257 1267 4326 quaestus,
1297 4249 1390 4304 hic
1415 4248 1660 4304 maxime
1700 4253 1803 4319 est,
1843 4249 2136 4305 desideriis

497 4352 685 4407 vivere
734 4349 953 4419 alienis,
1004 4348 1263 4403 animum
1305 4347 1470 4398 tuum
1524 4359 1747 4398 summa
1783 4342 2136 4399 discretionis

499 4461 765 4501 mensura
806 4442 1158 4513 constringe;
1204 4442 1269 4493 ut
1305 4453 1437 4492 cum
1474 4436 1642 4491 multi
1678 4437 1972 4493 adulantes
2000 4438 2135 4493 hinc

499 4544 669 4612 atque
696 4539 825 4593 inde
853 4536 998 4591 nihil
1026 4533 1180 4588 aliud
1206 4532 1317 4586 nisi
1350 4534 1572 4586 tantum
1601 4531 1754 4604 quod
1782 4532 2019 4587 delectet
2042 4532 2131 4587 in-

499 4636 746 4702 sinuant,
773 4631 1072 4686 offerentes
1098 4626 1357 4699 quaedam
1385 4625 1582 4697 gloriae
1619 4625 1809 4696 verba,
1843 4624 1904 4679 in
1928 4625 2134 4697 quibus

497 4729 605 4785 hoc
626 4727 733 4784 tibi
757 4724 965 4781 dicitur
990 4721 1142 4794 quod
1164 4724 1228 4789 et
1253 4720 1385 4789 Deo,
1415 4736 1687 4791 agnoscas
1715 4719 1860 4774 nihil
1878 4720 2034 4775 aliud
2064 4738 2133 4775 ex

496 4823 588 4880 his
621 4819 917 4894 proprium
952 4822 1117 4872 tuum
1153 4831 1295 4884 esse,
1332 4814 1443 4869 nisi
1482 4814 1589 4868 hoc
1631 4818 1851 4869 tantum
1887 4815 2038 4887 quod
2078 4819 2133 4870 et

432 4922 439 4927 '
494 4922 706 4983 tecum,
736 4918 791 4968 et
819 4928 949 4966 cum
975 4911 1044 4967 de
1070 4911 1175 4966 hac
1200 4911 1316 4966 vita
1340 4909 1662 4977 excesseris,
1693 4926 2132 4980 permansurum

497 5013 601 5067 est.

572 5104 657 5159 lll.
693 5103 753 5156 In
779 5100 1042 5155 omnibus
1081 5115 1217 5169 ergo
1262 5097 1325 5152 in
1358 5097 1565 5169 quibus
1610 5099 2000 5155 adulationum
2039 5098 2127 5153 ni-

495 5199 695 5256 mietas
720 5195 891 5251 etiam
910 5192 1183 5249 terminos
1208 5192 1428 5247 homini
1460 5197 1841 5265 competentes
1870 5192 2126 5262 excessit,

494 5292 638 5349 illud
674 5288 1001 5345 Davidicum
1043 5286 1423 5342 recordaveris
1466 5287 1892 5357 documentum,
1926 5286 1986 5340 in
2016 5303 2128 5357 quo

492 5386 593 5443 ille
616 5400 833 5441 venena
864 5382 1255 5437 adulationum
1289 5381 1560 5451 devitans,
1584 5382 1664 5436 ait
1700 5398 1714 5436 :
1749 5380 2014 5449 Com'ipiet
2048 5396 2128 5435 me

485 5482 677 5551 justus
718 5481 779 5533 in
822 5477 1216 5539 misericordia,
1253 5481 1301 5530 ct
1336 5480 1527 5544 arguet
1568 5491 1697 5541 me;
1742 5476 1915 5528 oleum
1949 5479 2127 5529 autem

487 5576 789 5648 peccatoris
828 5589 933 5627 non
972 5573 1270 5643 impinguet
1308 5576 1473 5642 caput
1509 5585 1685 5624 meum
1733 5568 1841 5639 (Ps.
1893 5583 2011 5635 CXL,
2051 5569 2123 5639 ὅ).

565 5716 590 5744 ⁸
615 5716 798 5785 Forte,
829 5718 893 5769 ut
912 5712 1077 5769 lectio
1106 5714 1344 5779 constet,
1371 5708 1700 5780 legendum,
1733 5712 1793 5765 ut
1810 5708 2122 5780 providae...

486 5788 895 5921 prf‘ifngiiéuia
914 5860 963 5917 si
978 5853 1296 5915 redundare
1314 5851 1555 5922 videtur,
1586 5849 1838 5926 alioquin
1856 5867 2127 5927 suspensa

2234 3782 2524 3855 putatione
2544 3782 2901 3854 prospexeris
2933 3782 3160 3853 (miram
3200 3798 3323 3837 rem
3354 3781 3576 3851 dicam),
3620 3778 3878 3834 invenies

2235 3876 2495 3936 homines
2522 3876 2593 3931 ad
2620 3876 2851 3931 honoris
2876 3877 2961 3931 tui
2988 3877 3285 3931 cumulum
3312 3872 3735 3946 augmentando
3763 3872 3877 3926 mi-

2234 3987 2430 4040 nuere,
2486 3971 2634 4025 hanc
2684 3986 2817 4024 vero
2875 3971 3050 4024 solam
3102 3968 3415 4024 minuendo
3464 3968 3591 4039 plus
3642 3966 3875 4021 addere.

2236 4065 2509 4130 Quantum
2539 4080 2661 4133 ergo
2686 4080 2916 4132 magnus
2953 4081 3027 4125 es,
3055 4069 3120 4119 ut
3147 4064 3227 4118 ait
3263 4062 3546 4130 Salomon,
3584 4065 3801 4115 tantum
3829 4066 3878 4114 te

2236 4159 2466 4213 humilia
2492 4158 2674 4229 (Eccli.
2706 4176 2788 4228 ιιι,
2816 4158 2928 4229 20).
2967 4158 3110 4222 Quia
3152 4162 3208 4212 et
3248 4174 3381 4212 cum
3421 4156 3630 4210 multos
3662 4153 3875 4225 guber-

2235 4252 2476 4321 naveris,
2506 4268 2621 4307 non
2646 4258 2734 4307 est
2759 4257 2949 4308 tamen
2979 4251 3268 4323 perfectio,
3299 4251 3343 4305 si
3379 4251 3485 4304 hoc
3510 4247 3662 4321 quod
3691 4248 3879 4319 majus

2236 4352 2338 4416 est,
2364 4351 2429 4401 tu
2455 4347 2604 4401 solus
2630 4346 2925 4416 restiteris,
2955 4362 3128 4417 quem
3166 4344 3483 4417 gubernare
3516 4359 3632 4397 non
3670 4340 3875 4412 possis.

2233 4441 2389 4495 Tunc
2415 4441 2571 4495 enim
2596 4440 2723 4495 aliis
2753 4456 2883 4495 vere
2924 4439 3172 4511 prazibis,
3212 4455 3345 4493 cum
3388 4437 3546 4509 prius
3581 4428 3879 4507 praeiveris

2232 4534 2356 4589 tibi.
2387 4534 2496 4589 Nec
2524 4534 2677 4588 enim
2706 4533 2867 4588 malis
2896 4550 3049 4588 nunc
3074 4550 3232 4605 ergo,
3271 4532 3369 4587 sed
3408 4547 3582 4603 quam
3623 4528 3876 4583 maxime

2232 4627 2396 4683 bonis
2421 4628 2541 4683 haec
2578 4628 2799 4699 loquor.
2839 4628 2980 4682 Nam
3023 4628 3070 4682 si
3107 4627 3179 4682 ad
3216 4625 3615 4697 magisterium
3650 4623 3749 4677 Dei
3779 4639 3873 4678 re-

2233 4722 2452 4794 spicias,
2484 4738 2598 4777 non
2635 4723 2818 4778 solum
2854 4722 3157 4794 peccatori,
3187 4721 3286 4775 sed
3323 4720 3528 4774 sanctis
3565 4719 3696 4773 data
3719 4734 3872 4788 prae-

2232 4821 2394 4888 cepta
2422 4819 2575 4872 sunt.
2611 4816 2823 4871 Dicitur
2848 4820 2905 4870 et
2931 4815 3041 4870 illis
3066 4816 3303 4870 verbum
3329 4812 3600 4878 veritatis,
3630 4827 3743 4866 non
3782 4816 3870 4866 ta-

2232 4927 2365 4965 men
2394 4915 2456 4965 ut
2500 4911 2640 4964 fiant
2684 4909 2840 4978 boni,
2885 4911 3037 4982 quod
3080 4912 3249 4979 sunt;
3298 4908 3394 4963 sed
3428 4924 3501 4962 ne
3533 4907 3673 4961 ﬁant
3708 4906 3869 4971 mali,

2152 5005 2382 5085 unod
2428 5020 2545 5059 non
2583 5009 2735 5059 sunt.
2779 5004 2957 5060 Credo
2993 5008 3183 5059 autem
3220 5002 3356 5075 quia
3389 5001 3552 5056 bonis
3592 5000 3719 5071 plus
3760 4998 3871 5053 hoc

2231 5098 2383 5171 quod
2408 5114 2638 5170 purum,
2670 5098 2824 5169 quod
2849 5098 3133 5153 sincerum
3160 5102 3262 5167 est,
3288 5097 3527 5168 placeat.
3555 5095 3695 5149 Nam
3720 5093 3872 5148 Deus

2227 5198 2420 5247 noster
2447 5209 2563 5248 non
2585 5195 2808 5246 tantum
2834 5191 3091 5246 dulcibus
3114 5190 3478 5245 adorantium
3498 5205 3556 5244 se
3582 5185 3869 5259 precibus,

2228 5290 2507 5358 quantum
2554 5285 2876 5340 innocentia
2914 5289 2970 5340 et
3014 5283 3375 5356 simplicitate
3419 5282 3695 5354 placatur.
3735 5280 3871 5335 Plus

2226 5380 2339 5436 illis
2392 5385 2584 5436 autem
2628 5379 2924 5448 inclinans,
2979 5379 3079 5451 qui
3131 5379 3408 5433 sinceram
3452 5389 3771 5448 puramque
3819 5374 3872 5429 ei

2227 5479 2479 5531 mentem
2504 5473 2771 5540 offerunt,
2800 5490 2974 5545 quam
2999 5473 3101 5545 qui
3127 5472 3320 5528 suavia
3356 5470 3679 5526 orationum
3707 5468 3866 5524 intu-

2226 5568 2397 5625 lerint
2418 5567 2826 5624 blandimenta.
2855 5568 2975 5624 Non
2996 5568 3152 5624 enim
3176 5567 3248 5623 ad
3273 5565 3452 5622 alium
3471 5563 3617 5622 mihi
3639 5563 3708 5620 de
3725 5579 3868 5619 vana

2226 5708 2527 5765 sententia.
3388 5774 3392 5776 ἓ
3447 5772 3450 5776 ι

2297 5793 2319 5824 ο
2351 5782 2432 5839 lta
2459 5779 2848 5853 rescripsimus
2867 5796 2980 5853 quo
3007 5779 3348 5839 titulamento
3376 5774 3523 5839 Edit.
