4020 6232
152 342 207 397 il
1094 345 1371 402 MARTINI
1409 340 1764 405 DUMIENSIS
1801 350 2199 406 OPL'SCULUM
2241 349 2322 403 Vl.
2363 348 2450 403 DE
2490 349 2620 403 ΙΒΑ.
3472 350 3539 403 42

155 450 329 523 gloria
352 456 458 506 aut
493 452 776 523 superbia
800 453 980 508 visum
1013 458 1099 507 est
1120 453 1297 525 loqui,
1329 455 1439 509 nisi
1468 456 1537 511 ad
1565 461 1640 525 te,
1671 458 1799 529 qui-
1825 471 1882 543 Α
1902 458 2089 513 corde.
2124 459 2259 512 Ecce
2297 457 2404 512 hoc
2441 463 2543 527 est,
2576 456 2727 528 quod
2755 456 3115 511 incurvatum
3142 456 3347 528 sapius
3373 456 3544 528 erigit

153 559 399 615 cumque
425 545 594 616 prior
621 562 685 600 es
712 546 835 601 aliis
863 565 876 601 :
908 547 1007 618 qui
1032 548 1138 602 etsi
1177 564 1293 602 non
1327 550 1583 620 recipias,
1612 556 1804 606 tamen

152 653 349 692 omnes
393 639 520 693 haec
568 639 865 711 ingerunt,
918 657 1112 694 omnes
1170 641 1557 712 blandiuntur,
1609 660 1805 699 omnes

156 731 443 787 extollunt
466 750 484 801 ;
514 748 691 786 nemo
717 749 786 787 ex
823 733 931 787 illis
957 733 1013 787 id
1043 733 1318 803 offerens;
1356 736 1508 806 quod
1538 736 1616 790 ita
1644 737 1805 791 dulce

155 825 244 893 sit,
275 829 341 878 ut
381 831 579 879 tamen
606 842 641 879 a
665 824 916 897 periculo
956 826 1126 899 longe
1167 826 1258 881 sit.
1293 829 1403 883 Nec
1448 829 1601 883 enim
1629 830 1807 885 miror

155 918 425 972 omnibus
464 934 588 972 esse
622 918 684 973 in
720 922 1012 991 promptu,
1042 920 1178 991 quia
1217 920 1449 976 laudare
1492 927 1801 993 potentem,

156 1010 300 1064 sicut
323 1027 434 1065 nec
458 1011 639 1082 labor,
666 1012 747 1066 ita
768 1028 873 1066 nec
895 1012 1068 1067 timor
1093 1017 1197 1068 est.

230 1104 292 1157 V.
321 1104 450 1158 Tibi
478 1105 659 1175 igitur
676 1120 769 1159 me
797 1107 1050 1177 oportuit
1075 1107 1197 1161 haec
1226 1108 1565 1164 humilitatis
1588 1109 1801 1164 instru-

155 1201 352 1251 menta
387 1198 704 1269 porrigere,
733 1198 841 1252 tibi
879 1199 1273 1270 gubernaculi,
1305 1201 1562 1272 quamvis
1587 1207 1645 1256 et
1683 1203 1803 1273 ipse

156 1288 392 1359 habeas,
421 1290 595 1346 etiam
632 1291 738 1345 hoc
780 1292 1135 1363 superﬂuum
1170 1294 1378 1348 addere
1414 1296 1800 1350 moderamen.

157 1381 299 1445 Quia
350 1383 435 1437 ibi
490 1399 717 1455 semper
759 1385 1019 1440 elationis
1059 1385 1261 1440 fortior
1308 1392 1508 1442 ventus
1556 1393 1661 1457 est,
1703 1388 1804 1442 ubi

157 1474 367 1530 honori
412 1476 612 1531 fortior
651 1477 910 1533 altitudo.
950 1479 1127 1549 Cupio
1170 1496 1308 1551 ergo
1354 1485 1409 1535 te
1447 1486 1579 1535 ante
1616 1480 1804 1534 oculos

157 1567 257 1622 Dei
297 1568 512 1640 quibus
554 1570 708 1625 nuda
743 1577 828 1626 est
872 1572 1103 1642 abyssus
1142 1573 1409 1627 humana:
1450 1574 1803 1629 conscientia:

158 1661 373 1716 humili
420 1662 591 1717 corde
630 1679 856 1735 semper
886 1664 1169 1735 incedere,
1200 1665 1332 1738 quia
1366 1666 1639 1738 scriptum
1677 1672 1800 1722 est:

160 1756 341 1825 Super
400 1772 577 1825 quem,
636 1756 827 1829 inquit
881 1758 1172 1828 Dominus,
1230 1762 1525 1828 requiescet
1576 1763 1805 1830 spiritus

1903 551 2216 606 inimicum.
2240 552 2538 605 Peccatum
2563 566 2811 621 namque
2831 549 3087 603 elationis
3114 554 3342 617 nostrae,
3367 548 3541 604 robur

1903 643 2074 698 illius.
2102 644 2226 698 Sola
2264 660 2400 714 ergo
2439 642 2731 697 humilitas
2768 642 2951 697 cordis
2990 646 3093 709 est,
3125 659 3253 714 quas
3282 660 3340 697 se
3375 643 3536 697 inﬁr-

1903 753 2057 791 mam
2094 736 2347 805 dicendo,
2382 734 2571 790 omnia
2608 740 2810 807 potest,
2842 751 2968 807 quze
3008 739 3191 789 totum
3217 736 3369 807 quod
3407 736 3543 790 boni

1905 835 1989 885 est
2026 829 2268 898 obtinet,
2302 830 2553 909 Deo‘hoc
2588 845 2813 900 semper
2853 830 3209 900 applicando,
3246 846 3360 884 non
3397 829 3536 899 sibi;

1904 923 1964 977 in
2005 940 2117 994 qua
2160 923 2208 977 si
2251 923 2376 994 quis
2424 923 2754 993 ascenderit,
2793 939 2909 977 non
2947 924 3119 979 habet
3155 923 3310 978 unde
3355 923 3536 979 cadat.

1905 1016 2115 1071 Omnes
2172 1016 2294 1070 alite
2343 1015 2579 1070 virtutes
2634 1016 2705 1069 ad
2756 1016 3163 1087 perfectionem
3216 1033 3376 1071 suam
3439 1033 3541 1088 per

1904 1110 2121 1164 excelsa
2158 1108 2419 1180 quaedam
2464 1125 2567 1162 nos
2600 1112 2655 1162 et
2696 1108 2874 1163 ardua
2909 1114 3177 1180 poterunt
3210 1126 3537 1181 provocare,

1904 1203 2024 1257 haec
2049 1202 2168 1257 sola
2190 1202 2250 1256 in
2282 1202 2451 1272 plano
2482 1207 2595 1269 est;
2636 1205 2692 1255 et
2717 1202 2973 1272 quamvis
2999 1202 3272 1257 humilior
3452 1203 3534 1257 vi-

1904 1295 2121 1363 deatur,
2162 1295 2300 1349 caelo
2336 1299 2527 1348 tamen
2562 1299 2646 1347 est
2690 1293 2874 1363 altior,
2916 1294 3049 1365 quia
3091 1295 3153 1349 in
3188 1312 3368 1366 regno
3414 1295 3537 1365 ejus

1904 1388 2196 1442 hominem
2238 1404 2353 1441 non
2399 1386 2774 1455 ascendendo,
2827 1385 2925 1440 sed
2974 1387 3360 1443 descendendo
3404 1404 3536 1459 per-

1904 1482 2079 1536 ducit.
2106 1483 2211 1535 Per
2251 1482 2397 1535 hanc
2428 1480 2799 1535 obtinuerunt
2843 1480 3020 1534 sancti
3050 1481 3258 1535 futuras
3293 1481 3535 1536 beatitu-

1905 1575 2050 1629 dinis
2102 1574 2355 1645 praemia,
2407 1574 2786 1628 custodientes
2833 1572 3183 1627 dominicum
3233 1574 3374 1628 illud
3421 1575 3538 1629 elo-

1904 1668 2105 1739 quium
2138 1683 2151 1721 :
2182 1669 2335 1723 Beati
2353 1683 2624 1738 pauperes
2650 1668 2870 1736 spiritu,
2904 1669 3161 1736 quoniam
3194 1669 3435 1737 ipsorum
3464 1674 3541 1722 est

1906 1776 2130 1827 regnum
2175 1762 2425 1815 caelorum
2463 1759 2675 1837 (Matth_.
2716 1775 2769 1827 ν,
2809 1760 2881 1829 3).
2925 1760 3019 1814 Ille
3063 1760 3276 1814 scilicet
3306 1764 3390 1814 est
3431 1759 3539 1814 hu-

159 1864 332 1910 meus,
351 1851 468 1904 nisi
483 1864 649 1920 super
662 1851 915 1904 humilem
935 1856 986 1905 et
1005 1857 1312 1906 trementem
1330 1854 1495 1907 verba
1516 1870 1633 1907 mea
1653 1852 1801 1923 (Isai.
1826 1841 1882 1912 B
1906 1853 2077 1923 milis,
2107 1854 2206 1924 qui
2238 1854 2443 1924 spiritu
2479 1854 2682 1924 plenus
2713 1857 2816 1921 est,
2845 1851 2984 1906 ﬂatu
3010 1853 3259 1923 quodam
3286 1852 3542 1907 elationis

160 1954 304 2010 uvr,
332 1942 433 2012 2)?
473 1942 650 2014 Cupio
689 1947 744 1998 te
779 1944 973 1998 omnia
1012 1945 1277 1999 mandata
1311 1945 1516 2000 Christi
1551 1962 1803 2016 servare;

160 2038 217 2088 et
262 2051 401 2088 cum
439 2035 540 2089 illa
577 2036 842 2107 operibus
885 2037 1050 2092 bonis
1090 2037 1424 2110 adimpleas,
1472 2039 1611 2093 illud
1655 2040 1809 2111 quod

161 2127 298 2199 ipsis
320 2128 595 2199 apostolis
621 2129 836 2184 dictum
865 2135 969 2200 est,
1002 2131 1309 2186 recordari.
1342 2132 1432 2186 Ait
1457 2132 1613 2187 enim
1647 2133 1759 2186 illis
1790 2150 1803 2186 :

160 2223 229 2275 Et
261 2236 386 2275 cum
420 2222 535 2276 lucc
556 2225 737 2276 omnia
770 2225 1008 2291 feceritis
1032 2241 1153 2293 qua:
1176 2225 1375 2279 mando
1404 2226 1575 2289 vobis,
1599 2226 1760 2280 dicite
1788 2246 1804 2280 :

161 2314 302 2380 Quia
322 2316 473 2369 servi
496 2316 718 2371 inutiles
740 2318 986 2383 fuimus;
1019 2334 1140 2387 quae
1160 2319 1442 2373 debuimus
1466 2321 1647 2386 facere
1669 2321 1805 2387 feci-

158 2423 280 2462 mus
323 2409 477 2478 (Luc.
505 2425 637 2477 xvu,
676 2411 791 2479 l0);
834 2409 891 2464 id
932 2415 1035 2480 est,
1067 2428 1184 2466 non
1230 2429 1300 2467 ex
1338 2412 1486 2467 dono
1534 2417 1809 2484 tanquam

159 2500 350 2569 liberi,
398 2501 498 2556 sed
537 2517 607 2556 ex
651 2501 839 2557 debito
887 2508 1162 2575 tanquam
1207 2505 1374 2560 servi.
1413 2506 1614 2560 Nullus
1654 2505 1809 2559 enim

158 2594 425 2666 quamvis
450 2594 734 2666 perfectus
763 2595 824 2649 in
845 2596 1111 2651 omnibus
1127 2598 1233 2664 vir,
1256 2598 1333 2653 ita
1360 2598 1662 2670 aliquando
1687 2598 1808 2652 haec

157 2688 582 2760 praoccupavit
607 2705 734 2759 quae
759 2690 871 2743 Deo
900 2695 1033 2744 sunt
1058 2691 1285 2761 placita,
1316 2696 1379 2746 ut
1407 2692 1565 2762 prius
1595 2691 1809 2763 aliquid

161 2781 245 2835 illi
280 2780 567 2849 fenerans,
611 2798 727 2836 non
770 2782 992 2837 debitor
1027 2783 1216 2854 fuerit,
1253 2785 1348 2839 sed
1392 2789 1637 2840 exactor.
1674 2785 1808 2849 Quis

162 2874 321 2929 enim
365 2873 586 2946 aliquid
622 2874 813 2943 habet,
853 2876 1007 2946 quod
1046 2876 1116 2930 ab
1152 2877 1247 2931 illo
1286 2876 1480 2932 datum
1519 2895 1635 2932 non
1688 2880 1810 2933 est?

162 2972 281 3024 Aut
316 2969 467 3037 quis,
494 2967 640 3022 sicut
672 2968 970 3039 Apostolus
1005 2970 1105 3037 ait,
1136 2972 1296 3041 prior
1333 2971 1483 3025 dedit
1508 2972 1614 3036 illi,
1644 2976 1699 3026 et
1722 2989 1807 3026 re-

164 3061 444 3115 tn‘buetur
482 3063 575 3113 ei?
615 3058 880 3126 Quoniam
919 3064 1101 3117 omnia
1136 3079 1205 3117 ea:
1242 3065 1380 3133 ipso,
1414 3069 1465 3118 et
1480 3080 1585 3133 per
1608 3066 1807 3134 ipsum,

163 3160 213 3210 et
255 3157 318 3208 in
359 3155 481 3224 ipso
509 3171 527 3206 :
554 3154 660 3223 ipsi
710 3155 886 3221 gloria
932 3157 991 3209 in
1034 3157 1252 3211 scecula.
1297 3156 1474 3211 Amen
1517 3156 1683 3227 (Rom.
1730 3173 1806 3227 x1,

167 3250 257 3317 35,
292 3248 407 3317 36).
1298 3288 1304 3299 .

234 3340 325 3396 Vl.
355 3340 497 3395 Ecce
526 3339 648 3395 haec
675 3344 759 3395 est
785 3357 917 3395 vera
942 3340 1041 3396 illa
1076 3345 1131 3398 et
1156 3342 1474 3398 Christiana
1497 3343 1807 3398 humilitas.

164 3434 227 3489 In
266 3434 375 3489 hac
412 3449 509 3488 eos
546 3433 751 3506 quibus
786 3433 1320 3508 praesides,-0ptime
1357 3436 1719 3508 gubernabis.
1750 3438 1811 3490 In

162 3526 270 3583 hac
295 3526 593 3582 victoriam
631 3544 699 3582 ex
732 3529 890 3582 omni
919 3527 1054 3583 vitio
1092 3528 1302 3600 poteris
1335 3529 1668 3601 promereri,
1700 3529 1835 3584 Deo]

162 3620 273 3676 hoc
322 3619 480 3692 quod
521 3620 722 3675 viceris
767 3621 1094 3692 tribuendo,
1129 3638 1245 3677 non
1287 3622 1411 3679 tibi.
1453 3623 1612 3693 Nam,
1658 3622 1811 3693 quod

162 3713 488 3787 aliquoties,
534 3713 808 3786 patientia
848 3715 1013 3784 victa,
1060 3714 1192 3771 vitia
1229 3716 1440 3771 iterum
1476 3715 1621 3771 vires
1662 3714 1807 3769 acci-

164 3807 353 3881 piunt,
398 3805 548 3863 nihil
587 3807 743 3863 aliud
790 3813 896 3877 est,
940 3808 1085 3863 mihi
1129 3808 1314 3878 crede,
1357 3809 1467 3864 nisi
1519 3809 1653 3881 quia
1694 3826 1812 3864 non

164 3901 410 3956 dicimus
450 3901 582 3968 Deo,
610 3902 763 3973 quod
803 3901 1170 3974 belligerator
1198 3902 1293 3956 ille
1331 3902 1502 3957 David
1537 3901 1686 3957 bella
1711 3902 1812 3956 Do—

165 3994 312 4049 mini
349 3993 573 4049 bellans
605 4013 619 4049 :
649 3996 716 4049 In
757 3999 825 4057 te,
871 3995 1079 4067 inquit,
1107 3996 1353 4050 inimicos
1389 4000 1598 4050 nostros
1636 3995 1810 4050 venti-

170 4089 428 4151 laeimus,
468 4092 519 4143 et
558 4090 617 4142 in
654 4090 869 4143 nomine
898 4094 990 4144 tuo
1028 4090 1336 4159 spernimus
1374 4091 1710 4158 insurgentes
1752 4090 1812 4142 in

168 4197 265 4236 nos
301 4182 412 4252 (Ps.
450 4197 602 4251 mu,
644 4182 718 4252 6).
751 4183 819 4236 Et
852 4181 1062 4237 iterum
1099 4199 1113 4236 :
1154 4182 1293 4248 Quia
1332 4198 1440 4237 non
1471 4184 1671 4237 virtute
1711 4197 1814 4237 sua

161 4266 357 4346 potens
396 4279 474 4330 est
506 4276 622 4341 vir;
658 4276 918 4330 Dominus
957 4277 1234 4346 inﬁmum
1255 4278 1393 4344 facit
1436 4275 1813 4330 adversarium

169 4368 309 4438 ejus.
334 4366 446 4423 Sed
478 4367 625 4423 forte
662 4368 1039 4439 respondetur
1073 4368 1215 4425 milii
1247 4386 1261 4424 :
1290 4370 1437 4441 Ergo
1464 4373 1521 4424 et
1558 4370 1670 4423 Deo
1695 4384 1814 4423 non

164 4461 394 4533 agimus
434 4461 664 4533 gratias,
695 4478 813 4518 non
846 4462 1148 4518 referimus
1174 4462 1409 4517 laudes?
1451 4462 1650 4533 Credo,
1679 4460 1814 4534 quia

166 4554 393 4627 agimus
421 4554 660 4626 gratias;
689 4558 875 4627 potest
909 4555 1056 4624 ﬁeri,
1086 4556 1184 4611 sed
1208 4555 1381 4611 verbo
1408 4560 1593 4625 tenus,
1623 4555 1720 4610 sed
1749 4555 1812 4609 in
1831 4580 1890 4650 D

1906 1946 2201 2001 abundans
2229 1947 2428 2015 elatus,
2459 1951 2523 2000 ut
2548 1950 2674 2000 uter
2698 1950 2801 2000 est.

1979 2040 2086 2092 Vll.
2140 2039 2246 2093 Sed
2289 2038 2410 2107 jam
2459 2038 2743 2109 quomodo
2791 2038 2912 2108 ipsa
2959 2039 3138 2093 virtus
3188 2038 3539 2106 obtineatur,

1906 2132 2150 2186 Charitas
2188 2136 2286 2185 tua
2328 2131 2617 2202 paulisper
2654 2130 2928 2184 intendat.
2973 2132 3030 2183 In
3076 2130 3278 2202 primis
3316 2131 3361 2184 si
3407 2133 3545 2203 quid

1906 2225 2149 2279 volueris
2189 2224 2323 2278 boni
2373 2224 2557 2295 operis
2604 2223 2891 2292 inchoare,
2940 2239 3057 2277 non
3105 2224 3212 2277 hoc
3255 2224 3543 2294 proposito

1908 2317 2267 2388 acquirendas
2295 2316 2496 2385 laudis,
2525 2315 2622 2369 sed
2658 2314 2844 2369 studio
2872 2314 3250 2370 inchoationis
3274 2316 3544 2370 faciendas

1907 2410 2172 2464 bonitatis
2187 2409 2442 2480 incipies.
2462 2408 2674 2462 Dehinc
2691 2424 2822 2462 cum
2842 2402 3159 2481 perfectum
3182 2408 3355 2462 fuerit
3379 2415 3541 2478 opus,

1912 2503 2053 2558 illud
2081 2503 2460 2575 quodcunque
2490 2507 2573 2556 est
2606 2517 2769 2573 opus,
2797 2501 2954 2555 omni
2980 2501 3233 2556 custodia
3266 2517 3422 2555 serva
3450 2518 3548 2556 cor

1908 2601 2092 2663 tuum,
2121 2612 2193 2650 ne
2230 2596 2374 2650 forte
2404 2595 2670 2650 humanis
2695 2594 2977 2649 favoribus
3004 2582 3384 2665 acquiescens,
3413 2594 3547 2649 inde

1908 2695 1963 2745 te
2001 2689 2349 2757 existimans,
2377 2689 2482 2743 tibi
2508 2689 2629 2759 ipse
2658 2688 3034 2758 complaceas;
3073 2692 3174 2741 aut
3200 2688 3451 2759 aliquam
3475 2704 3546 2742 ex

1907 2783 2104 2854 quovis
2140 2787 2270 2837 actu
2305 2782 2547 2852 gloriam
2586 2797 2827 2852 quaeras,
2857 2781 2993 2852 quia
3017 2785 3221 2835 natura
3249 2781 3443 2851 glorias
3469 2781 3548 2835 ita

1909 2881 2011 2944 est,
2040 2879 2105 2930 ut
2143 2875 2347 2929 umbra
2389 2874 2643 2946 corporis
2671 2890 2685 2928 :
2716 2874 2764 2928 si
2797 2874 2952 2927 illam
2987 2873 3258 2945 sequeris,
3289 2873 3471 2945 fugit;
3500 2874 3549 2927 si

1907 2969 2142 3041 fugeris,
2173 2968 2450 3040 sequitur.
2479 2968 2586 3022 Sed
2612 2983 2835 3038 semper
2867 2972 2922 3021 te
2951 2966 3257 3020 minimum
3286 2966 3547 3022 omnium

1908 3062 2146 3131 asstima,
2176 3066 2233 3116 et
2258 3060 2619 3115 reminiscere
2650 3077 2663 3114 :
2696 3058 2983 3131 Quidquid
3019 3059 3125 3114 tibi
3151 3059 3211 3114 in
3250 3060 3407 3114 omni
3431 3060 3549 3114 vita

1910 3155 2045 3209 boni
2078 3153 2426 3223 successerit,
2456 3157 2642 3208 totum
2683 3153 2790 3207 hoc
2827 3152 2941 3208 Deo
2976 3152 3076 3223 qui
3105 3152 3280 3221 dedit,
3300 3169 3416 3207 non
3443 3151 3549 3207 tibi

1910 3249 2010 3320 qui
2046 3248 2327 3319 accepisti,
2357 3246 2693 3316 conscribas,
2717 3246 3056 3301 convincens
3083 3250 3139 3301 te
3167 3246 3263 3302 illo
3292 3246 3546 3302 testimo-

1910 3342 2006 3396 nio
2035 3340 2193 3396 Pauli
2220 3357 2234 3395 :
2266 3341 2409 3407 Quid
2436 3344 2618 3394 autem
2648 3341 2829 3402 habes,
2861 3339 3006 3409 quod
3034 3355 3142 3394 non
3179 3340 3552 3409 accepisti?Si

1910 3439 2090 3491 autem
2132 3436 2403 3503 accepisti,
2451 3433 2585 3503 quid
2632 3434 2887 3502 gloriaris
2932 3435 3094 3502 quasi
3134 3448 3241 3487 non
3288 3435 3548 3503 acceperis

1912 3529 1953 3597 (Ι
1981 3530 2100 3585 Cor.
2131 3543 2204 3593 ιν,
2234 3526 2330 3597 7)?
2376 3525 2650 3581 Similiter
2683 3530 2741 3579 et
2776 3525 2918 3579 illud
2953 3524 3327 3595 apostolicum
3358 3542 3373 3580 :
3409 3527 3549 3592 Quia

1910 3636 2061 3676 omne
2100 3621 2292 3675 datum
2328 3622 2591 3689 optimum
2624 3624 2676 3673 et
2709 3634 2863 3673 omne
2902 3619 3102 3673 donum
3123 3620 3423 3689 perfectum
3449 3619 3545 3672 de-

1907 3730 2120 3771 sursum
2163 3718 2259 3776 est,
2300 3713 2616 3768 descendens
2640 3728 2675 3765 a
2699 3715 2862 3767 Patre
2908 3712 3174 3766 luminum
3200 3710 3333 3782 (Jac.
3367 3727 3405 3777 ι,
3437 3711 3545 3784 17).

1910 3809 2165 3878 Cumque
2188 3822 2257 3860 ex
2284 3805 2372 3859 his
2398 3803 2824 3876 pretiosissimis
2858 3807 3068 3858 sancte
3094 3803 3432 3859 humilitatis
3460 3803 3546 3859 lae

1911 3900 2095 3972 pibus,
2133 3899 2195 3953 in
2231 3898 2398 3953 corde
2432 3901 2531 3950 tuo
2570 3895 2804 3966 Spiritui
2842 3901 3035 3951 sancto
3070 3896 3348 3966 templum
3386 3912 3549 3952 orna-

1911 3993 2076 4061 veris,
2102 3998 2239 4047 tunc
2275 4006 2441 4044 orans
2485 3989 2545 4043 in
2586 4005 2673 4059 eo,
2711 4004 3005 4046 assumens
3047 3988 3333 4045 canticum
3374 3989 3548 4046 David

1911 4086 2223 4159 prophetae,
2251 4100 2367 4139 non
2390 4082 2561 4138 verbo
2591 4086 2835 4150 tantum,
2864 4083 2958 4138 sed
2996 4087 3054 4139 et
3080 4099 3250 4155 opere
3283 4083 3547 4140 decantao

1911 4181 1997 4235 bis
2027 4196 2040 4234 :
2072 4180 2291 4235 Domine
2312 4181 2525 4251 nonest
2549 4178 2855 4232 ewaltatum
2883 4193 2973 4233 cor
2996 4194 3192 4241 meum,
3213 4193 3381 4248 neque
3418 4179 3553 4233 elati

1910 4279 2037 4329 sunt
2070 4274 2212 4328 oculi
2247 4274 2382 4339 mei;
2409 4287 2502 4327 nec
2526 4272 2809 4327 ambulavi
2827 4274 2887 4326 in
2913 4274 3147 4341 magnis,
3176 4286 3270 4326 nec
3291 4274 3351 4326 in
3376 4274 3550 4327 mira-

1914 4368 2109 4423 bilibus
2143 4382 2306 4437 super
2340 4381 2424 4420 me
2462 4366 2569 4436 (Ps.
2600 4382 2761 4434 cxxx,
2796 4367 2867 4435 l).
2894 4365 3052 4429 Quod
3079 4381 3307 4421 carmen
3331 4370 3467 4421 tunc
3490 4365 3551 4420 in

1911 4461 2146 4517 veritate
2186 4459 2389 4515 offerre
2437 4458 2648 4529 poteris
2691 4459 2823 4525 Deo,
2873 4475 3045 4530 quem
3092 4464 3149 4514 te
3196 4458 3550 4513 humiliando

1911 4554 2143 4622 laudas;
2180 4552 2271 4608 cui
2310 4551 2589 4608 veraciter
2630 4568 2763 4607 cum
2807 4552 3072 4607 omnibus
3101 4551 3361 4608 ﬁdelibus
3392 4556 3449 4607 et
3484 4555 3549 4607 tu

168 4647 740 4721 sinu.prrivatim
762 4648 968 4721 gratias
982 4648 1403 4722 agimus,nobis
1422 4648 1678 4721 publice;
1700 4630 1887 4703 Deo"
1913 4646 2165 4720 quotidie
2219 4645 2359 4702 dicis
2390 4663 2404 4702 :
2438 4648 2507 4702 Te
2560 4646 2705 4702 decet
2762 4646 2881 4701 laus
2923 4646 3034 4719 (Ps.
3081 4660 3223 4716 wa,
3264 4630 3340 4716 2),
3386 4642 3552 4704 illum

168 4741 227 4797 in
262 4741 426 4798 labiis
457 4742 690 4799 laudem
728 4741 1059 4814 tribuimus,
1089 4742 1255 4799 nobis
1292 4747 1349 4798 et
1386 4742 1447 4798 in
1484 4742 1646 4798 labiis
1674 4746 1730 4798 et
1754 4741 1815 4796 in

1916 4739 2256 4813 gloriﬁcans.

1331 5086 2149 5198 OPUSCULUM
2230 5087 2389 5191 VI.

1508 5289 1751 5408 DE
1846 5288 2218 5409 IRA.

815 5483 1193 5549 PREFATIO.

237 5576 479 5637 Domino
522 5599 590 5639 ac
633 5583 985 5655 beatissimo,
1028 5584 1173 5640 mihi
1205 5583 1718 5641 desiderantissimo
1762 5585 1821 5640 in

173 5675 394 5732 Christo
430 5677 604 5749 patri,
629 5676 890 5733 Vitimiro
916 5677 1179 5751 episcopo
1204 5679 1474 5735 Martinus
1500 5678 1818 5753 episcopus.

242 5771 404 5827 Dum
421 5769 594 5827 simul
637 5771 810 5843 positi
843 5771 1063 5828 dudum
1099 5777 1300 5829 mutuo
1340 5773 1654 5830 collationis
1679 5773 1819 5845 allo-

174 5863 313 5943 quio
348 5864 698 5936 frueremur,
737 5865 880 5924 illud
920 5866 1069 5923 inter
1097 5872 1297 5926 cetera
1336 5873 1450 5927 tua:
1491 5884 1525 5924 a
1568 5884 1660 5925 me
1701 5866 1824 5924 dili-

508 5962 792 6032 PuaOL.
840 5962 1076 6032 LXXII.

1921 5491 2124 5564 gentiae
2162 5490 2405 5546 charitas
2441 5488 2655 5557 elicuit,
2702 5494 2767 5545 ut
2812 5488 2881 5545 de
2919 5486 3281 5561 passibilitate
3319 5486 3440 5559 iraa,
3470 5482 3558 5569 vel

1919 5584 2204 5658 qualitatis
2258 5585 2379 5656 ejus
2422 5583 2732 5653 effectibus,
2782 5582 2940 5637 brevi
2983 5582 3088 5637 tibi
3134 5582 3316 5655 aliqua
3365 5580 3556 5638 libello

1920 5678 2261 5749 digererem.
2284 5678 2453 5735 Parui
2472 5676 2729 5749 protinus
2756 5673 2956 5743 libens,
2979 5675 3286 5747 paucisque
3312 5675 3431 5731 haec
3458 5678 3555 5728 tuo

1914 5771 2106 5830 studio
2145 5771 2214 5827 de
2241 5770 2513 5844 fugienda
2539 5770 2643 5839 ira,
2672 5767 2871 5825 saltem
2901 5768 2948 5824 si
2986 5767 3044 5823 id
3070 5785 3185 5823 non
3215 5766 3452 5834 eveniat,
3485 5764 3555 5819 de

1920 5865 2201 5939 lenienda,
2223 5864 2483 5922 disserui.
2503 5861 2745 5931 Quidam
2774 5861 2842 5921 de
2866 5860 3214 5935 sapientibus
3237 5861 3379 5917 iram
3404 5856 3558 5916 dixer

3202 5962 3238 6030 2
