4020 6232
505 320 570 376 43
1856 320 2106 376 ΜΑΒΤΙΝ

2218 322 2525 377 UMIENSIS
3802 328 3863 378 it

503 434 639 485 runt
661 430 865 484 brevem
893 444 997 484 esse
1021 430 1312 485 insaniam.
1335 431 1410 485 Ea
1435 430 1589 486 enim
1614 429 1700 483 sui
1720 434 1803 483 est
1826 428 2125 500 impotens,
2151 440 2209 513 Α
2229 429 2467 512 animos,
2497 429 2595 483 sed
2630 428 2875 485 abducit.
2903 429 3114 484 Caetera
3137 428 3275 484 vitia
3298 429 3569 499 illiciunt;
3598 430 3683 485 ira
3709 448 3861 501 vero,

501 521 852 576 obliviscitur
866 523 1239 594 honestatem,
1257 523 1562 579 affectuum
1589 523 1909 592 immemor,
1926 522 2130 577 rationi

499 616 857 687 consiliisque
897 617 1195 688 prteclusa;
1237 618 1376 672 dum
1402 616 1569 671 variis
1601 616 1809 687 agitata
1833 616 2032 682 causis,
2059 616 2128 670 ad

499 709 1002 764 considerationem
1023 710 1258 780 justitite
1285 709 1555 765 inhabilis
1582 714 1637 765 et
1657 710 1835 764 ruina:
1856 709 1919 763 ﬁt
1938 708 2125 779 simul,

498 820 779 876 superque
806 804 865 859 in
892 803 1042 876 quod
1068 804 1428 876 oppresserit,
1460 803 1762 875 frangitur.

1044 962 1260 1018 CAPUT
1296 963 1579 1016 PRIMUM.

1093 1078 1166 1129 De
1192 1076 1259 1129 ha
1268 1075 1383 1129 bitu
1417 1076 1535 1127 irce.

565 1188 794 1243 Habitus
839 1186 1022 1241 audax
1064 1190 1120 1240 et
1158 1185 1350 1239 minax
1391 1185 1597 1253 vultus,
1648 1184 1823 1238 tristis
1869 1184 2025 1238 frons
2071 1189 2125 1238 et

491 1288 682 1337 torvus
722 1279 980 1346 intuitus,
1009 1278 1171 1333 faciei
1204 1282 1303 1332 aut
1337 1278 1515 1349 pallor
1549 1281 1648 1332 aut
1674 1277 1848 1331 rubor
1880 1294 1893 1331 ε
1927 1282 2125 1332 restuat

491 1376 561 1429 ab
587 1375 717 1430 imis
746 1372 1071 1445 praecordiis
1100 1372 1350 1443 sanguis,
1370 1372 1614 1442 ﬂagrant
1633 1375 1687 1426 et
1716 1371 1926 1425 micant
1949 1371 2119 1438 oculi,

490 1472 745 1523 tremunt
772 1467 939 1532 labia,
969 1465 1426 1535 comprimuntur
1452 1464 1677 1534 dentes,
1709 1464 1905 1519 crebro
1944 1470 2000 1519 et
2026 1481 2119 1519 ve-

489 1560 814 1616 hementius
862 1564 985 1613 acto
1023 1559 1267 1628 suspirio
1321 1558 1572 1629 quatitur
1613 1562 1829 1628 pectus,
1878 1558 2122 1629 gemitus

488 1654 710 1719 anxius,
740 1657 797 1707 et
822 1653 989 1723 paulo
1019 1653 1315 1722 explanato
1346 1669 1482 1705 sono
1513 1667 1698 1706 sermo
1729 1656 1813 1706 est
1846 1668 2117 1722 praeceps,

489 1746 683 1801 rabida
722 1745 870 1799 vocis
906 1744 1149 1816 eruptio,
1188 1746 1328 1798 colla
1356 1744 1645 1813 distendit,
1681 1744 1950 1815 inquieta:
1992 1762 2115 1799 ma-

488 1856 616 1908 nus,
655 1839 972 1910 saepiusque
1014 1838 1293 1910 compulsi
1336 1838 1514 1893 coitus
1560 1838 1891 1909 digitorum,
1928 1828 2197 1898 dentesB

486 1933 743 2001 strident,
772 1933 972 1986 citatus
1000 1931 1225 2001 gradus,
1259 1931 1589 2002 pulsataque
1618 1931 1854 2002 pedibus
1884 1931 2114 2001 humus,

486 2030 642 2080 artus
682 2025 911 2095 trepidi,
943 2030 999 2079 et
1042 2023 1283 2078 instabili
1321 2024 1687 2079 ﬂuctuatione
1726 2029 1909 2078 totum
1939 2025 2119 2079 conci-

486 2124 668 2174 tatum
693 2134 931 2188 corpus;
953 2133 1189 2187 magnas
1210 2134 1279 2171 ex
1306 2134 1363 2171 se
1387 2118 1677 2188 proferens
1698 2118 1806 2171 iras
1831 2117 2119 2172 horribilis

481 2212 585 2279 ira,
627 2211 895 2282 depravat
935 2226 992 2265 se
1048 2214 1218 2281 atque
1266 2210 1621 2280 intumescit;
1675 2211 1752 2266 ita
1794 2216 1858 2265 ut
1903 2211 2119 2265 nescias

482 2310 677 2359 utrum
725 2304 907 2374 magis
951 2303 1277 2357 detestabile
1322 2304 1394 2358 sit
1445 2304 1667 2373 vitium,
1725 2320 1798 2358 an
1841 2304 2113 2358 deforme.

480 2397 716 2461 Qualem
744 2402 909 2467 putas
928 2396 1079 2449 intus
1106 2412 1225 2449 esse
1250 2396 1529 2465 animum,
1559 2397 1720 2466 cujus
1747 2402 1903 2451 extra
1928 2398 2115 2468 imago

480 2494 594 2543 tam
626 2489 771 2543 faada
806 2488 931 2543 est?
965 2489 1177 2543 Cmtera
1203 2488 1337 2542 vitia
1380 2489 1803 2545 absconduntur
1842 2496 1897 2544 et
1928 2490 1985 2543 in
2012 2491 2111 2543 ab-

478 2582 595 2637 dito
637 2581 957 2652 refugiunt;
990 2581 1075 2636 ira
1101 2599 1159 2637 se
1184 2582 1391 2653 prodit,
1420 2587 1477 2637 et
1500 2583 1559 2637 in
1587 2582 1726 2638 facie
1752 2583 1900 2652 exit;
1929 2600 2111 2655 quan-

476 2681 647 2747 toque
685 2675 868 2746 major
901 2679 1002 2745 est,
1033 2680 1189 2731 tanto
1217 2677 1571 2732 manifestius
1596 2677 1927 2733 exardescit.
1963 2677 2113 2731 Nihil

476 2784 614 2840 ergo
640 2768 830 2825 minus
855 2785 1028 2842 quam
1050 2769 1216 2826 irasci
1240 2771 1580 2842 prudentem
1610 2771 1787 2825 decet.

1136 2918 1354 2973 CAPUT
1395 2919 1459 2973 ll.

1028 3032 1101 3085 De
1134 3031 1401 3100 effectibus
1436 3033 1552 3085 irae.

550 3141 634 3196 lra
669 3141 861 3197 omnia
898 3157 967 3196 ex
1004 3142 1218 3212 optimo
1247 3147 1303 3196 et
1324 3142 1639 3212 justissimo
1668 3140 1728 3195 in
1762 3141 2109 3196 contrarium

474 3240 674 3289 mutat.
702 3236 1107 3306 Quemcunque
1136 3234 1461 3304 obtinuerit,
1490 3234 1701 3289 nullius
1740 3252 1873 3289 eum
1902 3235 2104 3289 memi-

471 3328 621 3383 nisse
666 3327 833 3381 ofticii
875 3328 1028 3382 sinit.
1067 3329 1145 3381 Da
1188 3344 1313 3382 eam
1359 3327 1527 3399 patri,
1561 3328 1828 3382 inimicus
1872 3332 1985 3396 est;
2036 3328 2106 3381 da

473 3420 607 3487 tilio,
640 3419 923 3492 parricida
949 3425 1063 3490 est;
1094 3422 1165 3475 da
1201 3421 1392 3487 matri,
1424 3438 1665 3476 noverca
1702 3426 1817 3489 est;
1857 3421 1927 3474 da
1958 3420 2101 3491 regi,

469 3520 745 3585 tyrannus
788 3518 891 3569 est.
956 3515 1040 3568 Ira
1081 3530 1184 3569 nec
1229 3515 1288 3569 in
1331 3514 1543 3586 praeliis
1594 3514 1748 3569 utilis
1797 3513 2099 3579 invenitur,

469 3608 602 3679 quia
644 3607 703 3661 in
743 3607 1123 3662 temeritatem
1175 3624 1355 3678 prona
1400 3612 1513 3677 est;
1564 3612 1619 3662 et
1663 3607 1913 3678 pericula
1965 3606 2104 3660 dum

468 3700 680 3756 inferre
730 3701 869 3768 vult,
913 3716 1028 3754 non
1077 3706 1263 3771 cavet;
1312 3701 1577 3772 venitque
1619 3700 1679 3753 in
1722 3699 1889 3753 aliam
1940 3704 2099 3769 pote-

466 3799 668 3849 atatem
711 3794 850 3849 dum
891 3810 1004 3848 non
1043 3798 1126 3849 est
1166 3794 1225 3849 in
1269 3811 1388 3849 sua.
1438 3795 1521 3847 Ira
1565 3810 1633 3847 ex
1670 3791 1900 3863 proprio
1940 3792 2102 3847 libito

458 3888 704 3958 judicat;
749 3888 944 3942 audire
986 3904 1102 3942 non
1145 3889 1285 3955 vult,
1330 3903 1434 3941 nec
1476 3884 1788 3956 patrocinio
1828 3884 2102 3956 relinquit

463 3979 676 4035 locum.
722 3981 1007 4035 Judicium
1044 3997 1213 4035 suum
1249 3979 1394 4050 eripi
1431 3978 1557 4045 sibi,
1605 3978 1825 4031 etiamsi
1863 3994 2100 4048 pravum

464 4074 557 4141 sit,
597 4090 715 4128 non
751 4074 904 4129 sinit.
940 4077 1107 4129 Amat
1142 4077 1199 4128 et
1233 4076 1427 4127 tuetur
1463 4086 1715 4125 errorem
1759 4087 1947 4139 suum,
1995 4088 2100 4127 nec

463 4168 587 4222 vult
618 4167 801 4239 argui,
832 4167 1055 4221 etiamsi
1090 4166 1267 4221 oculis
1309 4163 1608 4218 manifesta
1633 4162 1836 4216 veritas
1869 4164 2097 4235 ingera-

463 4265 579 4318 tur.
610 4261 905 4315 Honestior
942 4260 1026 4314 illi
1068 4260 1129 4313 in
1168 4258 1315 4312 male
1345 4255 1539 4325 coeptis
1567 4254 1896 4325 pertinacia,
1927 4273 2098 4327 quam

462 4354 733 4412 correctio
766 4355 1099 4408 aestimatur.
1127 4348 1391 4416 Quamvis
1417 4347 1573 4401 enim
1598 4363 1755 4401 vanae
1782 4347 1937 4403 illam
1971 4366 2098 4404 con-

463 4447 760 4504 citaverint
816 4463 924 4513 res,
966 4459 1324 4517 perseverare
1369 4441 1509 4507 vult,
1565 4457 1637 4495 ne
1675 4440 1932 4496 videatur
1977 4444 2098 4497 sine

2230 528 2295 577 ut
2335 523 2516 577 solent
2543 523 2781 578 ﬂumina
2811 524 3203 594 procellmque,
3234 524 3566 595 prmcipitat,
3597 525 3865 598 nullaque

2230 615 2412 685 magis
2462 622 2657 687 urget,
2711 616 2824 670 sive
2873 618 3018 671 valet
3067 617 3341 688 superba,
3395 617 3507 671 sive
3557 618 3867 675 frustratur

2227 708 2445 763 insana.
2494 710 2615 763 Alia
2653 709 2785 763 vitia
2830 727 2863 763 a
2904 710 3142 777 ratione,
3189 710 3273 764 ira
3318 713 3508 763 autem
3550 727 3582 763 a
3628 714 3863 768 sanitate

2229 801 2490 871 discedit;
2539 820 2674 857 nam
2715 820 2818 857 nec
2864 804 3106 874 repulsa,
3145 802 3204 856 in
3248 803 3477 858 taedium
3516 807 3710 877 agitur
3748 806 3861 875 sui;

2229 895 2325 948 sed
2380 896 2477 949 ubi
2524 896 2874 950 adversarius
2927 896 3297 964 subtrahitur,
3346 913 3566 951 morsus
3621 917 3751 954 suos
3806 900 3862 953 in

2227 989 2584 1059 semetipsam
2628 989 2922 1044 convertit.
2963 989 3175 1044 Caetera
3219 990 3353 1043 vitia
3399 991 3655 1062 singulos
3700 1009 3864 1064 quos-

2226 1097 2335 1152 que
2373 1081 2707 1153 corripiunt,
2744 1083 2828 1137 ira
2860 1087 3051 1137 autem
3085 1082 3375 1138 interdum
3405 1085 3614 1139 multos
3640 1086 3861 1156 publice

2222 1174 2454 1241 invadit,
2508 1193 2643 1231 nam
2695 1193 2991 1248 nunquam
3043 1176 3283 1247 populus
3334 1177 3630 1232 universus
3688 1178 3856 1233 simul

2223 1266 2538 1323 fornicandi
2580 1270 2884 1341 cupiditate
2923 1286 3221 1324 succensus
3253 1275 3364 1338 est;
3404 1287 3507 1325 nec
3538 1272 3597 1325 in
3637 1271 3859 1327 lucrum

2221 1362 2477 1432 pecunia:
2517 1379 2675 1433 spem
2718 1379 2879 1417 suam
2918 1366 3032 1417 tota
3068 1362 3239 1417 simul
3279 1363 3471 1417 civitas
3518 1364 3712 1433 misit;
3761 1382 3859 1419 nec

2222 1454 2452 1509 honoris
2488 1455 2733 1510 ambitus
2768 1455 3047 1527 gregatim
3086 1458 3339 1525 cunctos,
3372 1456 3467 1510 sed
3499 1456 3714 1511 viritim
3756 1457 3863 1513 sin-

2224 1548 2387 1618 gulos
2424 1553 2657 1620 occupat
2700 1566 2713 1603 :
2754 1554 2812 1603 at
2846 1566 2977 1604 vero
3012 1546 3083 1603 in‘
3108 1549 3250 1603 iram
3287 1565 3396 1604 uno
3437 1567 3586 1621 saepe
3632 1551 3859 1622 agmine

2221 1642 2469 1697 curritur
2494 1642 2840 1697 catervatim.

2830 1764 3047 1817 CAPUT
3084 1762 3173 1816 ΙΙΙ.

2690 1868 2763 1920 De
2793 1865 2963 1919 tribus
2990 1868 3087 1932 irae
3114 1864 3382 1919 remediis.

2291 1977 2351 2030 In
2380 1976 2521 2030 iram
2548 1975 2800 2047 primum
2830 1975 3143 2031 remedium
3170 1979 3272 2045 est,
3293 1992 3406 2029 non
3438 1973 3599 2031 irasci
3625 1995 3642 2045 ;
3668 1993 3859 2031 secun-

2218 2070 2376 2139 dum,
2405 2070 2513 2124 cito
2541 2069 2826 2139 desinere;
2860 2068 3111 2135 tertium,
3137 2068 3333 2122 alienae
3352 2064 3577 2140 quoque
3605 2070 3704 2124 ira)
3737 2087 3854 2125 me-

2219 2163 2357 2217 deri.
2384 2163 2639 2217 Primum
2666 2167 2747 2217 est
2773 2180 2929 2234 ergo,
2958 2178 3030 2216 ne
3064 2161 3373 2215 incidamus
3401 2162 3459 2216 in
3490 2163 3633 2217 iram
3664 2181 3677 2217 :
3710 2164 3857 2236 quod

2218 2256 2264 2309 si
2292 2256 2571 2317 acciderit,
2600 2256 2907 2311 secundum
2940 2254 3254 2309 remedium
3282 2259 3384 2321 est,
3413 2272 3485 2309 ne
3516 2256 3574 2310 in
3618 2257 3700 2309 ira
3736 2273 3859 2328 pec-

2217 2366 2426 2404 cemus.
2469 2350 2608 2403 Nam
2646 2349 2788 2403 sicut
2826 2349 2884 2403 in
2931 2364 3231 2419 corporum
3265 2364 3419 2415 cura,
3467 2349 3579 2403 alia
3616 2350 3687 2404 de
3732 2365 3859 2403 con-

2216 2443 2487 2497 servanda
2524 2443 2761 2497 sanitate
2798 2446 3079 2512 praecepta
3114 2445 3262 2510 sunt,
3303 2440 3413 2494 alia
3449 2442 3518 2496 de
3559 2442 3857 2497 medendis

2215 2535 2412 2591 morbo
2452 2537 2756 2607 correptis;
2802 2535 2876 2590 ita
2910 2534 3061 2589 aliud
3088 2540 3172 2587 est
3208 2535 3354 2588 iram
3382 2536 3649 2590 cohibere
3676 2554 3747 2591 ne
3777 2537 3860 2590 in-

2213 2634 2427 2700 surgat,
2463 2629 2617 2683 aliud
2653 2644 3003 2699 compescere
3037 2627 3161 2698 jam
3204 2632 3470 2683 erectam.
3504 2628 3659 2683 Sicut
3704 2630 3857 2683 enim

2212 2738 2342 2793 pars
2371 2723 2626 2794 superior
2654 2727 2709 2776 et
2733 2721 3058 2793 propinqua
3085 2720 3389 2789 sideribus,
3423 2738 3526 2775 nec
3556 2721 3615 2776 in
3643 2721 3859 2777 nubem

2212 2816 2637 2887 constringitur,
2691 2831 2794 2869 nec
2846 2814 2904 2868 in
2958 2813 3242 2868 turbinem
3300 2814 3566 2883 vertitur;
3622 2815 3861 2869 inferior

2210 2925 2343 2963 vero
2374 2909 2579 2979 smpius
2612 2908 2946 2962 fulminatur
2974 2924 2987 2962 :
3022 2907 3221 2961 eodem
3248 2907 3415 2961 modo
3444 2907 3706 2961 sublimis
3730 2909 3857 2962 ani-

2211 3018 2355 3069 mus,
2382 3001 2606 3073 quietus
2636 3017 2860 3073 semper
2894 3005 2949 3056 et
2984 3000 3041 3054 in
3086 3000 3392 3071 tranquilla
3429 3000 3673 3055 statione
3713 3001 3861 3056 loca-

2208 3100 2318 3161 tus,
2347 3094 2537 3148 omnia
2566 3094 2713 3148 infra
2739 3111 2796 3149 se
2826 3110 3092 3166 premens
3120 3094 3328 3165 quibus
3358 3093 3441 3147 ira
3466 3094 3854 3160 contrahitur,

2130 3194 2183 3267 C
2209 3189 2498 3242 modestus
2539 3204 2603 3241 ac
2640 3187 2976 3242 venerabilis
3004 3186 3339 3243 invenitur-
3373 3187 3612 3240 Animus
3661 3192 3857 3242 autem

2205 3281 2304 3352 qui
2348 3280 2407 3334 in
2450 3280 2678 3351 negotia
2721 3279 2901 3334 multa
2942 3280 3205 3334 discurrit
3247 3284 3303 3333 et
3347 3278 3499 3331 varia
3539 3283 3745 3349 tcntat,
3795 3280 3858 3334 in

2205 3373 2396 3427 multis
2434 3373 2633 3427 incidit
2672 3372 2934 3445 querelis.
2964 3372 3119 3426 Alius
3155 3387 3314 3442 spem
3354 3371 3475 3442 ejus
3509 3371 3676 3442 fallit,
3708 3372 3859 3427 alius

2205 3465 2412 3535 differt,
2460 3465 2602 3520 alius
2644 3452 2932 3536 intercipit
2971 3482 2984 3519 :
3025 3469 3193 3535 atque
3232 3464 3310 3519 ita
3348 3464 3612 3518 omnium
3657 3481 3858 3519 rerum

2204 3559 2423 3613 exsistit
2457 3558 2779 3630 impatiens,
2812 3563 2869 3614 et
2904 3576 2973 3613 ex
3006 3557 3302 3613 levissimis
3340 3557 3605 3611 irascitur
3642 3558 3855 3624 causis,

2203 3668 2354 3706 nunc
2399 3668 2676 3723 personas,
2721 3669 2873 3707 nunc
2912 3651 3161 3722 negotio,
3205 3667 3356 3704 nunc
3394 3651 3659 3721 tempori,
3699 3667 3858 3706 nunc

2202 3745 2344 3811 loco,
2368 3762 2519 3800 nunc
2546 3745 2671 3800 sibi.
2702 3747 2770 3800 Ut
2804 3762 2941 3816 ergo
2984 3744 3205 3816 quietus
3242 3743 3315 3797 sit
3348 3742 3573 3797 animus
3615 3760 3737 3798 non
3769 3751 3861 3800 est

2200 3839 2512 3893 multarum
2550 3854 2743 3892 rerum
2783 3842 2909 3893 actu
2935 3837 3245 3903 lassandus,
3274 3852 3377 3891 nec
3409 3852 3759 3907 magnarum
3786 3853 3858 3893 ac

2199 3948 2371 4002 supra
2405 3931 2551 3986 vires
2586 3931 2989 4004 appetitarum.
3030 3930 3208 3984 Facile
3244 3934 3329 3985 est
3366 3928 3521 3983 enim
3559 3929 3708 3984 levia
3757 3947 3861 4001 ap-

2199 4025 2411 4096 plicare
2463 4025 2803 4093 cervicibus,
2860 4030 2915 4079 et
2961 4025 3021 4078 in
3061 4021 3391 4079 utramlibet
3437 4026 3663 4093 partem
3728 4022 3859 4080 sine

2199 4117 2362 4191 lapsu
2387 4117 2713 4173 transferre.

2839 4210 3057 4266 CAPUT
3104 4207 3190 4264 IV.

2552 4321 2626 4373 De
2651 4320 2825 4373 causis
2852 4318 3043 4388 quibus
3072 4317 3342 4371 enascitur
3368 4316 3479 4369 ira.

2270 4439 2475 4493 Contra
2516 4439 2727 4503 primas
2766 4450 2903 4504 ergo
2941 4449 3135 4488 causas
3174 4431 3274 4486 iraa
3311 4429 3696 4501 pugnandum
3741 4435 3854 4489 est.

463 4558 629 4597 causa
665 4540 917 4612 coepisse.
951 4540 1017 4593 Et
1044 4535 1195 4607 quod
1219 4538 1305 4588 est
1328 4533 1599 4605 iniquius,
1628 4533 1766 4588 dum
1796 4536 2094 4605 retinetur,
2118 4560 2177 4633 D
2200 4535 2377 4590 Causa
2417 4538 2608 4588 autem
2642 4529 2762 4597 irae,
2793 4523 2982 4598 opinio
3009 4530 3093 4579 est
3117 4524 3339 4594 injuriae
3373 4538 3386 4576 :
3418 4522 3511 4576 cui
3538 4538 3658 4577 non
3684 4524 3858 4581 facile

462 4635 527 4690 fit
559 4633 902 4707 pertinacior
924 4634 983 4687 et
1008 4627 1276 4699 augescit,
1306 4626 1467 4697 quasi
1496 4626 1603 4681 hoc
1633 4627 1823 4698 ipsum
1854 4628 2101 4698 graviter

460 4727 626 4783 irasci
653 4727 823 4798 justas
856 4726 956 4778 irae
986 4721 1060 4776 sit
1097 4724 1523 4790 argumentum.
1553 4720 1710 4784 Quod
1746 4721 1793 4774 si
1821 4726 2099 4792 quantum

461 4821 734 4888 minatur,
766 4821 989 4873 tantum
1024 4813 1283 4880 valuerit,
1312 4813 1382 4868 ob
1422 4814 1528 4868 hoc
1565 4813 1732 4868 etiam
1774 4815 1906 4885 quia
1943 4817 2099 4871 terri-

459 4914 589 4970 bilis
631 4916 733 4980 est,
774 4907 1019 4979 amplius
1062 4909 1144 4959 est
1181 4905 1380 4962 invisa.
1432 4907 1487 4962 Si
1535 4923 1667 4961 vero
1717 4907 1837 4961 sine
1886 4909 2098 4971 viribus

462 5011 577 5077 est,
623 4999 975 5071 contemptui
1031 5001 1116 5052 est
1162 4998 1346 5070 magis
1403 5000 1684 5071 exposita,
1732 5001 2096 5075 derisumque

460 5117 576 5156 non
603 5096 778 5168 fugit;
812 5092 911 5147 sed
949 5091 1319 5163 periculosius
1355 5097 1438 5147 est
1472 5093 1634 5162 illud,
1666 5096 1856 5149 tamen
1896 5096 2093 5164 tutius,

461 5188 694 5263 despici.
752 5187 960 5241 Omnes
1022 5183 1156 5238 alias
1216 5186 1499 5256 passiones
1550 5187 1633 5240 ira
1695 5187 1800 5241 sibi
1846 5188 2096 5242 subditas

460 5284 613 5349 facit,
654 5279 925 5351 nullaque
974 5282 1057 5333 est
1097 5278 1332 5334 ambitio
1382 5281 1559 5336 animi
1600 5280 1660 5335 in
1704 5297 1815 5351 qua
1857 5281 1941 5335 ira
1977 5297 2096 5336 non

461 5374 816 5440 dominetur;
851 5377 906 5426 ct
929 5371 1222 5426 avaritiam
1248 5374 1558 5443 pessimum
1584 5374 1801 5429 malum
1828 5373 2093 5427 minime-

461 5484 573 5541 que
598 5464 843 5520 ﬂexibile
866 5465 947 5519 ira
965 5466 1161 5521 calcat.
1183 5466 1410 5531 Quoties
1435 5467 1644 5522 scilicet
1670 5466 1847 5520 iratus
1871 5464 2096 5519 animus

461 5576 595 5633 opes
633 5576 761 5613 suas
793 5558 1021 5615 adactus
1051 5560 1294 5631 spargit!
1334 5561 1560 5625 Quoties
1587 5574 1795 5628 magno
1822 5557 2095 5612 aestimata

462 5652 643 5726 pretio
669 5650 914 5726 insignia
942 5652 1202 5727 projicitl
1241 5654 1342 5708 Irae
1366 5651 1634 5709 violentia
1677 5651 1992 5723 repentina,
2039 5657 2097 5708 et

460 5747 721 5804 universa
745 5750 829 5805 est
856 5765 869 5807 :
893 5763 1009 5805 non
1038 5745 1312 5819 paulatim
1336 5744 1620 5819 procedit;
1654 5743 1751 5800 sed
1781 5743 1918 5802 dum
1948 5744 2090 5801 inci-

460 5841 563 5912 pit,
593 5846 708 5899 tula
749 5839 860 5915 cst,‘
900 5858 1005 5899 nec
1047 5839 1291 5897 aliorum
1326 5839 1595 5897 vitiorum
1638 5853 1795 5893 more
1830 5837 2095 5893 sollicitat

2202 4631 2286 4683 est
2327 4625 2692 4693 credendum,
2735 4638 2839 4677 nec
2881 4618 3090 4689 apertis
3133 4616 3365 4688 quidem
3407 4615 3857 4689 manifestisque

2199 4718 2703 4790 conjectationibus
2732 4713 2920 4770 statim
2955 4715 3040 4765 est
3067 4708 3470 4775 accedendum,
3502 4708 3643 4779 quia
3671 4710 3860 4766 inter.

2199 4814 2338 4869 dum
2366 4812 2502 4866 falsa
2526 4810 2642 4865 veri
2680 4807 2924 4880 Speciem
2948 4804 3163 4857 ferunt.
3196 4801 3588 4856 Differendum
3615 4820 3857 4875 semper

2199 4910 2283 4962 est
2317 4910 2541 4975 tempus
2570 4920 2583 4957 :
2614 4902 2817 4957 dilatus
2856 4898 2973 4952 dies
2999 4894 3216 4966 aperiet
3241 4893 3562 4948 veritatem.
3595 4896 3723 4950 Non
3759 4897 3852 4951 fa-

2198 4999 2302 5054 cile
2328 5014 2494 5052 aures
2532 4991 2961 5050 criminantibus
2997 4990 3255 5059 pateant;
3297 4986 3394 5041 sed
3432 4986 3541 5041 hoc
3570 4988 3853 5046 humanae

2197 5095 2416 5147 natura:
2440 5089 2642 5144 vitium
2679 5086 3000 5155 suspectum
3027 5082 3342 5150 notumque
3367 5079 3441 5133 sit
3469 5080 3661 5152 nobis,
3692 5085 3859 5155 quod

2198 5202 2263 5240 ea
2283 5201 2410 5256 quae
2436 5180 2598 5237 inviti
2618 5179 2899 5243 audimus,
2923 5172 3083 5227 facile
3100 5172 3403 5240 credimus,
3428 5176 3488 5226 et
3511 5174 3853 5234 irascimur.

2197 5276 2353 5334 Multi
2380 5277 2534 5330 enim
2560 5267 2973 5343 suspicionibus
2993 5264 3391 5335 impelluntur,
3414 5271 3471 5319 et
3491 5282 3564 5320 ex
3582 5268 3755 5324 vultu
3783 5271 3862 5326 ri-

2197 5385 2375 5441 suque
2408 5368 2590 5422 alieno
2633 5363 2827 5435 pejora
2861 5357 3237 5428 interpretati,
3268 5358 3677 5415 innocentibus
3704 5362 3857 5419 iras-

2196 5467 2421 5517 cuntur.
2443 5458 2759 5514 Plurimum
2788 5451 2922 5507 mali
2947 5450 3252 5505 credulitas
3280 5450 3433 5505 facit.
3456 5452 3861 5515 Quamobrem

2195 5570 2344 5625 Sthe
2384 5569 2487 5607 nec
2525 5548 2873 5605 audiendum
2907 5544 3140 5615 quidem
3179 5546 3283 5612 est,
3315 5547 3488 5614 atque
3537 5562 3611 5601 ex
3656 5550 3860 5606 animo

2194 5645 2441 5703 tollenda
2482 5642 2744 5714 suspicio.
2774 5642 3076 5709 Nunquam
3112 5637 3536 5708 argumentatio
3575 5640 3767 5711 deest,
3803 5648 3864 5701 et

2193 5739 2529 5810 conjectum
2567 5735 2923 5792 irritamenta
2963 5729 3199 5787 fallacia.
3245 5729 3621 5801 Simplicitate
3659 5740 3722 5793 et
3762 5737 3863 5794 be-

2193 5834 2588 5905 nigna‘rerum
2613 5824 2983 5884 aestimatione
3011 5839 3157 5897 opus
3181 5827 3265 5881 est
3288 5823 3398 5881 uti.
3428 5824 3585 5885 Nihil
3613 5831 3860 5891 credere
