4020 6232
106 341 156 392 45
1345 336 1740 393 OPUSCULI'M
1782 338 1863 392 Vl.
1904 338 1989 393 DE
2029 337 2159 392 IRA.

3361 340 3455 396 46‘

105 446 309 515 oportet,
337 441 442 497 nisi
485 443 648 515 quod
677 440 979 498 manifeste
1015 443 1263 497 occurrit
1290 443 1347 497 in
1380 446 1606 511 oculos;
1642 447 1701 498 et
1721 446 1990 529 AJussus
2027 445 2179 512 fecit,
2228 444 2566 499 necessitate
2615 445 2783 513 fecit;
2828 462 3007 518 quare
3048 450 3422 504 succenseas?

101 538 287 609 quoties
329 536 578 607 suspicio
620 541 864 608 apparet
898 538 959 591 in
1001 536 1216 602 animo,
1247 538 1556 592 credulitas
1595 540 1694 592 ob-

92 632 337 701 jurgetur.
370 631 499 684 Haec
532 630 692 684 enim
724 630 1046 701 objurgatio
1076 631 1553 685 consuetudinem
1582 649 1699 688 non

96 725 233 777 facile
259 722 527 777 credendi
562 724 794 777 efficiet.
820 724 877 778 Si
906 740 1021 777 non
1054 724 1137 776 vis
1165 724 1223 777 in
1254 724 1397 778 iram
1422 724 1695 791 incidere,

97 833 154 870 ne
176 817 242 869 sis
268 817 539 871 curiosus.
572 816 680 881 Qui
714 818 951 888 inquirit
979 817 1118 887 quid
1150 817 1219 871 de
1249 834 1307 871 se
1341 818 1554 872 dictum
1591 822 1694 885 est,

98 912 145 963 et
181 910 450 980 malignos
495 926 819 977 sermones,
864 910 1088 963 etiamsi
1125 913 1347 965 secreto
1386 911 1518 964 dicti
1562 912 1694 977 sint,

93 1003 233 1065 eruit,
254 1003 367 1073 ipse
398 1020 457 1056 se
491 1004 798 1073 inquietat.
822 1004 969 1057 Dum
992 1004 1147 1056 enim
1174 1007 1600 1074 perpetrantur,
1624 1005 1697 1058 ad

94 1096 181 1149 hoc
218 1096 630 1167 producuntur,
665 1100 727 1150 ut
754 1097 1060 1150 videantur
1097 1096 1339 1166 injuriae.
1374 1097 1489 1152 Sed
1528 1097 1587 1150 in
1628 1114 1697 1151 ea

91 1190 506 1259 perpetratione,
537 1191 651 1245 alia
676 1190 1049 1244 defendenda
1078 1193 1231 1257 sunt,
1257 1190 1368 1244 alia
1400 1191 1693 1259 donanda,

92 1281 183 1335 alia
199 1282 507 1337 deridenda
534 1300 547 1337 :
576 1286 749 1355 atque
770 1283 853 1337 ita
871 1282 959 1337 his
980 1284 1168 1338 modis
1189 1284 1595 1353 praevenienda
1613 1287 1696 1337 est

90 1376 175 1429 ira.
208 1376 393 1430 Multas
437 1377 685 1447 injurias
730 1378 937 1431 transit
971 1378 1244 1447 prudens,
1291 1380 1348 1430 et
1392 1378 1694 1447 plerasque

91 1485 186 1522 non
212 1469 431 1540 accipit;
458 1470 599 1540 quia
631 1475 731 1523 aut
759 1488 856 1525 eas
883 1471 1084 1537 nescit,
1110 1475 1207 1524 aut
1235 1472 1279 1523 si
1303 1471 1512 1539 scierit,
1538 1471 1594 1524 in
1618 1472 1698 1524 lu-

92 1561 206 1615 dum
225 1579 315 1617 eas
329 1564 649 1634 jocumque
673 1565 971 1618 convertit.
997 1567 1140 1619 Nam
1169 1565 1215 1617 si
1239 1565 1569 1635 quereletur
1598 1565 1697 1618 aut

92 1655 207 1709 falsa
238 1656 582 1727 suspicando
609 1661 709 1711 aut
743 1658 889 1711 levia
931 1658 1326 1729 aggravando,
1362 1674 1477 1711 non
1505 1657 1590 1711 ira
1622 1658 1694 1711 ad

90 1749 241 1815 illum,
272 1750 366 1803 sed
394 1750 520 1820 ipse
550 1751 707 1803 venit
738 1752 811 1805 ad
837 1751 1013 1817 iram;
1039 1768 1166 1822 quae
1190 1767 1487 1822 nunquam
1511 1768 1696 1805 accer-

91 1842 239 1896 senda
259 1846 356 1911 est,
377 1843 480 1895 sed
502 1860 637 1897 cum
654 1843 949 1915 irrepserit
965 1845 1290 1899 refutanda.
1311 1846 1497 1915 Magni
1517 1845 1691 1898 animi
1715 1826 1771 1897 Β

92 1940 174 1999 est,
196 1935 477 2006 despicere
511 1936 783 2006 injurias;
809 1937 978 1991 altius
1000 1938 1055 1991 in
1083 1955 1141 1991 se
1166 1939 1470 1992 demittere
1498 1940 1692 2008 [Edit.,

92 2027 379 2098 demisere],
395 2029 539 2083 dum
562 2028 886 2093 vindicant;
910 2032 1100 2102 potius
1124 2034 1210 2085 est
1232 2048 1347 2086 non
1372 2031 1691 2101 agnovisse,

93 2137 233 2190 quam
257 2123 541 2192 ignovisse
568 2123 859 2193 injuriam.
884 2125 1188 2180 Enimvero
1218 2125 1310 2179 ille
1338 2141 1588 2195 magnus
1611 2128 1697 2178 est

92 2218 135 2266 et
166 2215 372 2283 nobilis,
407 2217 507 2287 qui
540 2234 706 2272 more
737 2234 964 2288 magnae
996 2220 1131 2272 ferae
1173 2220 1412 2272 latratus
1439 2219 1693 2273 minuto-

90 2323 189 2361 rum
211 2325 415 2364 canum
446 2328 688 2365 securus
715 2312 963 2365 exaudit.
997 2312 1261 2366 Sanctius
1291 2312 1575 2382 siquidem
1609 2315 1695 2365 est

90 2399 408 2457 dissimulare
424 2404 707 2473 injuriam
724 2421 900 2474 quam
918 2405 1129 2459 ulcisci.
1143 2406 1539 2459 Potentiorum
1557 2422 1692 2460 vero

90 2496 274 2565 injurize
298 2514 416 2553 non
442 2501 679 2552 tantum
700 2498 1000 2568 patientia,
1026 2499 1128 2552 sed
1151 2498 1325 2553 etiam
1348 2498 1514 2552 hilari
1536 2500 1692 2552 vultu

88 2589 302 2645 ferendas
329 2594 483 2645 sunt.
511 2592 750 2646 Facient
778 2591 1008 2659 iterum,
1031 2592 1076 2645 si
1099 2594 1153 2645 te
1183 2608 1433 2663 passum,
1458 2596 1516 2645 et
1535 2610 1594 2646 se
1616 2594 1693 2647 fe-

87 2684 199 2737 cisse
224 2684 600 2739 crediderint.
636 2684 799 2739 Adeo
829 2685 985 2739 enim
1024 2685 1295 2755 injuriam
1324 2702 1474 2757 saepe
1506 2686 1690 2740 vindi-

89 2791 191 2829 tare
226 2793 336 2832 non
376 2778 637 2849 expedit,
668 2782 730 2832 ut
770 2795 875 2832 nec
922 2779 1092 2833 fateri
1133 2779 1369 2850 quidem
1402 2779 1687 2850 expediat.

86 2870 469 2925 Abstinendum
488 2872 696 2942 itaque
722 2871 795 2925 ab
825 2872 909 2926 ira
937 2875 1041 2939 est,
1066 2873 1181 2927 sive
1211 2872 1471 2944 superior
1497 2873 1569 2925 sit
1594 2873 1691 2943 qui

87 2962 291 3031 lacessit,
320 2965 435 3019 sive
464 2981 601 3037 par,
626 2965 741 3019 sive
774 2963 1032 3021 inferior.
1058 2967 1201 3021 Cum
1232 2966 1529 3037 superiore
1561 2981 1693 3021 con-

86 3056 305 3124 tendere,
329 3058 626 3113 furiosum
666 3060 781 3126 est;
814 3074 943 3113 cum
985 3059 1130 3130 pari,
1162 3075 1402 3129 anceps;
1432 3076 1562 3113 cum
1601 3059 1688 3113 in-

88 3148 276 3219 feriore,
301 3151 427 3222 jam
457 3151 790 3206 sordidum.

716 3259 938 3314 CAPUT
975 3260 1036 3312 V.

89 3346 207 3401 Nihil
235 3351 631 3405 susurronibus
672 3350 1034 3416 credendum;
1070 3365 1165 3403 nec
1198 3350 1372 3411 nobis,
1415 3346 1690 3403 audiendo

678 3435 778 3486 aut
823 3430 1077 3486 videndo.

143 3528 203 3581 Ex
237 3528 318 3583 his
348 3533 554 3586 autem
593 3544 723 3600 qum
754 3529 943 3583 solent
978 3527 1296 3595 offendere,
1331 3527 1443 3582 alia
1471 3541 1686 3581 renun-

87 3620 263 3676 tiantur
285 3624 471 3691 nobis,
502 3622 623 3677 alia
652 3622 759 3693 ipsi
787 3621 1072 3688 audimus,
1097 3621 1207 3675 alia
1230 3623 1287 3675 et
1305 3621 1585 3675 videmus.
1610 3621 1688 3675 De

86 3711 155 3765 his
175 3731 297 3786 ergo
324 3734 453 3788 quae
483 3719 823 3783 narrantur,
846 3716 959 3770 cito
980 3731 1096 3769 non
1119 3715 1335 3769 debent
1353 3714 1530 3780 credi,
1555 3715 1690 3785 quia

86 3807 159 3861 alii
180 3812 553 3879 mentiuntur,
588 3813 654 3863 ut
680 3808 1003 3881 decipiant;
1038 3809 1131 3863 alii
1163 3808 1393 3862 mentiri
1429 3826 1543 3862 non
1573 3808 1685 3862 exi-

84 3900 298 3969 stimant,
322 3905 460 3975 quia
481 3908 544 3958 et
566 3903 676 3974 ipsi
696 3903 921 3974 decepti
944 3907 1093 3958 sunt.
1113 3902 1269 3957 Alius
1285 3902 1687 3957 criminatione

81 3995 291 4062 gratiam
310 4000 530 4068 captat;
556 4000 617 4050 et
634 4000 698 4050 ut
720 3996 982 4050 videatur
1006 3995 1184 4067 loqui,
1213 3996 1376 4049 ﬁnxit
1394 3994 1684 4066 injuriam.

80 4085 158 4139 Est
185 4091 348 4144 etiam
378 4089 617 4162 aliquis,
648 4089 745 4160 qui
787 4091 895 4144 hoc
934 4090 1155 4144 occulte
1192 4089 1447 4161 loquitur
1476 4091 1534 4143 et
1560 4104 1686 4142 ma-

78 4180 225 4251 ligne,
246 4188 303 4238 ut
328 4185 622 4240 amicitias
652 4183 888 4238 dirimat
912 4184 1289 4251 cohaerentes,
1315 4186 1415 4237 aut
1440 4186 1504 4236 ut
1532 4185 1686 4237 certe

79 4292 218 4332 suum
237 4281 383 4351 apud
404 4285 462 4335 te
488 4280 790 4335 insimulet
809 4279 1127 4334 inimicum.
1152 4279 1369 4334 Dicitur
1388 4278 1594 4349 aliquis
1616 4277 1686 4331 de

78 4374 122 4426 te
148 4378 280 4430 male
310 4379 562 4432 locutus.
598 4377 804 4447 Cogita
834 4393 906 4430 an
934 4376 1092 4447 prior
1112 4376 1220 4430 hoc
1240 4374 1461 4429 feceris.
1485 4373 1689 4445 Cogita

81 4470 136 4525 de
163 4491 323 4545 quam
349 4475 554 4530 multis
576 4474 698 4545 ipse
720 4473 991 4543 loquaris.
1017 4472 1219 4543 Cogita
1240 4488 1359 4525 non
1378 4471 1568 4524 facere
1591 4469 1689 4523 ali-
1716 4526 1721 4530 ,

80 4583 194 4638 quos
230 4571 526 4642 injuriam,
554 4569 659 4624 sed
696 4585 981 4640 reponere
1016 4567 1237 4637 aliquos
1267 4583 1370 4637 pro
1404 4565 1568 4620 nobis
1598 4565 1684 4619 fa-
1705 4569 1764 4643 D

79 4678 208 4731 cere;
230 4665 373 4721 alios
396 4665 682 4719 adversus
721 4680 846 4730 nos,
879 4661 982 4716 sed
1008 4663 1234 4728 coacte;
1267 4660 1409 4714 alios
1435 4662 1492 4713 et
1517 4659 1681 4730 igno-

77 4762 255 4814 ranter.
277 4761 387 4816 Eos
418 4763 625 4814 autem
656 4758 752 4829 qui
779 4758 1036 4812 volentes
1066 4754 1424 4824 scientesque
1445 4752 1681 4819 faciunt,

79 4866 169 4908 non
197 4855 369 4927 ipsam
396 4853 684 4926 injuriam
710 4854 1004 4923 appetere,
1029 4850 1129 4903 sed
1151 4852 1251 4903 aut
1270 4846 1574 4927 dulcedine
1595 4862 1685 4900 ur-

76 4942 307 5004 banitatis
333 4949 676 5021 prolapsos;
700 4948 799 5000 aut
818 4944 1081 5023 fecerunt
1102 4940 1339 5013 aliquid,
1366 4958 1481 4994 non
1506 4944 1566 4993 ut
1587 4956 1684 4993 no-

76 5037 142 5092 bis
167 5042 445 5111 obessent,
471 5042 581 5096 sed
608 5041 744 5111 quia
769 5039 936 5094 aliter
964 5037 1238 5110 consequi
1260 5051 1387 5107 quae
1414 5033 1683 5089 volebant

74 5148 165 5188 non
189 5140 525 5207 potuerunt.
548 5137 630 5189 Ac
655 5134 715 5190 in
739 5132 827 5188 his
848 5150 974 5204 quae
997 5129 1286 5186 audiendo
1310 5131 1409 5183 aut
1432 5126 1679 5182 videndo

75 5230 350 5299 cognoscis,
373 5233 658 5285 naturam
677 5228 1150 5296 voluntatemque
1174 5224 1442 5278 discuties
1460 5223 1678 5278 facien-

75 5320 141 5387 tis,
158 5325 563 5396 peccantisque
592 5321 854 5375 animum
878 5318 1257 5391 perpensabis
1280 5332 1293 5373 :
1316 5318 1579 5385 voluerit,
1605 5336 1677 5374 an

74 5412 325 5485 inciderit;
355 5419 645 5489 deceptus
676 5414 767 5481 sit,
792 5431 866 5467 an
896 5417 1145 5469 coactus.
1175 5416 1425 5469 Puerum
1450 5417 1680 5468 excuset

74 5511 196 5579 atas,
225 5515 357 5586 quia
402 5513 597 5569 nescit
639 5528 713 5567 an
754 5514 981 5583 peccet;
1026 5516 1363 5566 extraneum
1406 5510 1675 5577 libertas;

1802 538 1966 601 Quod
1993 538 2036 592 si
2065 538 2335 608 injuriam
2367 538 2591 609 recipis,
2626 556 2743 594 non
2780 544 2867 594 est
2894 539 3123 611 injuria,
3154 542 3308 612 quod
3334 558 3427 596 su-

1800 631 1992 702 perius
2034 632 2237 685 feceris
2275 632 2412 703 pati.
2448 633 2627 686 Judex
2668 636 2781 700 est;
2814 633 2857 687 si
2899 638 3207 688 nocentem
3237 636 3422 705 punit,

1799 725 1939 778 cede
1960 724 2214 795 justitiam
2245 726 2474 779 Amicus
2504 728 2622 791 est;
2656 727 2791 781 fecit
2816 727 2973 797 quod
3001 728 3200 782 noluit.
3234 728 3427 783 Inimi-

1799 835 1898 871 cus
1940 822 2057 883 est;
2089 819 2223 871 fecit
2266 819 2421 887 quod
2463 819 2677 872 debuit.
2711 821 2880 873 Pater
2924 823 3041 887 est;
3075 821 3264 891 cogita
3295 822 3431 892 quia
3468 828 3483 841 ⁸

1800 914 2025 965 tantum
2056 910 2289 981 profuit,
2312 896 2376 964 ut
2402 911 2503 981 ipsi
2528 912 2701 966 etiam
2723 910 2996 981 injuriam
3016 915 3207 968 facere
3227 914 3314 969 fas
3336 915 3426 968 sit.

1797 1004 2012 1058 Mutum
2036 1003 2251 1057 animal
2285 1006 2398 1067 est;
2424 1003 2608 1073 ipsum
2635 1004 2679 1057 si
2714 1005 2991 1072 irasceris,
3016 1006 3276 1060 imitaris.
3298 1006 3431 1062 Pes"-

1802 1100 1985 1150 tremo
2017 1096 2061 1149 si
2094 1096 2280 1150 bonus
2304 1095 2390 1149 vir
2419 1100 2505 1149 est
2544 1097 2641 1166 qui
2672 1096 2943 1166 injuriam
2969 1098 3124 1165 fecit,
3152 1099 3270 1153 noli
3304 1114 3426 1153 ores

1799 1190 1966 1254 dere;
1989 1190 2033 1243 si
2060 1190 2267 1255 malus,
2292 1189 2407 1242 noli
2432 1188 2662 1242 imitari.
2686 1190 3047 1245 Prudentiori
3070 1192 3230 1259 cede,
3255 1190 3428 1247 stulto

1797 1283 2048 1336 remitte.
2088 1282 2258 1352 Regis
2298 1282 2538 1353 quisque
2578 1282 2729 1335 intra
2762 1299 2820 1336 se
2852 1284 3110 1337 animum
3144 1285 3337 1352 habet,
3367 1284 3430 1339 ut

1797 1376 2090 1430 licentiam
2133 1376 2237 1429 sibi
2282 1375 2341 1429 in
2389 1375 2533 1429 alios
2572 1376 2695 1428 dari
2736 1376 2888 1439 velit,
2921 1375 2978 1439 in
3022 1393 3081 1430 se
3127 1377 3288 1432 nolit.
3321 1378 3428 1442 Qui

1798 1485 1936 1539 ergo
1995 1485 2225 1539 semper
2272 1469 2529 1521 futurum
2575 1468 2809 1538 aliquod
2857 1469 3015 1539 quod
3062 1486 3121 1524 se
3175 1469 3429 1525 offendat

1797 1562 2102 1629 existimat,
2139 1562 2374 1615 minime
2406 1579 2535 1615 cum
2565 1561 2837 1616 acciderit
2860 1561 3156 1617 irascetur.

2438 1702 2660 1756 CAPUT
2692 1703 2776 1756 Vl.

2260 1794 2403 1849 Λιίω
2439 1797 2493 1848 in
2528 1796 2670 1849 iram
2709 1809 2965 1851 censurae.

1870 1906 2018 1970 Quin
2046 1905 2184 1960 illud
2214 1906 2378 1960 valde
2406 1906 2461 1959 in
2497 1907 2615 1960 hinc
2642 1905 2917 1960 illiberale
2946 1909 3004 1961 et
3027 1906 3265 1979 {tr-dum,
3298 1924 3427 1979 cum

1798 1999 2051 2053 minimis
2073 1999 2431 2069 sordidisque
2451 1998 2678 2053 animus
2698 2000 3070 2054 exacerbatur
3087 1998 3149 2065 in
3162 2000 3350 2055 rebus.
3370 2001 3429 2057 Si

1796 2109 1999 2163 parum
2022 2092 2185 2163 agilis
2206 2091 2379 2146 fuerit
2397 2108 2559 2162 puer,
2581 2090 2623 2145 si
2647 2092 2894 2161 tepidior
2911 2109 3062 2162 aqua
3076 2098 3282 2164 poturo
3299 2110 3431 2165 por-

1796 2185 1839 2239 ri
1848 2186 2018 2255 gitur,
2035 2186 2077 2238 si
2098 2185 2361 2238 turbatur
2378 2187 2536 2237 torus
2552 2187 2649 2237 aut
2666 2201 2865 2238 mensa
2883 2186 3198 2256 ncglectius
3216 2187 3422 2257 posita,

1796 2279 1840 2332 si
1871 2295 2065 2333 musca
2096 2296 2302 2349 parum
2342 2278 2555 2332 furiose
2587 2278 2806 2348 fugata,
2842 2279 2886 2331 si
2919 2295 2949 2331 e
2983 2279 3250 2333 manibus
3279 2280 3425 2335 servi

1795 2372 2182 2442 negligentius
2223 2371 2393 2425 clavis
2436 2372 2659 2442 elapsa;
2691 2388 2821 2424 cum
2850 2371 2969 2425 haec
3002 2388 3119 2426 non
3164 2372 3221 2425 in
3264 2377 3425 2429 tuam

1794 2465 2203 2520 contumeliam
2233 2465 2386 2530 fecit,
2412 2481 2516 2519 nec
2539 2463 2616 2517 sic
2649 2468 2709 2518 ut
2735 2467 2789 2518 te
2819 2463 3143 2532 offenderit,
3167 2465 3321 2535 fecit,
3345 2467 3427 2520 in-

1794 2559 2133 2613 nocentibus
2164 2575 2354 2629 parce.
2380 2558 2542 2627 Saepe
2565 2557 2739 2611 etiam
2762 2574 2937 2628 quam
2957 2558 3125 2612 stulte
3146 2558 3235 2612 his
3254 2559 3426 2614 rebus

1792 2652 2111 2718 irascimur,
2147 2668 2273 2722 quin
2303 2651 2497 2721 [Είίἰευ
2530 2649 2648 2721 qui]
2680 2650 2823 2703 iram
2860 2653 3117 2704 nostram
3162 2668 3269 2706 nec
3300 2668 3423 2708 me-

1792 2749 2052 2812 ruerunt,
2088 2761 2194 2798 nec
2227 2744 2499 2797 sentiunt.
2529 2742 2745 2814 Ecquid
2777 2743 2885 2798 hac
2925 2743 3149 2798 insania
3183 2744 3421 2810 demen:

1793 2838 1924 2906 tius,
1954 2854 2129 2908 quam
2166 2838 2345 2891 bilem
2390 2836 2448 2890 in
2492 2836 2761 2891 homines
2799 2837 3119 2905 collectam,
3158 2837 3217 2891 in
3251 2838 3423 2893 rebus

1794 2930 2130 2985 effundere?
2151 2932 2321 3001 Eger
2348 2932 2405 2983 et
2435 2929 2676 2984 infelicis
2706 2928 3049 2983 valetudinis
3068 2929 3294 2988 animus
3315 2935 3425 2998 est,

1794 3039 1968 3094 quem
1994 3023 2197 3076 talium
2222 3038 2417 3075 rerum
2442 3021 2581 3075 levis
2605 3038 2741 3074 cura
2773 3022 3096 3075 conturbat.
3130 3022 3234 3075 Ubi
3265 3023 3421 3078 enim

1794 3120 1852 3170 et
1876 3117 2133 3170 animum
2170 3115 2335 3169 simul
2373 3118 2433 3169 et
2457 3130 2665 3185 corpus
2690 3114 3012 3185 voluptates
3037 3116 3418 3185 corruperint,

1710 3198 1767 3270 C
1791 3210 1931 3264 nihil
1965 3213 2053 3265 est
2075 3208 2405 3277 tolerabile;
2428 3207 2563 3279 quia
2582 3208 2680 3262 illa
2701 3207 2900 3275 dura“,
2923 3207 3024 3262 sed
3049 3208 3185 3279 quia
3204 3208 3300 3279 qui
3326 3225 3424 3279 pa-

1792 3304 1930 3358 titur
1957 3303 2147 3358 mollis
2174 3305 2277 3357 est.
2306 3302 2470 3357 Nulla
2500 3301 2692 3371 itaque
2727 3317 2820 3354 res
2849 3300 3035 3371 magis
3063 3300 3422 3357 iracundiam

1792 3398 1893 3451 alit
1908 3413 2082 3468 quam
2100 3396 2495 3467 intemperans
2512 3396 2569 3448 ct
2585 3393 2893 3465 impatiens
2909 3395 3088 3448 luxus.
3110 3396 3260 3450 Dure
3283 3411 3423 3467 ergo

1790 3490 2125 3546 tractandus
2162 3492 2248 3544 est
2282 3488 2529 3556 animus,
2572 3491 2635 3542 ut
2671 3487 2848 3542 ictum
2894 3505 3011 3542 non
3047 3489 3276 3557 sentiat,
3314 3476 3423 3545 nisi

1792 3600 2044 3657 gravem.
2079 3583 2165 3637 Ad
2205 3581 2615 3637 coercitionem
2662 3583 2858 3634 autem
2902 3581 3239 3649 errantium,
3274 3582 3422 3638 irato

1790 3679 2135 3750 castigatore
2177 3694 2320 3748 opus
2362 3692 2477 3730 non
2521 3678 2624 3728 est.
2656 3675 2799 3728 Nam
2839 3690 2971 3728 cum
3013 3674 3108 3728 irae
3146 3674 3421 3730 delictum

1791 3772 1999 3828 anima:
2017 3772 2108 3840 sit,
2124 3788 2243 3826 non
2260 3772 2488 3841 oportet
2500 3770 2838 3839 peccantem
2854 3771 3091 3838 peccato
3108 3768 3416 3839 corrigere.

1791 3865 1958 3931 Quod
1987 3865 2033 3919 si
2070 3868 2294 3918 tantum
2335 3863 2613 3915 irascatur
2651 3860 2898 3931 sapiens,
2930 3864 3211 3932 quantum
3241 3861 3417 3918 scele-

1790 3976 1918 4014 rum
1946 3956 2217 4030 iniquitas
2248 3955 2441 4027 exigit,
2476 3971 2593 4009 non
2620 3953 2986 4007 irascendum
3010 3954 3111 4022 illi,
3141 3954 3242 4008 sed
3266 3954 3419 4010 insa-

1790 4053 2067 4107 niendum
2102 4054 2205 4105 est.
2238 4052 2424 4117 Furta,
2450 4047 2700 4116 fraudes,
2724 4047 3124 4117 inﬁciationes,
3149 4050 3207 4103 et
3231 4048 3277 4102 si
3308 4065 3420 4120 qua

1790 4150 1922 4201 sunt
1947 4146 2087 4212 alia;
2122 4144 2318 4199 omnia
2344 4143 2453 4197 ista
2482 4145 2601 4196 tam
2630 4140 2910 4212 propitius
2941 4140 3143 4213 aspicit
3171 4141 3418 4213 sapiens,

1790 4257 1963 4312 quam
1991 4239 2246 4293 medicus
2276 4254 2462 4309 {egros
2482 4253 2631 4290 suos.
2657 4236 2962 4306 Nunquam
2986 4234 3179 4306 itaque
3201 4234 3422 4291 iracun-

1790 4333 1883 4388 dia
1912 4331 2273 4387 admittenda
2301 4333 2405 4397 est,
2430 4328 2740 4400 aliquando
2764 4327 3107 4384 simulanda.
3133 4328 3191 4384 Si
3212 4346 3420 4401 segnes

1788 4425 2146 4481 audientium
2177 4424 2354 4479 animi
2385 4422 2710 4479 concitandi
2741 4425 2891 4490 sunt,
2925 4420 3235 4492 aliquando
3267 4422 3420 4477 incu-

1789 4519 2017 4575 tiendus
2042 4522 2125 4573 est
2156 4518 2243 4572 his
2273 4520 2479 4584 metus,
2506 4515 2657 4599 apud
2690 4532 2832 4585 quos
2864 4531 2977 4569 non
3002 4514 3227 4599 proficit
3246 4514 3416 4577 ratio.

2417 4650 2638 4706 CAPUT
2674 4650 2783 4704 VII.

2251 4747 2363 4812 Quo
2390 4744 2545 4799 modo
2583 4745 2820 4798 leniatur
2844 4745 2949 4797 ira.

1858 4855 1985 4912 Haec
2025 4855 2177 4910 dicta
2214 4857 2367 4922 sunt,
2395 4870 2467 4907 ne
2499 4851 2693 4907 veniat
2720 4850 2845 4921 quis
2871 4850 2929 4904 in
2961 4851 3107 4907 iram
3138 4866 3151 4907 :
3182 4850 3336 4924 quod
3368 4851 3415 4912 si

1777 4949 1902 5021 jam
1942 4946 2029 5005 ira
2072 4948 2417 5020 proruperit,
2464 4945 2780 5001 maximum
2821 4944 2901 5000 illi
2942 4946 3266 5002 remedium
3305 4952 3410 5016 est,

1784 5060 1959 5099 morae
1983 5042 2199 5097 dilatio.
2224 5036 2340 5096 Hoc
2362 5040 2611 5111 primum
2634 5042 2882 5110 petatur,
2907 5055 3025 5095 non
3048 5043 3111 5094 ut
3129 5040 3407 5110 ignoscat,

1784 5138 1884 5192 sed
1928 5140 1993 5191 ut
2025 5135 2263 5207 judicet.
2298 5134 2355 5189 Si
2396 5133 2828 5205 exspectaveris,
2858 5132 3111 5200 desinet;
3141 5150 3245 5188 nec
3282 5135 3407 5188 uni-

1782 5246 2005 5287 versam
2042 5230 2210 5284 illam
2260 5226 2569 5283 tentaveris
2610 5226 2833 5293 tollere,
2883 5243 3010 5297 qua:
3051 5226 3261 5297 [Edit.,‘
3285 5227 3406 5299 qui]

1782 5341 1983 5399 graves
2013 5323 2190 5379 habet
2223 5321 2471 5393 impetus
2498 5320 2733 5391 primos.
2764 5320 2904 5374 Tota
2924 5319 3187 5386 vincitur,
3213 5320 3256 5374 si
3282 5336 3410 5391 par-

1780 5419 1930 5476 tibus
1945 5418 2231 5490 capiatur;
2252 5415 2437 5471 donec
2455 5414 2609 5484 quod
2628 5430 2693 5468 ex
2710 5413 2833 5484 ejus
2845 5412 3087 5483 imperio
3101 5416 3411 5485 eratagen-

1780 5514 1937 5581 dum,
1967 5512 2075 5585 ipsi
2115 5509 2304 5583 potius
2340 5505 2666 5580 jubeamus.
2696 5505 3001 5577 Agendum
3036 5509 3122 5561 est
3161 5505 3317 5562 enim
3346 5512 3412 5564 ut

74 5600 414 5665 domesticum
436 5606 824 5664 familiaritas.
850 5604 907 5661 Si
927 5604 1179 5677 primum
1202 5602 1462 5672 offendit,
1487 5603 1678 5676 cogita
1777 5608 1996 5681 primus
2024 5604 2147 5677 ejus
2170 5604 2362 5658 fervor
2385 5602 2805 5673 relanguescat,
2830 5601 2888 5652 et
2917 5598 3102 5670 caligo
3126 5612 3253 5671 quae
3283 5616 3411 5673 pro.

76 5712 211 5768 quam
238 5701 333 5761 diu
364 5701 674 5777 placuerit.
704 5699 765 5758 Si
797 5715 970 5773 saepe,
999 5699 1087 5757 fer
1117 5699 1274 5773 quod
1299 5716 1449 5773 saepe
1476 5697 1671 5757 tulisti.

128 5861 150 5893 ⁸
174 5866 253 5927 Sic
282 5871 447 5939 θῶῑά
481 5870 587 5926 sed
613 5870 952 5942 legendum,
983 5887 1091 5928 non
1121 5876 1254 5944 quia
1277 5873 1378 5929 illa
1402 5874 1564 5929 dura.

1776 5702 1883 5760 mit
1908 5702 2169 5758 mentem
2198 5696 2617 5773 aliquantulum
2642 5697 2930 5750 tenuetur.
2959 5694 3183 5767 Pugnet
3209 5698 3405 5754 autem
3448 5689 3454 5695 ’
