4020 6232
553 346 619 402 47
1482 358 1485 361 ’
1903 338 2181 400 MARTINI
2219 340 2573 402 DUMIENSIS

3851 350 3935 402 48

554 453 948 526 unusquisque
966 469 1178 524 secum,
1200 459 1267 510 ut
1285 454 1331 510 si
1354 454 1575 511 vincere
1591 455 1714 525 jam
1733 470 1851 509 non
1867 458 2071 525 potest,
2097 450 2185 507 vel
2206 461 2265 535 Α
2285 451 2428 508 feret
2461 470 2519 509 se
2554 457 2839 511 contemni
2878 457 3195 529 cuicunque
3224 455 3378 511 venit
3412 456 3472 512 in
3508 460 3763 511 mentem
3794 454 3937 510 nul-

556 548 739 604 celare
765 546 1110 605 meminerit.
1139 546 1195 603 Si
1221 547 1405 603 exitus
1424 548 1506 603 illi
1525 564 1640 603 non
1661 547 1847 617 datur,
1876 546 2037 619 signa
2063 546 2185 617 ejus

555 640 719 695 obrui
746 644 1000 711 possunt,
1022 639 1153 696 licet
1170 657 1299 695 cum
1326 658 1533 712 magna
1556 640 1663 697 hoc
1688 640 1942 696 molestia
1970 640 2052 696 tit.
2083 638 2187 694 Cu-

553 734 639 806 pit
663 733 818 789 enim
842 732 1064 788 exsilire
1090 733 1193 801 ira,
1223 740 1280 789 et
1302 734 1605 790 incendere
1642 734 1833 790 oculos
1870 733 2185 805 faciemque

553 831 808 897 mutare;
837 831 893 882 et
916 826 964 881 si
990 826 1285 899 paululum
1308 827 1395 882 illi
1419 832 1577 883 extra
1602 845 1705 883 nos
1732 827 1990 883 emittere
2018 826 2186 881 licue-

552 919 647 989 rit,
667 936 839 992 supra
857 937 961 975 nos
980 926 1063 976 est
1081 924 1146 975 ut
1161 920 1220 975 in
1237 921 1352 975 imo
1370 921 1613 993 pectoris
1632 937 1857 976 recessu
1876 919 2180 987 condatur;

550 1013 899 1085 feraturque,
928 1030 1039 1069 non
1068 1014 1231 1070 ferat.
1263 1017 1324 1069 1n
1348 1014 1695 1069 contrarium
1718 1014 1909 1068 omnia
1935 1013 2055 1084 ejus
2079 1014 2182 1067 fle-

553 1112 777 1162 ctantur
796 1106 1030 1178 judicia,
1058 1108 1245 1163 vultus
1282 1109 1623 1176 remittatur,
1664 1123 1772 1162 vox
1809 1107 2010 1177 lenior,
2052 1122 2181 1177 gra-

553 1200 769 1272 dusque
794 1201 867 1256 sit
893 1201 1131 1270 lentior;
1164 1204 1220 1255 et
1244 1200 1320 1256 ita
1345 1201 1621 1273 paulatim
1649 1217 1781 1255 cum
1810 1199 2184 1255 exterioribus

550 1293 822 1350 interiora
858 1294 1202 1350 formantur.
1248 1293 1448 1366 Sicque
1484 1294 1582 1350 fiet
1620 1299 1685 1349 ut
1720 1294 1767 1348 si
1799 1294 2000 1365 aliquis
2040 1292 2183 1347 iram

551 1391 711 1442 tuam
726 1387 1025 1459 intelligat,
1054 1391 1243 1441 tamen
1260 1387 1463 1442 sentiat
1478 1404 1666 1443 nemo.
1686 1387 1919 1442 Faciunt
1930 1403 2067 1459 ergo
2082 1402 2184 1441 nos

551 1479 954 1535 moderatiores
993 1486 1281 1551 respectus
1317 1481 1517 1551 nostri,
1565 1482 1612 1536 si
1654 1480 2011 1537 consulamus
2047 1496 2181 1549 nos;

551 1588 686 1627 nam
707 1572 817 1629 tale
837 1572 1052 1644 aliquid
1078 1579 1133 1629 et
1155 1573 1264 1645 ipsi
1284 1574 1586 1646 aliquando
1609 1574 2015 1630 commisimus.
2044 1574 2184 1629 Nam

554 1666 600 1720 si
614 1666 693 1721 sic
719 1666 1049 1737 erravimus,
1066 1667 1367 1739 expeditne
1393 1668 1555 1723 nobis
1580 1668 1640 1723 in
1655 1668 1778 1723 aliis
1795 1667 1892 1722 illa
1916 1666 2183 1722 damnare

551 1774 679 1831 quae
705 1758 956 1831 effugere
984 1760 1091 1832 ipsi
1117 1760 1478 1832 nequivimus
1494 1762 1521 1816 ?
1548 1762 1733 1817 Faciet
1755 1761 1928 1816 etiam
1955 1777 2057 1815 nos
2084 1760 2186 1815 mi-

551 1826 744 1923 tiores,
788 1826 853 1907 si
877 1826 1193 1926 cogitemus
1208 1826 1375 1926 —quid
1412 1854 1577 1910 nobis
1618 1854 1710 1910 ille
1755 1853 1846 1909 cui
1887 1853 2184 1909 irascimur
2205 1826 2261 1899 B

550 1943 852 2018 aliquando
876 1947 1170 2019 profuerit,
1203 1953 1261 2005 et
1284 1948 1360 2002 sic
1387 1964 1633 2019 praesens
1661 1948 1873 2003 offensa
1897 1947 2182 2019 prioribus

551 2039 768 2095 meritis
806 2040 1137 2096 redimatur.
1168 2040 1309 2096 lllud
1338 2057 1565 2114 quoque
1596 2046 1873 2111 occurrat,
1903 2045 2181 2113 quantum

549 2131 713 2188 nobis
741 2133 1242 2189 commendationis
1276 2134 1513 2190 allatura
1552 2134 1623 2189 sit
1655 2135 1806 2189 fama
1845 2134 2177 2203 clementiae,

548 2242 722 2299 quam
748 2227 954 2283 multos
981 2226 1242 2283 inimicos
1266 2228 1428 2283 venia
1456 2227 1652 2284 fecerit
1674 2229 1861 2284 utiles.
1889 2228 2039 2283 Nihil
2068 2228 2181 2300 glo-

547 2320 735 2376 riosus
760 2336 933 2394 quam
957 2320 1101 2375 iram
1124 2320 1373 2375 amicitia
1400 2326 1772 2378 commutare.
1794 2322 2056 2377 Irascitur
2083 2322 2180 2376 ali-

548 2414 715 2485 quis?
742 2418 805 2469 tu
842 2418 1037 2470 contra
1072 2413 1359 2470 beneflciis
1387 2430 1652 2486 provoca.
1685 2415 1842 2471 Cadit
1877 2415 2067 2497 statim
2102 2415 2178 2470 si-

546 2505 754 2562 multas
794 2505 865 2561 ab
904 2507 1178 2563 alterutra
1217 2513 1378 2579 parte
1415 2508 1652 2577 deserta,
1693 2508 1801 2564 nisi
1854 2509 2013 2581 paria
2063 2526 2179 2564 non

546 2604 827 2672 pugnant.
854 2600 1013 2665 Quod
1039 2600 1085 2655 si
1109 2606 1419 2673 utrumque
1440 2602 1755 2673 certaverit,
1785 2602 1870 2657 ira
1894 2604 2181 2659 concurri-

546 2697 661 2749 tur.
680 2692 776 2750 Ille
796 2697 879 2748 est
898 2692 1125 2765 fortior,
1148 2694 1247 2767 qui
1265 2694 1424 2766 prior
1441 2696 1634 2752 retulit
1648 2695 1881 2768 pedem;
1900 2696 2077 2752 victus
2096 2702 2181 2753 est

546 2800 715 2859 sepe,
737 2786 838 2859 qui
856 2786 1007 2842 vicit.
1028 2788 1306 2845 Percussit
1319 2790 1413 2845 te?
1432 2790 1661 2860 recede;
1683 2806 1819 2845 nam
1838 2790 2176 2862 referiendo,

547 2883 604 2935 et
642 2879 994 2937 occasionem
1038 2880 1196 2938 dabis
1240 2882 1447 2954 saepius
1486 2882 1729 2939 feriendi
1765 2888 1824 2940 et
1861 2885 2175 2941 excusatio—

546 2987 723 3030 nem:
755 2978 1041 3047 postremo
1078 2991 1208 3031 cum
1252 2975 1494 3032 volueris
1534 2976 1761 3049 reverti,
1788 2992 1905 3034 non
1941 2978 2175 3050 poteris.

1166 3124 1383 3181 CAPUT
1424 3126 1560 3182 Vlll.

676 3234 940 3303 Iniuriam
970 3235 1247 3291 vindicare
1282 3241 1359 3291 est
1382 3239 1577 3292 vitium
1603 3240 1737 3294 vitio
1762 3254 2047 3310 opponere.

617 3350 724 3415 Qui
773 3351 1036 3407 irascitur
1064 3351 1357 3422 injurianti
1394 3368 1472 3423 se,
1502 3354 1702 3411 vitium
1742 3355 1878 3410 vitio
1918 3356 2176 3427 Opponit.

546 3442 814 3516 Nunquid
841 3460 956 3501 non
976 3444 1221 3501 insanire
1240 3446 1480 3517 videtur,
1507 3448 1550 3502 si
1579 3449 1801 3503 mulum
1826 3448 2068 3503 calcibus
2086 3464 2180 3520 pe-

547 3542 649 3605 tat,
680 3542 778 3593 aut
805 3554 1003 3594 canem
1041 3554 1075 3593 a
1111 3554 1224 3611 quo
1264 3556 1485 3596 morsus
1519 3547 1604 3597 est
1644 3541 1937 3597 lancinet?
1967 3541 2179 3597 Eodem

546 3631 671 3688 loco
690 3636 793 3700 est,
813 3632 1070 3704 quisquis
1091 3633 1329 3688 concilio
1345 3638 1519 3690 caret.
1541 3634 1687 3699 Quid
1715 3635 1869 3690 enim
1890 3634 2082 3703 refert,
2107 3650 2181 3691 an

545 3726 658 3781 alia
692 3726 870 3781 multa
914 3725 1210 3781 dissimilia
1251 3726 1478 3798 habeat,
1521 3728 1569 3783 si
1615 3727 1723 3783 hoc
1765 3728 1945 3785 simile
1988 3728 2178 3799 habet,

546 3818 699 3891 quod
736 3819 894 3874 omni
934 3824 1161 3891 peccata
1205 3820 1420 3876 munda
1458 3820 1752 3877 defendit?
1788 3823 1865 3877 Eo
1915 3839 2019 3878 nos
2060 3822 2182 3878 loco

548 3912 972 3983 constituamus,
1011 3930 1125 3985 quo
1154 3914 1247 3969 ille
1279 3920 1363 3970 est
1402 3915 1495 3970 cui
1539 3914 1870 3971 irascemur.
1920 3916 2182 3993 Nostram

550 4020 669 4061 esse
691 4022 914 4061 causam
939 4006 1088 4062 illius
1111 4008 1489 4080 attingamus:
1525 4025 1660 4063 nam
1686 4008 1819 4065 fecit
1844 4026 1945 4064 nos
1966 4010 2184 4065 iracun-

550 4098 653 4155 dos
676 4099 874 4172 iniqua
900 4106 1092 4156 nostra
1130 4101 1426 4156 aestimatio
1443 4119 1460 4169 ;
1492 4101 1626 4173 quia
1662 4118 1727 4156 ea
1768 4119 1895 4174 quae
1924 4103 2185 4159 volumus

550 4192 752 4263 facere,
776 4194 1039 4248 nolumus
1053 4194 1190 4266 pati.
1213 4194 1491 4249 Memento
1508 4195 1679 4249 etiam
1700 4196 1831 4265 quia
1847 4196 2186 4251 sanctissimi

550 4286 762 4358 quique
803 4287 909 4342 viri
949 4287 1129 4342 multa
1162 4286 1542 4358 delinquunt:
1572 4287 1723 4359 quod
1753 4287 1800 4341 si
1838 4288 2009 4343 etiam
2043 4306 2181 4361 pru-

552 4378 866 4437 dentissimi
881 4380 987 4435 viri
1001 4385 1254 4452 peccant,
1275 4381 1437 4452 cujus
1462 4397 1620 4436 error
1632 4395 1858 4436 causam
1876 4399 1991 4437 non
2016 4382 2187 4439 habet

552 4473 920 4546 ignoscendi?
945 4474 1123 4530 Nemo
1149 4478 1235 4529 est
1270 4478 1385 4528 tam
1423 4474 1658 4529 timidus
1691 4474 2053 4547 offensarum,
2086 4476 2187 4549 qui

550 4580 667 4625 non
704 4568 827 4624 illas
855 4568 995 4625 dum
1018 4566 1177 4633 vitat,
1202 4565 1482 4623 admittat.
1510 4568 1776 4641 Equiore
1804 4569 1958 4626 enim
1995 4571 2187 4627 animo

2196 3194 2253 3267 C

2283 546 2400 601 lam
2425 564 2544 603 esse
2568 553 2782 605 tantam
2817 550 3129 621 potentiam
3164 550 3223 605 in
3251 566 3364 621 qua
3404 566 3521 604 non
3546 549 3801 603 incurrat
3828 548 3935 602 in-

2278 640 2452 711 juria.
2483 642 2689 696 Demus
2714 643 2961 714 spatium
2996 644 3270 715 peccanti,
3310 660 3423 715 quo
3454 642 3629 713 possit
3668 641 3937 697 conside.

2285 750 2409 788 rare
2450 734 2589 806 quid
2624 735 2839 805 fecerit,
2872 741 2929 791 et
2967 737 3088 809 ipse
3128 754 3185 791 se
3221 735 3537 807 castigabit.
3565 734 3711 799 Quid
3750 750 3932 806 ergo.

2284 826 2492 897 inquis,
2514 828 2749 900 impune
2774 828 2868 885 ille
2894 830 3039 885 erit?
3065 832 3207 885 Puta
3219 829 3359 884 velle
3381 834 3461 897 te;
3486 844 3619 883 nam
3646 844 3762 882 non
3783 828 3929 882 erit.

2284 920 2423 983 Quia
2441 937 2558 975 non
2582 922 2765 993 magis
2792 922 3015 993 gravius
3041 923 3321 977 addicitur
3351 938 3525 993 quam
3555 921 3655 993 qui
3678 920 3749 975 ad
3779 937 3931 991 sup-

2283 1013 2516 1084 plicium
2540 1015 2886 1084 poenitentiae
2911 1016 3098 1071 datur.
3124 1014 3561 1087 Respiciendum
3596 1019 3681 1069 est
3714 1012 3934 1069 deinde

2287 1107 2359 1161 ad
2386 1107 2766 1167 conditionem
2790 1125 2985 1164 rerum
3012 1109 3417 1178 humanarum,
3446 1114 3510 1163 ut
3536 1106 3797 1162 omnium
3826 1122 3933 1161 ac-

2287 1200 2598 1255 cidentium
2630 1202 2778 1275 aequi
2808 1201 3029 1273 judices
3066 1202 3264 1257 simus.
3312 1201 3544 1272 Iniquus
3597 1206 3680 1255 est
3725 1204 3934 1255 autem

2283 1294 2383 1365 qui
2427 1311 2729 1351 commune
2772 1296 2974 1350 vitium
3023 1295 3262 1367 singulis
3310 1294 3523 1365 objicit.
3572 1294 3783 1350 Omnes
3838 1294 3933 1347 in-

2282 1388 2526 1442 consulti
2553 1393 2721 1460 atque
2749 1388 3049 1460 improvidi
3079 1404 3309 1457 sumus;
3335 1404 3534 1443 omnes
3554 1386 3759 1442 incerti
3786 1402 3935 1458 que-

2284 1480 2413 1550 ruli,
2441 1481 2747 1537 ambitiosi.
2776 1480 2922 1546 Quid
2945 1481 3250 1537 levioribus
3273 1480 3456 1536 verbis
3472 1479 3767 1552 publicum
3796 1496 3931 1534 ma-

2284 1576 2405 1631 lum
2430 1574 2748 1630 abscondo?
2776 1575 2984 1631 Omnes
3012 1575 3150 1629 mali
3176 1590 3391 1629 sumus.
3416 1572 3703 1645 Quidquid
3726 1573 3789 1627 in
3813 1571 3933 1627 alio

2287 1668 2753 1741 deprehenditur,
2781 1668 2841 1723 id
2869 1668 3261 1741 unusquisque
3287 1667 3347 1723 in
3371 1666 3501 1722 sinu
3525 1682 3626 1721 suo
3645 1665 3930 1721 inveniet.

2286 1762 2411 1819 Mali
2439 1761 2679 1815 vivimus
2707 1761 2857 1817 inter
2894 1763 3092 1817 malos.

2927 1905 3144 1960 CAPUT
3185 1904 3270 1960 IX.

2774 2017 2984 2075 Aliena:
3034 2019 3132 2073 ira:
3179 2017 3412 2072 curatio.

2352 2137 2509 2192 Nunc
2526 2137 2649 2208 jam
2674 2138 2842 2192 tertio
2867 2138 2929 2193 in
2956 2138 3079 2193 loco
3103 2137 3394 2193 videamus
3421 2151 3535 2208 quo
3569 2135 3740 2190 modo
3779 2133 3930 2188 alie-

2279 2245 2413 2284 nam
2440 2229 2584 2284 iram
2607 2230 2907 2285 leniamus.
2935 2232 3046 2287 Nec
3074 2231 3228 2297 enim
3262 2229 3382 2284 sani
3420 2234 3645 2284 tantum
3670 2243 3794 2284 esse
3833 2242 3933 2280 ve-

2277 2322 2467 2390 limus,
2502 2323 2598 2378 sed
2628 2339 2847 2379 sanare.
2877 2324 3127 2379 Primam
3168 2340 3306 2395 ergo
3348 2323 3496 2377 iram
3532 2320 3764 2376 alterius
3805 2336 3934 2375 non

2278 2416 2615 2471 audebimus
2646 2422 2837 2472 nostra
2870 2417 3089 2473 ratione
3128 2416 3398 2486 mulcere,
3433 2415 3604 2470 surda
3643 2419 3729 2469 est
3766 2414 3936 2469 enim

2280 2514 2337 2564 et
2359 2526 2556 2565 amens
2584 2528 2599 2564 :
2632 2509 2892 2565 dabimus
2919 2510 3004 2565 illi
3032 2510 3313 2581 spatium;
3342 2525 3475 2564 nam
3502 2508 3754 2564 remedia
3794 2523 3930 2562 me-

2278 2604 2537 2658 dicorum
2573 2620 2689 2658 non
2728 2603 2789 2658 in
2820 2603 3135 2659 accessibus
3158 2603 3555 2658 infirmitatum
3575 2644 3589 2672 ,
3629 2601 3727 2656 sed
3751 2601 3817 2655 in
3845 2617 3937 2655 re-

2277 2696 2639 2753 missionibus
2680 2701 2938 2768 prosunt.
2977 2697 3137 2762 Quod
3164 2697 3210 2751 si
3237 2700 3521 2752 tumentes
3560 2693 3751 2749 oculos
3792 2694 3935 2766 quis

2278 2795 2461 2845 tentet
2502 2790 2803 2862 inungere,
2843 2795 3071 2845 recente
3114 2790 3170 2844 vi
3218 2789 3404 2862 magis
3444 2788 3638 2843 incitat
3674 2803 3935 2841 commo-

2279 2883 2477 2939 venda.
2506 2883 2739 2955 Sapiens
2764 2884 2976 2938 furenti
3000 2883 3183 2938 amico
3217 2882 3407 2938 omnia
3442 2881 3672 2937 ultionis
3710 2880 3935 2935 instru-

2279 2980 2472 3032 menta
2511 2977 2783 3031 occultius
2817 2975 3151 3046 removebit,
3181 2976 3416 3048 ipseque
3458 2973 3815 3029 iracundiam
3859 2975 3934 3029 si-

2278 3070 2520 3125 mulabit
2554 3074 2620 3125 ut
2653 3074 2925 3142 tanquam
2963 3070 3186 3125 auditor
3215 3068 3422 3124 doloris
3459 3072 3515 3123 et
3550 3083 3758 3135 comes,
3793 3067 3932 3138 plus

2277 3164 2624 3219 auctoritatis
2672 3164 2733 3218 in
2770 3162 3015 3218 consiliis
3063 3162 3287 3232 habeat,
3334 3178 3520 3217 moras
3568 3163 3757 3215 nectet
3810 3177 3826 3214 :
3876 3166 3933 3214 et

2278 3258 2415 3313 dum
2452 3257 2727 3329 majorem
2766 3272 2994 3329 poenam
3030 3260 3269 3327 quaerat,
3298 3259 3638 3327 praesentem
3686 3253 3930 3308 interim

2277 3350 2517 3420 differet,
2547 3355 2604 3405 et
2632 3350 2789 3405 omni
2816 3354 2935 3404 arte
2963 3349 3145 3405 furori
3186 3348 3446 3420 requiem
3482 3346 3655 3402 dabit.
3682 3346 3855 3409 Quod
3883 3348 3930 3401 si

2278 3448 2341 3500 tu
2370 3444 2654 3515 potentior
2681 3460 2758 3513 es,
2787 3448 2885 3498 aut
2918 3442 3196 3513 pudorem
3232 3441 3314 3495 illi
3350 3440 3444 3495 cui
3470 3440 3523 3494 vi
3560 3440 3793 3510 resistis,
3828 3446 3934 3495 aut

2280 3543 2499 3593 metum
2529 3536 2788 3592 incuties.
2831 3535 3007 3591 Alteri
3042 3534 3194 3590 dices
3235 3551 3250 3589 :
3291 3533 3599 3606 Indignum
3634 3533 3831 3603 nimis,
3876 3540 3931 3589 et

2278 3648 2395 3688 non
2420 3630 2646 3687 invenio
2674 3628 2900 3686 dolendi
2935 3628 3207 3698 modum;
3236 3628 3335 3684 sed
3373 3626 3795 3699 expectandum
3844 3634 3931 3683 est

2280 3732 2507 3797 tempus
2537 3741 2551 3779 :
2582 3724 2736 3779 dabit
2756 3739 2970 3795 pcenas.
2998 3723 3166 3779 Serva
3191 3722 3341 3777 istud
3368 3721 3559 3776 animo
3584 3726 3701 3787 tuo,
3733 3724 3789 3775 et
3821 3737 3929 3793 pro

2282 3835 2460 3888 mora,
2502 3834 2635 3873 cum
2673 3816 2907 3889 poteris,
2948 3816 3172 3872 reddes.
3211 3815 3386 3871 Alteri
3428 3814 3578 3869 dices
3624 3812 3808 3869 :Vide
3855 3831 3928 3869 ne

2281 3911 2577 3967 iracundia
2616 3915 2715 3965 tua
2740 3910 3012 3982 voluptati
3038 3909 3111 3965 sit
3137 3908 3400 3964 inimicis.
3430 3908 3608 3964 Alteri
3638 3924 3651 3962 :
3681 3906 3825 3962 Vide
3857 3924 3928 3963 ne

2283 4005 2619 4078 magnitudo
2653 4002 2829 4057 animi
2865 4002 2973 4070 tui,
3015 4007 3074 4057 et
3109 4002 3387 4057 creditum
3423 4001 3575 4073 apud
3620 4000 3928 4073 plerosque

2284 4098 2503 4155 decidat
2529 4097 2723 4152 robur.
2754 4097 2834 4151 Ita
2859 4095 3014 4150 enim
3046 4094 3351 4150 abscondet
3374 4099 3433 4151 et
3456 4094 3707 4150 medicus
3732 4093 3921 4149 ferra-

2283 4198 2564 4261 mentum,
2592 4196 2648 4245 et
2675 4206 2828 4261 aeger
2851 4189 3126 4255 dolorem,
3153 4187 3292 4243 dum
3313 4193 3519 4260 sperat,
3541 4187 3685 4242 feret
3720 4183 3924 4259 [Edit.,

2283 4284 2478 4359 ferat];
2508 4301 2643 4340 nam
2672 4281 2935 4354 quaedam
2957 4299 3075 4338 non
3101 4281 3211 4337 nisi
3236 4281 3469 4353 decepta
3504 4284 3800 4335 sanantur.
3831 4282 3928 4337 Ca-

2283 4383 2491 4454 stigare
2518 4384 2711 4435 autem
2746 4378 3103 4447 irascentem,
3142 4380 3200 4432 et
3236 4375 3389 4431 ultro
3428 4374 3611 4444 irasci,
3643 4373 3927 4447 castigare

2284 4481 2387 4533 est.
2416 4477 2608 4547 Itaque
2632 4471 2789 4527 vario
2818 4470 2988 4527 modo
3017 4470 3101 4526 ira
3129 4469 3379 4525 sananda
3404 4472 3505 4525 est.

551 4714 3886 4749 ww

1622 4872 2104 4978 OPUSC
2131 4875 2301 4979 UL
2329 4874 2536 4977 ΠΜ
2640 4868 2874 4972 VII.

1692 5040 1935 5161 DE
2028 5041 2813 5164 PASGHA.

629 5219 670 5280 l.
698 5221 956 5293 Plerique
982 5221 1317 5294 mysterium
1342 5222 1565 5282 Pascha
1586 5243 1851 5285 enarrare
1880 5228 2261 5315 volueruntD
2283 5226 2618 5285 memoratio
2666 5228 2888 5297 agatur,
2925 5226 2989 5277 ut
3027 5235 3209 5315 unum
3244 5214 3692 5315 anniversarium
3721 5215 3929 5315 natalis

557 5334 625 5375 ex
664 5316 880 5371 ratione
917 5316 1332 5388 supputationis
1355 5318 1417 5374 in
1445 5335 1662 5391 mense,
1692 5326 1749 5376 et
1774 5321 1933 5389 luna,
1966 5327 2024 5378 et
2047 5322 2136 5379 die
2167 5340 2181 5378 :

558 5410 677 5480 sed,
708 5409 825 5464 sive
862 5409 1130 5481 scientia,
1158 5410 1272 5466 sive
1312 5414 1588 5469 sermonis
1629 5414 2103 5486 impossibilitate,
2130 5416 2189 5473 id

557 5502 910 5575 reliquerunt
949 5502 1261 5573 obscurius,
1310 5507 1470 5578 quasi
1518 5506 1681 5561 nihil-
1714 5507 1846 5564 inde
1893 5507 2187 5566 dixissent.

556 5596 679 5655 Scio
719 5596 873 5653 enim
922 5598 1131 5654 multos
1172 5599 1555 5671 scrupulosius
1595 5600 1947 5674 interrogare
2000 5603 2189 5659 solitos

556 5708 731 5765 quare
758 5691 1071 5748 secundum
1099 5708 1321 5748 morem
1344 5692 1671 5749 Judeorum
1693 5694 1764 5751 ad
1784 5694 1935 5751 lunae
1961 5712 2191 5768 compu-

556 5770 827 5843 tationem
852 5785 1087 5842 diversis
1116 5784 1418 5854 generibus
1452 5783 1662 5840 Pascha
1689 5788 2065 5860 celebremus,
2099 5788 2187 5844 di-

556 5890 743 5940 centes
771 5880 977 5936 rectius
1004 5878 1109 5933 sibi
1134 5878 1313 5933 videri
1343 5879 1387 5933 si
1417 5878 1713 5937 dominicae
1739 5882 2011 5956 passionis
2030 5898 2184 5939 com-

2291 5322 2443 5379 diem
2472 5320 2855 5383 observemus,
2885 5314 3051 5371 sicuti
3081 5330 3115 5368 a
3148 5312 3436 5385 plerisque
3470 5307 3765 5365 Gallicanis
3806 5309 3925 5381 epi-
3952 5314 3953 5367 ἰ

2290 5414 2471 5487 scopis
2506 5428 2685 5485 usque
2721 5414 2853 5465 ante
2895 5424 3012 5464 non
3047 5406 3293 5463 multum
3325 5410 3551 5475 tempus
3584 5400 3951 5475 custoditum;

2289 5514 2393 5579 est,
2421 5513 2488 5564 ut
2514 5520 2740 5577 semper
2766 5518 2863 5557 vnn
2888 5501 3007 5559 Kal.
3033 5499 3213 5573 April.
3240 5499 3391 5554 diem
3417 5495 3644 5552 Pascha
3687 5492 3949 5579 celebra-1

2289 5607 2437 5673 rent,
2469 5601 2529 5656 in
2568 5614 2681 5671 quo
2719 5597 2865 5654 facta
2900 5594 3106 5652 Christi
3142 5590 3477 5649 resurrectio
3510 5581 3775 5645 traditur.
3816 5588 3947 5673 Pla-i

2289 5695 2405 5752 cuit
2446 5700 2637 5750 autem
2681 5691 2844 5763 mihi,
2886 5686 3200 5762 inquirenti
3242 5686 3463 5741 curiose
3506 5682 3645 5757 quid
3684 5678 3945 5763 majores}

2286 5788 2462 5845 nostri
2490 5787 2665 5843 secuti
2692 5789 2896 5853 essent,
2922 5784 3116 5855 aperte
3152 5794 3457 5853 exponere.

2365 5883 2426 5939 ιι.
2461 5879 2646 5936 Passio
2681 5876 2887 5937 Christi
2925 5874 3243 5947 redemptio
3271 5878 3357 5931 est
3390 5876 3689 5942 creatura,
3723 5870 3793 5929 de
3820 5870 3943 5947 aqal
