4020 6232
131 328 174 393 $9
1229 328 1623 389 OPUSCULUM
1665 329 1772 387 VII.
1814 329 1901 386 DE
1939 327 2212 387 PASCIIA.
3340 327 3406 387 50

129 440 358 516 Apestolus
383 438 457 494 ait
487 438 646 513 quod
686 441 924 510 subjecta
953 441 1126 509 fuerit
1157 443 1408 496 servituti
1435 456 1545 496 non
1569 456 1673 496 sua
1693 465 1751 540 Α
1773 438 1918 494 xisse
1945 438 2100 494 enim
2126 437 2374 493 traditur
2403 438 2682 521 Dominus
2702 451 2778 494 vn
2801 437 2924 494 Kal.
2947 438 3083 512 Apr.
3107 435 3407 498 Dominica

125 539 277 608 sponte,
300 533 384 590 sed
398 539 618 606 propter
641 549 763 589 eum
789 536 884 605 qui
905 549 1020 589 eam
1047 534 1278 603 subjecit
1301 537 1360 588 in
1385 549 1516 604 spe:
1540 535 1672 605 quia
1693 533 1751 540 ““
1773 533 1884 589 die.
1919 534 2131 599 Quinta
2173 533 2320 589 feria
2363 536 2558 590 autem
2601 533 2986 607 pracedente,
3015 534 3234 592 Pascha
3272 553 3404 596 cum

124 631 212 699 ipsa
233 628 514 682 liberabitur
539 644 572 682 a
599 629 855 682 servitute
879 629 1154 690 interihts,
1183 643 1302 682 cum
1335 628 1582 682 libertate
1604 632 1667 698 ﬁ-

123 723 268 776 liorum
289 720 544 791 Dei(Rom.
564 737 686 786 vin,
705 723 794 786 20,
814 720 920 790 2i).
942 721 1072 776 Hac
1091 724 1359 775 creatura
1388 723 1475 774 est
1505 719 1670 792 spiri-

121 821 186 868 tus
203 815 322 880 vita,
351 812 476 885 qui‘
501 813 715 868 creavit
750 813 944 869 omnia
983 817 1231 870 terrena
1261 816 1670 885 corporatura,

118 907 344 978 subjectus
373 906 424 960 in
459 923 587 961 eam
624 923 805 978 spem,
853 911 916 961 ut
949 907 1020 962 de
1061 908 1401 978 corruptela
1437 907 1670 961 interitu

118 1017 214 1054 cum
235 1000 463 1054 libertate
492 999 738 1055 filiorum
761 1000 958 1072 gloria
987 1000 1264 1055 liberetur
1287 1017 1301 1056 :
1326 1016 1451 1071 qua
1475 1000 1671 1072 utique

118 1093 160 1148 in
197 1092 339 1148 hodie
381 1093 630 1164 subjecta
676 1097 764 1147 est
809 1093 1087 1160 servituti,
1129 1093 1188 1149 in
1234 1093 1388 1165 quo”
1423 1093 1673 1148 mundus

118 1185 300 1240 effectus
327 1189 421 1252 est,
444 1202 615 1258 quam
640 1186 896 1242 Christus
921 1187 1168 1242 liberare
1194 1186 1459 1254 venisset,
1484 1189 1542 1240 et
1561 1203 1675 1241 ser-

117 1279 242 1345 vavit,
266 1281 319 1333 ut
339 1279 391 1333 in
429 1295 494 1334 eo
533 1282 792 1351 tempore
825 1282 1142 1352 pateretur,
1175 1279 1233 1334 in
1263 1296 1377 1352 quo
1409 1283 1674 1335 creatura

116 1372 315 1442 subjecta
338 1373 437 1426 erit
456 1372 569 1444 [An
592 1373 797 1444 erat?];
822 1377 884 1427 ut
903 1372 1000 1445 qui
1024 1373 1146 1428 dies
1166 1372 1260 1427 ille
1285 1373 1524 1428 tristitia
1555 1373 1672 1428 fue-

114 1469 193 1532 rat,
213 1464 315 1534 jam
341 1465 537 1520 latitia
566 1465 925 1520 redderetur.
952 1465 1237 1531 Quoniam
1257 1483 1394 1521 vero
1416 1465 1550 1538 agni
1573 1467 1674 1521 hu-

109 1558 178 1628 jus
193 1562 509 1612 sacramenta
528 1562 688 1614 tanta
709 1561 920 1627 essent,
946 1561 1008 1613 ut
1026 1559 1280 1614 veritatis
1301 1559 1476 1631 ipsius
1496 1560 1672 1615 etiam

115 1650 269 1704 umbra
294 1652 581 1723 proﬁceret
607 1653 680 1707 ad
707 1653 951 1707 salutem
978 1652 1284 1720 liberandi,
1307 1653 1452 1707 sicut
1469 1653 1539 1708 de
1561 1653 1668 1720 his,

113 1743 164 1797 de
187 1743 414 1799 servitute
436 1745 769 1812 Pharaonis,
803 1745 965 1817 quasi
985 1746 1109 1817 jam
1135 1747 1370 1801 libertas
1394 1749 1670 1801 creatura

1773 627 2061 700 discipulis
2109 625 2427 682 comedisse
2477 643 2491 682 :
2537 627 2692 699 quod
2741 626 2851 683 fuit
2891 643 2948 683 xx
2992 627 3115 684 Kal.
3159 630 3402 702 Apriles.

1772 720 2078 776 Rationem
2125 721 2276 774 hanc
2325 720 2603 792 temporis
2642 721 2814 792 hujus
2860 721 3208 791 habuerunt,
3250 725 3404 797 quod

1773 817 2034 868 creatura
2061 829 2237 884 quam
2267 813 2541 868 liberarat
2562 813 2617 868 in
2640 813 2922 886 sanguine
2944 831 3066 882 suo,
3091 814 3150 871 in
3173 832 3243 872 eo
3265 820 3407 874 tem-

1773 925 1912 980 pore
1951 907 2206 962 servituti
2249 908 2439 962 fuerat
2480 909 2753 980 subjecta.
2790 909 3161 966 Probandum
3211 913 3406 986 itaque

1773 1000 1939 1056 nobis
1959 1004 2063 1067 est,
2084 1000 2141 1054 in
2161 1001 2272 1055 hoc
2291 1003 2553 1072 tempore
2574 1002 2776 1056 mundi
2797 1001 3024 1057 initium
3046 1005 3406 1064 constituisse

1775 1095 1970 1165 [Forte,
1985 1093 2348 1166 constitisse].
2365 1094 2667 1149 Inchoasse
2680 1096 2963 1151 mundum
2977 1097 3126 1152 veris
3145 1101 3405 1173 tempore

1773 1187 2007 1242 Genesis
2025 1187 2210 1242 docet.
2231 1188 2373 1243 Cum
2395 1187 2647 1258 primum
2665 1192 2972 1258 appareret
2987 1190 3209 1246 aridam
3228 1208 3403 1264 quam

1771 1279 1992 1336 vocavit
2007 1281 2208 1347 Deusc,
2224 1279 2439 1334 dictum
2466 1282 2578 1334 est:
2597 1279 2870 1335 Geminei
2889 1286 3035 1336 terra
3051 1298 3204 1338 omne
3215 1286 3404 1352 fenum

1771 1389 1924 1427 omne
1941 1373 2232 1442 pabulum,
2263 1377 2315 1427 et
2338 1388 2491 1428 omne
2520 1372 2696 1427 viride
2720 1373 2858 1440 ligni
2882 1375 3028 1443 quod
3055 1377 3202 1443 ferat
3225 1391 3402 1433 semen

1771 1465 2067 1520 secundum
2091 1480 2261 1534 genus
2287 1481 2446 1520 suum
2467 1464 2619 1536 (Gen.
2641 1481 2679 1533 ι,
2706 1464 2813 1536 Η).
2833 1467 2894 1519 ln
2931 1482 3045 1538 quo
3077 1468 3402 1538 germinare

1775 1557 1970 1613 omnia
2004 1557 2296 1624 videmus;
2329 1561 2502 1630 atque
2543 1557 2622 1612 ita
2661 1557 2720 1612 in
2771 1574 2839 1612 eo
2890 1575 3014 1613 esse
3061 1559 3405 1634 principium

1773 1650 1996 1718 mundi,
2031 1667 2148 1706 non
2185 1651 2534 1706 dubitamus.
2565 1650 2680 1706 Sed
2713 1667 2843 1706 cum
2883 1654 2998 1706 tres
3025 1669 3255 1708 menses
3277 1671 3402 1710 ver-

1775 1761 1913 1798 num
1949 1747 2178 1816 tempus
2211 1745 2443 1811 habeat,
2471 1745 2679 1800 horum
2719 1745 2892 1800 trium
2923 1745 3148 1800 medius
3175 1750 3278 1814 est,
3308 1747 3405 1820 qui

115 1834 165 1889 de
188 1835 415 1891 servitute
442 1840 778 1911 corruptela
808 1839 1175 1910 figuraretur.
1209 1839 1430 1911 Figura
1461 1839 1674 1911 passio-
1693 1835 1748 1907 B
1774 1836 2000 1892 initium
2031 1837 2250 1892 mundo
2273 1837 2450 1893 dedit.
2469 1839 2582 1893 Nec
2603 1838 2787 1893 solum
2809 1839 3023 1893 mensis
3043 1839 3286 1908 medius,
3305 1840 3407 1896 sed

116 1929 177 1983 nis
201 1929 375 1985 Christi
406 1931 597 2003 imago
632 1932 691 1986 in
726 1931 1038 1987 adventum
1065 1933 1262 1987 salutis
1286 1936 1524 2005 operata
1550 1936 1668 2000 est;

116 2024 155 2074 et
174 2020 279 2076 ideo
302 2022 500 2077 dictum
537 2027 624 2078 est
657 2041 690 2079 a
732 2025 872 2092 Deo,
908 2029 971 2079 ut
1001 2025 1057 2079 in
1092 2025 1278 2096 primo
1303 2041 1504 2080 mense
1533 2025 1670 2080 anni

115 2117 267 2183 quarta
291 2115 498 2172 decima
524 2117 663 2172 luna
687 2134 872 2189 agnus
900 2117 1324 2184 immaculatus,
1349 2119 1668 2187 anniculus,

113 2206 456 2276 immolaretur,
482 2210 555 2264 de
598 2211 758 2282 cujus
789 2211 1072 2282 sanguine
1112 2211 1317 2266 domos
1342 2228 1472 2266 suas
1499 2227 1672 2283 super

113 2299 259 2354 limina
280 2301 656 2373 obsignarent,
683 2321 755 2359 ne
785 2321 819 2358 a
839 2307 1125 2364 vastatore
1153 2305 1362 2376 angelo
1388 2307 1672 2360 terreren-

115 2396 198 2452 tur:
218 2396 363 2465 atque
393 2396 450 2450 in
481 2396 606 2468 ipsa
637 2397 833 2464 domo,
857 2401 1114 2452 comesto
1134 2414 1240 2470 per
1264 2399 1468 2453 domos
1494 2415 1667 2470 agno,

113 2486 221 2554 quod
237 2491 310 2541 est
326 2489 542 2544 Pascha
564 2491 898 2557 celebratio,
923 2491 1325 2546 liberationem
1347 2509 1452 2564 per
1470 2493 1668 2564 fugam

113 2578 327 2634 servitutis
346 2582 686 2653 acciperent.
709 2585 834 2638 Non
857 2583 1101 2638 obscura
1120 2587 1208 2639 est
1224 2585 1431 2656 figura,
1452 2601 1669 2657 agnum

111 2670 466 2729 immaculatum
493 2693 618 2731 esse
645 2676 933 2732 Christum
957 2694 970 2732 :
995 2677 1164 2750 hujus
1184 2678 1666 2745 immolationem,

111 2762 160 2815 ad
197 2766 490 2823 servitutem
545 2770 727 2824 nostri
784 2770 1050 2824 interitus
1099 2769 1482 2826 liberandam.
1524 2772 1666 2826 Nam

110 2855 224 2926 signo
244 2860 406 2916 crucis
432 2862 554 2933 ejus
576 2863 740 2935 quasi
761 2864 1060 2935 sanguinis
1082 2864 1412 2936 aspersione
1434 2864 1664 2935 signati,

110 2964 236 3020 usque
269 2946 333 3008 ad
367 2957 930 3012 consummationem
969 2957 1195 3025 mundi,
1225 2975 1258 3012 a
1288 2957 1669 3012 vastatoribus

109 3043 269 3113 angelis
321 3047 754 3104 vindicabimur.
815 3051 932 3104 Hoc
988 3050 1241 3104 breviter
1302 3053 1361 3105 et
1427 3050 1668 3106 strictim

111 3133 256 3192 dixisse
292 3141 543 3209 suﬂiciat,
594 3146 657 3196 ut
691 3143 750 3197 id
793 3143 951 3214 quod
1001 3159 1261 3214 quarere
1309 3143 1668 3215 propositum

1772 1930 1949 1985 etiam
1979 1930 2100 1985 dies
2133 1931 2421 1986 mensium
2454 1931 2650 1986 medii.
2684 1932 2761 1985 Ex
2789 1948 2825 1982 v
2853 1931 2934 1986 Id.
2960 1932 3123 1988 Febr.
3147 1933 3295 1988 veris
3322 1936 3410 1988 est

1771 2023 2062 2079 inchoatio
2088 2041 2100 2078 :
2129 2023 2186 2078 in
2217 2040 2252 2074 v
2273 2024 2353 2078 Id.
2383 2025 2542 2078 Mart.
2570 2024 2628 2078 in
2650 2041 2749 2078 vm
2770 2025 2893 2079 Kal.
2913 2025 3046 2096 Apr.
3073 2025 3403 2097 quindecim

1772 2116 1895 2171 dies
1923 2120 2073 2184 sunt,
2097 2117 2154 2171 id
2181 2120 2285 2184 est,
2309 2117 2593 2172 medietas
2618 2117 2834 2179 mensis
2857 2132 2870 2172 :
2895 2116 2976 2171 ita
2995 2133 3143 2172 unus
3165 2121 3222 2172 et
3243 2118 3406 2174 dimi-

1771 2209 1897 2264 dius
1924 2209 2137 2264 mensis
2162 2209 2546 2282 subsequitur.
2583 2226 2682 2264 vm
2715 2210 2838 2264 Kal.
2879 2210 3014 2281 Apr.
3049 2211 3286 2282 aqualis
3318 2214 3407 2266 est

1770 2319 1881 2357 nox
1927 2305 1986 2357 et
2027 2302 2168 2370 dies,
2201 2303 2364 2358 sicuti
2410 2303 2628 2357 factum
2664 2301 2868 2357 mundi
2910 2301 3140 2358 initium
3167 2305 3403 2360 Genesis

1773 2395 1958 2463 docet,
1994 2395 2191 2450 dicens
2223 2412 2236 2450 :
2265 2398 2464 2451 Divisit
2491 2399 2635 2452 Deus
2668 2397 2819 2451 inter
2855 2397 3024 2451 lucem
3054 2401 3106 2451 et
3134 2397 3403 2459 tenebras.

1771 2494 1822 2544 et
1839 2490 2049 2544 voca-vit
2069 2489 2238 2544 lucem
2255 2489 2416 2551 diem,
2435 2494 2487 2544 et
2515 2489 2763 2544 tenebras
2789 2490 3001 2544 vocavit
3018 2493 3224 2544 noctem
3239 2489 3402 2559 (Ibid.

1770 2582 1823 2647 4,
1853 2580 1924 2652 5).
1960 2580 2160 2638 Omnis
2199 2581 2356 2636 enim
2393 2581 2593 2637 divisio
2636 2580 3026 2653 aqualitatem
3070 2581 3266 2638 habet.
3299 2582 3404 2648 Ita.

1770 2677 1829 2732 in
1856 2693 1970 2749 quo
2000 2677 2393 2750 aqualitatem
2426 2677 2610 2733 noctis
2641 2680 2700 2733 et
2731 2677 2844 2732 diei
2876 2676 3219 2744 invenimus,
3246 2676 3305 2733 in
3333 2693 3402 2734 eo

1770 2769 1996 2824 initium
2028 2769 2231 2824 mundi
2261 2769 2635 2825 constitutum
2664 2769 3074 2841 intelligamus.

1839 2863 1902 2916 V.
1936 2862 2051 2918 Sed
2082 2879 2198 2917 non
2231 2862 2353 2918 sine
2385 2879 2558 2918 causa
2592 2862 2845 2934 majores
2885 2861 3066 2916 nostri
3103 2879 3275 2935 super
3301 2879 3400 2920 vin

1771 2955 1892 3009 Kal.
1933 2957 2068 3026 Apr.
2111 2958 2226 3009 tres
2269 2955 2391 3008 dies
2437 2954 2806 3022 addiderunt,
2847 2956 2911 3010 ut
2951 2953 3202 3025 primum
3247 2955 3402 3011 diem

1769 3047 1970 3102 mundi
2016 3047 2361 3103 invenirent.
2411 3064 2448 3102 η
2493 3047 2617 3102 Kal.
2659 3049 2796 3119 Apr.
2836 3048 3089 3120 primum
3137 3064 3400 3104 mensem

1769 3141 1970 3196 mundi
1995 3143 2054 3195 et
2077 3141 2230 3196 diem
2253 3141 2504 3212 majores
2530 3140 2709 3196 nostri
2736 3141 3240 3198 existimaverunt:
3267 3139 3403 3214 quia

111 3231 180 3294 est,
203 3231 456 3288 rationem
491 3235 933 3303 observationis,
963 3239 1022 3290 et
1053 3237 1304 3304 Pascha,
1337 3240 1396 3291 et
1429 3237 1664 3303 mensis,
1689 3203 1743 3275 Ο
1770 3236 1903 3288 ante
1942 3250 2116 3304 quam
2159 3235 2241 3289 sol
2277 3234 2335 3288 in
2371 3234 2758 3306 principatum
2798 3233 3003 3289 mundi
3032 3234 3399 3301 conderetur,

111 3322 148 3371 et
158 3321 288 3392 luna,
305 3330 356 3380 et
370 3327 498 3395 diei,
515 3329 644 3383 sine
663 3329 931 3384 molestia
945 3329 1291 3402 multiloquii
1319 3329 1664 3401 aperiamus.

157 3415 219 3470 Ill.
245 3417 534 3483 Quaesitum
576 3425 668 3476 est
704 3439 845 3494 ergo
882 3439 918 3478 a
951 3422 1270 3494 majoribus
1308 3422 1536 3490 nostris,
1578 3439 1665 3476 se-

109 3509 294 3566 f'rundum
322 3513 374 3568 id
407 3515 565 3586 quod
599 3515 877 3586 scriptum
920 3518 1064 3583 erat,
1093 3515 1221 3587 quis
1263 3519 1414 3571 esset
1450 3515 1670 3587 primus

109 3596 207 3669 dies,
233 3609 279 3658 et
313 3605 366 3661 in
410 3624 522 3680 quo
565 3608 661 3662 die
693 3608 917 3663 decima
945 3611 1151 3680 quarta
1176 3610 1313 3664 luna
1343 3609 1670 3664 efficeretur

109 3691 265 3751 Pascha
292 3700 577 3756 celebrari.
616 3703 678 3755 In
717 3701 815 3756 illo
859 3701 1014 3756 enim
1049 3705 1310 3773 tempore
1348 3701 1405 3755 in
1432 3717 1546 3772 quo
1569 3702 1667 3756 Ju-

109 3781 204 3839 dais
235 3789 365 3847 facta
409 3794 647 3849 traditio
696 3797 804 3861 est,
850 3794 1099 3849 necdum
1143 3794 1359 3849 mensis
1398 3794 1472 3848 ad
1515 3795 1667 3849 luna

107 3890 274 3935 cursum
299 3884 711 3956 significatione
742 3886 1046 3942 nominum
1071 3887 1534 3958 computabatur.
1566 3887 1670 3940 De-

109 3967 162 4024 dit
185 3977 341 4031 autem
369 3978 475 4033 illis
498 3983 936 4050 argumentum,
963 3980 1090 4050 jam
1119 3981 1338 4034 calculo
1367 3982 1667 4050 computa-

107 4062 228 4118 tionis
255 4068 488 4139 invento,
523 4075 758 4143 tempus
797 4077 856 4126 et
889 4072 1012 4126 dies
1050 4072 1364 4143 passionis;
1394 4076 1459 4126 ut
1491 4088 1558 4127 ex
1598 4088 1667 4126 eo

109 4151 440 4230 intelligerent,
463 4180 646 4235 quem
675 4164 927 4234 primum
948 4180 1211 4218 mensem
1234 4165 1392 4230 anni,
1415 4167 1475 4217 et
1495 4180 1669 4235 quem

107 4247 292 4313 Pl‘imnm
331 4254 588 4323 ejusdem
639 4255 812 4323 diem,
843 4260 902 4311 et
941 4257 1174 4327 quando
1213 4260 1481 4327 quartam
1512 4255 1668 4310 deci-

106 4352 217 4394 mam
240 4344 413 4400 lunam
440 4349 644 4420 [Edit.,
673 4353 878 4420 quarta
904 4349 1130 4403 decima
1158 4349 1316 4420 luna]
1346 4349 1519 4403 fuisse
1547 4365 1666 4403 sus-

104 4430 313 4502 ciperent,
343 4444 398 4494 et
433 4459 620 4512 quare
666 4442 774 4496 hoc
817 4441 1156 4513 mysterium
1197 4442 1426 4496 Pascha
1466 4458 1666 4497 secun-

106 4521 201 4579 dum
221 4529 352 4585 diem
385 4536 441 4587 et
476 4535 683 4590 lunam
714 4535 1004 4590 observari
1037 4535 1295 4592 deberet.
1326 4536 1442 4589 Hoc
1471 4538 1667 4589 autem

105 4615 142 4668 in
177 4622 339 4688 primis
371 4626 801 4696 judicaverunt,
845 4643 977 4683 cum
1027 4645 1132 4700 per
1180 4629 1436 4700 singulos
1485 4644 1670 4683 annos

105 4706 275 4781 Pascha,
305 4721 358 4771 et
381 4721 617 4792 tempus
656 4737 774 4776 non
813 4721 1150 4776 conveniret
1179 4720 1254 4776 ad
1283 4722 1482 4775 lunam
1509 4725 1569 4776 et
1597 4721 1672 4777 ad

104 4800 228 4872 diem,
265 4813 456 4868 melius
503 4829 634 4869 esse
684 4817 912 4886 tempus
958 4815 1289 4881 extendere,
1336 4831 1512 4886 quam
1555 4831 1671 4869 non

105 4894 246 4952 lunam
284 4903 545 4977 diemque
596 4906 870 4961 retinere.
923 4907 1180 4962 Primum
1228 4907 1362 4977 quia
1407 4907 1534 4962 dua
1581 4922 1674 4961 res

99 4986 251 5051 Mlius
285 4998 698 5066 praberentur.
733 5000 952 5054 Deinde
999 4999 1135 5071 quia
1177 5001 1299 5054 hac
1340 5000 1676 5055 viderentur

106 5077 142 5130 in
162 5083 518 5147 observatione
543 5092 796 5164 potiora.

151 5174 211 5228 ιν.
230 5179 569 5239 Deﬁniamus
599 5185 778 5256 igitur
801 5186 929 5257 quis
953 5186 1174 5257 primus
1194 5186 1410 5240 mensis
1436 5185 1495 5240 in
1517 5201 1677 5240 men-

103 5265 209 5322 sibus
233 5277 381 5343 anni;
410 5279 631 5334 deinde
674 5281 800 5352 quis
841 5281 1060 5353 primus
1095 5282 1218 5352 ejus
1250 5281 1391 5336 dies.
1424 5281 1678 5336 Diximus

103 5375 198 5432 ετεο
216 5377 612 5439 argumentum
636 5373 904 5429 habuisse
925 5375 1178 5444 majores
1197 5378 1426 5430 nostros
1449 5392 1515 5430 ex
1536 5378 1679 5429 tem-

103 5465 198 5515 ραι-ε
230 5463 494 5529 passionis
531 5469 595 5520 et
638 5467 1078 5522 resurrectionis
1115 5466 1365 5522 Domini.
1404 5468 1677 5522 Resurre-

148 5564 308 5650 'Lgse
334 5591 472 5650 qua,
502 5579 773 5650 respectu
804 5575 1002 5650 habito
1039 5576 1113 5631 ad
1143 5576 1283 5632 illud
1312 5579 1458 5641 vita,
1486 5576 1544 5630 id
1573 5579 1677 5643 est,

104 5631 273 5716 ίξὲτίδείῖ
295 5631 358 5697 ut
377 5631 632 5716 ipsemet
661 5646 733 5701 de
760 5664 820 5701 se
847 5648 930 5703 ait
950 5631 1107 5716 :iEgo
1131 5631 1386 5710 suauia,
1408 5631 1609 5703 uetitas
1631 5631 1682 5701 et

105 5709 193 5787 βίον
216 5709 332 5774 Qua
365 5709 607 5787 quidem
648 5718 765 5772 vita
802 5721 1007 5774 creavit
1030 5709 1234 5782 omnia,
1263 5723 1328 5773 ut
1352 5709 1434 5773 ait
1459 5721 1679 5784 auctor,

283 5779 670 5859 corporatura,
689 5789 832 5844 Nam
849 5791 1032 5844 omnia
1046 5805 1151 5859 per
1165 5779 1343 5859 ipsum
1358 5792 1511 5858 facta
1532 5779 1678 5859 sunt.

109 5843 602 5932 Absurdum‘quippe
630 5843 702 5914 de
726 5843 1072 5931 spirituhac
1098 5843 1441 5932 intelligere,
1460 5843 1561 5932 qui
1589 5874 1684 5914 au-

1768 3325 2023 3380 triduum
2053 3330 2188 3380 ante
2223 3330 2613 3398 pracesserat.
2638 3327 2838 3382 Refert
2870 3327 3105 3382 Genesis
3125 3327 3288 3398 (Ibid.
3314 3329 3400 3394 16.

1773 3421 1857 3492 19)
1885 3424 2091 3494 quarta
2120 3421 2212 3476 die
2247 3422 2400 3477 facta
2428 3422 2736 3478 luminaria
2766 3422 2900 3478 solis
2926 3425 2986 3478 et
3007 3424 3159 3478 luna
3189 3439 3203 3479 :
3231 3439 3400 3495 prop-

1769 3517 1929 3568 terea
1943 3514 2269 3569 invenimus
2283 3514 2573 3571 Christum
2589 3531 2687 3570 vni
2706 3516 2828 3571 Kal.
2847 3517 2982 3587 Apr.
3001 3515 3395 3571 resurrexisse.

1769 3608 1978 3662 Verum
1997 3623 2053 3661 χι
2078 3608 2203 3663 Kal.
2229 3607 2301 3662 de
2330 3608 2549 3663 Pascha
2578 3624 2709 3664 cum
2740 3607 3030 3681 discipulis
3058 3608 3358 3664 inchoasse
3385 3625 3399 3664 :

1770 3717 1884 3772 quo
1926 3700 2019 3755 die
2065 3701 2317 3773 primum
2350 3701 2609 3772 subjecta
2642 3702 2833 3756 fuerat
2859 3703 3122 3756 creatura
3147 3701 3402 3757 servituti

1769 3810 1906 3861 sua,
1939 3810 2113 3865 quam
2152 3809 2259 3865 per
2301 3793 2629 3865 passionem
2670 3809 2832 3848 suam
2860 3794 3099 3848 venerat
3132 3792 3399 3849 liberare.

1769 3885 1934 3942 Diem
1959 3889 2153 3941 autem
2179 3885 2561 3954 Dominicam,
2584 3885 2832 3958 primam
2854 3885 3009 3940 diem
3029 3901 3154 3941 esse
3175 3885 3399 3952 mundi,

1769 3979 2020 4034 dubitari
2059 3996 2177 4034 non
2218 3981 2441 4050 potest;
2484 3978 2621 4051 quia
2662 3978 2799 4033 dicit
2837 3977 3129 4050 Scriptura
3155 3978 3308 4050 (Gen.
3339 3995 3400 4046 ιι,

1768 4077 1822 4140 2,
1855 4072 1930 4143 3),
1962 4089 2059 4126 sex
2097 4070 2299 4127 diebus
2329 4073 2546 4127 factum
2586 4089 2708 4127 esse
2734 4071 3040 4139 mundum,
3073 4074 3132 4127 et
3159 4071 3405 4144 septima

1771 4165 1864 4220 die
1893 4165 2244 4236 requievisse
2274 4166 2458 4220 Deum
2485 4183 2499 4219 :
2535 4181 2709 4236 quam
2741 4164 3048 4236 septimam
3079 4164 3237 4221 diem
3268 4165 3406 4222 Sab-

1768 4258 1969 4312 batum
2015 4259 2340 4330 appellavit.
2393 4258 2555 4313 Unde
2601 4260 2687 4313 est
2729 4257 3104 4312 manifestum
3153 4257 3404 4329 primam

1769 4350 1923 4405 diem
1953 4351 2156 4406 mundi
2195 4350 2558 4407 Dominicam
2598 4349 2772 4405 fuisse
2804 4366 2818 4405 :
2855 4353 2913 4404 et
2940 4351 3174 4421 plenam
3204 4351 3402 4406 lunam

1770 4444 1982 4498 factam
2025 4443 2421 4515 intelligimus,
2455 4442 2590 4515 quia
2635 4443 2787 4498 facta
2827 4446 2914 4497 est
2947 4442 3005 4497 in
3033 4442 3406 4498 inchoatione

1771 4537 1954 4592 noctis
1992 4539 2052 4591 et
2092 4535 2466 4608 principatus.
2496 4535 2610 4592 Sed
2639 4536 2748 4591 hoc
2779 4534 2942 4590 sicuti
2973 4535 3406 4606 computatione

1773 4629 2112 4696 ostenditur,
2141 4645 2480 4701 percurrere
2515 4628 2621 4684 sibi
2651 4645 2756 4700 per
2794 4627 3051 4700 singulos
3077 4643 3262 4683 annos
3287 4643 3407 4684 non

1773 4725 1980 4794 potest,
2013 4722 2230 4776 scilicet
2268 4739 2322 4776 x1
2361 4722 2487 4776 Kal.
2519 4723 2654 4793 Apr.
2697 4720 2810 4787 die,
2842 4737 3072 4793 semper
3106 4723 3165 4775 et
3203 4724 3410 4792 quarta
3499 4723 3502 4725 Α

1773 4815 1998 4870 decima
2021 4815 2159 4869 luna
2189 4815 2280 4869 die
2308 4814 2608 4869 Dominica
2631 4813 2975 4868 inveniatur.
3006 4813 3284 4885 Sequenti
3315 4830 3413 4870 au-

1773 4911 1892 4963 tem
1914 4924 2068 4962 anno
2088 4925 2143 4962 x1
2166 4908 2290 4962 Kal.
2307 4910 2444 4978 Apr.
2465 4905 2753 4961 invenitur
2769 4907 2906 4960 luna
2922 4905 3192 4961 vicesima
3209 4907 3412 4978 quinta

1777 5003 1834 5054 et
1871 5000 2016 5055 feria
2053 5000 2324 5055 secunda.
2363 5002 2560 5071 Itaque
2593 5015 2722 5053 cum
2763 4997 2889 5053 dua
2921 5014 3032 5065 res,
3069 5001 3128 5052 et
3173 5000 3310 5054 luna
3354 5002 3415 5053 et

1777 5092 1918 5158 dies,
1948 5095 2317 5148 commutata
2344 5091 2729 5157 inveniantur,
2753 5093 2908 5145 recte
2929 5107 2984 5145 xz
3006 5091 3131 5145 Kal.
3155 5091 3290 5162 Apr.
3315 5107 3414 5146 na-

1777 5185 1907 5238 talis
1937 5185 2138 5241 mundi
2166 5184 2458 5240 observari
2485 5184 2637 5239 visus
2663 5187 2767 5238 est.
2879 5181 2894 5190 ”

1849 5278 1936 5332 Vl.
1966 5280 2162 5349 Itaque
2205 5278 2459 5349 majores
2502 5276 2682 5334 nostri
2713 5275 3120 5346 judicaverunt
3150 5291 3410 5330 mensem

1778 5370 2074 5441 integrum
2104 5387 2227 5424 esse
2258 5370 2679 5425 observandum
2711 5368 2783 5423 ad
2822 5369 3076 5423 natalem
3107 5366 3328 5435 mundi,
3357 5372 3417 5423 et

1778 5463 1998 5518 Pascha
2036 5462 2468 5531 celebrandum,
2505 5463 2566 5519 in
2607 5476 2950 5534 quacunque
2986 5461 3150 5532 parte
3191 5460 3314 5531 ejus
3356 5465 3416 5516 et

1781 5573 1924 5630 ctori
1951 5572 2146 5630 statim
2173 5572 2382 5629 dicitur
2409 5574 2684 5643 subjectus
2709 5575 2768 5627 in
2798 5588 2916 5629 eam
2935 5586 3104 5641 spem,
3128 5575 3191 5626 ut
3213 5570 3280 5627 de
3305 5588 3417 5628 cor-

1779 5647 2010 5702 ruptela
2032 5647 2260 5702 interitu
2424 5646 2700 5700 liberetur.

1915 5718 2103 5784 Forte,
2131 5732 2200 5772 ea:
2221 5732 2346 5787 quo.
2376 5715 2514 5780 Qua
2539 5716 2858 5787 sequuntur
2890 5729 3098 5768 manca
3126 5713 3411 5768 videntur.

1853 5798 1876 5828 ο
1899 5788 2014 5843 Vox
2045 5784 2250 5845 terraru—
2279 5786 2478 5843 deesse
2503 5784 2746 5840 videtur.
