4020 6232
559 331 616 390 Iit
1556 329 1645 388 -B.
1689 331 1966 388 MARTINI
2001 331 2356 386 DUMlENSlS
2395 329 2574 386 VARII
2615 329 2886 411 VERSUS.
3857 335 3910 388 52

717 441 775 497 et
813 439 958 498 luna
1001 442 1424 500 concurrerent.
1477 440 1670 512 Neque
1713 437 1868 494 enim
1916 438 2024 494 hoc
2067 438 2189 498 sine
2211 454 2270 530 Α
2291 437 2448 494 enim
2470 436 2640 493 rediit
2671 428 2864 510 [Forte,
2895 435 3086 511 redit],
3115 441 3174 497 et
3214 437 3388 495 finem
3425 435 3648 495 dierum
3671 445 3908 496 renovat.

558 517 862 607 Scriptores
890 537 1240 597 auctoritate.
1275 536 1369 592 Ait
1401 534 1553 590 enim
1589 535 1800 604 Moyses
1832 548 1846 586 :
1873 535 2068 590 Mensis
2105 534 2190 588 hic

556 629 708 688 vobis.
741 631 960 686 initium
997 633 1257 688 mensium
1291 633 1410 685 est:
1432 631 1648 699 primus
1688 629 1791 681 erit
1832 629 1889 680 in
1923 627 2189 683 mensibus

557 703 694 778 anni
732 722 926 792 (Exod.
971 741 1068 792 xu,
1109 726 1182 795 2).
1220 725 1338 788 Quo
1375 721 1546 776 verbo
1588 724 1771 776 totum
1820 737 2076 777 mensem
2117 721 2188 774 ad

555 816 756 886 natalis
793 817 995 872 mundi
1031 817 1182 872 diem
1215 815 1578 871 consecravit.
1607 815 1687 869 lto.
1727 813 1968 885 majores
2009 813 2188 868 nostri

556 909 656 980 qui
694 927 746 964 ει
791 911 909 966 Kal.
952 913 1086 982 Apr.
1133 909 1220 963 die
1273 909 1519 966 natalem
1567 907 1770 964 mundi
1825 907 2185 976 invenerunt,

553 1018 810 1073 mensem
839 1003 1089 1074 primum
1127 1002 1533 1067 constituentes
1568 1001 1626 1057 in
1656 1018 1710 1057 ιι
1749 1002 1869 1056 Kal.
1896 1000 2060 1056 Maias
2086 1001 2185 1056 de-

553 1079 826 1154 finierunt
879 1096 963 1152 Sic
988 1096 1200 1150 Pascha
1233 1112 1338 1150 nec
1367 1099 1497 1150 ante
1523 1111 1577 1149 x1
1609 1095 1730 1150 Kal.
1767 1097 1902 1166 Apr.
1932 1111 2035 1148 nec
2063 1098 2190 1166 post

553 1206 610 1244 ιι
668 1189 784 1244 Kal.
837 1189 1001 1244 Maias
1051 1189 1334 1246 celebrare
1385 1187 1590 1244 licebit.
1638 1188 1746 1244 Sed
1795 1205 1926 1242 cum
1973 1187 2034 1242 in
2080 1187 2188 1242 hoc

539 1297 741 1338 mense
785 1287 840 1338 et
877 1283 1012 1337 luna
1061 1287 1118 1339 et
1166 1281 1285 1337 dies
1333 1281 1740 1348 convenissent,
1795 1281 1934 1335 luna
1979 1280 2189 1335 scilicet

558 1369 774 1431 decMa
801 1379 1004 1448 quarta
1044 1380 1100 1430 et
1135 1375 1252 1430 dies
1287 1374 1594 1441 Dominica,
1622 1379 1756 1429 tunc
1797 1373 2008 1428 Pascha
2037 1373 2184 1428 cele-

549 1452 832 1525 braretur.
861 1468 1004 1524 Sane
1043 1467 1177 1540 quia
1213 1485 1408 1522 rursus
1436 1467 1765 1540 frequenter
1805 1467 1940 1521 luna
1971 1465 2188 1521 decima

552 1566 752 1634 quarta
766 1578 899 1616 cum
916 1561 1206 1616 Dominica
1224 1561 1312 1616 die
1333 1564 1712 1628 concurreret,
1741 1558 1970 1615 extendi
1991 1559 2187 1614 lunam

553 1639 772 1726 septem
795 1654 913 1710 dies
939 1655 1284 1723 maluerunt,
1312 1653 1620 1709 dummodo
1656 1652 1807 1709 diem
1839 1651 2186 1707 Dominicam

551 1749 612 1804 in
648 1747 1076 1803 resurrectionis
1117 1746 1313 1803 laetitia
1347 1747 1680 1804 retinerent.
1721 1747 1800 1800 Ita
1837 1745 2064 1816 quando
2107 1745 2185 1798 sic

2291 533 2419 587 Haec
2446 531 2628 603 magis
2661 536 2830 587 erunt
2863 532 2925 587 in
2963 533 3169 588 natalis
3203 533 3416 604 laetitia,
3459 539 3516 590 et
3549 533 3610 590 in
3653 538 3910 590 creaturas

2287 625 2618 689 liberatione
2643 625 2934 694 servanda,
2962 625 3212 682 maxime
3243 644 3375 682 cum
3399 627 3548 684 intra
3573 628 3746 700 primi
3772 645 3912 684 men-

2289 718 2364 772 sis
2389 719 2662 773 terminos
2685 719 3024 776 retinentur.
3055 721 3305 776 Rursum
3333 721 3609 793 majorem
3643 721 3754 778 diei
3789 722 3907 778 reli-

2291 811 2539 883 gionem,
2587 829 2760 884 quam
2799 812 2953 868 lunae
2994 811 3275 870 dicamut.
3329 815 3615 869 Decimam
3667 820 3909 886 quartam

2289 905 2442 960 enim
2463 906 2659 961 lunam
2674 905 3028 978 egredimur;
3049 907 3201 965 diem
3219 913 3411 963 autem
3434 925 3732 980 nunquam
3759 925 3908 981 egre-

2289 998 2498 1069 dimur,
2542 999 2676 1071 quia
2724 1001 2840 1055 tota
2883 999 3033 1056 salus
3077 1005 3162 1056 est
3211 1001 3271 1058 in
3324 1002 3736 1058 resurrectione
3787 1001 3903 1058 diei.

2289 1091 2416 1148 Dies
2458 1096 2649 1148 autem
2695 1093 2986 1148 Dominiea
3031 1098 3088 1148 et
3128 1094 3361 1150 initium
3385 1095 3608 1151 dierum
3652 1097 3819 1153 habet
3861 1100 3908 1150 et
3973 1163 3975 1178 Ι

2289 1186 2791 1255 resurrectionem;
2835 1193 3066 1259 propter
3093 1189 3245 1260 quod
3283 1189 3344 1243 in
3377 1189 3498 1261 ipsa
3537 1191 3800 1247 dominus
3837 1209 3909 1248 re-
3973 1181 3975 1190 ί

2289 1278 2565 1347 surrexit;
2606 1280 2743 1334 luna
2779 1296 2931 1350 vero,
2970 1280 3100 1335 licet
3133 1298 3314 1352 usque
3343 1283 3416 1337 ad
3454 1283 3778 1338 vicesimam
3813 1285 3910 1356 pri-

2287 1387 2440 1426 mam
2473 1376 2692 1442 partem
2734 1377 3026 1428 extensam
3068 1371 3173 1445 [An
3224 1375 3536 1448 extensaﬂ,
3590 1393 3708 1431 non
3750 1383 3909 1432 totam
3973 1357 3975 1380 ἲ

2287 1465 2535 1536 complet
2564 1470 2788 1520 noctem
2817 1485 2831 1521 :
2865 1465 3180 1537 plurimum
3205 1472 3395 1523 tamen
3423 1469 3602 1524 noctis
3623 1470 3906 1536 illuminat,
3973 1493 3975 1514 ι

2287 1561 2344 1611 et
2370 1561 2495 1628 post
2525 1575 2582 1612 se
2609 1557 2841 1629 quidem
2867 1558 3136 1631 relinquit
3164 1561 3444 1631 tenebras,
3473 1563 3570 1618 sed
3594 1580 3688 1618 eas
3712 1580 3834 1635 qua:
3856 1563 3908 1618 in
3973 1551 3975 1560 Α

2286 1654 2415 1705 ante
2441 1655 2573 1706 sunt
2601 1656 2832 1722 superat
2861 1671 2874 1706 :
2907 1651 2969 1707 in
2993 1669 3106 1724 quo
3128 1653 3371 1724 majores
3395 1656 3573 1710 nostri
3599 1657 3909 1712 maluerunt

2290 1759 2466 1815 usque
2503 1744 2576 1800 ad
2601 1745 2966 1800 vicesimam‘I
2994 1763 3166 1818 quam
3191 1752 3320 1803 ante
3348 1749 3628 1804 decimam
3661 1756 3907 1822 quartam
3973 1744 3975 1782 ⁸

555 1843 674 1906 dies
717 1843 936 1898 venerit
980 1858 1160 1913 usque
1195 1841 1268 1896 ad
1317 1839 1642 1895 vicesimam
1679 1839 1928 1910 primam
1965 1838 2180 1908 lunam,
2205 1839 2262 1909 B
2287 1838 2494 1894 Pascha
2518 1838 2810 1892 celebrari.
2839 1839 2980 1902 Quia
3006 1840 3327 1912 relinquere
3365 1843 3628 1897 tenebras
3656 1849 3781 1915 post
3809 1851 3904 1898 ter-

552 1939 787 2020 propter
810 1934 1161 1990 Dominicam
1189 1933 1341 1988 diem
1366 1933 1577 1988 Pascha
1603 1932 1918 1990 differimus
1941 1947 2185 2002 semper,

552 2035 618 2084 ut
643 2045 748 2084 nec
777 2031 908 2084 ante
935 2045 988 2082 x1
1016 2027 1133 2083 Kal.
1162 2028 1299 2098 Apr.
1333 2043 1435 2082 nec
1474 2030 1599 2098 post
1633 2043 1689 2100 xi
1732 2025 1851 2080 Kal.
1890 2024 2058 2078 Maias
2092 2039 2185 2078 ce-

2289 1948 2428 2002 gum
2465 1933 2668 1987 melius
2712 1935 2814 2000 est,
2844 1949 3017 2004 quam
3053 1935 3446 2000 antecedentes
3473 1953 3590 1990 non
3625 1953 3784 2008 posse
3822 1955 3906 1992 su-

2287 2041 2505 2095 perare.
2541 2027 2732 2096 Itaque
2773 2026 2878 2080 hac
2908 2043 3132 2080 summa
3169 2033 3225 2082 et
3259 2028 3362 2082 hac
3390 2030 3765 2099 conclusione,
3793 2047 3908 2102 quae

549 2122 803 2188 lebretur
833 2137 848 2176 :
875 2121 952 2176 sic
970 2121 1268 2176 inventum
1287 2124 1390 2188 est,
1415 2123 1478 2174 ut
1502 2117 1711 2174 mensis
1737 2123 1793 2173 et
1821 2117 1942 2172 dies
1971 2122 2027 2172 et
2050 2117 2188 2172 luna
2282 2135 2315 2171 a
2341 2117 2651 2188 majoribus
2679 2119 3026 2174 constituum
3056 2125 3141 2174 est
3169 2119 3214 2189 ι),
3245 2121 3455 2176 Pascha
3479 2139 3666 2194 neque
3693 2129 3818 2178 ante
3857 2141 3907 2177 ιι

551 2215 612 2292 in
640 2215 1012 2292 celebratione
1039 2213 1264 2269 Paschie
1290 2212 1650 2268 retineretur.
1879 2277 1886 2284 ι

576 2287 588 2378 ί
620 2309 726 2366 VII.
750 2290 1084 2363 Prudenter
1125 2307 1304 2379 igitur
1345 2305 1525 2377 magis
1566 2305 1638 2360 ad
1680 2305 1878 2359 lunam
1917 2309 1974 2359 et
2011 2305 2184 2372 diem,

551 2386 726 2486 quam
751 2401 822 2456 ad
849 2417 900 2454 ιι
929 2400 1048 2455 Kal.
1070 2402 1204 2471 Apr.
1225 2399 1296 2456 ad
1325 2398 1574 2454 natalem
1602 2399 1804 2453 mundi
1833 2397 2184 2469 redigemur.

551 2495 711 2573 Luna
748 2494 900 2552 enim
939 2493 1124 2565 prima
1164 2496 1310 2548 totas
1349 2492 1529 2547 noctis
1574 2491 1854 2546 illuminat
1902 2491 2184 2561 tenebras,

554 2592 608 2672 et
628 2586 917 2642 Dominica
943 2586 1063 2642 dies
1087 2585 1423 2641 resurrectio
1449 2589 1534 2640 est
1561 2583 1784 2640 dierum
1816 2603 1828 2638 :
1861 2583 1932 2639 ad
1959 2583 2188 2639 initium

593 2743 650 2774 "
677 2743 756 2798 Ex
781 2746 947 2798 antea
971 2741 1134 2798 dictis
1163 2742 1592 2798 rescribendum
1619 2741 1858 2810 videtur,
1890 2741 1965 2796 ad
1996 2744 2184 2798 vicesi-

552 2854 698 2893 mam
717 2838 976 2908 primum.

2289 2211 2409 2266 Kal.
2457 2214 2592 2282 Apr.
2633 2228 2737 2266 nec
2779 2217 2905 2283 post
2945 2229 2999 2266 x1
3045 2214 3164 2268 Kal.
3207 2215 3373 2268 Maias
3415 2233 3575 2286 posse
3629 2217 3906 2272 celebrari.

2286 2305 2460 2376 Cujus
2497 2304 2710 2375 pinacis
2750 2305 3128 2360 constituendi
3164 2323 3290 2378 qua:
3315 2308 3489 2363 fuerit
3523 2310 3687 2378 ratio,
3717 2311 3773 2365 in
3807 2327 3909 2381 quo

2286 2397 2642 2453 mediocritas
2663 2399 2867 2470 potuit,
2891 2401 3174 2455 ediximus
3201 2419 3214 2456 :
3246 2419 3348 2472 per
3366 2403 3606 2473 gratiam
3627 2403 3910 2458 Salvatoris

2285 2490 2463 2546 nostri
2491 2492 2622 2546 Jesu
2647 2492 2874 2562 Christi,
2904 2493 2996 2548 cui
3023 2499 3107 2548 est
3137 2495 3320 2548 honor
3348 2501 3402 2549 et
3433 2495 3611 2566 gloria
3644 2497 3704 2550 in
3737 2513 3904 2552 saecu-

2288 2583 2374 2655 lis,
2399 2588 2456 2640 et
2479 2583 2540 2638 in
2570 2585 2775 2639 sazcula
2804 2587 3161 2645 saeculorum.
3185 2590 3385 2643 Amen.

2358 2740 2384 2780 ι’
2413 2743 2522 2795 Aut
2545 2740 2853 2796 delendum
2883 2742 3182 2797 relativum
3207 2759 3344 2814 quae,
3375 2749 3473 2800 aut
3499 2745 3910 2801 rescribendum

2286 2837 2574 2890 constituta
2601 2839 2697 2890 est.
2728 2835 2886 2900 Quod
2912 2839 3101 2890 tamen
3129 2836 3408 2908 posterius
3438 2837 3626 2892 minus
3645 2839 3845 2910 placet.

769 3181 868 3264 B.
960 3181 1436 3264 MARTINI
1535 3118 2146 3264 DUMIENSIS
2245 3176 2758 3261 EPISCOPI
2846 3177 3156 3261 VARII
3242 3179 3708 3264 VERSUS.

702 3401 710 3410 .
1113 3355 1208 3406 IN
1247 3354 1662 3406 BASILIGA.

633 3501 638 3506 .
697 3449 827 3502 Post
851 3448 1239 3520 evangelicum
1267 3449 1474 3504 bisseni
1501 3449 1708 3520 dogma
1735 3453 1982 3514 senatus,

592 3590 601 3601 .
623 3543 784 3606 Quod
809 3559 1053 3614 regnum
1080 3541 1284 3598 Christi
1312 3547 1428 3598 toto
1447 3543 1570 3614 jam
1599 3545 1862 3614 personat
1885 3540 2041 3608 orbe,

627 3637 868 3707 Postque
893 3652 1114 3690 sacrum
1141 3637 1298 3690 Pauli
1328 3637 1536 3708 stylum
1566 3652 1679 3706 quo
1704 3634 1862 3689 curia
1891 3633 2090 3688 mundi

615 3729 781 3787 Victa
804 3746 934 3784 suos
959 3729 1188 3784 tandem
1212 3729 1431 3800 stupuit
1455 3728 1673 3783 siluisse
1698 3727 1998 3799 sophistas.

589 3869 598 3881 .
624 3825 878 3892 Arctous,
910 3822 1161 3891 Martine,
1189 3822 1294 3877 tibi
1319 3823 1380 3877 in
1406 3826 1659 3877 extrema
1688 3837 1938 3876 recessus

626 3916 916 3985 Panditur,
938 3916 1112 3987 inque
1137 3916 1226 3970 via
1250 3915 1382 3970 ﬁdei
1409 3920 1563 3986 patet
1585 3914 1732 3969 invia
1758 3915 1942 3970 tellus.

629 4011 910 4064 Virtutum
935 4009 1132 4081 signis,
1162 4009 1501 4063 meritorum
1527 4013 1583 4062 et
1608 4008 1774 4063 laude
1802 4013 2050 4076 tuorum,

584 4135 586 4137 -
626 4103 842 4158 Excitat
867 4102 1132 4157 affectum
1159 4100 1366 4156 Christi
1391 4101 1686 4154 Germania
1713 4101 1949 4172 frigens,

625 4196 847 4268 Flagrat
863 4200 920 4250 et
941 4211 1173 4250 accenso
1201 4193 1377 4248 divini
1402 4193 1644 4264 Spiritus
1671 4193 1824 4264 igne,

624 4289 796 4345 Solvit
819 4289 890 4343 ab
915 4289 1135 4343 infenso
1154 4287 1374 4340 strictas
1399 4285 1674 4356 Aquilone
1700 4286 1955 4356 pruinas.

626 4384 924 4451 lmmanes,
954 4381 1248 4450 variasque
1275 4379 1370 4450 pio
1395 4379 1498 4432 sub
1525 4378 1736 4434 foedere
1761 4379 1966 4434 Christi

583 4505 591 4510 -
624 4475 857 4531 Asciscis
883 4479 1100 4546 gentes.
1124 4473 1490 4538 Alamannus,
1519 4473 1682 4541 Saxo,
1712 4471 2010 4543 Toringus,

583 4587 600 4603 -'
623 4569 964 4634 Pannonius,
995 4569 1213 4636 Rugus,
1238 4565 1484 4632 Sclavus,
1505 4567 1668 4634 Nara,
1690 4565 1963 4636 Sarmata,
1995 4567 2180 4634 Datus,

586 4690 590 4696 ε
621 4661 1010 4734 OstrOgothus,
1033 4658 1298 4726 Francus,
1331 4658 1681 4730 Burgundio,
1713 4659 1908 4728 Dacus,
1950 4659 2180 4729 Alanus,

621 4759 696 4812 Te
725 4755 866 4810 duce
893 4767 1056 4806 nosse
1083 4752 1262 4805 Deum
1293 4751 1560 4824 gaudent.
1589 4753 1702 4806 Tua
1731 4752 1891 4824 signa
1919 4752 2133 4808 Suevus
2201 4739 2261 4811 Ι)

620 4847 917 4905 Admirans
947 4844 1142 4899 didicit
1165 4843 1297 4899 ﬁdei
1323 4861 1438 4916 quo
1467 4845 1692 4900 tramite
1717 4849 1936 4916 pergat,

620 4942 972 5010 Devotusque
997 4937 1110 4992 tuis
1135 4937 1354 4992 meritis
1383 4939 1505 4992 haec
1533 4938 1675 4993 atria
1699 4939 1850 4992 claro

619 5033 880 5088 Culmine
907 5031 1226 5097 sustollens,
1255 5031 1461 5085 Christi
1491 5031 1806 5086 venerabile
1829 5031 2107 5102 templum

619 5123 940 5191 Constituit,
968 5141 1081 5196 quo
1106 5125 1253 5178 clara
1279 5123 1492 5194 vigens,
1525 5124 1759 5179 Martine
1789 5129 2018 5179 tuorum

620 5218 807 5274 Gratia
831 5217 1124 5288 signorum
1153 5217 1292 5271 votis
1319 5223 1372 5271 te
1395 5217 1588 5272 adesse
1615 5223 1895 5289 precatur.

2209 3367 2264 3440 ρ
2359 3353 2635 3419 Electum,
2663 3354 3078 3425 propriumque
3105 3357 3260 3408 tenet
3284 3359 3339 3408 te
3364 3355 3535 3410 Gallia
3562 3356 3814 3426 gaudens

2359 3447 2664 3516 Pastorem,
2692 3451 2880 3502 teneat
2905 3445 3161 3502 Callaecia
3185 3451 3300 3502 tota
3325 3452 3652 3518 patronum.

2539 3573 2925 3625 EIUSDEM
2974 3574 3070 3624 IN
3127 3575 3668 3628 RBPECTORIO.

2359 3678 2478 3732 Non
2507 3677 2598 3734 hic
2623 3680 2832 3734 auratis
2853 3683 3128 3734 ornantur
3153 3681 3387 3750 prandia
3411 3681 3600 3736 fulcris
3629 3700 3641 3734 :

2431 3771 2688 3843 Assyrius
2713 3789 2915 3827 murex
2941 3788 3044 3827 nec
3071 3773 3174 3827 tibi
3201 3773 3384 3846 sigma
3409 3775 3580 3829 dedit.

2359 3867 2468 3920 Nec
2493 3883 2596 3938 per
2623 3865 2968 3938 multiplices
2993 3865 3162 3920 abaco
3183 3867 3511 3937 splendente
3541 3886 3828 3942 cavernas,

2429 3961 2718 4013 Ponentur
2746 3958 2940 4013 nitidae
2967 3958 3170 4013 codicis
3199 3963 3318 4015 arte
3349 3961 3537 4031 dapes.

2359 4053 2468 4106 Nec
2493 4053 2736 4124 scyphus
2762 4051 2854 4106 hic
2882 4051 3108 4106 dabitur
3132 4053 3306 4107 rutilo
3334 4054 3426 4107 cui
3449 4054 3594 4111 forte
3623 4059 3851 4112 metallo

2429 4147 2751 4200 Crustatum
2777 4145 3017 4216 stringat
3041 4145 3242 4199 tortilis
3267 4163 3400 4201 ansa
3429 4149 3594 4203 latus.

2357 4238 2494 4291 Vina
2517 4237 2660 4292 mihi
2689 4254 2802 4291 non
2833 4243 2964 4292 sunt
2991 4239 3258 4308 Gazetica,
3287 4240 3444 4310 Chia,
3476 4241 3727 4308 Falerna,

2325 4401 2330 4409 _
2424 4332 2672 4402 Quaeque
2703 4331 3012 4403 Sarepteno
3041 4331 3274 4402 palmite
3303 4333 3472 4388 missa
3498 4335 3681 4390 bibas.

2326 4497 2332 4500 _
2356 4424 2460 4478 Sed
2491 4423 2770 4496 quidquid
2801 4424 2984 4479 tenuis
3011 4441 3124 4478 non
3152 4427 3396 4497 complet
3425 4428 3580 4500 copia
3609 4446 3846 4499 mensae,

2425 4517 2693 4590 Suppleat
2719 4517 2824 4572 hoc
2849 4517 3094 4589 petimus
3125 4519 3305 4590 gratia
3325 4521 3494 4592 plena
3520 4522 3645 4579 tibi.

2595 4649 3134 4702 BPITAPHIUM
3187 4653 3595 4705 EJUBDBM.

2354 4753 2660 4807 Pannoniis
2686 4753 2932 4825 genitus,
2967 4757 3372 4812 transcendens
3398 4773 3613 4829 equora
3639 4765 3813 4831 vasta,

2357 4845 2600 4900 Gallicim
2626 4845 2686 4900 in
2715 4847 2998 4918 gremium
3028 4847 3234 4903 divinis
3262 4849 3497 4905 nutibus
3525 4857 3703 4922 actus,

2353 4939 2666 5006 Confessor,
2697 4939 2946 5007 Martiae,
2979 4945 3077 4995 tua
3096 4942 3199 4996 hac
3229 4941 3447 4997 dicatus
3469 4944 3494 4974 ⁸
3521 4945 3582 5000 in
3612 4947 3742 5002 aula

2352 5031 2613 5100 Antistes,
2643 5032 2862 5087 cultum
2894 5033 3138 5089 instituit
3161 5034 3452 5107 ritumque
3482 5055 3770 5095 sacrorum
3795 5059 3809 5108 ;

2349 5125 2556 5196 Teque,
2586 5130 2840 5196 patrone,
2871 5142 3111 5196 sequens
3136 5127 3390 5184 fumulus
3417 5131 3688 5188 Martinus
3715 5136 3908 5190 eodem

2349 5218 2604 5288 Nomine,
2641 5235 2754 5272 non
2785 5219 3008 5288 merito,
3037 5219 3129 5274 hic
3165 5221 3226 5275 in
3251 5222 3459 5279 Christi
3495 5242 3633 5296 pace
3669 5228 3906 5300 quiesco.

620 5370 629 5392 ‘
665 5368 754 5422 Sic
788 5367 1139 5422 Bollandiani
1172 5370 1290 5422 Aet.
1326 5371 1503 5423 sanet.
1536 5367 1757 5424 Martini
1793 5372 1932 5423 tom.
1965 5369 2052 5432 lll,
2082 5383 2214 5437 pag.
2249 5370 2336 5434 89,
2369 5385 2525 5423 num.
2564 5372 2646 5423 13.
2675 5369 2783 5435 AL,
2812 5368 3044 5423 dicatur.
