4020 6232
159 395 3497 454 W

1457 584 1624 632 ANNO
1671 585 1887 633 DOMINI
1916 586 2177 636 DLXXVI.

458 774 1590 982 SANCTUS
1776 776 3174 988 GERMANUS

1036 1117 1799 1224 PARISIENSIS

1878 1121 2593 1227 EPISCOPUS.

1587 1506 2036 1580 NOTITIA

1459 1640 1565 1712 (Em
1601 1640 1782 1698 Gallia
1821 1643 2171 1716 christiana).

1599 1775 2022 1788 ———_—_

213 1859 265 1913 ln
291 1875 434 1932 pago
460 1858 751 1930 £duensi,
769 1859 890 1916 vico
915 1859 1135 1930 Lausia,
1161 1860 1485 1917 Eleutherio
1513 1865 1570 1918 et
1597 1863 1764 1917 Euse-
1783 1875 1842 1948 Α
1864 1866 1996 1920 Dec.
2019 1869 2150 1933 558;
2175 1883 2288 1939 qua
2309 1866 2401 1922 die
2423 1867 2728 1923 defunctus
2747 1865 3144 1926 Childebertus
3171 1865 3342 1938 paulo
3371 1865 3500 1938 post

153 1950 230 2006 bia
251 1953 570 2024 parentibus
599 1957 768 2008 natus
795 1953 1124 2021 Germanus,
1153 1955 1442 2023 diaconus,
1482 1955 1760 2010 triennio-

154 2060 245 2114 que
273 2050 391 2117 post
423 2046 724 2118 presbyter
751 2065 785 2101 a
813 2050 1004 2102 sancto
1045 2047 1361 2119 Agrippino
1395 2049 1760 2119 Augustodu-

154 2138 288 2192 nensi
315 2139 579 2210 episcOpo
608 2140 926 2209 ordinatus,
948 2140 1231 2212 abbasque
1260 2142 1452 2196 Sancti
1481 2141 1761 2213 Sympho-

155 2230 272 2284 riani
294 2232 599 2286 aNectario
627 2233 948 2304 praefectus,
978 2251 1109 2288 cum
1147 2250 1214 2288 eo
1258 2234 1495 2288 concilio
1526 2251 1555 2287 v
1581 2237 1762 2289 Aure-

151 2321 378 2390 lianensi,
404 2341 557 2380 anno
586 2326 715 2392 549,
761 2325 1036 2381 interfuit.
1080 2328 1222 2382 Cum
1252 2332 1445 2381 autem
1474 2327 1766 2382 sanctitate

151 2416 274 2486 vitae,
301 2417 550 2472 moribus
573 2424 631 2473 et
646 2419 1053 2474 miraculorum
1080 2419 1286 2476 virtute
1313 2421 1570 2489 clareret,
1600 2437 1763 2475 voca-

151 2513 228 2563 tur
247 2511 310 2564 ad
328 2512 587 2582 regimen
612 2511 946 2567 Parisiensis
973 2512 1250 2581 Ecclesiae,
1272 2518 1498 2568 mortuo
1526 2513 1764 2568 Eusebio

153 2617 227 2656 an.
253 2606 346 2658 555
374 2605 515 2672 (Act.
543 2610 722 2659 sanet.
749 2605 974 2668 Bened.,
1005 2611 1044 2659 τ.
1073 2608 1121 2669 Ι,
1149 2623 1212 2677 p.
1239 2607 1362 2677 234)
1403 2610 1468 2660 ut
1497 2605 1656 2661 testis
1681 2610 1767 2660 est

152 2694 455 2752 Fortunatus
481 2703 702 2766 auctor,
721 2713 956 2752 suorum
975 2702 1300 2770 temporum
1327 2698 1621 2770 episcopus
1643 2699 1762 2753 Pic-

153 2789 378 2844 taviensis
403 2791 508 2862 qui
534 2808 626 2845 res
649 2791 720 2845 ab
745 2807 812 2844 eo
839 2793 1106 2862 praeclare
1149 2797 1333 2864 gestas
1367 2792 1510 2846 libro
1547 2792 1617 2846 de
1654 2791 1765 2846 vita
1801 2843 1806 2848 .

155 2882 252 2950 ejus
293 2884 498 2954 scripto
549 2884 806 2953 tradidit,
860 2885 1252 2956 consentitquc
1305 2885 1652 2940 Gisscmarus
1705 2884 1766 2940 in

155 2975 250 3027 Vita
267 2977 434 3030 sancti
462 2976 814 3032 Droctrovei.

208 3067 340 3124 Nihil
393 3085 578 3123 novus
630 3069 928 3141 dignitatis
968 3071 1157 3142 gradis
1196 3070 1435 3125 mutavit
1473 3071 1532 3125 in
1587 3071 1763 3138 cultu,

153 3161 294 3228 victu,
348 3162 562 3234 vigiliis
599 3167 656 3217 et
701 3163 1000 3234 asperitate
1044 3163 1392 3235 poenitentia:
1429 3163 1766 3218 sanctissimi

1866 1958 2006 2014 inibi
2037 1960 2328 2030 sepelitur.
2353 1960 2657 2016 Successor
2687 1960 2809 2031 ejus
2838 1959 3118 2016 Clotarius
3148 1959 3496 2014 Francorum

1865 2068 2140 2107 coronam
2159 2053 2419 2124 adeptus,
2441 2053 2686 2108 Parisios
2702 2052 2877 2119 venit,
2897 2053 2992 2107 ubi
3010 2052 3082 2106 ob
3101 2055 3496 2124 contemptum

1864 2145 2097 2198 beatum
2121 2146 2470 2199 Germanum
2495 2145 2551 2199 in
2575 2162 2810 2215 gravem
2831 2145 3100 2199 morbum
3122 2143 3400 2210 incidens,
3425 2144 3496 2198 ab

1867 2237 2072 2290 eodem
2092 2241 2287 2291 sancto
2307 2240 2562 2304 sanatur,
2581 2237 2865 2291 scribente
2885 2238 3197 2291 fortunato.
3213 2236 3494 2290 Eumdem

1866 2330 2114 2400 acceptis
2135 2329 2350 2400 regina:
2373 2329 2744 2400 Radegundis
2765 2328 3276 2383 sacramentalibus
3295 2327 3496 2382 litteris

1867 2437 1900 2475 a
1924 2421 2217 2492 proposito
2247 2422 2436 2477 uxoris
2467 2421 2812 2493 recipienda:
2846 2421 3100 2475 deterret
3119 2425 3348 2475 sanctus
3367 2421 3498 2475 Ger-

1867 2530 2073 2568 manus
2095 2531 2230 2568 ann.
2256 2517 2387 2580 559;
2409 2517 2529 2568 tum
2551 2515 2807 2570 Pictavos
2827 2514 3118 2585 profectus
3139 2516 3201 2566 ut
3220 2513 3290 2567 ab
3309 2529 3377 2566 ea
3393 2529 3496 2584 pro

1866 2623 2002 2677 rege
2022 2607 2250 2661 veniam
2268 2607 2696 2678 deprecaretur,
2714 2609 2999 2677 Agnetem
3013 2622 3209 2659 coram
3222 2604 3344 2659 aliis
3357 2605 3500 2676 epis-

1866 2699 2023 2770 copis
2052 2699 2108 2754 in
2141 2700 2494 2754 monasterio
2526 2702 2735 2754 sanctae
2759 2697 3129 2770 Radegundis
3150 2697 3496 2752 abbatissam

1866 2793 2238 2860 consecravit,
2269 2793 2424 2864 quod
2465 2792 2522 2846 in
2565 2793 2807 2864 epistola
2847 2792 2920 2846 ad
2947 2791 3244 2863 episcopos
3274 2791 3496 2845 concilii

1865 2886 2210 2940 Turonensis
2258 2886 2380 2957 ipsa
2425 2888 2713 2940 memorat
2762 2884 3151 2956 Radegundis.
3203 2883 3498 2939 Ordinavit

1867 2995 2021 3034 anno
2049 2978 2275 3033 circiter
2302 2982 2406 3034 560
2431 2978 2735 3050 Syagrium
2760 2977 3108 3032 Alduensem
3142 2977 3494 3048 episcopum.

1866 3073 2020 3126 Inter
2051 3072 2162 3126 alia
2191 3071 2508 3143 privilegia,
2543 3070 2968 3125 immunitatem
2999 3071 3070 3124 ab
3101 3069 3368 3141 episcopo
3389 3071 3494 3125 Pa-

1865 3164 2088 3219 risiensi
2116 3169 2172 3218 et
2197 3165 2395 3236 quovis
2417 3165 2530 3220 alio
2556 3163 2856 3218 monachis
2877 3163 3070 3218 Sancti
3091 3162 3372 3217 Vincentii
3391 3164 3499 3217 lar-

153 3252 254 3308 viri.
280 3255 537 3312 lnterfuit
560 3273 714 3311 anno
740 3259 842 3312 557
872 3257 1170 3312 Parisiensi
1196 3274 1254 3312 ιιι
1283 3257 1545 3323 concilio,
1574 3256 1764 3311 habito
1783 3238 1842 3310 B
1867 3259 2018 3328 gitus
2039 3260 2096 3312 et
2119 3275 2195 3312 xu
2220 3259 2344 3312 Kal.
2370 3257 2724 3328 Septembris
2746 3274 2900 3312 anno
2924 3261 2954 3311 5
2977 3255 3296 3312 Ghariberti
3320 3255 3494 3327 regis,

154 3347 206 3400 ad
228 3349 571 3405 resarcienda
599 3350 806 3404 damna
831 3351 1022 3405 omnia
1051 3351 1305 3406 Ecclesiae
1339 3367 1407 3405 ex
1432 3350 1596 3405 bellis
1625 3349 1763 3404 civi-

155 3439 273 3494 libus
311 3441 480 3497 illata.
554 3443 746 3498 Astitit
799 3459 949 3498 anno
1003 3447 1106 3498 558
1173 3443 1530 3498 translationi
1587 3443 1764 3498 sancti

156 3532 307 3588 L'rsini
345 3535 711 3591 Bituricensis
756 3537 1024 3608 cpisc0pi,
1069 3536 1213 3591 sicut
1251 3540 1309 3590 et
1345 3536 1532 3592 Sancti
1577 3535 1765 3590 Albini

159 3626 562 3700 Andegavensis,
586 3629 750 3699 cujus
770 3633 995 3700 tempus
1022 3647 1136 3684 non
1156 3630 1479 3685 adnotatur.
1507 3629 1685 3700 Hujus
1703 3629 1764 3684 in

158 3716 392 3776 honorem
420 3721 721 3776 ecclesiam
747 3722 1034 3777 voluntate
1061 3728 1117 3777 et
1141 3722 1384 3794 imperio
1420 3721 1765 3777 Childeberti

159 3811 278 3882 regis
299 3819 425 3868 ante
451 3819 679 3887 portam
709 3815 1130 3886 Andegavensis
1156 3815 1311 3871 urbis
1335 3815 1601 3873 fundasse
1639 3831 1760 3870 me-

159 3911 373 3960 moratur
396 3907 457 3962 in
485 3907 686 3962 charta
717 3907 946 3980 Nesingi
972 3909 1239 3980 epiSCOpi,
1273 3909 1331 3962 in
1369 3907 1515 3962 notis
1558 3907 1764 3962 Baluzii

159 3995 212 4048 ad
244 3996 526 4054 Servatum
565 4001 808 4071 Lupum,
849 4017 982 4073 pag.
1030 4004 1152 4056 378.
1211 4003 1497 4066 Quantum
1540 4000 1644 4056 sub
1699 4017 1763 4055 eo

160 4090 360 4153 praesule
380 4091 780 4148 Childebertus
805 4109 906 4147 rex
935 4093 1141 4164 pietate
1182 4093 1471 4173 enituerit,
1519 4093 1766 4150 ostendit

161 4178 420 4253 imprimis,
449 4185 609 4258 quod
637 4185 894 4240 Ecclesia
918 4185 1238 4254 Parisiensi,
1269 4186 1506 4240 sanitate
1537 4191 1764 4258 recepta

159 4275 379 4340 precibus
423 4277 610 4333 sancti
651 4279 942 4349 Praesulis,
980 4279 1176 4349 cellas,
1219 4279 1436 4351 regiam
1476 4279 1660 4334 villam
1703 4279 1764 4333 in

157 4380 242 4433 qua
255 4371 622 4439 convaluerat,
651 4371 964 4443 cellamque
986 4371 1042 4426 in
1067 4372 1350 4442 provincia
1375 4389 1507 4426 cum
1535 4371 1765 4427 basilica

158 4457 310 4514 Sancti
353 4464 598 4518 Romani
641 4465 935 4520 donaverit
977 4482 1126 4518 anno
1169 4465 1334 4534 regni
1357 4466 1445 4530 47,
1475 4465 1534 4519 in
1571 4479 1764 4518 mense

157 4549 382 4609 Januario
431 4556 598 4625 (Hist.
643 4558 845 4612 Eccles.
883 4559 1086 4620 Paris.,
1127 4563 1165 4611 ε.
1217 4559 1265 4620 I,
1301 4574 1435 4626 pag.
1489 4557 1598 4628 82).
1653 4556 1762 4611 Sed

159 4647 432 4710 βιωτιίω
461 4651 665 4704 notatu
693 4649 867 4722 digna
895 4650 1046 4722 regis
1075 4650 1247 4721 hujus
1274 4650 1450 4705 effusa
1468 4650 1528 4704 in
1551 4665 1762 4721 paupe-

161 4737 556 4811 resliberalitas,
586 4741 665 4796 ita
691 4747 756 4797 ut
781 4759 1013 4798 auream
1053 4747 1110 4797 et
1145 4749 1475 4814 argenteam
1511 4743 1757 4813 supellc-

160 4828 313 4886 ctilem
337 4834 404 4888 ad
431 4851 531 4889 eos
555 4835 892 4891 nutriendos
919 4841 975 4891 et
993 4836 1264 4891 fovendos
1288 4836 1674 4907 confringeret
1698 4852 1760 4889 ac

161 4923 407 4996 "ontlaret,
435 4929 672 4983 consilio
715 4934 770 4984 et
813 4929 1085 5000 exemplis
1126 4929 1390 4984 Germani
1423 4934 1756 5000 permotus:

159 5016 280 5071 unde
315 5019 455 5077 forte
492 5028 626 5077 nata
661 5021 851 5093 opinio
900 5027 1160 5076 sanctum
1201 5023 1548 5077 Germanum
1589 5023 1761 5077 fuisse

163 5109 254 5178 regi
275 5112 340 5165 ab
363 5114 738 5186 eleemosynis
766 5115 1040 5186 primum,
1063 5121 1140 5184 et,
1169 5121 1232 5170 ut
1259 5116 1426 5171 modo
1451 5115 1758 5188 loquimur,

163 5215 395 5273 magnum
425 5209 957 5279 eleemosynarium.
978 5211 1418 5280 Caesaraugustae
1442 5209 1600 5264 urbis
1626 5225 1764 5280 opu-

161 5291 444 5355 lentissimas
460 5301 519 5355 in
541 5301 806 5372 Hispania
824 5303 896 5357 ad
919 5303 1066 5375 ripas
1083 5302 1226 5357 lberi
1247 5302 1537 5357 obsidione
1558 5303 1758 5370 soluta,

163 5393 202 5438 ει
228 5387 342 5446 inde
382 5393 551 5448 allata
595 5395 876 5450 Vincentii
925 5395 1151 5450 diaconi
1195 5401 1251 5451 et
1292 5395 1556 5465 martyris
1600 5395 1758 5464 stola,

167 5494 383 5538 reversus
439 5486 730 5541 Lutetiam
787 5487 1186 5542 Childebertus
1249 5487 1534 5542 aedificare
1593 5487 1764 5558 ccepit

170 5571 316 5640 'Ibid.,
329 5594 383 5649 p.
403 5581 490 5648 87)
509 5579 694 5634 sancti
717 5580 988 5636 Germani
1010 5579 1294 5652 pontificis
1312 5581 1564 5645 hortatu,
1581 5579 1759 5634 sancti

169 5663 405 5726 Vincentii
421 5673 678 5740 nomine,
701 5673 978 5728 illustrem
1000 5673 1314 5740 basilicam,
1333 5673 1392 5727 in
1413 5689 1527 5744 qua
1549 5672 1758 5726 dictam

169 5759 338 5816 stolam
366 5763 648 5836 deposuit.
683 5766 838 5820 Hanc
877 5769 1068 5820 autem
1098 5767 1418 5821 absolutam
1449 5764 1674 5830 dicavit,
1705 5769 1762 5818 ct

173 5849 387 5916 pluribus
429 5857 838 5913 donationibus
883 5859 1037 5913 auxit
1078 5862 1306 5915 sanctus
1347 5859 1666 5914 Germanus
1694 5861 1760 5913 23

1781 4604 1836 4678 C

1864 3351 2071 3406 Christi
2117 3355 2217 3405 565
2260 3351 2445 3422 (Ibid.,
2489 3369 2544 3421 p.
2589 3349 2698 3420 89).
2734 3349 2926 3404 Astitit
2966 3367 3060 3404 an.
3109 3353 3210 3404 566
3253 3365 3324 3402 xv
3369 3349 3492 3402 Kal.

1863 3445 2132 3498 Decemb.
2157 3444 2398 3498 concilio
2419 3443 2734 3498 Turonensi
2764 3460 2822 3510 ll,
2849 3443 2943 3496 ubi
2966 3443 3260 3497 decretum
3285 3441 3497 3513 episco-

1862 3554 2070 3608 porum
2102 3537 2173 3592 de
2202 3540 2464 3609 suscepta
2492 3537 2677 3592 beatas
2709 3535 3082 3607 Radegundis
3103 3535 3345 3607 epistola
3366 3553 3498 3592 con-

1864 3630 2138 3701 scriptum
2165 3634 2251 3684 est
2277 3631 2454 3698 (Cone.
2488 3630 2662 3684 Hm'd.
2693 3634 2818 3684 tom.
2845 3631 2950 3692 III,
2980 3629 3087 3682 col.
3117 3627 3262 3698 367).
3289 3629 3495 3684 Conse-

1864 3723 2042 3778 cravit
2061 3741 2215 3779 anno
2242 3728 2342 3778 568
2364 3724 2607 3777 Felicem
2631 3722 2946 3792 Biturigum
2965 3721 3315 3792 episcopum.
3336 3721 3496 3776 Circa

1865 3817 2022 3872 idem
2062 3821 2308 3888 tempus,
2353 3819 2439 3870 est
2477 3815 2846 3870 Charibertus
2886 3830 2984 3868 rex
3027 3812 3227 3866 incesti
3254 3813 3494 3868 crimine

1865 3909 2258 3972 insimulatus;
2286 3908 2496 3978 quippe
2525 3906 2618 3978 qui
2643 3905 2943 3977 repudiata
2964 3903 3222 3975 legitima
3247 3905 3492 3976 conjuge
3562 3977 3570 3986 ι

1864 4003 2192 4074 lngoberta,
2225 4000 2592 4055 Meroﬂedem
2625 4015 2691 4053 ac
2730 4002 2929 4070 postea
2967 3998 3345 4052 Marcofevam
3372 3998 3494 4068 ejus

1865 4112 2121 4151 sororem
2145 4094 2412 4165 religiosa
2433 4095 2586 4146 veste
2610 4092 2893 4159 indutam,
2914 4091 3184 4162 conjugio
3203 4091 3306 4145 sibi
3327 4108 3495 4162 copu-

1865 4192 2098 4244 laverat.
2131 4189 2273 4244 Cum
2305 4187 2483 4242 nollet
2513 4202 2642 4240 eam
2679 4185 2989 4251 dimittere,
3019 4184 3090 4238 ab
3121 4184 3328 4238 eodem
3356 4185 3493 4239 Ger-

1865 4298 2038 4336 mano
2061 4281 2234 4336 sacris
2256 4279 2592 4335 interdictas
2611 4282 2728 4333 est:
2748 4277 2905 4348 quod
2925 4277 3170 4331 recitant
3189 4277 3496 4349 Gregorius

1865 4375 1961 4428 lib.
1988 4392 2060 4440 iv,
2082 4392 2206 4444 cap.
2231 4377 2318 4439 26,
2343 4375 2402 4426 et
2420 4374 2589 4427 Gesta
2609 4373 2866 4425 veterum
2889 4371 3238 4425 Francorum
3260 4387 3384 4441 cap.
3405 4373 3491 4435 30,

1865 4467 1960 4521 ubi
1993 4471 2051 4521 et
2077 4467 2286 4537 legitur
2311 4483 2345 4520 a
2373 4482 2510 4536 rege
2538 4463 2875 4520 Gharibcrto
2897 4463 3280 4517 Encolismam
3307 4463 3496 4516 civita-

1864 4563 1982 4614 tem
2030 4559 2269 4613 missum
2315 4558 2666 4612 Germanum
2701 4572 2832 4610 cum
2867 4554 3142 4626 Gregorio
3177 4555 3493 4609 Turonensi

1863 4669 2226 4707 consecrasse
2267 4650 2562 4704 basilicam
2606 4648 2788 4703 sancti
2829 4647 3092 4719 Eparchii
3128 4647 3316 4718 (Labb.
3353 4647 3490 4701 Nov.

1863 4745 2126 4798 ltiblioth.
2157 4749 2194 4798 t.
2223 4746 2270 4805 Ι,
2293 4761 2354 4813 p.
2391 4743 2528 4811 152),
2565 4741 2660 4812 qui
2706 4740 2846 4794 inibi
2877 4757 3061 4811 nuper
3088 4741 3340 4810 sepultus
3370 4739 3491 4793 fue-

1862 4841 1970 4892 rat.
1992 4839 2066 4891 At
2095 4853 2353 4891 errorem
2381 4836 2437 4889 in
2467 4833 2798 4888 nominibus
2824 4832 3270 4903 deprehendunt
3293 4832 3496 4886 doctis-

1863 4929 1990 4984 simi
2021 4928 2382 4984 Bollandistm
2410 4944 2474 4980 ex
2503 4925 2780 4996 temporis
2811 4926 3035 4980 ratione
3061 4942 3072 4979 :
3105 4942 3240 4979 nam
3267 4927 3495 4979 sanctus

1863 5027 2183 5078 Germanus
2216 5038 2378 5092 reque
2427 5037 2491 5074 ac
2531 5019 2900 5074 Charibertus
2931 5036 3028 5072 rex
3060 5021 3192 5073 ante
3233 5022 3493 5073 sanctum

1863 5116 2206 5188 Eparchium
2239 5132 2269 5168 e
2297 5114 2435 5168 vivis
2461 5127 2772 5178 excessere,
2797 5115 2860 5166 ut
2891 5115 3096 5167 notant
3125 5114 3282 5167 tomo
3304 5114 3323 5164 l
3342 5110 3492 5176 Julii,

1865 5227 1995 5281 pag.
2018 5212 2132 5264 109.
2150 5208 2421 5262 lnvitatus
2438 5223 2472 5260 a
2489 5206 2770 5261 Domnolo
2790 5205 3211 5261 Cenomanensi
3227 5204 3492 5275 episcOpo

1864 5302 1936 5356 ad
1969 5301 2392 5356 dedicationem
2427 5298 2764 5356 monasterii
2801 5299 2995 5354 Sancti
3026 5297 3305 5352 Vincentii
3333 5297 3495 5366 juxta

1865 5395 2067 5449 urbem
2097 5396 2563 5450 Cenomanorum
2603 5393 2793 5447 eidem
2822 5392 3000 5446 astitit
3025 5407 3178 5444 anno
3209 5393 3332 5457 57l,
3369 5391 3490 5444 Kal.

1865 5488 2160 5554 Novemb.,
2180 5491 2243 5542 ut
2263 5489 2488 5542 constat
2509 5504 2575 5541 ex
2596 5486 2800 5541 litteris
2819 5483 3084 5540 Donmoli
3106 5482 3288 5554 pridie
3313 5497 3494 5538 nonas

1862 5581 2088 5635 Martias
2109 5579 2257 5635 datis
2277 5579 2334 5634 in
2357 5580 2506 5634 hanc
2527 5596 2670 5646 rem,
2695 5579 2900 5650 quibus
2916 5575 3247 5646 subscripsit
3266 5576 3496 5632 Germa-

1865 5693 1990 5729 nus.
2018 5674 2285 5728 Interfuit
2318 5690 2472 5728 anno
2509 5675 2610 5728 573
2641 5671 2882 5728 concilio
2905 5668 3212 5724 Parisiensi
3239 5687 3293 5723 1v
3313 5669 3489 5740 (Cone.

1864 5769 2039 5822 Hnrd.
2069 5773 2194 5822 tom.
2219 5769 2322 5831 III,
2347 5767 2453 5822 col.
2479 5765 2623 5835 404),
2654 5764 2750 5818 ubi
2786 5764 2936 5818 inter
2963 5765 3174 5817 caetera
3205 5762 3492 5833 depositus

1866 5864 1950 5915 est
1971 5863 2291 5928 Promotus,
2307 5859 2404 5931 qui
2426 5858 2748 5928 episcopale
2771 5854 3021 5910 ofﬁcium
3043 5853 3100 5907 in
3121 5853 3348 5909 dioecesi
3366 5854 3493 5906 Car-
