4020 6232
474 312 540 371 55
1372 314 1665 375 SANCTUS
1701 316 2079 381 GERMANL’S,
2122 316 2527 371 PARISIENSIS
2564 313 2937 373 EPISCOPUS.
3774 316 3843 372 56

476 421 700 481 notensi
724 426 1043 498 usurparat,
1066 422 1336 481 nimirum
1358 424 1416 481 in
1442 423 1908 491 Castrodunensi,
1930 425 1985 476 et
2006 422 2101 494 qui
2125 433 2183 506 Α
2205 420 2322 475 dati
2365 422 2599 476 fuerant
2636 425 2908 494 parentes
2943 423 3065 493 ejus
3094 421 3452 479 Eleutherius
3483 424 3543 479 et
3571 420 3843 490 Eusebia,

475 518 548 573 ad
573 519 858 590 synodum
881 536 914 573 a
935 520 1222 574 Germano
1245 519 1511 573 invitatus
1532 517 1724 572 venire
1746 521 2103 587 contempse-

473 614 581 666 rat.
603 615 770 667 Anno
793 616 914 677 575,
938 613 1360 667 Brunichildem
1382 611 1643 681 reginam
1664 611 1952 663 luculenta
1973 610 2103 665 hor-

475 707 627 760 tatus
656 710 739 758 est
762 706 1002 776 epistola
1025 710 1084 759 ut
1112 705 1458 773 Sigibertum
1481 703 1787 773 conjugem
1811 720 1843 755 a
1866 703 2100 758 consilio

473 799 608 854 belli
646 799 797 870 quod
833 798 996 852 fratri
1019 798 1303 851 inferebat
1336 814 1436 849 suo
1467 796 1947 867 revocaret(Hist.
1978 798 2101 851 ccc].

472 895 675 954 Puris,
700 897 737 947 t.
761 894 808 952 Ι,
830 909 887 961 p.
920 890 1026 960 96).
1054 892 1205 943 lianc
1229 889 1406 948 babes
1426 889 1484 943 in
1509 889 1827 960 appendice
1850 890 2101 960 Operum

474 985 733 1056 Gregorii
771 983 1113 1037 Turonensis
1153 982 1473 1036 novissimae
1505 982 1792 1049 editionis,
1822 984 1929 1036 col.
1968 984 2101 1037 1343

474 1078 626 1148 (Vid.
662 1080 813 1145 infra
840 1078 936 1130 col.
971 1075 1114 1143 900).
1151 1075 1410 1128 Infinitus
1444 1092 1629 1128 essem
1663 1075 1707 1129 si
1734 1075 1913 1129 sancti
1952 1075 2100 1129 anti-

472 1171 617 1225 stitis
660 1170 895 1223 virtutes
932 1172 990 1222 et
1022 1168 1299 1222 miracula
1340 1184 1642 1221 recensere
1683 1169 1909 1222 vellem.
1944 1169 2101 1221 Hunc

474 1263 751 1318 Robertus
773 1279 869 1315 rex
892 1262 948 1314 in
972 1261 1283 1331 diplomate
1306 1261 1653 1314 Parisiorum
1672 1261 2103 1331 clypeuminex-

470 1355 842 1426 pugnabilem
863 1356 1176 1423 nuncupat.
1197 1354 1462 1407 Celebrat
1483 1355 1825 1407 Fortunatus
1846 1354 1967 1423 ejus
1986 1371 2104 1407 mo-

470 1464 600 1502 rum
630 1447 1014 1513 sanctitatem,
1045 1446 1295 1516 clerique
1327 1446 1661 1499 Parisiensis
1684 1447 1785 1499 sub
1814 1464 1881 1499 eo
1912 1447 2099 1517 ponti-

470 1541 575 1595 flce
588 1540 929 1611 religionem
950 1538 1383 1593 eteeclesiastici
1400 1539 1559 1593 chori
1577 1542 1918 1594 concentum
1938 1557 1949 1593 :
1967 1557 2102 1593 nam

471 1636 740 1705 poemate
772 1635 854 1698 19,
885 1632 980 1685 lib.
1012 1649 1070 1698 ιι,
1101 1632 1223 1702 ejus
1255 1631 1576 1685 institutum
1620 1649 1822 1685 recens
1848 1632 1918 1685 de
1952 1634 2100 1702 psal-

471 1726 666 1781 modia
683 1725 1073 1791 commendat,
1094 1741 1270 1795 quam
1286 1741 1319 1778 a
1336 1726 1546 1796 populo
1566 1728 1624 1779 et
1638 1726 1791 1778 clero
1806 1725 2101 1795 parisiensi

474 1820 621 1873 mira
642 1818 968 1889 frequentia
990 1821 1047 1871 et
1067 1818 1393 1872 animorum
1416 1817 1711 1871 alacritate
1732 1817 1999 1887 perhibet
2019 1836 2103 1871 su-
2126 1800 2179 1870 Β

471 1916 726 1983 sceptam
752 1911 943 1965 fuisse.
970 1912 1211 1963 Demum
1241 1911 1360 1964 fere
1392 1910 1796 1980 octogenarius
1818 1910 1874 1962 in
1897 1912 2101 1964 coelum

472 2005 738 2077 migravit
784 2006 1102 2059 Germanus
1152 2020 1185 2055 v
1234 2003 1475 2057 Kalend.
1525 2003 1722 2056 Juuias
1770 2020 1923 2057 anno
1977 2007 2099 2070 576,

469 2099 640 2169 paulo
658 2101 785 2169 post
803 2114 975 2167 quam
994 2096 1280 2167 Sigiberto
1301 2096 1422 2166 regi
1446 2095 1832 2149 comminatus
1852 2099 2102 2150 mortem

468 2191 667 2244 fuisset
688 2206 751 2243 ac
770 2189 1140 2260 praedixisset,
1163 2192 1221 2241 ut
1239 2189 1418 2241 refert.
1433 2188 1741 2258 Gregorius
1758 2189 2101 2243 Turonensis

468 2284 565 2338 lib.
602 2300 675 2347 iv,
704 2300 828 2353 cap.
982 2282 1144 2335 Diem
1186 2298 1415 2351 quoque
1457 2281 1539 2334 sui
1570 2280 1689 2351 ipse
1716 2282 1904 2335 obitus
1930 2283 2100 2352 paulo

469 2379 601 2430 ante
647 2373 1138 2446 pronuntiaverat.
1182 2375 1258 2426 De
1306 2374 1428 2443 ejus
1474 2374 1675 2427 funere
1718 2374 1796 2426 ita
1839 2374 2103 2428 laudatus

470 2454 778 2539 Gregorius
808 2467 954 2519 libro
988 2483 1039 2532 v,
1074 2483 1197 2536 cap.
1233 2469 1264 2519 8
1294 2483 1305 2519 :
1340 2487 1366 2511 «ι
1398 2468 1460 2519 In
1497 2466 1675 2536 cujus,
1707 2465 1911 2537 inquit,
1942 2483 2099 2519 exse-

470 2561 635 2633 quiis,
662 2560 853 2613 multis
873 2558 1173 2612 virtutibus
1195 2576 1335 2628 quas
1359 2558 1413 2611 in
1438 2575 1677 2628 corpore
1699 2562 1974 2627 gesserat,
1992 2559 2101 2613 hoc

468 2654 809 2708 miraculum
855 2650 1355 2705 confirmationem
1395 2651 1549 2705 fecit.
1586 2652 1726 2704 Nam
1770 2652 2102 2705 carcerariis

468 2745 938 2811 acclamantibus,
962 2761 1167 2814 corpus
1189 2744 1243 2797 in
1268 2745 1459 2815 platea
1481 2747 1858 2815 aggravatum
1881 2747 1985 2811 est,
2009 2762 2097 2799 so-

468 2840 713 2910 lutisque
739 2838 977 2903 eisdem,
1000 2854 1190 2891 rursus
1212 2837 1333 2890 sine
1355 2838 1552 2890 labore
1570 2838 1790 2890 levatur
1809 2855 1821 2891 :
1843 2837 1946 2908 ipsi
1966 2854 2103 2908 quo-

469 2950 579 3003 que
613 2932 708 3003 qui
736 2931 904 2985 soluti
934 2920 1180 2996 fuerant,
1216 2930 1271 2983 in
1310 2930 1645 2999 obsequium
1679 2930 1894 2983 funeris
1921 2948 2099 3000 usque

469 3026 540 3080 ad
566 3025 861 3080 basilicam
883 3024 939 3077 in
965 3040 1078 3094 qua
1100 3024 1353 3093 sepultus
1375 3026 1479 3087 est,
1504 3022 1667 3076 liberi
1691 3027 2097 3093 pervenerunt.

467 3119 552 3174 Ad
582 3120 907 3189 sepulcrum
940 3120 1134 3170 autem
1175 3116 1297 3186 ejus
1333 3117 1543 3169 multas
1570 3116 1824 3181 virtutes,
1854 3116 2098 3170 Domino

468 3211 777 3277 tribuente,
810 3210 1113 3263 credentes
1141 3208 1532 3279 experiuntur.
1560 3230 1585 3255 η
1614 3210 1738 3262 Ha-c
1771 3211 2096 3279 Gregorius,

468 3305 564 3374 qui
592 3308 792 3374 postea
812 3302 1184 3356 commendat
1201 3302 1405 3355 librum
1425 3301 1551 3354 vitm
1572 3302 1751 3355 sancti
1770 3303 2051 3372 pontificis
2068 3320 2101 3356 a

468 3397 779 3451 Fortunato
799 3395 1131 3466 presbytero
1151 3395 1550 3465 compositum.
1567 3395 1672 3447 Alii
1686 3395 1867 3461 citius,
1882 3395 2102 3449 tardius

469 3488 563 3543 alii
599 3492 847 3542 mortem
877 3488 998 3556 ejus
1031 3487 1345 3557 assignant,
1381 3503 1591 3557 nempe
1625 3487 1791 3539 annis
1820 3491 1941 3551 575,
1977 3492 2098 3540 577.

468 3581 745 3635 Baronius
765 3580 1000 3634 biennio
1024 3584 1149 3650 post
1171 3579 1506 3634 defunctum
1532 3579 1705 3633 tradit
1726 3581 2097 3643 Germanum,

468 3678 526 3728 et
550 3675 712 3744 Hugo
736 3672 1172 3727 Flaviniacensis
1196 3689 1259 3725 ex
1280 3672 1563 3727 Chronico
1586 3671 1924 3725 Virdunensi
1948 3670 2099 3740 apud

467 3767 774 3821 Labbmum
826 3783 879 3836 p.
926 3770 1041 3831 101,
1088 3769 1118 3819 9
1159 3766 1429 3819 Februar.
1480 3768 1603 3827 582,
1647 3764 1741 3817 ubi
1794 3779 2097 3833 perperam

464 3861 703 3913 fratrem
749 3860 801 3913 ei
848 3859 1018 3913 fuisse
1046 3861 1283 3913 Paulum
1312 3858 1733 3911 Virdunensem
1768 3855 2099 3925 episcopum

466 3953 684 4019 asserit,
710 3952 807 4033 qui
834 3952 1063 4021 vigebat
1084 3968 1237 4005 anno
1260 3954 1383 4005 630.
1407 3950 1745 4003 Tumulatur
1768 3948 1821 4000 in
1847 3946 2097 4002 oratorio

466 4046 646 4098 sancti
691 4045 1117 4115 Symphoriani,
1147 4043 1300 4114 quod
1343 4043 1462 4112 ipse
1497 4043 1893 4093 construxerat
1925 4040 1980 4092 in
2011 4039 2096 4091 iu-

467 4154 663 4207 gressu
683 4137 928 4192 basilicae
960 4138 1140 4191 sancti
1173 4136 1475 4199 Vincentii,
1502 4133 1595 4187 ubi
1618 4133 1772 4201 prius
1794 4132 2097 4201 sepulturae

2121 3161 2175 3232 C

2205 532 2307 585 pro
2325 532 2570 587 quorum
2591 517 2980 572 anniversario
2998 519 3178 571 multa
3194 518 3434 589 largitus
3446 516 3847 572 fuerateidem

2205 609 2475 663 ecclesiae.
2503 609 2772 663 Germani
2802 610 3159 681 epitaphium
3187 627 3219 664 a
3245 611 3568 682 Chilperico
3595 626 3758 681 rege,
3782 609 3847 666 in

2204 702 2440 772 poeticis
2461 702 2663 756 litteris
2684 704 2927 769 exculto,
2947 705 3333 775 conscriptum
3357 708 3519 758 notat
3540 704 3849 758 Aimoinus

2204 795 2299 848 lib.
2328 812 2406 861 Ill,
2441 812 2565 866 cap.
2594 799 2687 861 l6;
2722 795 2877 866 quod
2918 799 3115 850 tamen
3155 797 3250 851 alii
3281 815 3314 851 a
3341 814 3478 867 rege
3507 798 3558 851 ei
3588 797 3847 868 positum

2203 890 2449 954 tantum,
2483 889 2553 943 ab
2580 888 2674 942 illo
2709 906 2845 942 vero
2884 888 2981 960 qui
3012 890 3149 943 Vitae
3187 890 3368 944 sancti
3404 889 3681 945 Germani
3713 892 3848 943 acta

2203 981 2541 1051 composuit,
2584 980 2852 1052 scriptum
2896 998 3017 1035 esse
3064 983 3441 1037 contendunt.
3480 981 3848 1037 Mabillonius

2204 1073 2278 1127 ad
2309 1090 2526 1128 annum
2552 1078 2671 1140 576,
2698 1091 2755 1127 n.
2780 1077 2867 1141 68,
2893 1091 2925 1128 a
2948 1075 3269 1145 Chilperico
3291 1093 3429 1147 rege
3452 1075 3847 1146 compositum

2204 1165 2437 1235 quidem
2470 1166 2824 1237 epitaphium
2857 1167 3107 1237 conjicit,
3133 1170 3233 1222 sed
3265 1169 3335 1223 ab
3367 1168 3636 1223 Aimoino
3664 1183 3846 1239 expo-

2204 1258 2388 1313 litum.
2418 1259 2507 1313 Sic
2540 1263 2734 1313 autem
2766 1260 2941 1313 habet
2970 1277 2982 1314 :

2206 1354 2455 1405 Ecclesiw
2479 1354 2773 1421 speculum,
2798 1355 2997 1422 patria:
3023 1356 3194 1421 vigor,
3226 1370 3323 1408 ara
3354 1371 3589 1416 reorum,

2276 1447 2345 1499 Et
2369 1450 2548 1515 pater,
2582 1451 2631 1499 ct
2660 1446 2916 1507 medicus,
2942 1452 3155 1514 pastor,
3184 1464 3440 1517 amorque
3468 1451 3668 1516 gregis,

2204 1536 2503 1591 Germanus
2535 1541 2753 1600 virtute,
2780 1540 2905 1607 ﬁde,
2933 1540 3109 1602 corde,
3142 1556 3231 1593 ore
3258 1542 3463 1603 beatus,

2276 1629 2449 1683 Carne
2476 1636 2617 1684 tenet
2642 1632 2928 1692 tumulum,
2956 1635 3150 1685 mentis
3181 1634 3378 1687 honore
3399 1635 3606 1703 polum.

2212 1724 2309 1776 Vir
2334 1724 2431 1791 qui
2459 1723 2599 1775 dura
2626 1724 2765 1776 nihil
2793 1729 3093 1778 nocuerunt
3122 1727 3247 1791 fata
3279 1728 3536 1795 sepulcri,

2282 1817 2425 1869 Vivit
2455 1818 2616 1875 enim,
2645 1832 2771 1869 nam
2800 1832 2939 1870 mors
2966 1834 3122 1885 quem
3151 1820 3277 1872 tulit
3302 1821 3420 1888 ipsa
3451 1822 3618 1873 timet.

2204 1908 2381 1961 Crevit
2406 1909 2583 1961 adhuc
2606 1911 2787 1977 potius
2806 1910 2995 1977 justus
3016 1917 3141 1979 post
3165 1914 3389 1978 funera,
3423 1928 3551 1965 nam
3582 1914 3681 1981 qui

2274 2002 2461 2053 Fictile
2490 2017 2585 2054 vus
2610 2005 2816 2069 fuerat,
2843 2018 3053 2068 gemma
3081 2004 3315 2073 superba
3342 2007 3524 2058 micat.

2203 2094 2382 2161 Hujus
2421 2110 2571 2162 opem
2608 2112 2670 2148 ac
2703 2097 2949 2148 meritum
2978 2098 3138 2150 mutis
3165 2098 3295 2150 (lata
3321 2099 3485 2151 verba
3519 2099 3848 2166 loquuntur,

2272 2187 2534 2240 Redditus
2566 2192 2616 2240 et
2646 2190 2797 2241 caecis
2823 2189 3091 2257 praedicat
3121 2206 3211 2243 ore
3236 2190 3370 2243 dics.

2202 2281 2359 2335 Nunc
2385 2281 2470 2332 vir
2494 2281 2819 2349 apostolicus
2845 2284 3063 2349 sapiens
3092 2283 3156 2334 dc
3182 2299 3344 2336 carne
3374 2285 3677 2353 trophaaum

2272 2374 2401 2425 Jure
2433 2374 2755 2442 triumphali
2783 2375 3021 2427 considet
3052 2391 3174 2427 arce
3204 2376 3403 2429 throni.

2272 2466 2633 2518 Translatum
2675 2470 2760 2519 est
2799 2483 3023 2519 sacrum
3064 2468 3332 2521 Germani
3376 2485 3587 2539 corpus
3620 2470 3698 2524 ad
3726 2488 3856 2524 ma-

2196 2558 2386 2626 jorem
2414 2557 2711 2611 ecclesiam
2744 2575 2838 2611 vm
2870 2559 2990 2611 Kal.
3017 2560 3256 2629 Augusti
3284 2577 3438 2615 anno
3467 2564 3595 2628 753i,
3621 2566 3857 2617 astante

2202 2649 2401 2720 Pipino
2436 2667 2594 2721 rege,
2626 2652 2774 2703 latus
2805 2651 2928 2720 ejus
2970 2652 3313 2722 stipantibus
3353 2654 3753 2710 Carlomanno
3797 2660 3860 2710 et

2202 2744 2404 2797 Carolo
2434 2743 2528 2813 qui
2561 2747 2759 2813 postea
2790 2743 2971 2797 dictus
2999 2749 3085 2797 est
3114 2746 3369 2816 Magnus,
3402 2748 3507 2801 sub
3540 2748 3856 2804 Lansfrido

2202 2836 2382 2888 sancti
2414 2836 2681 2889 Germani
2711 2836 2939 2903 abbate,
2971 2838 3132 2908 cujus
3160 2838 3288 2892 festi
3322 2841 3616 2895 memoria
3642 2842 3855 2896 recoli-

2202 2932 2293 2981 tur
2337 2928 2428 2981 die
2465 2932 2531 2982 25
2565 2928 2714 2982 Julii.
2750 2928 2882 2999 Ejus
2922 2930 2980 2982 in
3022 2931 3305 2985 honorem
3348 2933 3854 2999 Bertichramnus,

2202 3022 2667 3075 Cenomanorum
2709 3021 3028 3093 episcopus,
3064 3024 3161 3094 qui
3198 3024 3269 3078 ab
3308 3042 3377 3079 eo
3411 3027 3727 3097 presbyter
3758 3046 3853 3084 or-

2202 3113 2431 3166 dinatus
2489 3114 2708 3179 fuerat,
2769 3115 3185 3169 monasterium
3254 3118 3408 3188 apud
3475 3119 3859 3176 Cenomanos

2205 3206 2350 3259 ultra
2399 3205 2633 3259 ﬂuvium
2683 3205 2901 3259 Sarthae
2958 3208 3217 3264 condidit
3274 3213 3333 3263 et
3383 3210 3628 3280 dotavit,
3694 3214 3858 3286 quod

2204 3314 2354 3350 nunc
2394 3298 2691 3351 redactum
2737 3302 2823 3351 est
2868 3299 2925 3352 in
2974 3301 3336 3370 parmcialem
3370 3306 3685 3360 ecclesiam
3719 3308 3857 3361 sub-

2205 3390 2504 3443 urbanam.
2541 3390 2626 3442 ΑΙ)
2661 3390 2782 3459 ejus
2823 3408 3052 3462 quoque
3095 3395 3331 3449 nomine
3372 3396 3529 3451 dicta
3559 3399 3721 3469 apud
3747 3401 3857 3455 Pa-

2204 3481 2364 3535 risios
2396 3481 2635 3535 ecclesia
2662 3483 2842 3535 sancti
2869 3484 3140 3539 Germani
3171 3487 3400 3554 veteris,
3434 3490 3599 3559 prius
3628 3494 3860 3564 capella

2203 3574 2395 3628 Sancti
2442 3574 2677 3628 Joannis
2720 3575 2985 3645 Baptista:
3032 3578 3103 3631 ab
3136 3580 3259 3649 ipso
3304 3586 3509 3637 sancto
3554 3584 3857 3641 Germano

2203 3670 2336 3718 tunc
2400 3667 2605 3719 abbate
2666 3666 2857 3721 Sancti
2906 3669 3314 3741 Symphoriani
3370 3678 3734 3744 constructa,
3799 3678 3858 3732 in

2203 3775 2373 3826 quam
2424 3759 2495 3810 ob
2545 3761 2766 3811 metum
2817 3761 3284 3819 Normannorum
3340 3766 3609 3837 ejusdem
3666 3771 3856 3825 sancti

2202 3867 2406 3921 corpus
2447 3852 2785 3905 translatum
2828 3870 2981 3908 anno
3024 3860 3147 3925 886,
3180 3875 3286 3928 per
3315 3859 3625 3915 biennium
3665 3864 3852 3935 depo-

2201 3943 2370 3996 situm
2417 3946 2645 3998 mansit.
2677 3945 2887 4001 Sancto
2933 3949 3223 4004 Germano
3264 3952 3539 4007 tribuitur
3580 3972 3732 4028 Opus
3779 3957 3851 4012 de

2200 4035 2359 4089 Missa
2392 4041 2546 4091 temo
2575 4041 2615 4092 V
2644 4041 2946 4107 Anecdot.,
2979 4043 3085 4096 col.
3117 4046 3204 4097 91.

1335 4463 1977 4592 SANCTI
2103 4463 2964 4623 GERMANI,

1496 4644 1499 4645 ί
1546 4683 2192 4767 PARlSlENSlS
2274 4685 2739 4768 EPISCOPI

1836 4883 2473 5049 VITA,

951 5130 1317 5196 AUCTORE
1380 5129 1783 5196 V’ENANTIO
1846 5125 2328 5194 FORTUNATO
2387 5125 2765 5194 EPISCOPO
2830 5130 3328 5198 PICTAVIENSI

1499 5257 1611 5320 Ad
1633 5275 1784 5319 mss.
1824 5252 2037 5321 Codd.
2071 5249 2414 5331 diligenter
2443 5255 2792 5333 recognita.

1434 5400 3001 5443 ψη..

3012 5433 3055 5440 τ-

521 5544 560 5595 ῐ.
592 5543 797 5596 Beatus
842 5544 1015 5615 igitur
1060 5546 1379 5600 Germanus
1413 5541 1761 5598 Parisiorum
1804 5537 2083 5609 pontifex,
2107 5548 2165 5619 D
2192 5536 2343 5606 quod
2376 5536 2527 5589 hunc
2559 5540 2689 5606 post
2712 5538 2957 5590 alterum
2980 5538 3131 5595 intra
3153 5542 3326 5598 breve
3356 5550 3621 5617 spatium
3653 5572 3850 5609 concc-

452 5634 719 5689 territorii
746 5638 1281 5709 Augustoduneusis
1307 5636 1603 5704 indigena,
1633 5635 1795 5702 patre
1824 5629 2087 5683 Eleuthe-

452 5727 555 5791 Γίο»
589 5733 772 5784 matre
815 5748 1043 5803 quoque
1079 5731 1342 5795 Eusebia,
1382 5726 1638 5782 honestis
1670 5722 2083 5790 bonoratisque

451 5822 783 5888 parentibus
820 5828 1157 5898 procreatus
1199 5827 1303 5877 est.
1347 5819 1521 5889 Cujus
1564 5816 1827 5888 genitrix,
1868 5831 1971 5885 pro
2016 5830 2083 5867 eo

2190 5628 2363 5698 pisset
2394 5629 2450 5681 in
2474 5632 2657 5693 utero,
2684 5629 2901 5699 pudore
2924 5634 3082 5686 mota
3103 5635 3375 5692 muliebri
3398 5644 3689 5713 cupiebat
3719 5651 3847 5703 ante

2191 5724 2414 5789 partum
2440 5721 2723 5775 infantem
2745 5723 3142 5793 exstinguere:
3169 5732 3228 5781 et
3250 5736 3495 5803 accepta
3518 5740 3767 5807 potione
3793 5741 3847 5791 ut

2187 5813 2507 5868 abortivum
2537 5813 2863 5887 projiceret,
2890 5815 3029 5870 dum
3061 5834 3274 5876 nocere
3297 5839 3417 5879 non
3442 5836 3675 5902 posset,
3702 5835 3848 5888 incu-
