4020 6232
120 339 174 393 57
1708 346 1739 402 κ

1849 380 1878 404 ι.
3408 342 3474 405 38

119 444 277 500 babat
307 444 363 501 in
394 450 626 552 ventre,
663 453 727 503 ut
763 449 1021 522 pondere
1056 450 1407 522 praefodaret
1445 471 1619 526 quem
1647 472 1740 510 ve-
1764 479 1823 552 Α
1918 457 2000 511 ιν.
2034 457 2213 529 Igitur
2242 455 2495 529 quadam
2526 456 2643 513 vice
2675 456 2813 513 dum
2839 457 3029 513 cibum
3057 458 3238 513 fessus
3259 455 3478 531 accipe-

124 556 256 594 nena
296 539 517 595 credere
566 559 689 598 non
735 545 1011 599 valerent.
1060 545 1332 602 Certabat
1377 550 1567 603 mater
1610 565 1741 604 cum
1764 539 1823 552 ’⁵
1844 553 1950 615 ret,
1972 549 2333 620 ingrediente
2363 551 2628 607 Amando
2649 552 2936 606 monacho
2958 551 3017 606 in
3038 551 3212 606 fenile
3235 566 3364 606 cum
3395 550 3477 604 lu-

126 634 355 703 parvulo,
405 634 777 691 renitebatur
824 636 1016 693 infans
1060 639 1132 693 ab
1182 642 1389 695 utero:
1432 644 1558 696 erat
1601 658 1740 713 ergo

126 743 298 798 pugna
335 726 484 782 inter
521 730 834 785 mulierem
873 736 933 786 et
970 732 1205 787 viscera.
1242 733 1583 789 Lmdebatur
1615 751 1738 790 ma-

127 824 290 885 trona,
331 837 432 873 nec
474 823 805 878 nocebatur
844 824 1131 881 infantia:
1177 826 1580 882 obluctabatur
1618 845 1738 883 sar-

128 914 254 981 cina,
282 930 348 967 ne
390 914 645 984 genitrix
678 916 848 971 fieret
886 918 1191 989 parricida.
1222 920 1283 974 ld
1313 924 1505 975 actum
1540 925 1645 988 est,
1678 925 1742 976 ut

131 1010 351 1060 servatus
376 1007 710 1077 incolumis,
740 1010 860 1082 ipse
897 1011 1106 1066 illmsus
1145 1014 1504 1083 procederet,
1532 1018 1590 1070 et
1614 1032 1736 1071 ma-

130 1103 255 1153 trem
287 1100 558 1157 redderet
600 1102 995 1160 innocentem.
1039 1106 1175 1159 Erat
1201 1106 1334 1161 hinc
1362 1108 1554 1163 futura
1592 1126 1738 1179 prte-

134 1208 355 1257 noscere,
381 1198 518 1249 ante
553 1197 759 1252 fecisse
782 1198 922 1268 [Al.,
950 1199 1165 1253 factam
1198 1215 1303 1271 pro
1333 1200 1424 1271 eo]
1450 1202 1737 1268 virtutem,

134 1301 278 1357 quam
306 1288 456 1342 nasci
490 1290 827 1361 contigerit.

189 1380 241 1432 ll.
271 1380 481 1435 Deinde
514 1399 653 1437 cum
677 1385 953 1440 Avallone
984 1391 1171 1443 castro
1206 1390 1280 1459 (α)
1304 1404 1434 1442 cum
1465 1389 1739 1444 Stratidio

132 1472 420 1545 propinquo
436 1491 588 1546 puer
604 1476 812 1531 scholis
828 1484 1173 1548 excurreret,
1190 1485 1377 1536 mater
1394 1482 1648 1552 parentis
1664 1482 1738 1553 (b)

132 1569 183 1619 ut
222 1566 329 1636 ejus
370 1568 780 1626 hereditatem
835 1572 1180 1643 acquireret,
1227 1575 1298 1628 de
1358 1574 1740 1629 adolescentis

132 1657 347 1713 fatlitura
372 1676 511 1715 nece
543 1663 833 1718 tractavit.
858 1664 996 1729 Quae
1029 1669 1412 1739 temperatam
1440 1668 1739 1739 potionem

132 1751 178 1805 in
196 1755 490 1823 ampullula
511 1755 797 1823 condidit,
819 1758 1018 1813 vinum
1041 1776 1270 1831 quoque
1293 1760 1352 1815 in
1374 1762 1576 1828 altera,
1600 1779 1740 1833 prte-

1842 641 2018 709 mine,
2033 643 2282 698 carbone
2301 643 2624 712 decidente,
2638 643 2877 699 ﬂamma
2891 645 3091 699 fenum
3109 643 3402 715 corripuit,
3418 645 3478 698 et

1841 734 2005 789 arida
2038 735 2393 791 nutrimenta
2417 754 2589 792 vorax
2620 737 2769 809 ignis
2799 737 3078 791 allambit.
3112 737 3473 791 Concurren-

1842 828 1991 882 tibus
2018 828 2272 900 reliquis,
2296 846 2401 884 nec
2423 833 2618 885 tamen
2649 830 3092 897 incurrentibus,
3115 829 3336 883 tardius
3355 828 3475 901 ipse

1840 920 2162 992 prosiliens,
2192 924 2359 993 rapta
2387 922 2459 976 de
2495 923 2624 977 foco
2665 939 2925 991 cucuma,
2959 922 3277 977 ascendens
3302 938 3477 994 supra

1841 1014 2119 1068 fabricam
2134 1014 2444 1069 concinens
2460 1015 2719 1083 Alleluia,
2736 1015 2984 1070 fundens
2999 1016 3295 1087 paululum
3309 1031 3476 1087 aqua:

1843 1106 1899 1160 in
1926 1106 2106 1161 crucis
2132 1107 2448 1178 imaginem
2474 1107 2736 1163 restinxit
2764 1108 3068 1163 incendia:
3094 1125 3160 1163 ac
3191 1108 3263 1163 de
3294 1124 3473 1163 manu

1841 1199 2036 1255 Sancti
2074 1200 2259 1255 imbre
2300 1200 2502 1255 sedata
2547 1204 2633 1254 est
2674 1200 2822 1271 ignis
2846 1202 3023 1269 unda,
3053 1217 3230 1273 quam
3260 1201 3348 1255 vix
3377 1218 3475 1255 ex-

1841 1292 2203 1363 stinguerent
2225 1292 2485 1348 ﬂumina.
2509 1289 2675 1357 Quod
2704 1297 2903 1349 tamen
2933 1298 3163 1366 postero
3185 1294 3280 1349 die
3314 1294 3475 1366 cujus

1841 1385 2061 1440 insidiis
2091 1389 2280 1441 actum
2322 1390 2409 1440 est
2432 1387 2612 1441 hostis
2642 1386 2762 1457 ipse
2793 1388 3088 1442 confessus
3119 1390 3222 1442 est.

1910 1480 1972 1532 V.
1996 1479 2320 1534 Chariulfus
2351 1479 2587 1551 quidam
2618 1480 2867 1534 Francus
2899 1480 3115 1550 partim
3149 1481 3296 1535 villa
3318 1479 3475 1534 'basi-

1840 1571 1961 1626 lica:
1992 1588 2085 1626 res
2115 1572 2434 1627 obstinatus
2463 1573 2769 1627 invaserat.
2796 1572 2979 1637 Quem
3009 1589 3140 1649 cum
3160 1572 3256 1627 Vir
3276 1572 3376 1628 Dei
3398 1572 3473 1627 ad

1839 1664 2202 1720 reddendum
2247 1665 2613 1737 aliquatenus
2658 1669 3077 1734 commoneret,
3119 1682 3226 1720 nec
3274 1668 3471 1720 tamen

1840 1758 2165 1829 proficeret,
2189 1758 2264 1812 ad
2290 1758 2615 1813 orationem
2646 1775 2706 1813 se
2733 1759 3034 1827 convertit,
3064 1775 3171 1813 nec
3196 1758 3339 1813 fides
3358 1757 3475 1812 vin-

130 1844 315 1916 cipiens
333 1848 536 1918 puellae
561 1852 626 1902 ut
645 1850 1008 1906 venientibus
1024 1853 1305 1908 ambobus
1322 1854 1401 1908 illi
1420 1855 1745 1926 porrigeret
1763 1845 1819 1915 Β
1843 1851 2057 1905 dictam
2101 1851 2337 1905 distulit
2371 1851 2577 1906 Statim
2620 1868 2686 1907 ex
2728 1852 2913 1911 νὶοίηο
2952 1853 3109 1907 ferus
3137 1868 3301 1906 111⁸8118
3330 1849 3474 1905 “Si-

132 1937 189 1990 de
214 1938 351 2003 vino,
382 1939 473 1994 isti
515 1941 590 1996 de
633 1944 940 1999 maleficio.
976 1946 1089 2000 Sed
1129 1945 1409 2017 ignorans
1450 1948 1736 2015 ministra,

132 2032 469 2102 ampullulam
513 2038 707 2090 mutat
751 2039 810 2090 et
850 2039 1086 2108 pocula;
1128 2039 1322 2094 vinum
1362 2044 1560 2096 sancto
1600 2042 1735 2096 Ger-

132 2139 297 2190 mano,
320 2142 609 2182 venenum
643 2129 743 2184 dat
768 2129 1078 2198 Stratidio;
1109 2135 1167 2186 et
1194 2132 1331 2188 dum
1358 2132 1573 2189 insonti
1600 2151 1741 2205 pm-

132 2220 336 2285 paratur
379 2219 680 2289 interitus,
730 2226 933 2279 auctor
974 2224 1129 2280 cadit
1171 2225 1230 2280 in
1280 2227 1572 2298 laqueum.
1614 2227 1738 2292 Quo

133 2313 290 2364 mater
330 2312 449 2382 ejus
497 2316 759 2386 cognito,
798 2318 1052 2387 puellam
1100 2318 1361 2390 increpat
1405 2337 1535 2374 cum
1578 2321 1737 2386 ﬂetu,

131 2403 424 2459 exstinxisse
453 2423 515 2461 se
537 2408 744 2463 ﬁlium.
770 2409 870 2465 Cui
895 2410 1190 2478 Stratidio,
1216 2412 1453 2467 sollicite
1476 2412 1739 2485 impenso

133 2496 310 2563 studio,
352 2498 503 2554 facto
552 2501 629 2555 de
672 2502 809 2572 ipsis
850 2504 1150 2558 maleficiis
1199 2505 1379 2573 vario,
1426 2506 1533 2560 etsi
1583 2522 1740 2562 mors

132 2587 276 2643 vitam
305 2607 416 2646 non
443 2593 709 2661 abstulit,
740 2598 939 2650 tamen
972 2596 1202 2667 signum
1236 2599 1439 2653 mortis
1464 2598 1664 2654 infixit.

188 2683 265 2736 lll.
284 2684 415 2739 Hinc
437 2687 513 2741 ad
537 2692 848 2758 parentem
869 2706 1035 2743 suum
1059 2694 1320 2746 sanctum
1353 2692 1740 2763 Scopilionem

133 2776 303 2831 Lausia
331 2778 395 2849 (ε)
424 2796 485 2833 se
517 2780 850 2847 conferens,
880 2783 1140 2838 moribus
1185 2784 1441 2839 honestis
1485 2785 1654 2839 alitus
1684 2788 1743 2839 et

133 2869 386 2925 institutus
410 2876 516 2927 est.
543 2873 654 2938 Qui
675 2890 807 2928 cum
827 2874 949 2929 fere
972 2876 1127 2930 mille
1150 2894 1348 2947 passus
1371 2879 1542 2949 longe
1565 2895 1598 2932 a
1618 2878 1740 2932 vico

133 2964 497 3031 consisterent,
523 2966 749 3038 jugiter
779 2967 852 3021 ad
884 2970 1199 3025 matutinos
1225 2971 1552 3037 currebant,
1588 2972 1742 3025 ducti

136 3054 242 3109 ﬁdei
261 3058 438 3112 calore
460 3076 569 3130 per
591 3063 1020 3131 tempestatem,
1044 3080 1149 3133 per
1168 3062 1441 3119 hiemem.
1462 3064 1569 3128 Qui
1591 3064 1744 3119 intra

136 3149 256 3202 terni
284 3150 437 3204 lustri
470 3152 729 3222 spatium
753 3153 831 3224 (d)
860 3170 893 3208 a
920 3154 1092 3209 beato
1118 3155 1435 3227 Agrippino
1467 3156 1743 3211 diaconus

135 3241 429 3311 instituitur,
449 3248 510 3298 et
531 3248 817 3315 sequente
836 3246 1087 3302 triennio
1105 3249 1406 3319 presbyter
1420 3250 1738 3304 ordinatur.

137 3334 318 3389 Dehinc
342 3353 374 3389 a
392 3338 673 3407 pontiﬁce
697 3339 961 3393 Nectario
985 3340 1163 3395 abbas
1186 3342 1259 3395 ad
1284 3341 1559 3397 Sanctum
1584 3343 1745 3413 Sym-

140 3428 401 3495 porianum
418 3430 635 3485 merito
653 3430 864 3502 dignus
880 3432 1188 3487 asciscitur.
1206 3434 1434 3498 Quanta
1450 3451 1584 3490 vero
1603 3435 1744 3490 inibi

141 3520 447 3577 abstinentia
492 3524 720 3590 vixerit,
759 3526 989 3595 quantis
1029 3542 1259 3597 quoque
1308 3527 1512 3598 vigiliis
1559 3528 1742 3582 conti-

143 3614 337 3670 nuando
365 3615 681 3683 duraverit,
712 3617 918 3688 quibus
944 3620 1325 3691 eleemosynis
1356 3621 1623 3691 profusus
1657 3638 1745 3675 ex-

143 3706 328 3773 stiterit,
355 3710 448 3763 illa
484 3727 581 3764 res
622 3726 740 3764 una
780 3711 941 3765 testis
972 3714 1077 3777 est,
1107 3729 1238 3767 cum
1258 3713 1383 3784 jam
1414 3714 1586 3768 rebus
1610 3714 1739 3768 reli-

145 3798 244 3868 quis
277 3804 621 3873 pauperibus
660 3803 915 3874 erogatis
953 3822 1057 3859 nec
1097 3806 1264 3876 panis
1307 3807 1428 3877 ipse
1466 3807 1746 3861 resideret

146 3896 384 3959 quatenus
408 3897 623 3951 fratres
647 3896 1044 3952 reficerentur.
1070 3898 1194 3963 Qua
1215 3899 1287 3954 de
1308 3916 1369 3953 re
1391 3900 1743 3972 insurgenti-

147 3982 227 4037 bus
251 3986 540 4044 adversum
572 4007 633 4044 se
662 3990 983 4058 monachis,
1009 3992 1314 4046 retrudens
1344 4010 1402 4047 se
1434 3992 1494 4047 in
1514 3995 1739 4061 cellula,

149 4092 304 4134 amare
326 4081 476 4137 flevit
495 4086 556 4137 et
575 4082 780 4137 doluit.
805 4085 960 4138 Inter
975 4085 1096 4139 haec
1112 4085 1235 4156 ipso
1254 4089 1456 4141 orante
1475 4087 1742 4157 quaedam

148 4171 276 4226 Anna
298 4179 563 4230 matrona
592 4176 843 4230 duorum
875 4178 1297 4233 saumariorum
1326 4178 1394 4249 (ε)
1430 4196 1561 4233 cum
1592 4196 1742 4251 pane

149 4264 305 4336 dirigit
329 4285 523 4325 onera.
549 4270 833 4340 Sequenti
863 4270 1039 4325 etiam
1066 4271 1158 4325 die
1193 4289 1323 4326 cum
1348 4289 1584 4327 annona
1612 4273 1741 4328 des-

148 4357 307 4415 tinavit
355 4364 525 4434 plena
583 4364 845 4435 carpenti
904 4364 1165 4419 vehicula
1213 4382 1225 4419 :
1273 4365 1355 4420 ita
1415 4369 1477 4419 ut
1535 4366 1742 4421 exinde

150 4456 369 4510 monachi
409 4474 542 4511 cum
582 4460 983 4512 saturarentur
1023 4458 1183 4526 cibo,
1233 4461 1590 4513 terrerentur
1631 4459 1739 4513 mi-

1839 1943 1984 1997 liens
2027 1947 2144 1998 tres
2176 1943 2326 1998 illius
2363 1960 2543 2016 equos
2580 1944 2887 2013 interfecit,
2925 1962 3031 2000 nec
3070 1945 3150 2000 sic
3190 1962 3224 1999 a
3264 1943 3477 1998 duritia

1841 2036 2137 2107 resipiscit.
2168 2037 2444 2108 Sequenti
2472 2054 2608 2093 vero
2635 2040 2804 2092 nocte
2834 2038 3142 2110 duplicavit
3171 2038 3324 2093 ultor
3341 2052 3475 2109 per-

1842 2129 2069 2184 niciem.
2126 2130 2234 2185 Sex
2280 2129 2550 2201 jumenta
2606 2130 2922 2197 interemit,
2975 2147 3081 2185 nec
3139 2130 3185 2183 si
3243 2145 3475 2201 quoque

1841 2239 2011 2293 poena
2042 2222 2281 2276 suffecit.
2322 2223 2513 2277 Tertia
2550 2223 2705 2278 idem
2753 2226 2920 2277 nocte
2967 2239 3177 2278 novem
3212 2221 3477 2276 vehicula

1842 2316 2171 2386 prosternit,
2204 2316 2488 2387 triplicato
2518 2316 2796 2372 cadavere
2826 2333 2839 2370 :
2871 2316 2948 2370 sic
2981 2316 3145 2371 labor
3182 2313 3478 2370 crescebat

1842 2408 1898 2462 in
1931 2408 2174 2463 cladem.
2200 2409 2417 2463 Dehinc
2445 2409 2520 2463 ad
2544 2409 2779 2464 beatum
2806 2409 3003 2464 Virum
3034 2408 3254 2463 tardius
3280 2406 3480 2478 dirigit

1841 2518 2118 2573 puerum;
2145 2518 2351 2573 agrum
2377 2503 2659 2557 reformat
2683 2502 2964 2569 invasum,
2999 2501 3297 2556 calamitas
3325 2516 3479 2555 com-

1840 2595 2107 2666 pescitur.
2142 2595 2203 2649 ld
2249 2598 2441 2649 actum
2487 2598 2592 2661 est,
2630 2598 2692 2648 ut
2734 2595 2918 2649 bestia
2951 2595 3272 2666 castigante
3300 2594 3477 2648 homo

1841 2704 2074 2742 sensum
2120 2688 2423 2759 acciperet,
2451 2691 2511 2742 et
2540 2687 2706 2742 daret
2744 2705 2862 2742 non
2909 2687 3254 2759 intelligenti
3286 2686 3479 2741 bellua

1842 2781 2148 2835 rationem.

1912 2876 1998 2928 Vl.
2029 2874 2246 2928 Dehinc
2265 2875 2468 2929 beatus
2497 2876 2763 2946 Agricola
2789 2874 3207 2931 Cabillonensis
3230 2874 3479 2951 (Qhalon-

1841 2967 2154 3038 sur-Satine)
2182 2968 2481 3039 episcopus
2512 2969 2733 3023 habens
2773 2968 3187 3022 cubicularium
3227 2966 3480 3038 graviter

1842 3059 1894 3113 vi
1924 3060 2172 3114 febrium
2202 3061 2435 3128 fessum,
2468 3061 2563 3133 qui
2610 3061 2898 3116 destinato
2924 3060 3120 3115 animo
3154 3062 3307 3115 totus
3332 3074 3477 3129 pen-

1845 3152 2018 3207 debat
2048 3153 2105 3207 in
2127 3154 2390 3221 transitu,
2415 3154 2613 3225 dirigit
2634 3154 2707 3209 ad
2728 3157 2991 3209 sanctum
3012 3153 3208 3207 Virum
3230 3151 3478 3206 interce-

1845 3245 2018 3299 dendi
2054 3246 2410 3318 suffragium.
2444 3247 2599 3303 Tunc
2630 3247 2915 3319 perceptis
2943 3246 3199 3318 apicibus
3228 3244 3480 3299 basilica;

1844 3339 1947 3392 sub
1978 3340 2199 3409 porticu
2240 3340 2315 3394 ad
2354 3340 2533 3394 sancti
2564 3339 2969 3412 Symphoriani
2999 3340 3323 3410 sepulcrum
3352 3352 3483 3409 pro-

1846 3431 2123 3501 greditur.
2154 3434 2381 3487 lnterea
2423 3434 2509 3487 vir
2527 3433 2717 3504 justus
2761 3433 3009 3488 orationi
3050 3430 3329 3498 incubuit,
3363 3432 3477 3485 ter-

1844 3540 1971 3578 ram
2021 3542 2260 3597 corpore
2302 3543 2574 3597 premens
2614 3530 2672 3581 et
2713 3526 2903 3581 sidera
2940 3529 3137 3581 mente
3181 3529 3479 3579 transcen-

1846 3617 2017 3685 dens;
2051 3620 2109 3672 et
2139 3620 2301 3690 quasi
2333 3623 2466 3674 ante
2494 3637 2554 3674 se
2581 3620 2803 3675 habens
2833 3619 3200 3691 pra’sentiam
3227 3615 3478 3682 Domini,

1845 3727 1949 3781 pro
1995 3715 2127 3766 voto
2170 3712 2439 3783 supplicis
2485 3714 2817 3768 obsecrator
2860 3712 3099 3766 accedit.
3152 3711 3299 3764 Nam
3346 3724 3481 3763 mox

1844 3803 2061 3859 vicinus
2108 3805 2509 3876 Redemptoris
2552 3806 2784 3860 auribus
2826 3804 3145 3870 exauditur,
3191 3805 3249 3856 et
3291 3801 3480 3855 adhuc

1845 3896 1952 3951 isto
1984 3898 2296 3951 recubante
2334 3898 2392 3952 in
2419 3900 2673 3969 pulvere,
2707 3899 2991 3969 aegrotum
3021 3894 3313 3950 medicina
3342 3909 3478 3965 per-

1844 3990 2019 4056 fudit;
2067 4006 2133 4044 ac
2173 3991 2330 4061 justo
2368 3991 2599 4062 jacente
2655 3992 2714 4045 in
2765 3990 3118 4062 pavimento,
3168 3986 3478 4058 languidus
3578 3978 3591 3987 ’

1844 4083 2029 4154 surgit
2071 4084 2142 4138 de
2190 4085 2419 4151 lectulo,
2458 4088 2594 4139 ante
2638 4086 2969 4139 currentem
3015 4082 3308 4137 medelam
3352 4081 3478 4151 [Pro

1844 4180 2110 4232 currente
2145 4178 2394 4248 medela]
2427 4195 2600 4250 quam
2632 4180 2865 4249 peroret
2897 4177 2993 4249 qui
3037 4174 3319 4247 supplicat
3349 4190 3363 4227 :
3397 4173 3478 4227 ita

1846 4273 1908 4324 ut
1950 4270 2214 4342 portitori
2262 4272 2528 4326 redeunti
2571 4271 2798 4327 obviam
2836 4287 2983 4342 puer
3020 4271 3347 4325 occurreret
3385 4266 3476 4319 cui

1845 4365 2200 4434 parabantur
2232 4365 2549 4436 exsequiae;
2579 4368 2642 4419 ut
2671 4381 2788 4419 non
2829 4366 2980 4418 esset
3011 4362 3350 4433 ambiguum
3377 4376 3475 4414 ea-

1845 4456 1979 4511 dem
2018 4458 2163 4513 hora
2199 4457 2541 4529 languidum
2581 4457 2746 4513 saluti
2788 4457 2961 4511 fuisse
3005 4454 3319 4520 redditum,
3361 4468 3477 4523 qua

148 4547 303 4602 raculo
339 4548 432 4619 (f).
476 4550 574 4604 His
625 4550 821 4621 itaque
870 4550 1175 4605 celebriter
1221 4550 1478 4606 intentus
1516 4552 1738 4619 officiis,
1762 4573 1819 4645 D
1842 4548 1938 4602 Vir
1959 4549 2323 4604 beatissimus
2350 4552 2509 4605 fusus
2535 4567 2727 4606 orasse
2758 4549 3129 4621 comperitur.

151 4652 237 4692 non
264 4640 418 4695 desiit
445 4642 834 4714 praedicandis
861 4643 1221 4699 manifestari
1252 4645 1561 4700 miraculis.

206 4802 455 4877 .u}Avallo
473 4822 577 4877 seu
596 4805 800 4859 Aballo
822 4805 1126 4877 (Αυᾳιιοη),
1150 4806 1428 4877 oppidum
1451 4806 1510 4861 in
1534 4807 1743 4861 ducatu

153 4866 431 4949 Burguntize
472 4876 634 4949 inter
670 4866 1153 4949 Augustodunum
1179 4866 1244 4931 et
1259 4877 1738 4949 Antissiodorum.

206 4941 264 5010 (ὁ)
278 4944 390 4998 Alia
408 4941 1020 5023 exemplaria'habent,
1034 4950 1356 5023 propinqui,
1377 4948 1478 5002 sed
1501 4950 1742 5018 utraque

153 5023 248 5091 ἶριν
261 5030 452 5091 patens
480 5021 539 5070 et
557 5020 927 5087 propinquus,
952 5019 1265 5091 Fortunato
1292 5035 1613 5091 synonyma
1634 5022 1738 5072 est.

154 5080 275 5201 lillim"
293 5085 361 5138 ad
387 5080 681 5201 ρίξνρήεεηῐ
716 5080 876 5143 ειὶιιηι
907 5094 1157 5144 sanctum
1200 5080 1577 5159 Scopilionem,
1608 5092 1739 5157 etc.,

181 5167 235 5201 lC.
264 5170 410 5201 nnm_
446 5194 457 5201 .
488 5200 493 5201 ,

181 5167 235 5215 io,
264 5170 411 5211 num.
446 5161 497 5212 3.

206 5222 260 5291 (ς)
289 5225 482 5283 Lausia
529 5245 633 5281 seu
676 5229 915 5310 Lansea.
946 5230 1179 5312 (Luzy),'
1211 5231 1548 5355 opfpidulum
1590 5231 1744 5284 inter

206 5297 587 5355 lgustodunum
635 5303 694 5352 et
732 5300 979 5355 Ligerim
1026 5303 1221 5355 medio
1295 5318 1392 5355 ere
1440 5302 1741 5355 intervallo

151 5294 587 5418 ﬁggpstodunum
635 5303 694 5352 et
732 5294 979 5371 Ligerim
1026 5294 1221 5356 medio
1250 5294 1392 5356 fere
1440 5302 1741 5355 intervallo

234 5382 243 5416 |
271 5383 378 5418 um.

154 5377 378 5425 posnum.

202 5434 265 5503 ((1)
284 5438 521 5514 Dubium
544 5443 633 5514 est
652 5457 725 5494 an
752 5443 1001 5514 spatium
1032 5442 1181 5497 istud
1206 5442 1536 5514 quindecim
1566 5458 1743 5497 anno-

153 5515 247 5584 [um
268 5511 516 5584 asancti
534 5511 808 5584 Germani
843 5513 1158 5577 nativitate,
1184 5511 1256 5568 an
1280 5531 1314 5567 ει
1344 5517 1604 5584 tempore
1626 5529 1740 5583 quo

153 5570 442 5649 Scopilionis
464 5581 828 5651 disciplinam
852 5584 1042 5649 subiit,
1059 5585 1131 5638 sit
1150 5570 1530 5638 metiendum.
1554 5570 1744 5637 Poste-

154 5658 239 5696 nus
259 5651 432 5725 magis
458 5652 718 5725 arridet:
744 5671 878 5707 nam
900 5655 1251 5725 Agrippinus
1271 5654 1569 5709 Eduensis
1590 5654 1738 5725 epis-

151 5730 306 5791 copus,
326 5722 419 5791 qui
444 5724 797 5778 Germanum
820 5722 1109 5779 ordinavit
1128 5726 1455 5789 diaconum,
1481 5722 1743 5780 nondum

154 5792 318 5878 73:13:11
332 5792 639 5878 .obtipebat
676 5811 831 5878 anno
868 5799 993 5861 517,
1023 5813 1137 5878 quo
1177 5796 1538 5878 Pragmatius
1567 5795 1742 5878 ipsius

153 5854 405 5931 Asl'ippini
447 5863 717 5920 decessor
743 5854 1071 5938 Epaonensi
1102 5854 1345 5924 concilio
1388 5854 1738 5939 subscripsit.

1916 4644 2024 4696 νη.
2056 4644 2170 4698 Nec
2210 4643 2349 4698 illud
2382 4644 2570 4699 omitti
2609 4643 2895 4711 convenit,
2926 4642 3083 4714 quod
3123 4639 3197 4695 ad
3236 4640 3475 4695 domum

1842 4809 1916 4860 At
1943 4822 2077 4860 vero
2114 4809 2343 4860 sanctus
2373 4806 2693 4861 Germanus
2724 4821 2877 4859 anno
2908 4804 3103 4868 citato,
3137 4802 3337 4874 viginti
3367 4801 3473 4857 mi-

1846 4877 2067 4931 nimum
2108 4893 2293 4931 annos
2322 4877 2447 4947 jam
2495 4876 2787 4945 attigerat,
2820 4875 3103 4946 siquidem
3150 4874 3271 4929 fere
3316 4877 3476 4947 octo-

1845 4947 2115 5018 genarius
2144 4943 2389 5003 evolavit
2428 4947 2501 5001 ad
2541 4943 2712 5002 caelos
2741 4946 2850 5018 (Ea:
2874 4943 3170 5002 Fortunato
3208 4961 3358 5000 num.
3386 4943 3475 5015 76)

1845 5035 1999 5073 anno
2029 5022 2152 5073 676.
3054 5066 3061 5069 .

1916 5089 1982 5161 (ε)
2023 5089 2329 5156 Saumarii,
2375 5089 2506 5160 equi
2553 5088 2881 5156 Sarcinarii,
2914 5086 3087 5143 Gallis
3128 5087 3402 5142 sommiers
3444 5100 3477 5137 a

1843 5161 2299 5234 cavuétsarcina.
2437 5232 2450 5234 _
2679 5231 2694 5234 _
2740 5231 2765 5234 _
2849 5231 2858 5234 _
3048 5232 3053 5234 η
3099 5228 3110 5234 _

1916 5229 1991 5300 (Γ)
2023 5232 2157 5302 Post
2186 5232 2307 5285 haec
2336 5232 2511 5286 verba
2547 5231 2699 5302 apud
2734 5231 2965 5285 Surium
3007 5232 3065 5283 et
3097 5225 3476 5302 innonnullis

1844 5298 2194 5372 apographis
2224 5302 2556 5371 posterioris
2581 5298 2765 5356 aetatis
2796 5302 3127 5372 inseruntur
3155 5298 3214 5352 hi
3241 5312 3472 5351 versus:

1848 5392 1875 5419 ‹‹
1897 5371 2070 5441 Cujus
2088 5372 2256 5426 bonis
2278 5373 2547 5443 operibus
2568 5373 2960 5428 inflammatus
2980 5371 3296 5442 episcopus,
3321 5382 3479 5421 sanc-

1846 5444 1967 5519 tum
2008 5442 2441 5519 Virum__neque_
2483 5443 2668 5519 adhuc
2716 5443 3255 5519 ista-recusantem,
3292 5454 3478 5519 quem

1845 5513 2018 5566 etiam
2060 5510 2452 5583 praedicabant
2496 5514 2802 5579 daemonia,
2842 5514 2899 5567 in
2939 5510 3258 5583 custodiam
3288 5510 3472 5583 trusit.

1844 5583 1944 5637 Cui
1972 5578 2159 5655 fateor
2189 5587 2330 5637 nutu
2361 5584 2553 5640 divino
2585 5584 2951 5655 aperiebatur
2978 5581 3353 5655 ergastulum,
3376 5578 3477 5655 sed

1845 5671 1963 5725 non
2006 5654 2138 5707 hinc
2179 5654 2606 5725 egrediebatur,
2625 5650 2747 5709 “nisi
2783 5655 3017 5725 supplex
3049 5650 3106 5706 et
3136 5650 3475 5725 episcopalis

1844 5724 2081 5806 daretur
2118 5720 2444 5806 praiceptio.
2477 5748 2503 5774 η
2536 5720 2608 5806 at
2637 5742 2767 5805 cum
2805 5720 3011 5806 ista.in
3054 5720 3472 5806 antiqqioribus

1843 5791 2361 5867 sinceriﬁoribusque
2395 5796 2750 5867 membranis
2778 5812 2895 5850 non
2922 5795 3207 5865 legantur,
3242 5791 3351 5844 huc
3384 5804 3475 5842 re-

1843 5866 2099 5923 vocanda
2128 5867 2187 5923 in
2214 5865 2499 5922 secessum
2531 5865 2813 5922 duximus.
