4020 6232
499 338 564 409 se
1414 352 1705 411 sxacrcs
1740 348 2116 417 cenamus,
2158 348 2567 408 PARISIENSIS
2603 350 2977 412 Episcopus.
3821 360 3883 414 co

503 454 745 519 Ebronis
791 475 895 534 pro
935 458 1049 518 ﬂde
1087 460 1230 520 Iusti
1271 463 1543 520 collatum
1587 464 1688 516 est.
1732 458 1903 531 Cujus
1941 457 2133 530 tngre—
2160 458 2588 545 Atestimonio.
2627 460 2751 527 Qua
2795 460 3095 519 occasione
3138 459 3239 520 ﬁlii
3277 461 3367 520 vel
3406 458 3538 519 filiai
3567 460 3649 520 ita
3682 468 3882 521 sancte

504 553 699 610 diente
721 554 979 624 domum,
1000 558 1169 613 Anna
1185 560 1453 612 matrona
1474 555 1793 627 proclamat
1812 569 1936 608 rem
1956 553 2132 607 mira.

502 645 680 704 bilem
703 665 763 704 se
784 649 996 704 videre.
1022 650 1295 721 Inquisita
1316 666 1349 704 a
1374 648 1621 720 conjuge
1643 646 1782 719 quid
1801 648 1951 702 esset
1982 645 2137 719 quod

504 739 830 812 inspiceret,
855 742 935 797 ait
958 759 970 797 :
996 744 1139 798 Ecce
1165 744 1367 797 beatus
1388 743 1707 796 Germanus
1730 743 1970 795 cornuta
1991 738 2134 794 facie

502 834 647 889 mihi
674 835 898 891 videtur
930 836 1198 891 incedere
1224 853 1236 890 ε
1270 836 1422 906 quod
1448 851 1595 906 pene
1627 834 1713 890 vix
1740 834 1902 888 valeo
1930 838 2029 888 aut
2048 833 2135 887 in-

503 928 651 983 tueri
682 929 920 996 lumine,
945 933 1043 983 aut
1066 945 1331 983 sermone
1360 930 1645 995 conferre,
1670 931 1933 981 sanctum
1951 926 2135 980 virum

505 1036 651 1076 novo
709 1038 870 1077 more
925 1021 1192 1075 cornibus
1245 1021 1593 1077 radiantem.
1642 1022 2136 1090 Consternataque

504 1112 823 1169 mirabatur
842 1114 1050 1168 mulier
1066 1114 1364 1169 hominem
1381 1117 1578 1169 nostro
1601 1118 1859 1185 tempore
1876 1113 1935 1167 in
1952 1113 2138 1182 ﬁgura

502 1206 673 1276 Moysi
704 1206 954 1275 potuisse
984 1207 1335 1277 conspicere.
1368 1207 1735 1262 Credendum
1762 1205 1917 1276 quod
1948 1209 2005 1258 et
2031 1205 2135 1258 iste

504 1300 632 1368 post
678 1300 1029 1370 colloquium
1079 1300 1307 1355 Domini
1354 1300 1542 1370 potuit
1589 1316 1621 1353 a
1671 1299 1914 1353 muliere
1957 1314 2137 1351 cornu

502 1392 781 1445 exaltatus
810 1393 1063 1461 agnosci.
1093 1393 1265 1463 Cujus
1290 1410 1474 1447 causae
1502 1409 1713 1463 pavore
1752 1392 1898 1446 Ebro
1930 1391 2137 1445 eadem

501 1482 595 1538 die
635 1483 798 1554 juxta
840 1486 1113 1539 Sanctum
1164 1486 1364 1540 sedere
1410 1486 1735 1540 nullatenus
1774 1483 2137 1555 praesumpsit

503 1576 714 1647 duplici
748 1592 851 1647 pro
885 1578 1111 1643 merito,
1142 1595 1388 1634 maerore
1422 1579 1637 1649 pariter
1661 1580 1719 1632 et
1747 1582 1988 1632 terrore.

572 1671 705 1722 VIII.
767 1671 1020 1740 Conligit
1089 1674 1148 1725 ut
1222 1688 1325 1742 pro
1386 1671 1531 1726 villis
1603 1670 2137 1741 Augustodunensis

501 1762 766 1817 Ecclesiae
819 1764 1215 1819 Theodeberto
1272 1765 1395 1834 regi
1445 1765 1739 1820 Cabillone
1787 1766 2132 1818 occurreret.

503 1855 719 1909 Memor
756 1856 937 1910 sancti
976 1857 1381 1927 Symphoriani
1415 1858 1472 1911 in
1514 1858 1777 1928 ingressu
1806 1856 2027 1927 palatii,
2058 1837 2211 1911 itaC

505 1948 718 2017 Spiritu
749 1950 849 2002 Dei
876 1950 1240 2005 redundante
1270 1951 1493 2005 locutus
1518 1954 1623 2016 est,
1656 1954 1718 2004 ut
1744 1954 1878 2003 ante
1908 1966 2004 2003 rex
2032 1966 2135 2003 an-

506 2045 728 2107 nueret,
763 2058 937 2112 quam
982 2044 1153 2097 verba
1190 2045 1402 2113 petitor
1437 2044 1762 2114 explicaret.
1798 2044 1898 2098 Cui
1941 2046 1999 2096 et
2039 2059 2135 2097 ore

502 2134 838 2204 prophetico
886 2136 1061 2189 finem
1115 2136 1252 2189 dixit
1301 2137 1372 2189 de
1419 2136 1681 2191 transitu.
1727 2136 1892 2199 Quod
1943 2134 2138 2205 paucis

502 2226 735 2280 interim
781 2227 981 2281 diebus
1017 2227 1092 2299 (α)
1135 2229 1273 2282 dum
1320 2230 1389 2282 ad
1440 2230 1690 2283 Rhemos
1738 2229 2035 2293 remeavit,
2078 2227 2136 2281 in

502 2318 625 2388 ipso
660 2319 864 2373 itinere
896 2338 993 2373 rex
1023 2324 1280 2374 extrema
1320 2325 1472 2375 sorte
1502 2321 1732 2387 defecit,
1764 2322 1924 2392 quasi
1957 2321 2137 2374 sancti

504 2412 615 2466 Viri
643 2428 833 2466 sermo
864 2413 1048 2467 dictus
1074 2414 1273 2468 fuisset
1304 2415 1374 2468 ab
1407 2416 1635 2485 angelo.

574 2506 655 2559 IX.
684 2506 749 2558 Et
776 2506 1050 2575 quoniam
1080 2507 1410 2561 beatissimo
1440 2511 1563 2561 erat
1590 2508 1875 2561 familiare
1909 2507 1965 2561 in
1994 2505 2139 2560 basi-

502 2598 611 2651 lica
637 2597 816 2651 sancti
845 2599 1248 2669 Symphoriani
1279 2599 1381 2653 soli
1405 2600 1626 2670 vigilias
1650 2600 1878 2666 ducere,
1904 2602 2138 2653 euntem

504 2706 637 2744 eum
683 2691 1000 2761 monachus
1041 2692 1326 2761 Sylvester
1367 2693 1749 2763 prosequitur.
1790 2694 1855 2746 Et
1895 2692 2135 2761 ingressi

504 2782 720 2853 pariter
769 2784 841 2837 ad
886 2785 1066 2837 sancti
1110 2786 1376 2855 martyris
1415 2787 1717 2852 tumulum,
1760 2786 1909 2839 circa
1956 2786 2137 2839 noctis

502 2875 762 2930 medium
784 2876 853 2930 ab
878 2877 1043 2931 altari
1068 2880 1373 2932 tumultum
1391 2879 1859 2949 frequentantem
1876 2895 2138 2932 rumores

505 2969 808 3039 accipiunt,
838 2973 1117 3040 tanquam
1147 2970 1191 3024 si
1220 2971 1293 3025 ad
1319 2972 1583 3042 rapinam
1614 2973 1853 3026 collecta
1883 2975 2137 3025 curreret

504 3062 830 3116 multitudo.
864 3063 1117 3117 Credens
1149 3064 1303 3118 enim
1346 3066 1430 3118 vir
1470 3066 1569 3119 Dei
1603 3065 1817 3119 versari
1848 3065 2135 3118 latronum

502 3154 812 3222 incursum,
846 3156 1093 3226 imperat
1127 3158 1413 3212 monacho
1456 3161 1591 3211 ante
1631 3159 1955 3228 sepulcrum
1985 3158 2134 3227 psal-

504 3248 638 3301 lere.
670 3249 793 3318 Ipse
832 3265 965 3302 vero
1013 3250 1232 3303 accedit
1264 3250 1335 3303 ad
1368 3252 1568 3304 altare.
1600 3251 1817 3304 Dehinc
1846 3250 1939 3303 illa
1969 3251 2139 3304 turba

505 3340 577 3393 ad
608 3340 955 3394 monachum
978 3358 1091 3411 quo
1114 3343 1397 3412 psaltebat
1417 3343 1682 3397 alacriter
1704 3346 1991 3413 properat.
2014 3343 2136 3406 Quo

502 3435 752 3487 mactato
788 3433 1037 3503 graviter
1066 3437 1121 3486 et
1152 3434 1207 3493 in
1243 3438 1457 3489 terram
1486 3436 1743 3506 projecto
1773 3452 1837 3489 ac
1867 3436 2135 3490 semivivo

503 3524 722 3591 relicto,
753 3527 973 3579 veloces
996 3526 1295 3596 effugiunt.
1323 3528 1427 3592 Qui
1450 3529 1535 3583 vix
1558 3545 1693 3583 voce
1716 3529 1891 3583 flebili
1913 3529 2136 3582 cladem

503 3635 666 3671 suam
694 3619 997 3689 replicans,
1033 3638 1063 3676 a
1096 3621 1455 3677 daemonibus
1482 3639 1540 3675 se
1569 3638 1777 3676 cassum
1809 3622 1964 3692 gravi
1998 3638 2133 3676 con-

504 3727 702 3781 gressu
729 3714 1022 3767 confessus
1056 3718 1157 3769 est.

571 3806 629 3859 X.
659 3806 880 3860 Accidit
924 3811 986 3861 ut
1028 3808 1281 3864 Sabarici
1328 3810 1576 3863 famulus
1619 3810 1866 3863 Aisarius
1901 3809 2135 3863 nomine

502 3898 574 3952 ad
608 3899 789 3953 virum
823 3900 892 3954 de
924 3917 1038 3971 quo
1078 3903 1370 3973 loquimur
1402 3904 1672 3973 injuriam
1704 3920 1903 3973 passus
1933 3903 2134 3956 confu—

420 3990 433 4001 '
501 3994 683 4060 geret,
726 3994 1050 4063 supplicans
1094 3999 1153 4048 ut
1196 3997 1453 4066 quolibet
1487 3996 1672 4067 pretio
1717 4013 1850 4050 cum
1879 3996 1948 4049 de
1981 3995 2132 4048 inso-

500 4083 671 4136 lentis
718 4084 935 4139 domini
981 4086 1208 4141 servitio
1258 4088 1548 4142 liberaret.
1596 4089 1759 4153 Quod
1803 4088 2136 4157 indignatus

502 4176 803 4231 Sabaricus
826 4194 929 4247 pro
950 4180 1165 4233 Aisario
1189 4184 1245 4233 ct
1266 4181 1510 4251 conjuge
1536 4183 1621 4234 vel
1646 4181 1811 4235 unico
1834 4181 1956 4249 ejus
1972 4181 2131 4245 Filio,

502 4270 797 4339 octoginta
823 4271 1036 4326 solidos
1066 4272 1230 4342 pretii
1261 4290 1476 4327 nomen
1508 4273 1688 4343 petiit,
1715 4272 2022 4344 quominus
2050 4274 2131 4327 fa-

502 4362 689 4416 mulos
718 4363 905 4418 servili
934 4365 1151 4419 ditione
1177 4367 1414 4421 laxaret.
1443 4367 1657 4420 Tamen
1690 4366 1797 4421 hoc
1826 4382 1941 4421 non
1969 4366 2130 4420 dubi-

502 4455 640 4509 tavit
681 4457 1075 4513 misericordia
1102 4458 1242 4513 Justi
1283 4460 1370 4513 vel
1410 4460 1745 4530 perquirere
1778 4461 1863 4512 vel
1893 4459 2129 4513 donare.

2157 3203 2214 3275 B

2238 554 2561 609 conversati
2606 558 2756 623 sunt,
2804 560 2867 611 ut
2908 573 3013 628 per
3064 556 3417 613 monasteria
3473 573 3625 614 nunc
3670 564 3884 630 regant

2240 648 2474 719 agmina
2520 649 2957 704 monachorum.
3000 650 3137 715 Quae
3184 667 3356 705 causa
3399 651 3575 706 modo
3624 651 3882 707 mirabili

2238 741 2455 811 profuit
2510 742 2660 813 patri
2717 743 2803 796 vel
2859 743 3127 813 germini,
3188 748 3251 797 ut
3303 760 3543 815 parvum
3597 743 3880 816 genitoris

2236 834 2519 905 ﬂagitium
2545 834 2789 906 posteris
2820 835 3091 890 transiret
3122 836 3179 890 in
3206 838 3441 892 luctum.

2306 929 2390 984 XI.
2421 930 2484 982 In
2520 944 2670 999 pago
2710 928 2987 983 Alisiense
3012 929 3084 999 (b)
3118 931 3238 984 haec
3266 947 3356 984 res
3394 934 3555 1001 gesta
3587 935 3695 986 est.
3730 932 3877 987 Con-

2231 1019 2333 1090 jux
2379 1020 2612 1075 illustris
2655 1021 2758 1075 viri
2807 1023 3066 1091 Vulfarii,
3098 1023 3357 1079 Destasia
3398 1024 3656 1092 nomine,
3694 1025 3881 1079 vitalis

2239 1115 2358 1186 spei
2385 1114 2657 1169 destituta
2682 1115 2917 1183 solatiis,
2952 1116 3162 1187 linguae
3193 1132 3395 1171 carens
3426 1118 3647 1185 officiis,
3673 1134 3786 1190 per
3800 1118 3880 1172 bi-

2239 1208 2416 1263 duum
2426 1208 2549 1278 jam
2567 1212 2746 1274 muta,
2767 1209 2967 1280 spiritu
2990 1209 3292 1263 deficiente
3311 1209 3684 1276 decumbens,
3709 1227 3882 1282 appa-

2237 1300 2375 1355 ratis
2406 1301 2686 1375 exsequiis
2699 1301 2823 1371 jam
2848 1302 3167 1373 palpitabat
3190 1302 3485 1357 exanimis.
3509 1304 3611 1358 Cui
3632 1303 3880 1376 eulogiis

2238 1411 2342 1465 per
2358 1394 2757 1465 presbyterum
2780 1411 2946 1448 suum
2966 1394 3196 1448 directis
3213 1398 3269 1449 et
3286 1395 3567 1450 violenter
3584 1395 3879 1467 adapertis

2238 1490 2602 1558 praemortua;
2629 1486 2895 1542 dentibus
2926 1488 2986 1541 in
3009 1504 3108 1542 ore
3129 1488 3470 1559 transjectis,
3494 1505 3629 1543 mox
3662 1493 3729 1543 ut
3752 1490 3875 1543 fau-

2237 1597 2331 1634 ces
2377 1580 2660 1635 semivivae
2708 1581 2898 1652 liquor
2942 1581 3363 1636 benedictionis
3406 1582 3644 1651 introiit,
3681 1583 3875 1638 statim

2238 1674 2435 1745 incipit
2464 1678 2815 1745 praemortua
2840 1674 2969 1728 vitm
2996 1674 3223 1728 flatibus
3244 1676 3537 1743 anhelare,
3562 1676 3715 1730 oculi
3736 1692 3875 1729 nece
3907 1671 3913 1677 ’

2237 1767 2497 1838 praeclusi
2522 1769 2716 1821 lumen
2747 1767 2859 1821 diei
2889 1767 3205 1837 requirere,
3232 1770 3293 1821 ut
3320 1772 3447 1838 post
3465 1769 3743 1822 funerum
3763 1769 3877 1839 pal-

2241 1862 2420 1915 lorem
2470 1860 2643 1914 facies
2687 1860 2745 1913 in
2781 1860 3053 1913 ruborem
3099 1861 3388 1927 transiret,
3434 1861 3619 1915 donec
3654 1860 3875 1915 cunctis

2238 1954 2597 2024 stupentibus
2626 1953 2906 2007 vivilicata
2931 1956 3324 2023 consurgeret,
3357 1957 3413 2007 et
3437 1954 3875 2008 circumstantes

2239 2050 2531 2101 auctorem
2576 2046 2833 2099 muneris
2872 2046 3119 2116 gratiam
3151 2047 3550 2116 prcedicarent.
3586 2047 3729 2111 Quae
3760 2047 3872 2101 sin-

2240 2139 2385 2210 gulis
2411 2138 2577 2193 annis
2606 2138 2886 2193 tributum
2912 2139 3040 2192 vitm
3072 2139 3236 2193 solvit
3265 2156 3370 2210 pro
3398 2140 3601 2210 pretio.

2308 2233 2413 2286 XII.
2438 2233 2723 2288 Caeterum
2747 2231 3163 2285 revelationum
3187 2248 3419 2286 suarum
3442 2233 3569 2303 quis
3589 2236 3877 2287 scrutator

2239 2324 2507 2391 introeat,
2539 2324 2627 2378 cui
2661 2327 2795 2377 ante
2826 2326 3074 2394 quatuor
3102 2341 3387 2378 annorum
3420 2325 3724 2392 curricula,
3756 2326 3873 2396 ipsa

2240 2419 2598 2489 episcopatus
2640 2417 2722 2471 sui
2764 2433 2935 2471 causa
2981 2434 3095 2470 non
3138 2420 3224 2471 est
3259 2418 3638 2472 abscondita?
3677 2420 3871 2489 Itaque

2238 2512 2455 2582 positus
2501 2511 2556 2565 in
2602 2526 2827 2580 sopore,
2860 2509 3087 2579 inspicit
3131 2527 3163 2563 a
3211 2510 3465 2581 quodam
3507 2528 3645 2564 sene
3691 2514 3873 2565 claves

2239 2604 2342 2658 sibi
2375 2607 2554 2675 portae
2582 2603 2879 2657 Parisiacae
2918 2602 3154 2673 porrigi.
3186 2605 3554 2675 Interrogans
3585 2605 3727 2675 quid
3768 2605 3870 2658 hoc

2238 2698 2421 2763 ﬁeret,
2471 2696 2690 2765 accepit
2740 2712 3103 2765 responsum,
3152 2700 3211 2749 ut
3264 2698 3447 2750 salvas
3492 2714 3588 2751 eas
3635 2698 3867 2752 faceret.

2240 2790 2403 2854 Quod
2429 2792 2557 2860 post
2583 2789 2822 2843 civitatis
2850 2790 2971 2860 ejus
3000 2789 3265 2860 episcopo
3289 2789 3354 2860 (ο)
3382 2790 3700 2845 decedente
3738 2792 3871 2845 dum

2238 2883 2763 2954 praecellentissimo
2785 2882 2909 2953 regi
2925 2882 3291 2937 Childeberto
3310 2886 3654 2949 occurreret,
3672 2883 3731 2937 in
3755 2884 3873 2954 ejus

2239 2977 2517 3029 electione
2547 2976 2815 3030 effectum
2838 2976 2935 3029 illa
2954 2992 3056 3030 vox
3080 2976 3419 3046 promeruit.
3448 2976 3872 3047 Ordinatusque

2239 3069 2493 3139 pontifex
2515 3068 2698 3139 qualis
2719 3072 3081 3140 quantusque
3104 3086 3161 3123 se
3186 3069 3445 3139 gesserit,
3472 3070 3579 3124 hoc
3603 3070 3871 3141 expedire

2240 3162 2435 3233 lingua
2470 3162 2726 3215 mortalis
2770 3178 2886 3215 non
2920 3162 3146 3227 sufficit,
3179 3162 3454 3231 quoniam
3481 3179 3654 3232 supra
3684 3163 3868 3217 homi-

2240 3273 2371 3308 nem
2404 3256 2511 3309 fuit
2537 3270 2709 3308 omne
2741 3255 2895 3325 quod
2932 3254 3129 3307 edidit.
3170 3254 3426 3324 Denique
3464 3255 3708 3326 adeptus
3743 3272 3868 3325 gra-

2239 3350 2374 3402 dum
2408 3365 2557 3401 cura:
2592 3348 2912 3417 pastoralis,
2949 3348 3020 3400 de
3059 3348 3283 3417 reliquo
3318 3348 3635 3402 monachus
3665 3348 3869 3419 persis-

2240 3443 2413 3495 trbat.
2450 3442 2589 3495 Hinc
2620 3457 2677 3493 se
2705 3440 3105 3510 frequentibus
3141 3440 3445 3493 exercebat
3478 3440 3705 3510 vigiliis,
3739 3440 3868 3494 inde

2238 3534 2584 3588 continuatis
2622 3533 2954 3586 macerebat
2999 3532 3221 3586 inediis.
3250 3533 3635 3586 Pernoctahat
3681 3534 3868 3604 algida

2239 3630 2500 3681 senectus
2543 3643 2648 3696 per
2690 3626 2942 3679 hiemem
2988 3626 3275 3680 sustinens
3316 3626 3618 3696 dupliciter
3648 3628 3864 3696 frugus.

2238 3721 2420 3774 astatis
2446 3723 2503 3773 et
2535 3718 2828 3788 temporis,
2853 3718 3007 3787 quod
3038 3735 3143 3771 nec
3180 3720 3429 3773 tolerare
3458 3719 3678 3789 possint
3707 3722 3866 3789 petu-

2238 3813 2375 3866 lcnti
2397 3813 2639 3882 juvenes
2664 3827 2676 3865 :
2703 3812 2955 3881 seipsum
2981 3828 3129 3881 pene
3153 3811 3489 3865 obliviscens
3510 3828 3612 3881 pro
3634 3810 3868 3865 victoria

2237 3904 2509 3976 corporis,
2543 3908 2821 3974 tanquam
2855 3904 2897 3957 si
2941 3904 3107 3957 simul
3137 3904 3505 3958 accessissent
3537 3904 3791 3974 dignitas
3816 3906 3867 3956 ct

2239 3998 2577 4061 necessitas;
2630 4013 2757 4068 qua:
2802 4014 2933 4049 vero
2991 3998 3373 4067 eleemosyna:
3424 4000 3541 4050 tam
3587 3997 3658 4049 de
3701 3996 3868 4050 rebus

2237 4092 2488 4147 ecclesia:
2520 4107 2693 4161 quam
2742 4089 2939 4160 populi
2969 4089 3259 4144 oblatione
3301 4091 3386 4143 vel
3420 4089 3580 4159 regio
3625 4105 3864 4143 munere

2237 4202 2340 4255 per
2376 4201 2583 4238 manus
2622 4182 2815 4237 Sancti
2854 4183 3020 4236 factae
3056 4186 3206 4249 sunt,
3236 4183 3388 4236 solus
3416 4183 3511 4235 ille
3543 4181 3639 4252 qui
3673 4181 3867 4236 omnia

2236 4279 2325 4343 sit,
2360 4277 2516 4332 novit
2541 4279 2599 4329 et
2630 4278 2914 4329 numerat.

2305 4372 2433 4425 XIII.
2454 4367 2712 4439 Denique
2735 4368 2987 4439 quadam
3010 4368 3126 4422 vice
3146 4366 3706 4440 prmeellentissimus
3724 4366 3869 4422 Chil-

2237 4464 2505 4517 dcbertus
2525 4479 2623 4516 rex
2655 4478 2783 4515 eum
2816 4461 2866 4515 ei
2896 4461 3192 4516 direxisset
3220 4478 3315 4515 sex
3345 4460 3525 4515 millia
3551 4460 3863 4514 solidorum

500 4548 623 4612 0110
673 4551 857 4630 Preti?
904 4553 1215 4622 pel‘SolutO,
1263 4553 1506 4623 contigit
1558 4556 1621 4606 ut
1661 4556 1792 4607 ante
1839 4552 2131 4607 basilicam
2152 4567 2212 4638 D
2238 4556 2582 4628 pauperibus
2613 4554 2928 4625 eroganda,
2954 4555 3285 4625 expendens
3306 4555 3418 4608 tria
3439 4554 3617 4607 millia
3638 4551 3865 4607 reverti-

496 4658 647 4713 saape
687 4643 870 4698 dictus
907 4646 1210 4700 Sabaricus
1248 4646 1590 4716 przeterirct,
1622 4662 1727 4699 nec
1764 4649 1957 4699 tamen
2001 4662 2127 4701 ora-

499 4735 640 4789 tioni
686 4753 915 4808 quoque
960 4742 1303 4793 occurreret.
1337 4739 1441 4802 Qui
1476 4738 1714 4792 domum
1743 4755 1903 4793 suam
1934 4740 2127 4809 ingre-

498 4828 682 4895 diens,
702 4832 909 4885 statim
943 4832 1238 4901 affligitur,
1262 4832 1493 4903 ligatur,
1519 4835 1577 4885 et
1603 4832 1818 4886 catenis
1848 4832 2133 4886 revinctus

498 4920 571 4975 ad
604 4921 878 4977 Sanctum
907 4925 1255 4994 perducitur.
1290 4926 1483 4995 Neque
1511 4925 1587 4978 sic
1619 4942 1651 4979 a
1682 4925 1775 4996 pio
1808 4926 1928 4979 viro
1960 4926 2128 4978 mise-

498 5014 746 5069 ricordia
792 5017 1029 5082 tollitur,
1061 5017 1159 5069 sed
1201 5017 1394 5071 statim
1432 5018 1603 5073 missa
1630 5036 1798 5089 prece
1831 5018 1953 5089 ejus
1985 5018 2131 5072 obti-

500 5111 673 5163 nente
708 5110 820 5163 fide
865 5113 1160 5181 purgatur.
1191 5110 1345 5166 Tunc
1377 5113 1586 5183 adjecit
1618 5112 1921 5167 Sabaricus
1948 5112 2132 5165 adhuc

500 5205 701 5277 viginti
747 5220 953 5259 aureos
998 5205 1072 5258 ad
1120 5208 1368 5277 pretium
1411 5207 1565 5278 quod
1610 5210 1930 5278 acceperat,
1966 5208 2022 5258 et
2063 5204 2133 5257 de

502 5303 735 5354 centum
756 5296 951 5352 solidis
968 5313 1100 5353 crux
1118 5301 1191 5355 ad
1209 5302 1531 5372 sepulcrum
1549 5300 1701 5354 beati
1729 5297 2135 5369 Symphoriani

505 5394 576 5446 ab
619 5392 743 5463 ipso
780 5407 1055 5462 suspensa
1096 5397 1174 5448 est
1210 5412 1223 5448 :
1254 5412 1380 5466 qua:
1422 5410 1600 5465 usque
1643 5393 1815 5448 hodie
1850 5408 1941 5445 res
1970 5394 2054 5443 est
2077 5390 2135 5443 in

578 5504 653 5573 (α)
685 5505 753 5556 Et
800 5505 995 5576 tamen
1041 5505 1347 5576 Gregorius
1391 5503 1836 5576 TUI‘ODLIIbill‘).
1873 5519 1932 5555 III
1974 5502 2134 5567 Iiist.,

505 5572 641 5644 cap.
681 5577 768 5638 36,
814 5575 1009 5629 scribit
1058 5572 1525 5631 Théodobertum
1583 5572 1899 5644 diutissime
1938 5590 2136 5644 aegro-

509 5647 675 5717 tasse,
709 5649 768 5699 et
815 5663 941 5717 cap.
969 5651 1056 5713 37,
1091 5664 1244 5702 anno
1295 5651 1360 5701 37
1414 5650 1542 5715 post
1581 5643 1870 5717 Clodovei'
1895 5643 2137 5709 obitum,

506 5716 669 5785 regni
698 5716 781 5771 sui
818 5714 902 5785 14,
933 5718 1139 5773 Christi
1172 5718 1386 5771 scilicet
1414 5714 1537 5781 3358,
1571 5714 1796 5785 obiisse.

587 5784 650 5852 fb)
694 5789 889 5843 Alexia
930 5788 1146 5857 (Alisc),
1193 5788 1469 5856 oppidum
1516 5784 1813 5857 quondam
1862 5784 2137 5857 validissi-

508 5870 665 5910 mum
698 5858 753 5912 in
782 5856 1106 5929 colle'apud
1132 5857 1467 5912 Mandubios
1498 5856 1556 5913 in
1592 5856 1920 5927 Burgundia
1948 5856 2138 5923 situm,

2230 4656 2324 4704 tur
2355 4649 2427 4702 ad
2455 4648 2762 4719 palatium;
2797 4647 3187 4717 interrogatus
3217 4665 3249 4700 a
3282 4663 3418 4717 rege
3446 4647 3489 4700 si
3519 4647 3707 4700 adhuc
3726 4644 3862 4699 resi—

2234 4744 2398 4797 deret
2427 4742 2581 4812 quod
2613 4740 2809 4810 egenis
2844 4740 3139 4807 tribueret,
3164 4740 3465 4811 respondit
3494 4738 3863 4793 medietatem

2234 4835 2531 4899 resedisse,
2558 4850 2661 4887 nec
2689 4833 2971 4886 invenisse
2999 4833 3199 4904 inopes
3221 4833 3427 4903 quibus
3448 4835 3630 4885 totum
3662 4847 3864 4902 expen-

2235 4929 2417 4982 deret.
2443 4925 2542 4982 Cui
2564 4944 2662 4979 rex
2685 4926 2872 4997 inquit
2896 4943 2908 4981 :
2938 4948 2963 4976 ‹‹
2987 4926 3250 4991 Domine,
3268 4926 3422 4981 dona
3445 4925 3599 4996 quod
3620 4923 3825 4977 restitit
3848 4937 3858 4972 :

2236 5038 2371 5075 nam
2400 5019 2622 5075 Christo
2654 5019 2936 5089 largiente
2969 5018 3124 5089 quod
3154 5019 3404 5073 donetur
3425 5035 3539 5072 non
3563 5017 3817 5071 deficiet:
3838 5036 3861 5059 ››

2236 5112 2496 5167 incidens
2517 5115 2681 5166 orata
2702 5112 2982 5177 missoria,
3004 5114 3283 5181 argentea
3297 5128 3433 5165 vasa
3448 5109 3863 5166 comminuens,

2238 5204 2517 5276 quidquid
2532 5205 2783 5275 primum
2802 5204 3001 5258 habuit
3021 5204 3164 5257 dans
3183 5203 3464 5257 sacerdoti
3485 5220 3557 5257 ne
3581 5201 3864 5273 perderet.

2240 5300 2371 5352 Erat
2393 5314 2532 5367 ergo
2556 5297 2941 5368 exspectanda
2959 5296 3253 5351 contentio
3271 5297 3423 5351 inter
3438 5294 3797 5350 sacerdotem
3817 5293 3870 5343 et

2239 5391 2576 5462 principem.
2593 5389 2894 5444 Faciebant
2906 5389 3061 5460 apud
3070 5405 3127 5444 se
3140 5390 3206 5444 de
3220 5388 3603 5443 misericordia
3618 5399 3866 5459 pugnam

2241 5501 2447 5555 Caesari
2490 5500 2851 5555 notissimum
2886 5499 2980 5553 lib.
3016 5517 3089 5554 vn
3125 5500 3195 5554 de
3239 5500 3375 5554 Bell.
3411 5500 3576 5568 Gall.,
3608 5516 3757 5553 nunc
3792 5493 3865 5547 vi-

2240 5590 2338 5627 cus
2365 5575 2451 5625 est
2480 5572 2609 5626 colli
2637 5570 2867 5625 declivis
2900 5571 3217 5641 impositus.

2314 5641 2379 5711 (c)
2408 5642 2649 5696 Eusebio
2677 5644 2905 5696 sanctus
2943 5639 3261 5698 Germanus
3291 5642 3559 5697 successit
3586 5640 3644 5695 in
3677 5639 3865 5695 sedem

2242 5712 2584 5767 Parisiacam
2618 5716 2751 5767 ante
2786 5713 3091 5767 concilium
3124 5713 3439 5767 Parisiense
3474 5730 3554 5780 Ill,
3581 5729 3735 5767 anno
3773 5711 3864 5763 5537

2244 5785 2616 5851 celebratum,
2653 5784 2740 5838 cui
2768 5786 3086 5839 Germanus
3114 5784 3462 5855 subscripsit.
