4020 6232
202 330 252 391 Μ
1828 340 1994 397 νιΤΑ.
3524 346 3592 410 62

202 449 255 500 et
278 439 346 500 de
370 440 589 517 pietate
620 447 946 519 certamen,
978 443 1274 504 thesauros
1313 450 1379 505 ut
1417 451 1774 521 spargerent,
1803 452 1862 504 et
1881 459 1940 536 Α
1960 450 2166 509 Christi
2191 453 2422 514 nomine
2447 452 2727 529 invocato,
2757 473 3027 514 concussa
3062 458 3267 516 sanctis
3294 456 3486 533 digitis
3518 458 3590 516 ad

207 538 273 596 de
300 539 414 595 suis
447 538 689 597 talentis
729 541 904 615 egeni
932 541 1290 611 ditescerent,
1320 540 1512 599 festini
1551 541 1623 597 ad
1663 541 1857 598 futura

204 631 378 703 lucra,
411 639 476 689 ut
496 632 817 691 bratheum
848 651 1040 692 semen
1069 635 1141 707 (a)
1168 639 1439 703 sererent,
1467 639 1525 692 et
1550 640 1678 709 post
1703 651 1853 691 mes-

207 742 359 783 sores
375 728 720 784 accederent
734 730 1091 785 aurolentam
1108 745 1212 800 per
1224 734 1504 801 segetem:
1522 733 1587 784 ut
1602 729 1856 785 sacerdos

207 822 656 894 locupletaretur
684 823 972 895 regalibus
993 823 1289 892 thesauris,
1309 827 1367 877 et
1386 822 1445 879 in
1473 838 1668 894 regem
1696 824 1858 879 flore-

210 923 295 972 ret
324 914 511 988 gratia
537 916 871 987 sacerdotis,
898 916 997 989 qui
1027 933 1197 972 suum
1231 916 1416 972 solum
1454 916 1561 971 hoc
1596 915 1853 985 credidit,

208 1011 361 1084 quod
380 1011 575 1067 nudus
595 1014 698 1066 aut
723 1026 938 1082 egenus
966 1011 1207 1082 accepit.

278 1106 411 1161 XIV.
434 1104 546 1160 Sed
566 1108 920 1159 revertamur
939 1103 1008 1157 ad
1031 1103 1311 1159 ordinem.
1330 1103 1570 1169 Quidam
1590 1101 1649 1158 in
1669 1102 1859 1157 Exona

209 1198 447 1267 (Essem,
477 1214 658 1269 prope
687 1196 1031 1269 Corbolium)
1058 1197 1178 1253 vico
1217 1197 1286 1251 de
1314 1196 1595 1252 ﬁscalibus
1632 1194 1859 1251 famulis

205 1291 546 1347 Gildomeris
573 1290 826 1359 nomine,
846 1306 979 1345 cum
997 1291 1088 1345 die
1117 1290 1405 1345 Dominico
1432 1290 1705 1361 quiddam
1730 1304 1860 1359 ope-

206 1391 365 1440 ratus
390 1385 485 1455 sit,
511 1386 592 1439 ita
617 1384 973 1438 contrahitur
992 1383 1203 1455 digitis,
1226 1388 1289 1438 ut
1312 1382 1595 1455 unguium
1617 1397 1859 1437 acumen

205 1484 433 1551 partem
459 1477 731 1534 transiret
758 1476 819 1531 in
837 1478 1093 1532 alteram.
1122 1476 1228 1542 Qui
1252 1476 1498 1532 Parisius
1519 1479 1712 1530 sancto
1740 1474 1860 1529 viro

206 1573 457 1627 occurrit
484 1572 548 1627 in
578 1570 863 1639 oratorio;
892 1574 947 1624 et
974 1570 1230 1625 oratione
1256 1570 1405 1639 data,
1424 1585 1713 1640 manuque
1737 1584 1861 1639 per-

205 1670 382 1720 uncta
407 1666 555 1733 oleo,
592 1681 815 1737 ungues
849 1664 919 1719 de
957 1664 1146 1734 palma
1178 1666 1434 1718 retracta:
1475 1666 1627 1718 sunt.
1660 1660 1861 1733 Digitis

1955 562 2014 601 se
2046 546 2313 618 junctum
2350 550 2675 622 revertitur,
2726 555 2785 608 et
2825 567 2943 607 suae
2984 550 3117 608 ﬁdei
3159 552 3363 609 merito
3404 552 3590 608 salvus

1956 640 2189 698 domum
2216 644 2531 701 reducitur.

2027 736 2153 792 XIX.
2180 738 2319 792 Item
2345 737 2522 807 faber,
2556 737 2810 811 Ligerius
2844 738 3076 795 nomine
3116 737 3428 795 turbulenti
3469 738 3591 795 da-

1956 828 2140 883 monis
2176 834 2436 901 arreptus
2472 830 2712 898 insania,
2755 832 2834 888 ita
2868 832 3087 888 bestiali
3124 822 3344 887 feritate
3383 848 3587 904 prom-

1955 926 2136 993 perat,
2164 926 2229 977 ut
2253 923 2463 978 catenis
2503 924 2644 979 collo
2680 925 3057 998 manibusque
3085 925 3370 981 revinctus
3397 925 3493 981 vix
3518 926 3589 982 ad

1956 1014 2103 1070 beati
2129 1014 2244 1070 Viri
2267 1016 2593 1072 traheretur
2620 1018 3001 1089 praesentiam.
3033 1018 3166 1073 Inde
3195 1018 3588 1085 miserabilior,

1957 1113 2021 1162 ut
2045 1108 2145 1181 qui
2171 1109 2481 1165 sustinebat
2503 1110 2573 1163 ab
2593 1111 2753 1167 hoste
2781 1111 3127 1182 violentiam,
3154 1111 3263 1184 ipsi
3286 1110 3590 1167 adderetur

1957 1202 2131 1257 altera
2156 1218 2321 1273 paena
2343 1218 2448 1274 per
2472 1202 2714 1259 vincula.
2736 1204 2915 1268 Quem
2939 1208 3132 1259 tamen
3154 1205 3410 1259 sacerdos
3438 1204 3589 1277 apud

1959 1311 2017 1349 se
2047 1295 2290 1366 imperat
2335 1295 2613 1365 detineri;
2671 1300 2754 1366 et,
2814 1296 2959 1352 sicut
3013 1297 3252 1368 septimo
3304 1297 3394 1352 die
3445 1298 3589 1352 Deus

1959 1388 2173 1460 quievit
2199 1389 2268 1443 ab
2297 1405 2487 1460 opere,
2513 1389 2605 1456 fita
2633 1393 2689 1445 et
2727 1406 2899 1461 Opera
2926 1389 3023 1443 Dei
3060 1395 3337 1445 transacta
3372 1390 3587 1445 hebdo-

1959 1482 2126 1537 mada
2151 1482 2393 1553 eripitur
2420 1499 2450 1536 a
2479 1483 2739 1537 dmmone
2758 1500 2775 1551 ;
2813 1482 3005 1554 sicque
3045 1483 3105 1536 in
3142 1483 3374 1555 prepria
3408 1483 3593 1539 redire

1959 1590 2189 1630 securus
2214 1574 2424 1629 meruit
2450 1576 2724 1630 liberatus
2749 1575 2820 1629 ab
2850 1575 3030 1631 hoste.

2030 1669 2133 1723 XX.
2184 1668 2397 1723 Waddo
2434 1669 2520 1722 vir
2555 1668 2793 1738 illuster,
2826 1667 3071 1722 consiliis
3111 1668 3262 1740 regis
3287 1667 3591 1740 particeps,

206 1759 475 1813 redditur
503 1775 789 1830 organum
811 1763 868 1813 et
885 1758 945 1812 in
962 1756 1199 1828 antiquo
1226 1756 1409 1811 ofﬁcio
1425 1772 1730 1811 nervorum
1754 1754 1863 1809 tela
1880 1829 1923 1833 _
1962 1764 2163 1832 typum
2186 1760 2489 1832 dupliciter
2502 1761 2800 1817 incurrens
2823 1760 2998 1816 febris
3012 1766 3069 1816 et
3087 1760 3335 1833 frigoris,
3367 1776 3599 1832 exspur-

204 1852 512 1907 I’Btexilllr-
544 1829 726 1916 Qllem
752 1851 1020 1907 Clericum
1046 1854 1173 1922 post
1199 1850 1482 1919 Effectum,
1516 1853 1572 1904 et
1610 1852 1675 1903 ut
1711 1848 1857 1902 inte-
1880 1829 1939 1902 B
1966 1829 2183 1925 gandus
2222 1829 2400 1910 sancti
2436 1854 2548 1909 Viri
2596 1859 2977 1927 praesentatur
3018 1829 3327 1909 obtutibus.
3375 1829 3596 1908 Interea

213 1962 389 2018 grum
422 1945 643 2000 salvum
670 1946 899 2012 faceret,
928 1949 1083 2016 peste
1108 1943 1367 1998 liberavit
1395 1946 1452 1998 et
1476 1941 1733 1997 crimine.

284 2041 392 2094 XV.
434 2040 651 2095 Rursus
690 2039 952 2111 quaedam
995 2038 1203 2093 mulier
1247 2036 1479 2090 nomine
1516 2034 1759 2090 Favonia
1798 2034 1858 2089 in

206 2133 355 2187 urbe
383 2132 666 2187 Parisiaca
687 2148 789 2203 per
814 2149 1015 2187 novem
1042 2131 1161 2185 dies
1185 2128 1504 2202 percipiens
1530 2128 1675 2191 nihil
1719 2144 1862 2199 pras-

203 2231 299 2281 ter
324 2227 686 2297 pulticulam,
716 2242 814 2280 ore
838 2229 1033 2296 aperto
1060 2224 1285 2278 inhians
1309 2226 1499 2277 sancto
1519 2222 1648 2276 Viro
1675 2221 1860 2276 oblata

203 2326 314 2375 est.
342 2321 481 2385 Qua:
510 2320 665 2374 velut
689 2319 841 2374 ferro
864 2318 1118 2390 opposito
1147 2317 1299 2371 nulla
1328 2316 1455 2386 lege
1486 2318 1707 2386 poterat
1726 2314 1861 2385 jun-

207 2429 350 2483 gere
380 2413 580 2467 dentes
604 2416 705 2467 aut
746 2412 910 2466 labia.
949 2413 1130 2476 Quam
1166 2408 1222 2463 in
1251 2407 1497 2463 oratorio
1527 2424 1683 2462 sacro
1727 2423 1856 2477 per-

202 2509 382 2561 uncta
437 2507 580 2574 oleo,
624 2506 853 2578 palpate
896 2504 1149 2577 undique
1202 2501 1383 2574 capite
1422 2500 1541 2556 sine
1590 2500 1855 2556 tarditate

206 2598 381 2657 saluti
410 2598 678 2653 restituit.

238 2748 241 2749 ν
281 2692 416 2745 XVI.
443 2690 664 2746 Accidit
693 2696 758 2746 ut
782 2690 969 2762 puella
998 2690 1260 2761 quaedam
1289 2689 1356 2743 de
1384 2686 1631 2742 Medardi
1660 2685 1849 2756 Mogli-

207 2783 489 2838 dimensis
532 2784 601 2855 (ὁ)
646 2783 861 2837 familia
905 2784 1068 2837 ﬁlans
1106 2782 1194 2837 die
1236 2780 1544 2848 Dominico,
1576 2782 1858 2833 contracta

205 2894 387 2931 manu
408 2877 780 2932 damnaretur
796 2876 1091 2947 supplicio.
1119 2876 1239 2939 Qua
1258 2877 1513 2928 contacta
1531 2872 1656 2927 oleo
1675 2871 1856 2925 virtus

206 2970 424 3023 infudit
452 2969 791 3024 remedium.
819 2969 955 3023 Hinc
975 2972 1267 3039 stupentes
1284 2966 1447 3037 digiti
1462 2965 1721 3036 vigorem
1746 2963 1857 3034 pri-

206 3063 432 3117 stinum
459 3063 819 3134 resipiscunt,
842 3062 1081 3116 oblitum
1103 3061 1238 3116 artis
1265 3058 1515 3114 ofﬁcium
1535 3057 1753 3112 reducti
1772 3073 1858 3113 ar-

1958 1948 2099 2002 hora
2125 1947 2286 2003 solita
2309 1948 2466 2003 febre
2492 1964 2795 2003 concussus
2825 1947 3172 2020 gravissima,
3205 1951 3270 2002 ut
3300 1947 3599 2019 refrigera-

1957 2045 2118 2096 retur
2142 2041 2232 2097 vel
2257 2058 2463 2112 aquam
2490 2041 2767 2096 instanter
2791 2041 3131 2112 expostulat.
3161 2041 3281 2105 Qua
3306 2041 3412 2095 sibi
3431 2040 3601 2095 dene-

1961 2137 2089 2205 gata
2120 2134 2182 2189 in
2221 2134 2399 2189 sancti
2438 2134 2718 2205 pontiﬁcis
2756 2134 3044 2189 insolescit
3080 2133 3369 2205 injuriam.
3398 2133 3494 2187 Vir
3518 2136 3600 2186 ta-

1957 2243 2093 2281 men
2115 2226 2214 2281 Dei
2248 2231 2546 2282 contentus
2584 2232 2650 2282 ut
2691 2227 2975 2282 obtineret
2998 2226 3314 2293 victoriam,
3341 2225 3597 2280 oratione

1959 2320 2255 2391 explicata,
2288 2324 2487 2391 potum
2517 2321 2570 2375 ei
2611 2320 2827 2375 donans
2852 2320 2913 2374 in
2940 2319 3141 2388 calida,
3171 2318 3463 2373 hominem
3502 2334 3594 2373 re-

1958 2414 2174 2469 vocavit
2188 2414 2430 2468 salutem
2450 2414 2518 2468 ad
2537 2414 2859 2486 pristinam,
2881 2418 2937 2467 et
2952 2412 3255 2467 imminens
3274 2411 3595 2483 periculum

1962 2507 2057 2562 tali
2083 2508 2301 2562 curavit
2325 2506 2599 2577 antidoto,
2627 2507 2847 2562 febrem
2872 2523 3079 2561 curans
3106 2523 3211 2578 per
3238 2505 3501 2560 calidam.

1922 2658 1925 2661 λ
2029 2600 2156 2655 XXI.
2194 2601 2304 2655 Nec
2353 2600 2495 2655 illud
2544 2604 2629 2655 est
2667 2600 3132 2671 praetereundum
3179 2598 3378 2653 similis
3417 2612 3597 2652 causa:

1957 2693 2316 2747 miraculum.
2352 2692 2584 2764 Reginae
2611 2692 2998 2747 Chrodosintae
3030 2692 3092 2762 (ε)
3122 2692 3399 2760 minister,
3440 2678 3600 2745 Ulqu

1955 2786 2209 2855 nomine,
2238 2790 2374 2857 typo
2407 2783 2489 2857 [Id
2513 2791 2610 2854 est,
2641 2786 2789 2853 febri
2808 2784 3103 2856 periodica]
3136 2784 3448 2839 vexabatur
3477 2799 3600 2854 gra-

1954 2879 2201 2934 vissime.
2230 2880 2468 2933 Poscens
2495 2878 2763 2950 suffragia
2798 2878 3056 2947 medelas,
3084 2876 3338 2949 perrexit
3365 2877 3435 2931 ad
3461 2891 3601 2947 pon-

1953 2972 2182 3027 tiﬁcem.
2212 2972 2389 3035 Quem
2416 2972 2498 3025 vir
2539 2972 2635 3026 Dei
2672 2975 2993 3026 constanter
3025 2970 3180 3025 ducit
3214 2971 3285 3024 ad
3322 2968 3595 3041 baptiste-

1954 3064 2128 3119 rium.
2163 3065 2267 3121 Sed
2308 3068 2578 3120 exorante
2621 3065 2822 3118 Sancto
2856 3063 3026 3134 coepit
3062 3062 3239 3133 afﬂigi
3279 3062 3503 3132 gravius
3538 3061 3597 3115 in

206 3156 367 3209 ticuli
394 3155 770 3259 meditantur,
796 3171 998 3257 manus
1015 3170 1237 3257 ramosa
1263 3151 1623 3220 distenditur,
1651 3155 1707 3205 et
1725 3165 1857 3220 pur-
1886 3188 1940 3262 C
1966 3158 2224 3229 proximo
2240 3158 2583 3213 liberandus.
2606 3156 2856 3212 Postulat
2874 3156 3078 3211 ardens
3103 3161 3159 3211 et
3175 3160 3416 3210 aestuans
3435 3170 3599 3226 aqua:

208 3253 346 3320 gata
374 3248 512 3303 vitio
538 3249 770 3303 dextera
797 3248 960 3303 saluti
986 3247 1294 3302 reducitur.

283 3343 445 3396 XVII.
470 3343 639 3396 Recte
669 3341 921 3395 creditur
947 3340 1317 3395 inserendum
1337 3338 1479 3392 illud
1507 3353 1734 3410 quoque
1763 3336 1867 3391 mi-

208 3436 498 3490 raculum.
525 3434 832 3488 Bobolinus
854 3434 1087 3505 quidam
1107 3433 1175 3487 de
1192 3432 1312 3486 viro
1341 3432 1608 3485 Noviomo
1635 3431 1861 3500 (Noyon,

211 3530 271 3583 in
301 3528 576 3598 Picardia)
604 3528 974 3582 vehementer
990 3526 1210 3581 inimici
1233 3541 1500 3597 pervasus
1525 3524 1764 3592 insidiis,
1793 3522 1865 3576 ad

211 3622 518 3676 Hominem
549 3621 651 3674 Dei
680 3620 914 3674 vinculis
938 3636 1118 3675 nexus
1154 3618 1478 3686 adducitur,
1508 3617 1701 3672 rebelli
1746 3615 1861 3686 spi-

212 3717 328 3770 ritu
364 3719 579 3769 rotatus
614 3713 900 3768 excutitur
942 3730 1045 3767 nec
1084 3713 1344 3767 lassatur.
1397 3711 1525 3776 Qui,
1595 3713 1864 3765 exorante

212 3812 407 3862 sancto
439 3807 594 3872 Viro,
636 3806 798 3877 quasi
827 3806 895 3860 de
930 3805 1105 3876 longo
1139 3805 1340 3859 itinere
1380 3805 1451 3858 ad
1488 3820 1546 3858 se
1590 3816 1863 3872 suamque

214 3906 473 3956 mentem
502 3899 754 3970 septimo
780 3899 871 3953 die
909 3897 1233 3953 revertitur.
1272 3897 1357 3952 Sic
1395 3895 1696 3967 dupliciter
1718 3894 1860 3949 libe-

213 4002 393 4063 ratus,
424 3994 566 4047 dum
590 3992 742 4064 fugit
770 3992 974 4046 umbra
1002 3991 1071 4045 de
1097 3990 1374 4058 sensibus,
1397 3994 1594 4044 catena
1622 3987 1770 4042 cadit
1794 3974 1863 4041 de

214 4087 480 4141 manibus
504 4091 564 4140 et
588 4102 762 4139 sanus
790 4084 1048 4139 redditur
1072 4088 1129 4138 et
1155 4082 1393 4137 solutus.

286 4181 468 4235 XVIII.
497 4180 613 4232 Hoc
641 4182 833 4232 autem
863 4176 1154 4232 memoriae
1179 4177 1311 4248 jure
1338 4178 1618 4246 perpetuo
1647 4177 1731 4229 est
1754 4178 1865 4227 tra-

214 4274 491 4328 dsndum.
545 4271 786 4336 Quidam
831 4288 898 4325 ex
947 4268 1270 4351 Nantharici
1320 4267 1425 4340 [An
1465 4266 1864 4338 Nemptodori?

212 4371 483 4423 Nanten‘e
496 4366 543 4438 ?J
574 4363 815 4431 familia,
847 4362 1120 4435 separatis
1146 4362 1217 4415 ab
1238 4362 1481 4416 invicem
1502 4361 1865 4415 maxillarum

206 4460 520 4530 juncturis,
552 4474 651 4512 ore
677 4457 869 4528 aperio
897 4457 967 4510 ad
995 4459 1251 4509 sanctum
1282 4454 1480 4508 Virum
1507 4452 1860 4525 perducitur.

1967 3251 2273 3321 modicum,
2301 3252 2397 3307 sed
2428 3255 2693 3322 negatur.
2714 3250 2821 3315 Qui
2840 3250 2987 3305 fellis
3016 3248 3393 3304 amaritudine
3423 3247 3598 3302 susci-

1965 3349 2113 3400 tatus
2151 3345 2446 3413 acerrime,
2484 3345 2737 3399 balteum
2784 3360 2954 3398 suum
3006 3343 3076 3397 ad
3126 3342 3311 3398 Sancti
3365 3340 3601 3412 vestigia

1964 3438 2202 3509 projecit
2239 3439 2487 3493 clamans
2534 3455 2548 3493 :
2598 3439 2682 3492 Tu
2720 3454 2832 3507 me,
2862 3437 3109 3507 domine,
3137 3435 3426 3505 interﬁcis,
3469 3450 3601 3489 cum

1966 3548 2163 3585 sanare
2194 3532 2489 3587 debueras.
2529 3532 2633 3587 Sed
2673 3532 2778 3585 hoc
2822 3531 2923 3585 tibi
2959 3534 3158 3585 notum
3202 3529 3290 3595 sit,
3331 3528 3465 3600 quia
3498 3543 3603 3599 per

1964 3630 2019 3680 te
2046 3625 2278 3679 morior.
2310 3626 2432 3679 Vita
2469 3642 2594 3681 mea
2620 3642 2653 3678 a
2690 3629 2745 3679 te
2774 3625 2881 3679 erit
2909 3623 3248 3695 requirenda
3283 3640 3317 3676 a
3353 3637 3487 3693 rege
3512 3621 3599 3675 vel

1964 3734 1997 3771 a
2029 3718 2378 3788 parentibus.
2423 3719 2717 3774 Interdum
2756 3734 2875 3788 prae
2911 3718 3093 3771 calore
3140 3732 3244 3787 per
3280 3707 3595 3786 baptisterii

1963 3811 2352 3881 pavimentum
2388 3812 2694 3866 volutatur.
2732 3812 2938 3865 Orante
2975 3809 3137 3863 beato
3178 3808 3304 3861 Viro
3341 3807 3401 3862 in
3437 3822 3595 3877 sopo-

1964 3920 2087 3958 rem
2117 3904 2481 3971 convertitur,
2511 3908 2567 3958 et
2601 3901 3017 3973 aliquantulum
3052 3905 3179 3972 post
3203 3916 3468 3955 somnum
3498 3915 3598 3955 ex-

1965 3996 2184 4064 citatus,
2219 3996 2289 4050 ab
2318 3996 2440 4067 ipso
2471 3996 2532 4050 in
2568 4011 2798 4050 omnem
2824 3994 3273 4049 incolumitatem
3298 3993 3601 4065 languidus

1965 4089 2324 4143 reformatur.
2348 4089 2652 4160 Inquisitus
2678 4105 2711 4141 a
2731 4086 2999 4159 pontiﬁce
3018 4103 3121 4142 cur
3138 4091 3359 4142 tantum
3381 4086 3601 4141 locutus

1966 4180 2036 4235 sit
2058 4181 2129 4235 ad
2157 4180 2427 4251 injuriam
2446 4181 2767 4249 sacerdotis,
2799 4179 3091 4252 respondit
3110 4179 3295 4235 solum
3322 4179 3373 4233 ei
3395 4179 3602 4250 gratias

1966 4274 2234 4343 referens,
2264 4274 2408 4329 nihil
2439 4291 2496 4330 se
2527 4275 2596 4329 de
2636 4274 2752 4329 suis
2788 4274 2970 4329 verbis
3008 4273 3290 4328 recordari
3315 4272 3600 4327 confessus

1966 4371 2069 4422 est.

2037 4461 2189 4515 XXII.
2240 4460 2793 4515 Praecellentissimus
2856 4460 3246 4515 Childebertus
3298 4474 3399 4513 rex
3467 4473 3595 4512 cum

213 4558 397 4617 Quem
422 4553 590 4623 signo
618 4549 799 4604 crucis
816 4550 1091 4619 impresso
1117 4547 1341 4602 sanitati
1370 4547 1654 4602 redditum
1686 4545 1941 4623 vetuitD
1963 4570 2174 4624 equum
2224 4553 2603 4608 necessarium
2643 4554 2713 4608 ad
2752 4553 2948 4608 sellam
2985 4552 3136 4608 beati
3175 4552 3282 4605 viri
3334 4552 3599 4606 donasset

215 4664 287 4701 ne
312 4646 600 4717 acciperet
641 4643 758 4697 vini
798 4647 997 4713 potum
1024 4646 1121 4696 aut
1147 4640 1330 4695 carnis
1365 4640 1618 4695 edulium
1649 4640 1731 4710 (ο).
1760 4640 1868 4704 Qui
1966 4646 2291 4702 vehiculum
2320 4651 2484 4718 rogat
2510 4647 2628 4719 ipse
2669 4646 2768 4718 qui
2805 4646 3035 4701 dederat
3068 4650 3135 4699 ut
3169 4661 3302 4700 eum
3328 4644 3434 4699 sibi
3459 4643 3596 4699 reti-

216 4744 506 4811 praecepto
552 4736 861 4809 postposito
896 4736 965 4789 ad
994 4750 1254 4791 normam
1282 4733 1367 4787 sui
1392 4734 1642 4805 langoris
1677 4732 1868 4787 statim
1966 4744 2148 4808 neret,
2179 4756 2283 4795 nec
2319 4740 2586 4810 cuiquam
2623 4739 2916 4794 tribueret.
2959 4738 3191 4793 Interim
3238 4738 3438 4793 beatus
3491 4738 3596 4805 vir,

217 4834 487 4887 reductus
516 4836 621 4886 est.
657 4830 765 4885 Sed
788 4846 859 4883 ne
884 4827 1310 4899 praevaricantis
1338 4826 1689 4898 negligentia
1708 4826 1865 4896 justo

219 4927 585 4979 subtraheret
612 4922 872 4994 gloriam,
894 4920 951 4975 in
980 4920 1297 4992 Spedoteno
1325 4920 1398 4991 (ά)
1430 4919 1561 4974 villa
1588 4935 1781 4974 rursus
1811 4918 1865 4973 ei

218 5019 440 5073 oblatus
458 5023 564 5073 est.
583 5016 755 5088 Cujus
773 5015 895 5069 loca
909 5014 1272 5069 maxillarum
1289 5018 1480 5068 sancto
1496 5029 1677 5083 perun
1684 5028 1863 5084 guens

215 5114 362 5181 oleo,
396 5129 461 5166 ac
486 5110 669 5166 beatis
693 5109 955 5164 manibus
981 5112 1242 5162 mentum
1268 5106 1587 5177 astringens
1623 5110 1680 5161 et
1716 5106 1862 5161 labia

289 5264 362 5332 (a)
397 5264 478 5317 Ita
500 5279 641 5316 mss.
669 5261 864 5328 Codd.,
889 5260 987 5333 ubi
1005 5259 1314 5333 legendum
1340 5259 1564 5333 videtur
1590 5260 1860 5316 bracteum

210 5330 410 5401 seram,
443 5334 554 5387 hoc
579 5348 819 5386 aureum
843 5332 930 5386 vel
954 5330 1291 5401 argenteum
1321 5347 1334 5384 :
1364 5347 1499 5385 nam
1526 5330 1750 5394 bractea
1778 5336 1860 5385 est

212 5406 340 5459 auri
368 5405 459 5461 vel
488 5402 716 5474 argenti
747 5403 957 5457 lamina
975 5402 1251 5457 subtilior.
1280 5402 1382 5456 Cui
1406 5401 1857 5472 interpretationi

210 5480 361 5548 favet
386 5474 830 5548 quodgscquitur
849 5474 920 5548 de
949 5474 1238 5548 aurulenta
1263 5477 1473 5543 segete.

286 5547 356 5616 (ὁ)
384 5541 756 5602 Ηθιοάιιῑιῖιηι
786 5544 1025 5616 (Melan),
1053 5543 1123 5597 ad
1150 5541 1470 5616 Sequanam
1497 5541 1693 5616 decem
1727 5542 1850 5616 leu-

208 5620 290 5671 4-23
314 5613 493 5689 supra
536 5616 817 5689 Lutetiam
840 5614 1215 5689 Parisiorum.
1237 5613 1315 5668 'In
1351 5613 1688 5689 quibusdam
1726 5614 1850 5669 Mss.

209 5685 425 5759 legitur
450 5688 519 5743 de
546 5687 703 5759 domo
720 5686 986 5759 _Mv_3dardi
1008 5685 1425 5759 Meqlidunegisis
1452 5686 1706 5759 (amiare.

280 5755 344 5829 ξε)
369 5758 568 5815 Simile
598 5757 739 5829 quid
779 5756 848 5812 de
866 5761 1071 5829 sancto
1104 5756 1265 5811 Patre
1309 5755 1602 5812 Benedicto
1644 5756 1854 5828 legitur

208 5832 266 5884 in
432 5846 491 5884 ιι.
527 5826 649 5884 Dial
672 5844 833 5901 greg.
862 5826 1067 5899 Magni,
1096 5843 1219 5898 cap.
1258 5830 1337 5882 16.

1964 4833 2283 4903 postulante
2308 4833 2546 4903 captivo,
2577 4848 2789 4903 equum
2819 4832 2991 4885 donat
3015 4831 3075 4885 in
3098 4831 3300 4902 pretio,
3330 4831 3600 4902 quoniam

1963 4925 2115 4996 apud
2144 4925 2470 4996 pontiﬁcem
2500 4925 2626 4996 plus
2660 4924 2773 4982 fuit
2808 4924 3105 4996 quamilla
3132 4924 3282 4996 regis
3320 4941 3426 4979 vox
3455 4940 3597 4995 pau-

1962 5017 2132 5089 peris.
2164 5018 2330 5073 Jubet
2357 5017 2531 5088 igitur
2559 5023 2624 5073 ut
2645 5018 2970 5090 quindecim
2991 5035 3125 5074 eum
3142 5018 3493 5073 venundaret
3518 5033 3601 5071 so-

1962 5110 2130 5165 lidis:
2173 5126 2345 5184 quem
2386 5127 2604 5181 pauper
2637 5110 2758 5182 ipse
2796 5128 2928 5166 cum
2981 5112 3233 5181 duceret,
3279 5110 3603 5181 negotiator

2034 5262 2106 5333 (ἀ)
2149 5262 2258 5331 ΑΙ.,
2302 5260 2917 5334 SpedenototEspone),
2960 5263 3114 5318 vicus
3152 5279 3338 5334 prope
3363 5262 3596 5334 Medun-

1958 5332 2371 5387 tam’Castrum
2409 5332 2654 5402 (Mantes)
2696 5333 2889 5387 decem
2926 5334 3099 5388 leucis
3135 5332 3281 5387 infra
3322 5333 3598 5387 Lutetiam

1959 5403 2324 5473 Parisiorum,
2363 5419 2479 5458 non
2509 5404 2678 5476 longe
2704 5421 2737 5457 a
2762 5404 3081 5461 confluente
3118 5404 3363 5459 Mandrte
3402 5405 3460 5459 in
3498 5405 3598 5459 Se-

2001 5491 2202 5529 uanam
2216 5516 2228 5529 .
3541 5493 3553 5509 ’

1958 5492 2390 5671 ᾳυέῗῗῖῗέὲονίο
2429 5547 2636 5601 Turon.
2680 5546 2738 5599 In
2780 5545 2857 5600 lib
2901 5562 2976 5614 1v,
3031 5562 3153 5617 cap.
3203 5550 3257 5616 3,
3311 5493 3593 5602 Clotsinda

1958 5621 2203 5671 vocatur.
2274 5616 2458 5671 lotarii
2485 5616 2638 5671 regis
2662 5616 2797 5671 filia.
2827 5633 2954 5671 cum
2996 5616 3230 5671 Alboino
3269 5618 3592 5671 Langobar-

1954 5621 2203 5690 vocatur,
2232 5616 2458 5690 Clotarii
2485 5616 2638 5689 regis
2662 5616 2802 5690 filia,
2827 5633 2954 5690 qum
2996 5616 3234 5690 Alboino,
3269 5618 3592 5690 Langobar-

1955 5688 2158 5742 dorum
2205 5688 2327 5759 regi
2388 5685 2862 5759 posteamnupsit.‘
2912 5688 2991 5741 Ex
3052 5688 3159 5743 hoc
3223 5685 3345 5743 loco
3392 5685 3589 5759 'videas

1955 5774 2160 5830 regum
2191 5757 2535 5814 Francorum
2564 5757 2706 5830 ﬁlias
2729 5757 2796 5810 in
2824 5762 3060 5828 paterna
3088 5760 3255 5813 domo
3280 5761 3462 5813 adhuc
3490 5758 3583 5811 de-

1958 5826 2152 5901 gentes
2176 5830 2402 5901 reginas
2430 5826 2717 5900 appellari.
