4020 6232
563 318 630 394 '47
1492 350 1495 353 ν
1913 328 2190 392 MARTINI

2296 334 2582 393 J'MIENSIS
3869 342 3928 395 48

564 444 957 517 unusquisque
976 460 1189 515 secum,
1210 445 1341 501 utsi
1364 445 1586 502 vincere
1601 446 1724 517 jam
1743 462 1861 500 non
1877 449 2079 516 potest,
2107 442 2194 499 vel
2216 453 2275 526 Α
2295 442 2437 500 feret
2470 462 2528 502 se
2564 448 2849 503 contemni
2888 448 3205 520 cuicunque
3234 447 3389 503 venit
3421 447 3482 503 in
3518 452 3776 503 mentem
3810 446 3929 502 nul-

565 539 748 595 celare
776 537 1120 596 meminerit.
1149 538 1205 594 Si
1231 538 1415 594 exitus
1434 538 1516 595 illi
1534 556 1650 594 non
1670 539 1857 609 datur,
1885 538 2047 610 signa
2073 537 2195 608 ejus

564 631 729 687 obrui
755 635 1010 702 possunt,
1032 630 1163 687 licet
1179 648 1309 687 cum
1335 649 1543 704 magna
1566 632 1672 688 hoc
1698 632 1952 687 molestia
1979 632 2062 687 ﬁt.
2093 630 2197 686 Cu-

563 725 649 797 pit
673 724 828 780 enim
852 724 1074 780 exsilire
1099 724 1203 792 ira,
1233 731 1289 780 et
1312 725 1614 782 incendere
1652 726 1843 782 oculos
1880 724 2194 796 faciemque

563 822 818 888 mutare;
847 823 903 873 et
927 818 973 873 si
998 817 1294 890 paululum
1318 818 1403 874 illi
1428 824 1586 875 extra
1612 836 1714 875 nos
1742 818 2000 875 emittere
2028 817 2196 872 licue-

562 910 657 980 rit,
676 928 850 983 supra
868 928 969 966 nos
988 916 1073 967 est
1090 916 1155 967 ut
1170 913 1229 967 in
1245 912 1361 967 imo
1378 913 1623 985 pectoris
1642 929 1866 968 recessu
1885 910 2190 979 condatur;

560 1005 909 1077 feraturque,
937 1022 1048 1061 non
1076 1006 1240 1062 ferat.
1272 1008 1335 1061 In
1357 1006 1705 1061 contrarium
1728 1005 1918 1060 omnia
1944 1005 2065 1076 ejus
2088 1005 2192 1059 ﬂe-

562 1104 787 1154 ctantur
805 1098 1039 1169 judicia,
1068 1100 1255 1155 vultus
1292 1100 1633 1167 remittatur,
1673 1115 1782 1154 vox
1818 1098 2020 1169 lenior,
2061 1114 2191 1169 gra-

562 1191 778 1264 dusque
804 1192 875 1247 sit
900 1192 1140 1261 lentior;
1173 1196 1230 1247 et
1253 1191 1330 1247 ita
1354 1192 1630 1265 paulatim
1658 1208 1791 1247 cum
1820 1184 2195 1247 exterioribus

559 1284 831 1341 interiora
867 1286 1212 1341 formantur.
1258 1285 1457 1357 Sicque
1494 1286 1591 1341 fiet
1629 1291 1695 1340 ut
1729 1285 1776 1340 si
1808 1286 2010 1357 aliquis
2052 1284 2194 1338 iram

560 1382 720 1433 tuam
735 1378 1035 1451 intelligat,
1063 1383 1253 1432 tamen
1270 1378 1473 1434 sentiat
1488 1396 1676 1434 nemo.
1696 1379 1929 1433 Faciunt
1940 1395 2077 1451 ergo
2092 1394 2194 1433 nos

560 1470 964 1526 moderatiores
1003 1477 1291 1542 respectus
1327 1472 1526 1542 nostri,
1575 1473 1621 1527 si
1663 1471 2021 1528 consulamus
2058 1488 2191 1541 nos;

560 1578 697 1619 nam
717 1563 827 1619 tale
847 1563 1063 1635 aliquid
1088 1570 1143 1620 et
1165 1564 1273 1636 ipsi
1294 1565 1595 1638 aliquando
1618 1566 2025 1621 commisimus.
2054 1565 2193 1620 Nam

563 1656 609 1711 si
625 1657 703 1712 sic
729 1657 1059 1729 erravimus,
1076 1658 1376 1730 expeditne
1402 1659 1565 1714 nobis
1590 1660 1650 1715 in
1665 1660 1788 1714 aliis
1806 1659 1902 1714 illa
1926 1658 2193 1714 damnare

561 1765 689 1821 qua:
715 1749 967 1823 effugere
994 1751 1102 1823 ipsi
1126 1752 1487 1824 nequivimus
1503 1753 1531 1807 ?
1558 1753 1743 1809 Faciet
1765 1753 1938 1808 etiam
1966 1769 2067 1807 nos
2094 1752 2196 1806 mi-

560 1842 754 1914 tiores,
798 1843 845 1899 si
887 1844 1203 1917 cogitemus
1246 1845 1384 1917 quid
1422 1845 1587 1901 nobis
1628 1846 1721 1902 ille
1765 1845 1857 1901 cui
1897 1845 2194 1901 irascimur
2215 1818 2271 1891 B

560 1933 862 2008 aliquando
885 1938 1180 2010 profuerit,
1213 1944 1271 1995 et
1294 1939 1370 1994 sic
1397 1955 1644 2011 praesens
1670 1939 1883 1994 offensa
1907 1939 2192 2010 prioribus

560 2030 779 2086 meritis
816 2031 1148 2088 redimatur.
1177 2032 1318 2088 Illud
1348 2049 1575 2105 quoque
1607 2038 1883 2103 occurrat,
1913 2037 2191 2105 quantum

558 2122 722 2179 nobis
750 2125 1252 2181 commendationis
1286 2126 1523 2182 allatura
1562 2126 1633 2181 sit
1665 2126 1816 2182 fama
1855 2126 2187 2197 clementiae,

558 2233 733 2290 quam
758 2219 965 2275 multos
991 2218 1253 2275 inimicos
1276 2220 1438 2275 venia
1466 2220 1662 2276 fecerit
1684 2221 1872 2276 utiles.
1900 2220 2049 2275 Nihil
2078 2220 2191 2292 glo-

558 2311 745 2367 riosus
770 2328 944 2385 quam
968 2312 1111 2367 iram
1135 2312 1383 2367 amicitia
1411 2318 1782 2370 commutare.
1804 2314 2067 2369 Irascitur
2093 2314 2190 2369 ali-

558 2405 725 2476 quis?
752 2410 815 2460 tu
853 2410 1048 2461 contra
1084 2405 1370 2462 beneﬁciis
1397 2422 1663 2477 provoca.
1695 2406 1852 2463 Cadit
1887 2407 2077 2487 statim
2112 2407 2188 2462 si-

556 2496 765 2553 multas
804 2496 875 2553 ab
915 2498 1188 2554 alterutra
1227 2504 1389 2571 parte
1425 2500 1662 2570 deserta,
1704 2500 1813 2555 nisi
1865 2501 2022 2573 paria
2073 2518 2189 2556 non

557 2596 837 2663 pugnant.
864 2591 1023 2657 Quod
1050 2591 1096 2646 si
1120 2597 1430 2665 utrumque
1450 2593 1765 2665 certaverit,
1796 2592 1881 2649 ira
1904 2596 2191 2651 concurri-

557 2688 672 2740 tur.
689 2683 786 2741 Ille
806 2689 890 2740 est
908 2683 1136 2757 fortior,
1158 2686 1258 2758 qui
1276 2685 1434 2756 prior
1452 2687 1644 2743 retulit
1658 2686 1892 2759 pedem;
1911 2688 2088 2744 victus
2106 2694 2191 2744 est

556 2792 725 2850 sape,
748 2777 848 2850 qui
866 2777 1018 2834 vicit.
1039 2779 1316 2836 Percussit
1329 2781 1424 2836 te?
1443 2781 1671 2851 recede;
1694 2797 1829 2836 nam
1849 2781 2187 2853 referiendo,

556 2874 614 2927 et
651 2871 1005 2929 occasionem
1048 2871 1207 2929 dabis
1251 2873 1458 2945 sepius
1497 2873 1739 2931 feriendi
1775 2879 1834 2931 et
1871 2876 2186 2932 excusatio-

555 2978 733 3022 nem:
765 2970 1053 3038 postremo
1088 2982 1218 3022 cum
1263 2966 1505 3023 volueris
1544 2968 1772 3040 reverti,
1799 2984 1915 3025 non
1952 2969 2185 3041 poteris.

1176 3115 1393 3172 CAPUT
1435 3117 1570 3173 VIII.

686 3226 949 3294 Iniuriam
980 3226 1257 3281 vindicare
1291 3231 1369 3282 est
1392 3230 1587 3283 vitium
1613 3231 1748 3285 vitio
1772 3245 2057 3301 opponere.

627 3341 734 3406 Qui
784 3342 1046 3397 irascitur
1074 3342 1367 3413 injurianti
1404 3358 1482 3414 se,
1513 3344 1713 3401 vitium
1752 3346 1888 3402 vitio
1929 3347 2186 3419 Opponit.

556 3434 824 3507 Nunquid
851 3451 967 3491 non
985 3435 1231 3491 insanire
1250 3437 1491 3509 videtur,
1517 3438 1561 3493 si
1589 3440 1811 3495 mulum
1837 3440 2078 3495 calcibus
2096 3455 2190 3511 pe-

557 3533 659 3596 tat,
690 3533 789 3584 aut
815 3545 1013 3585 canem
1051 3545 1086 3583 a
1121 3544 1234 3602 quo
1273 3547 1496 3587 morsus
1530 3537 1615 3587 est
1655 3532 1947 3588 lancinet?
1976 3532 2189 3588 Eodem

556 3622 681 3679 loco
700 3627 804 3691 est,
823 3623 1080 3695 quisquis
1102 3624 1339 3679 concilio
1356 3629 1529 3681 caret.
1552 3626 1698 3691 Quid
1726 3627 1880 3681 enim
1900 3626 2092 3693 refert,
2117 3640 2190 3680 an

555 3716 668 3772 alia
702 3717 880 3772 multa
925 3716 1221 3773 dissimilia
1262 3718 1489 3789 habeat,
1531 3719 1580 3773 si
1625 3719 1733 3775 hoc
1775 3720 1955 3775 simile
1998 3718 2188 3789 habet,

557 3810 710 3882 quod
747 3811 904 3865 omni
943 3815 1172 3883 peccata
1216 3811 1431 3867 munda
1469 3811 1762 3868 defendit?
1799 3814 1876 3868 Eo
1924 3830 2028 3868 nos
2070 3812 2191 3868 loco

559 3904 982 3974 constituamus,
1022 3921 1135 3977 quo
1165 3905 1258 3960 ille
1291 3912 1374 3962 est
1413 3906 1506 3961 cui
1550 3905 1880 3962 irascemur.
1929 3906 2193 3983 Nostram

560 4011 679 4052 esse
701 4013 925 4053 causam
949 3998 1098 4054 illius
1123 4000 1463 4071 afﬁngamus
1486 4019 1500 4055 :
1534 4016 1671 4054 nam
1697 3999 1829 4054 fecit
1854 4017 1956 4055 nos
1975 4000 2193 4055 iracun-

561 4089 663 4146 dos
686 4090 885 4163 iniqua
911 4098 1103 4148 nostra
1141 4093 1437 4149 aestimatio
1454 4111 1471 4161 ;
1503 4093 1636 4164 quia
1673 4109 1737 4146 ea
1778 4109 1905 4164 qua:
1934 4092 2194 4148 volumus

561 4182 763 4254 facere,
786 4186 1050 4240 nolumus
1063 4186 1201 4257 pati.
1224 4186 1501 4241 Memento
1518 4185 1689 4239 etiam
1710 4185 1842 4256 quia
1857 4186 2196 4242 sanctissimi

561 4276 773 4350 quique
814 4279 920 4334 viri
960 4279 1140 4334 multa
1172 4278 1551 4349 delinquunt:
1582 4278 1733 4349 quod
1763 4278 1811 4332 si
1848 4278 2019 4334 etiam
2052 4296 2191 4351 pru-

562 4369 877 4428 dentissimi
892 4371 997 4427 viri
1012 4377 1265 4443 peccant,
1285 4371 1446 4442 cujus
1472 4387 1630 4426 error
1642 4386 1869 4426 causam
1886 4389 2001 4428 non
2025 4373 2197 4430 habet

563 4464 931 4537 ignoscendi?
955 4465 1132 4520 Nemo
1159 4470 1245 4519 est
1278 4468 1395 4517 tam
1431 4463 1668 4519 timidus
1701 4463 2063 4538 offensarum,
2096 4467 2197 4540 qui

560 4572 678 4616 non
715 4559 837 4614 illas
865 4558 1005 4614 dum
1028 4556 1186 4622 vitat,
1212 4554 1491 4611 admittat.
1519 4557 1785 4630 Equiore
1814 4559 1968 4617 enim
2005 4561 2196 4617 animo

2207 3184 2263 3259 C

2293 537 2409 592 lam
2434 556 2553 595 esse
2577 545 2791 596 tantam
2826 541 3140 613 potentiam
3173 542 3233 596 in
3261 558 3374 613 qua
3414 557 3531 596 non
3555 541 3816 595 incurrat
3845 541 3928 594 in-
3994 548 3995 613 j

2287 631 2461 703 juria.
2492 634 2698 688 Demus
2723 634 2971 706 spatium
3006 635 3280 706 peccanti,
3320 651 3433 706 quo
3464 634 3638 705 possit
3679 633 3931 689 conside-

2295 741 2419 780 rare
2459 726 2599 798 quid
2634 727 2849 796 fecerit,
2881 732 2938 783 et
2976 729 3098 800 ipse
3138 746 3195 783 se
3230 727 3546 799 castigabit.
3575 726 3723 791 Quid
3764 743 3927 798 ergo.

2293 818 2501 890 inquis,
2524 820 2759 892 impune
2784 820 2877 877 ille
2904 822 3048 877 erit?
3074 824 3216 877 Puta
3229 821 3369 876 velle
3390 826 3471 890 te;
3495 836 3628 875 nam
3655 836 3777 874 non
3798 820 3926 874 erit.
3994 820 3995 823 “

2294 912 2432 976 Quia
2451 929 2567 967 non
2591 914 2775 985 magis
2801 914 3025 985 gravius
3050 915 3330 969 addicitur
3360 930 3535 985 quam
3564 913 3664 985 qui
3688 913 3762 967 ad
3794 929 3927 983 sup-

2292 1005 2524 1075 plicium
2550 1006 2895 1076 pauitantia:
2920 1008 3107 1063 datur.
3134 1006 3570 1078 Respiciendum
3606 1011 3691 1060 est
3724 1004 3930 1060 deinde

2297 1099 2368 1152 ad
2396 1099 2774 1158 conditionem
2799 1117 2995 1155 rerum
3022 1101 3426 1169 humanarum,
3455 1105 3519 1155 ut
3545 1099 3810 1154 omnium
3841 1114 3929 1152 ac-

2297 1192 2607 1247 cidentium
2638 1194 2787 1266 aequi
2817 1193 3038 1265 judices
3076 1194 3273 1249 simus.
3321 1193 3554 1264 Iniquus
3607 1198 3690 1247 est
3735 1196 3931 1247 autem

2292 1286 2393 1357 qui
2437 1302 2738 1342 commune
2782 1288 2983 1341 vitium
3032 1287 3271 1359 singulis
3320 1286 3533 1357 objicit.
3582 1286 3795 1342 Omnes
3850 1286 3929 1339 in-

2293 1379 2535 1434 consulti
2562 1384 2731 1452 atque
2758 1379 3059 1451 improvidi
3089 1396 3318 1449 sumus;
3345 1396 3543 1435 omnes
3563 1378 3769 1434 incerti
3796 1394 3931 1450 quev

2293 1472 2422 1541 ruli,
2451 1472 2757 1529 ambitiosi.
2786 1473 2933 1538 Quid
2955 1473 3259 1530 levioribus
3283 1472 3466 1528 verbis
3482 1472 3776 1544 publicum
3806 1488 3927 1526 ma-

2294 1567 2416 1623 lum
2440 1566 2758 1622 abscondo?
2785 1566 2993 1623 Omnes
3021 1567 3160 1622 mali
3185 1583 3401 1621 sumus.
3425 1564 3711 1637 Quidquid
3735 1565 3798 1619 in
3822 1563 3930 1618 alio

2296 1660 2763 1732 deprehenditur,
2790 1660 2850 1715 id
2879 1660 3271 1733 unusquisque
3296 1659 3357 1715 in
3381 1659 3511 1714 sinu
3534 1674 3635 1714 suo
3655 1657 3927 1713 inveniet.

2295 1753 2422 1810 Mali
2448 1752 2689 1808 vivimus
2716 1753 2866 1810 inter
2903 1754 3101 1809 malos.

2937 1897 3154 1953 CAPUT
3196 1897 3280 1953 IX.

2783 2009 2994 2067 Alienis
3043 2012 3141 2065 ira
3189 2009 3421 2065 curatio.

2361 2129 2519 2184 Nunc
2536 2128 2659 2201 jam
2683 2130 2852 2185 tertio
2877 2130 2939 2185 in
2965 2130 3088 2185 loco
3113 2129 3403 2184 videamus
3430 2144 3544 2200 quo
3579 2127 3748 2182 modo
3789 2125 3929 2179 alie-

2289 2238 2423 2276 nam
2449 2222 2593 2277 iram
2617 2222 2917 2277 leniamus.
2944 2224 3055 2278 Nec
3084 2222 3238 2289 enim
3272 2221 3391 2275 sani
3429 2225 3654 2276 tantum
3680 2235 3804 2275 esse
3843 2234 3932 2272 ve-

2288 2314 2477 2383 limus,
2512 2315 2608 2370 sed
2638 2331 2857 2371 sanare.
2886 2315 3137 2371 Primam
3178 2331 3315 2385 ergo
3357 2314 3505 2369 iram
3542 2312 3775 2368 alterius
3814 2326 3932 2367 non

2288 2408 2625 2463 audebimus
2656 2414 2847 2464 nostra
2879 2409 3097 2463 ratione
3137 2408 3407 2477 mulcere,
3442 2406 3613 2462 surda
3652 2410 3737 2460 est
3777 2406 3934 2460 enim

2290 2506 2347 2556 et
2369 2517 2565 2556 amens
2594 2519 2608 2556 :
2642 2501 2901 2557 dabimus
2930 2502 3012 2556 illi
3042 2502 3322 2573 spatium;
3352 2517 3485 2555 nam
3511 2498 3765 2555 remedia
3804 2513 3930 2553 me-
3994 2506 3995 2525 ³

2289 2595 2546 2649 dicorum
2583 2611 2697 2649 non
2738 2595 2799 2650 in
2830 2595 3145 2650 accessibus
3169 2595 3565 2649 inﬁrmitatum
3585 2636 3599 2662 ,
3639 2592 3737 2647 sed
3762 2592 3828 2647 in
3853 2607 3937 2646 re-
3994 2646 3995 2651 η

2286 2688 2648 2743 missionibus
2690 2693 2947 2760 prosunt.
2986 2688 3146 2754 Quod
3174 2688 3220 2743 si
3246 2692 3531 2744 tumentes
3570 2684 3763 2741 oculos
3803 2684 3934 2757 quis
3994 2676 3995 2727 l

2287 2786 2471 2837 tentet
2513 2782 2813 2854 inungere,
2853 2786 3081 2838 recente
3124 2781 3181 2836 vi
3228 2781 3412 2852 magis
3454 2780 3648 2834 incitat
3684 2793 3935 2833 commo-

2289 2874 2488 2930 venda.
2516 2875 2749 2946 Sapiens
2775 2876 2985 2930 furenti
3010 2874 3193 2929 amico
3226 2873 3417 2928 omnia
3451 2871 3682 2926 ultionis
3719 2871 3936 2926 instru-
3994 2871 3995 2943 Ὺ

2289 2972 2482 3023 menta
2521 2968 2792 3023 occultius
2828 2966 3161 3036 removebit,
3190 2966 3424 3037 ipseque
3466 2963 3824 3020 iracundiam
3866 2965 3935 3019 si-
3994 2954 3995 2961 “

2288 3062 2530 3117 mulabit
2564 3066 2629 3116 ut
2663 3065 2934 3132 tanquam
2973 3060 3195 3115 auditor
3224 3058 3430 3114 doloris
3467 3062 3524 3112 et
3559 3073 3768 3127 comes,
3804 3057 3934 3129 plus

2286 3154 2634 3211 auctoritatis
2682 3154 2741 3209 in
2780 3153 3024 3208 consiliis
3072 3152 3295 3221 habeat,
3342 3167 3529 3206 moras
3577 3154 3769 3205 nectet
3819 3169 3835 3205 :
3881 3154 3935 3204 et

2288 3249 2425 3304 dum
2461 3248 2737 3319 majorem
2775 3262 3003 3318 poenam
3040 3249 3278 3317 quaerat,
3306 3248 3647 3316 prmsentem
3696 3244 3931 3299 interim

2287 3341 2527 3411 differet,
2556 3345 2614 3395 et
2641 3339 2799 3395 omni
2825 3344 2945 3394 arte
2972 3339 3154 3394 furori
3195 3337 3456 3410 requiem
3492 3336 3664 3392 dabit.
3692 3337 3861 3400 Quod
3888 3337 3932 3391 si

2287 3439 2351 3490 tu
2379 3434 2663 3506 potentior
2690 3450 2766 3503 es,
2796 3438 2895 3487 aut
2926 3432 3207 3503 pudorem
3241 3430 3323 3486 illi
3360 3431 3453 3485 cui
3478 3430 3533 3485 vi
3570 3430 3803 3500 resistis,
3835 3434 3935 3485 aut

2289 3533 2508 3583 metum
2538 3526 2797 3582 incuties.
2840 3525 3017 3581 Alteri
3052 3524 3204 3580 dices
3246 3541 3259 3580 :
3302 3524 3608 3596 Indignum
3642 3524 3837 3593 nimis,
3880 3529 3933 3578 et

2288 3638 2405 3678 non
2430 3620 2655 3677 invenio
2683 3618 2909 3675 dolendi
2944 3618 3216 3688 modum;
3246 3619 3345 3674 sed
3382 3616 3803 3690 expectandum
3849 3622 3933 3673 est

2289 3722 2516 3787 tempus
2546 3730 2560 3768 :
2591 3713 2744 3769 dabit
2766 3729 2979 3785 pcenas.
3006 3713 3175 3768 Serva
3201 3712 3351 3768 istud
3378 3710 3569 3765 animo
3594 3716 3712 3778 tuo,
3743 3714 3799 3765 et
3828 3725 3932 3783 pro

2292 3824 2469 3877 mora,
2512 3823 2644 3863 cum
2683 3806 2916 3879 poteris,
2958 3806 3181 3862 reddes.
3221 3804 3396 3861 Alteri
3438 3804 3588 3860 dices
3634 3802 3816 3859 :Vide
3859 3819 3932 3858 ne

2292 3901 2587 3957 iracundia
2625 3905 2725 3956 tua
2749 3900 3021 3974 voluptati
3048 3900 3121 3955 sit
3147 3898 3410 3955 inimicis.
3440 3898 3618 3954 Alteri
3648 3914 3661 3952 :
3692 3896 3831 3951 Vide
3861 3911 3932 3951 ne

2293 3996 2628 4069 magnitudo
2663 3994 2839 4049 animi
2875 3994 2982 4061 tui,
3025 3998 3083 4048 et
3118 3992 3397 4048 creditum
3433 3991 3585 4063 apud
3629 3989 3932 4062 plerosque

2293 4090 2513 4145 decidat
2540 4088 2732 4144 robur.
2765 4089 2843 4142 Ita
2868 4087 3023 4142 enim
3056 4085 3360 4141 abscondet
3384 4089 3442 4141 et
3465 4084 3718 4139 medicus
3741 4082 3925 4137 ferra-

2293 4189 2573 4252 mentum,
2602 4187 2658 4237 et
2684 4196 2838 4252 aeger
2861 4180 3135 4245 dolorem,
3162 4178 3301 4233 dum
3322 4182 3528 4249 sperat,
3550 4176 3697 4232 feret
3731 4173 3929 4248 [Edit.,

2292 4275 2487 4350 ferat];
2518 4291 2652 4331 nam
2681 4272 2943 4345 quaedam
2966 4289 3084 4327 non
3111 4271 3219 4325 nisi
3245 4271 3479 4341 decepta
3513 4273 3806 4324 sanantur.
3836 4271 3932 4326 Ca-

2293 4374 2501 4444 stigare
2528 4373 2721 4425 autem
2754 4367 3113 4436 irascentem,
3151 4369 3209 4421 et
3244 4364 3398 4420 ultro
3437 4362 3622 4434 irasci,
3653 4363 3931 4436 castigare

2294 4472 2397 4523 est.
2426 4467 2618 4536 Itaque
2642 4460 2797 4517 vario
2828 4458 2997 4515 modo
3025 4459 3111 4515 ira
3138 4458 3388 4514 sananda
3413 4462 3515 4514 est.

561 4704 3888 4739 ww

1632 4862 2114 4969 OPUSC
2142 4866 2310 4969 UL
2339 4864 2546 4967 UM
2649 4856 2884 4962 VII.

1702 5030 1945 5151 DE
2039 5031 2823 5154 PASGHA.

638 5206 679 5266 I.
707 5207 965 5282 Plerique
990 5211 1326 5283 mysterium
1352 5213 1576 5272 Pascha
1596 5233 1861 5275 enarrare
1890 5219 2195 5275 voluerunt
2211 5232 2271 5306 D
2293 5215 2628 5275 memoratio
2676 5218 2899 5286 agatur»
2934 5216 2999 5267 ut
3036 5225 3219 5266 “1mm
3255 5204 3701 5306 εποίνθτῖθξξξλω
3730 5196 3931 5306 Paw

566 5322 634 5363 ex
674 5303 889 5360 ratione
927 5307 1341 5378 supputationis
1365 5307 1427 5363 in
1455 5325 1673 5380 mense,
1702 5315 1759 5366 et
1784 5311 1943 5379 luna,
1977 5318 2033 5368 et
2057 5312 2147 5369 die
2178 5330 2192 5368 :

567 5399 686 5471 sed,
716 5398 834 5453 sive
871 5399 1139 5471 scientiae,
1167 5401 1282 5457 sive
1322 5403 1598 5458 sermonis
1639 5403 2113 5476 impossibilitate,
2141 5406 2200 5462 id

567 5493 919 5566 reliquerunt
959 5493 1271 5562 obscurius,
1320 5495 1480 5566 quasi
1528 5496 1695 5551 nihil.
1725 5497 1856 5554 inde
1902 5498 2197 5555 dixissent.

566 5587 689 5646 Scio
728 5587 883 5644 enim
931 5587 1141 5644 multos
1182 5587 1565 5660 scrupulosius
1604 5589 1957 5664 interrogare
2010 5593 2200 5649 solitos

566 5699 740 5757 quare
768 5681 1081 5738 secundum
1109 5697 1330 5738 morem
1355 5680 1681 5739 Iudaeorum
1703 5684 1774 5742 ad
1794 5684 1946 5741 luna:
1971 5702 2201 5759 compu-

566 5762 836 5831 tationem
863 5774 1096 5830 diversis
1126 5774 1428 5845 generibus
1462 5775 1673 5832 Pascha
1699 5778 2075 5851 celebremus,
2109 5779 2197 5835 di-

568 5876 755 5926 centes
783 5869 987 5926 rectius
1014 5869 1119 5924 sibi
1143 5869 1324 5926 videri
1352 5869 1397 5924 si
1427 5869 1723 5928 dominicae
1748 5872 2021 5945 passionis
2041 5889 2194 5930 com-

2301 5312 2453 5368 diem
2482 5309 2866 5373 observemus,
2896 5303 3060 5360 sicuti
3091 5319 3126 5358 a
3158 5302 3447 5375 plerisque
3480 5297 3773 5355 Gallicanis
3812 5297 3926 5369 epi-

2300 5404 2481 5476 scopis
2516 5418 2695 5475 usque
2732 5404 2863 5455 ante
2904 5414 3022 5454 non
3058 5396 3304 5453 multum
3336 5400 3561 5465 tempus
3595 5390 3930 5447 custoditum

2299 5502 2402 5568 est,
2430 5501 2498 5553 ut
2525 5509 2750 5567 semper
2777 5508 2874 5547 vm
2899 5492 3017 5549 Kal.
3045 5489 3225 5563 April.
3251 5489 3402 5545 diem
3427 5484 3654 5542 Pascha:
3698 5482 3931 5539 celebra-

2300 5596 2447 5661 rent,
2479 5590 2541 5646 in
2578 5604 2691 5662 quo
2730 5588 2877 5645 facta
2912 5584 3117 5643 Christi
3152 5580 3488 5639 resurrectio
3520 5570 3783 5635 traditur.
3819 5574 3931 5632 Pla-

2299 5685 2417 5741 cuit
2456 5690 2649 5741 autem
2692 5682 2855 5754 mihi,
2898 5676 3211 5753 inquirenti
3253 5676 3474 5732 curiose
3516 5671 3655 5747 quid
3693 5666 3930 5742 majores

2296 5778 2473 5836 nostri
2500 5777 2907 5853 secutiessent,
2934 5776 3127 5846 aperte
3163 5784 3468 5842 exponere.

2374 5873 2436 5930 ll.
2471 5870 2657 5926 Passio
2692 5867 2899 5928 Christi
2936 5864 3254 5937 redemptio
3282 5868 3368 5920 est
3400 5866 3698 5931 creatum,
3730 5857 3799 5915 de
3822 5871 3929 5933 aqu
