4020 6232
229 351 295 419 i9

1424 359 1818 420 OPUSCULUM
1859 360 1967 418 VII.
2009 359 2095 417 DE
2133 359 2407 418 PASCIIA.

3535 357 3601 417 50

225 468 536 544 Apostolus
566 467 647 525 ait
679 468 835 543 quod
873 472 1119 540 subjecta
1149 473 1322 540 fuerit
1353 475 1605 528 servituti
1631 487 1740 527 non
1765 487 1867 528 sua
1887 497 1946 571 Α
1968 469 2112 525 xisse
2139 470 2295 524 enim
2321 468 2568 524 traditur
2599 469 2876 552 Dominus
2897 483 2973 524 vu
2995 468 3119 524 Kal.
3142 468 3278 542 Apr.
3302 465 3601 529 Dominica

225 567 437 635 sponte,
466 563 566 620 sed
582 568 810 635 propter
832 579 953 619 eum
980 566 1078 635 qui
1100 580 1217 620 eam
1243 565 1474 634 subjecit
1497 567 1556 619 in
1581 580 1712 636 spe:
1735 566 1866 636 quia
1887 563 1946 571 ’“
1967 565 2080 620 die.
2115 565 2326 630 Quinta
2369 563 2514 620 feria
2558 567 2752 621 autem
2795 564 3181 638 pracedente,
3211 565 3429 623 Pascha
3467 583 3599 626 cum

225 657 350 728 ipsa
380 657 707 712 liberabitur
732 674 766 711 a
792 660 1050 712 servitute
1074 660 1350 720 interitus,
1379 675 1498 713 cum
1530 659 1777 712 libertate
1799 662 1862 728 ﬁ-

226 751 428 804 liorum
454 751 555 805 Dei
569 750 737 821 (Rom.
757 766 878 816 vm,
898 753 988 818 20,
1008 753 1067 806 2t
1081 750 1117 822 ).
1139 752 1268 807 Hac
1288 754 1554 806 creatura
1583 754 1670 805 est
1701 750 1865 822 spiri-

225 847 317 898 tus
340 843 494 911 vita,
529 842 667 915 qui'
694 843 909 899 creavit
943 844 1142 899 omnia
1179 848 1426 901 terrena
1456 847 1864 915 corporatura,

223 936 521 1007 subjectus
554 936 613 991 in
651 953 780 992 eam
819 953 1000 1009 spem,
1049 941 1112 992 ut
1146 937 1217 992 de
1257 939 1596 1008 corruptela
1632 937 1865 992 interitu

222 1045 358 1084 cum
386 1029 654 1085 libertate
684 1029 934 1085 ﬁliorum
958 1030 1155 1102 gloria
1183 1031 1459 1086 liberetur
1482 1047 1496 1086 :
1521 1046 1646 1102 qua
1670 1030 1866 1102 utique

225 1121 287 1178 in
338 1122 516 1178 hodie
565 1123 826 1194 subjecta
873 1127 960 1178 est
1005 1124 1283 1191 servituti,
1324 1124 1383 1179 in
1429 1124 1584 1195 quob
1618 1123 1868 1178 mundus

225 1214 470 1270 eﬂ‘ectus
503 1219 610 1282 est,
635 1233 810 1288 quam
837 1215 1093 1272 Christus
1119 1217 1364 1272 liberare
1388 1216 1655 1284 venisset,
1679 1220 1737 1270 et
1757 1233 1870 1272 ser-

223 1309 398 1375 vavit,
428 1311 493 1364 ut
517 1309 576 1363 in
619 1326 688 1364 eo
727 1313 989 1382 tempore
1023 1313 1338 1382 pateretur,
1371 1309 1428 1364 in
1458 1327 1572 1382 quo
1604 1314 1869 1366 creatura

223 1401 490 1473 subjecta
517 1403 627 1457 erit
649 1403 764 1474 [An
787 1403 994 1473 erat?];
1019 1407 1080 1457 ut
1099 1401 1197 1474 qui
1221 1403 1342 1458 dies
1362 1403 1455 1458 ille
1481 1403 1718 1458 tristitia
1750 1404 1868 1458 fue-

220 1498 335 1562 rat,
363 1495 490 1566 jam
519 1495 732 1550 latitia
761 1495 1122 1551 redderetur.
1148 1496 1433 1561 Quoniam
1454 1513 1589 1551 vero
1612 1496 1746 1567 agni
1768 1497 1869 1551 hu-

214 1588 315 1662 jus
335 1592 703 1643 sacramenta
723 1591 885 1644 tanta
905 1591 1116 1657 essent,
1142 1591 1204 1644 ut
1222 1589 1476 1644 veritatis
1496 1589 1672 1661 ipsius
1691 1591 1867 1645 etiam

223 1681 436 1737 umbra
467 1682 777 1754 proﬁceret
803 1682 877 1737 ad
903 1683 1148 1737 salutem
1174 1682 1480 1751 liberandi,
1503 1683 1647 1737 sicut
1664 1683 1735 1738 de
1757 1683 1863 1751 his,

222 1774 300 1830 de
330 1775 604 1830 servitute
629 1775 965 1842 Pharaonis,
999 1775 1161 1848 quasi
1181 1776 1305 1847 jam
1332 1777 1566 1831 libertas
1590 1780 1866 1832 creatura

1967 657 2256 730 discipulis
2305 657 2622 713 comedisse
2671 675 2686 714 :
2732 658 2887 731 quod
2936 657 3045 714 fuit
3085 674 3142 714 xi
3187 658 3310 714 Kal.
3354 660 3596 732 Apriles.

1967 751 2273 806 Rationem
2319 751 2471 805 hanc
2521 751 2797 823 temporis
2837 752 3009 823 hujus
3054 751 3402 821 habuerunt,
3444 755 3599 827 quod

1967 847 2230 898 creatura
2256 860 2431 915 quam
2463 844 2736 898 liberarat
2756 844 2812 898 in
2836 845 3116 917 sanguine
3139 861 3261 910 suo,
3287 844 3343 900 in
3368 862 3436 902 eo
3459 850 3601 904 tem-

1968 955 2107 1011 pore
2146 938 2400 992 servituti
2444 938 2634 992 fuerat
2675 940 2948 1010 subjecta.
2987 939 3355 995 Probandum
3405 942 3601 1016 itaque

1969 1031 2134 1086 nobis
2155 1034 2258 1098 est,
2278 1030 2336 1084 in
2357 1031 2466 1085 hoc
2486 1033 2748 1102 tempore
2770 1032 2970 1086 mundi
2993 1032 3219 1088 initium
3241 1035 3600 1094 constituisse

1969 1125 2165 1196 [Forte,
2180 1123 2542 1196 constitisse].
2561 1125 2862 1179 lnchoasse
2875 1126 3157 1181 mundum
3172 1127 3321 1182 veris
3337 1131 3600 1204 tempore

1969 1217 2202 1273 Genesis
2219 1217 2405 1272 docet.
2427 1218 2568 1273 Cum
2590 1217 2841 1289 primum
2860 1222 3166 1289 appareret
3182 1221 3405 1276 aridam
3423 1238 3598 1294 quam

1967 1309 2187 1366 vocavit
2203 1311 2352 1364 Deus
2361 1322 2402 1377 ε,
2419 1309 2634 1364 dictum
2661 1313 2774 1364 est:
2793 1309 3065 1365 Germinet
3085 1317 3230 1366 terra
3246 1329 3400 1368 omne
3410 1317 3600 1382 fenum

1967 1419 2120 1458 omne
2137 1403 2427 1473 pabulum,
2459 1408 2510 1457 et
2533 1419 2686 1458 omne
2714 1403 2890 1457 viride
2915 1404 3052 1470 ligni
3077 1405 3224 1473 quod
3250 1407 3398 1472 ferat
3421 1422 3598 1463 semen

1967 1496 2264 1551 secundum
2287 1511 2456 1564 genus
2482 1511 2641 1550 suum
2662 1494 2814 1566 (Gen.
2836 1511 2874 1562 ι,
2902 1494 3008 1566 ll).
3028 1497 3089 1550 ln
3127 1512 3240 1568 quo
3272 1497 3598 1568 germinare

1970 1587 2166 1643 omnia
2200 1587 2492 1654 videmus;
2524 1591 2696 1660 atque
2738 1587 2818 1642 ita
2857 1588 2915 1642 in
2965 1604 3034 1643 eo
3085 1605 3208 1644 esse
3257 1589 3600 1664 principium

1969 1681 2191 1747 mundi,
2227 1698 2343 1735 non
2380 1681 2729 1736 dubitamus.
2760 1681 2874 1736 Sed
2908 1697 3038 1736 cum
3078 1684 3194 1736 tres
3221 1699 3450 1738 menses
3472 1701 3598 1740 ver-

1970 1791 2109 1829 num
2146 1777 2372 1846 tempus
2405 1775 2638 1841 habeat,
2667 1775 2875 1830 horum
2915 1774 3087 1830 trium
3117 1775 3343 1830 medius
3369 1779 3474 1843 est,
3503 1778 3601 1850 qui

224 1867 300 1922 de
331 1867 604 1922 servitute
635 1869 974 1941 corruptela
1005 1869 1371 1940 figurarctur.
1406 1870 1626 1941 Figura
1657 1869 1869 1941 passio-
1889 1865 1944 1938 B
1969 1867 2195 1922 initium
2226 1867 2446 1922 mundo
2468 1867 2645 1922 dedit.
2664 1869 2778 1923 Nec
2798 1868 2982 1923 solum
3005 1868 3218 1922 mensis
3238 1869 3481 1938 medius,
3500 1871 3602 1926 sed

226 1961 318 2017 nis
352 1960 562 2016 Christi
598 1961 793 2032 imago
828 1961 887 2016 in
923 1961 1234 2018 adventum
1261 1963 1458 2018 salutis
1481 1966 1720 2036 operata
1745 1966 1863 2030 est;

226 2057 286 2108 et
314 2053 450 2108 ideo
478 2053 697 2108 dictum
733 2057 821 2108 est
853 2071 887 2109 a
928 2055 1068 2123 Deo,
1104 2059 1167 2110 ut
1197 2055 1253 2110 in
1289 2055 1474 2126 primo
1499 2072 1699 2110 mense
1729 2055 1866 2110 anni

225 2149 436 2218 quarta
467 2146 695 2202 decima
721 2148 859 2203 luna
883 2165 1068 2220 agnus
1099 2148 1520 2214 immaculatus,
1545 2149 1863 2217 anniculus,

223 2239 651 2307 immolaretur,
679 2241 752 2295 de
794 2241 955 2313 cujus
985 2241 1268 2312 sanguine
1308 2241 1513 2296 domos
1538 2258 1668 2296 suas
1694 2258 1868 2314 super

224 2333 428 2388 limina
455 2332 852 2405 obsignarent,
880 2351 951 2390 ne
981 2352 1016 2389 a
1036 2338 1321 2394 vastatore
1349 2336 1558 2407 angelo
1584 2337 1868 2390 terreren-

225 2431 351 2492 tur;
377 2429 553 2498 atque
587 2427 645 2481 in
679 2427 802 2499 ipsa
834 2427 1030 2495 domo,
1053 2431 1310 2483 comesto
1331 2445 1436 2500 per
1461 2428 1664 2483 domos
1689 2445 1862 2500 agno,

225 2519 382 2591 quod
404 2523 493 2574 est
511 2521 740 2575 Pascha
762 2521 1094 2587 celebratio,
1119 2521 1522 2576 liberationem
1545 2537 1648 2593 per
1666 2522 1864 2593 fugam

223 2611 515 2667 servitutis
536 2612 883 2684 acciperent.
906 2615 1030 2668 Non
1053 2613 1296 2669 obscura
1316 2617 1403 2668 est
1421 2614 1626 2685 figura,
1648 2630 1864 2686 agnum

222 2706 664 2760 immaculatum
691 2723 814 2761 esse
840 2706 1128 2762 Christum
1153 2724 1166 2762 :
1191 2707 1360 2779 hujus
1381 2707 1862 2775 immolationem,

221 2798 297 2852 ad
351 2799 689 2854 servitutem
744 2800 923 2854 nostri
980 2800 1246 2855 interitus
1295 2799 1678 2856 liberandam.
1720 2802 1862 2856 Nam

220 2891 391 2964 signo
417 2891 604 2947 crucis
631 2892 754 2963 ejus
774 2893 937 2964 quasi
958 2894 1256 2964 sanguinis
1277 2894 1609 2966 aspersione
1630 2894 1861 2965 signati,

221 3001 406 3057 usque
448 2979 524 3040 ad
562 2987 1126 3042 consummationem
1164 2987 1391 3054 mundi,
1421 3005 1454 3041 a
1483 2987 1865 3042 vastatoribus

220 3078 449 3150 angelis
511 3079 950 3134 vindicabimur.
1012 3081 1128 3134 Hoc
1184 3079 1437 3134 breviter
1499 3083 1557 3134 et
1623 3080 1864 3136 strictim

222 3171 432 3228 dixisse
477 3172 743 3239 sufﬁciat,
791 3176 854 3227 ut
889 3173 947 3227 id
990 3173 1147 3244 quod
1197 3189 1458 3245 quarere
1504 3174 1864 3246 propositum

223 3268 329 3332 est,
363 3265 658 3320 rationem
692 3265 1130 3333 observationis,
1159 3270 1218 3320 et
1248 3267 1500 3334 Pascha,
1533 3270 1592 3321 et
1626 3267 1860 3333 mensis,

224 3360 282 3412 et
297 3358 474 3425 luna,
493 3362 550 3412 et
567 3357 699 3426 diei,
717 3359 839 3414 sine
861 3359 1127 3414 molestia
1141 3360 1487 3432 multiloquii
1515 3359 1860 3431 aperiamus.

293 3453 386 3507 ιιι.
419 3451 736 3516 Quaesitum
776 3456 863 3507 est
900 3469 1042 3524 ergo
1080 3469 1114 3508 a
1149 3453 1466 3524 majoribus
1504 3452 1733 3520 nostris,
1774 3469 1861 3507 se-

225 3545 480 3599 cundum
513 3545 572 3600 id
609 3545 764 3616 quod
797 3545 1074 3618 scriptum
1117 3549 1260 3613 erat,
1290 3546 1417 3618 quis
1459 3549 1610 3602 esset
1645 3545 1866 3618 primus

227 3637 370 3704 dies,
405 3641 463 3692 et
503 3638 563 3692 in
611 3655 724 3710 quo
765 3638 857 3693 die
889 3639 1114 3693 decima
1141 3641 1347 3710 quarta
1373 3640 1509 3694 luna
1539 3639 1867 3694 efﬁceretur

226 3730 444 3785 Pascha
478 3729 777 3785 celebrari.
813 3733 875 3785 In
914 3731 1011 3786 illo
1055 3731 1211 3786 enim
1244 3735 1507 3804 tempore
1543 3731 1601 3786 in
1628 3748 1742 3803 quo
1766 3733 1864 3786 Ju-

227 3821 366 3877 dais
409 3824 563 3878 facta
609 3823 844 3878 traditio
893 3827 1000 3891 est,
1048 3824 1296 3879 necdum
1340 3825 1556 3880 mensis
1595 3825 1668 3880 ad
1712 3825 1864 3879 luna

225 3930 458 3970 cursum
488 3915 907 3986 signiﬁcatione
939 3916 1243 3972 nominum
1269 3917 1730 3988 computabatur.
1761 3918 1866 3970 De-

228 4007 307 4064 dit
338 4012 538 4062 autem
569 4008 678 4062 illis
703 4013 1133 4079 argumentum,
1161 4010 1286 4080 jam
1316 4011 1534 4064 calculo
1564 4012 1864 4081 computa-

227 4101 401 4155 tionis
435 4101 692 4168 invento,
727 4103 954 4173 tempus
994 4106 1053 4156 et
1087 4102 1209 4156 dies
1247 4102 1561 4173 passionis;
1593 4105 1656 4156 ut
1687 4119 1754 4156 ex
1794 4117 1864 4156 eo

228 4193 644 4264 intelligerent,
669 4209 843 4264 quem
873 4194 1124 4264 primum
1146 4211 1408 4248 mensem
1431 4195 1588 4261 anni,
1613 4197 1671 4248 et
1691 4209 1866 4266 quem

228 4286 482 4357 primum
527 4285 789 4355 ejusdem
836 4285 1011 4354 diem,
1041 4291 1100 4341 et
1139 4287 1371 4358 quando
1410 4291 1676 4358 quartam
1709 4286 1864 4340 deci-

225 4395 385 4433 mam
417 4379 618 4432 lunam
645 4379 841 4450 [Edit.,
870 4383 1076 4451 quarta
1101 4379 1327 4434 decima
1357 4380 1513 4450 luna]
1545 4380 1716 4434 fuisse
1743 4396 1864 4434 sus-

224 4472 508 4542 ciperent,
543 4474 603 4524 et
639 4488 818 4543 quare
863 4473 972 4526 hoc
1014 4471 1354 4544 mysterium
1395 4473 1624 4528 Pascha
1663 4489 1862 4528 secun-

1967 1960 2143 2015 etiam
2174 1960 2296 2015 dies
2330 1961 2616 2016 mensium
2649 1961 2845 2016 medii.
2879 1962 2955 2015 Ex
2985 1977 3020 2013 v
3050 1961 3129 2016 Id.
3155 1962 3318 2017 Febr.
3342 1963 3491 2018 veris
3517 1965 3604 2018 est

1967 2053 2258 2108 inchoatio
2283 2071 2296 2108 :
2325 2053 2381 2108 in
2413 2070 2447 2105 v
2468 2054 2549 2108 ld.
2578 2055 2738 2108 Mart.
2765 2053 2824 2108 in
2846 2070 2944 2108 vm
2965 2054 3089 2108 Kal.
3108 2055 3242 2126 Apr.
3269 2055 3599 2127 quindecim

1968 2146 2090 2201 dies
2118 2151 2269 2214 sunt,
2293 2147 2350 2201 id
2377 2150 2481 2214 est,
2506 2147 2789 2202 medietas
2813 2146 3065 2209 mensis:
3092 2146 3170 2201 ita
3192 2163 3338 2201 unus
3360 2150 3418 2202 et
3439 2148 3602 2203 dimi-

1966 2239 2093 2294 dius
2119 2239 2333 2294 mensis
2358 2238 2741 2311 subsequitur.
2779 2255 2878 2294 vm
2911 2240 3034 2294 Kal.
3075 2240 3210 2312 Apr.
3245 2241 3482 2311 aqualis
3513 2244 3602 2296 est

1966 2349 2077 2387 nox
2122 2335 2181 2386 et
2221 2332 2364 2399 dies,
2397 2332 2560 2387 sicuti
2607 2333 2823 2387 factum
2860 2331 3062 2387 mundi
3106 2331 3336 2388 initium
3363 2334 3599 2390 Genesis

1968 2425 2154 2492 docet,
2189 2425 2386 2479 dicens
2419 2442 2432 2480 :
2460 2428 2660 2481 Divisit
2687 2429 2830 2482 Deus
2864 2427 3014 2481 inter
3050 2426 3220 2480 lucem
3250 2430 3300 2480 et
3329 2427 3598 2490 tenebras,

1967 2524 2016 2573 et
2035 2519 2245 2573 vocavit
2265 2519 2433 2573 lucem
2451 2519 2612 2582 diem,
2631 2524 2682 2573 et
2711 2519 2958 2574 tenebras
2985 2519 3197 2574 vocavit
3214 2523 3419 2574 noctem
3435 2519 3597 2587 (Ibid.

1966 2611 2019 2677 4,
2049 2610 2120 2682 5).
2156 2609 2356 2667 Omnis
2395 2611 2551 2666 enim
2589 2611 2788 2666 divisio
2831 2610 3223 2683 aqualitatem
3265 2611 3461 2667 habet.
3494 2612 3599 2678 lta.

1966 2707 2025 2762 in
2051 2722 2166 2779 quo
2195 2707 2589 2781 aqualitatem
2622 2707 2806 2762 noctis
2837 2710 2895 2763 et
2927 2706 3039 2762 diei
3071 2706 3414 2774 invenimus,
3441 2705 3501 2763 in
3529 2723 3598 2763 eo

1967 2799 2192 2854 initium
2223 2799 2427 2854 mundi
2457 2799 2831 2855 constitutum
2859 2798 3269 2871 intelligamus.

2035 2893 2098 2946 V.
2132 2892 2246 2948 Sed
2277 2909 2394 2947 non
2426 2892 2550 2947 sine
2581 2908 2754 2946 causa
2789 2892 3040 2963 majores
3080 2891 3261 2946 nostri
3299 2909 3471 2965 super
3496 2909 3596 2950 vm

1966 2985 2088 3039 Kal.
2128 2987 2264 3056 Apr.
2308 2987 2422 3038 tres
2465 2984 2588 3038 dies
2633 2983 3002 3051 addiderunt,
3043 2986 3106 3040 ut
3147 2983 3398 3055 primum
3442 2985 3597 3042 diem

1965 3077 2165 3132 mundi
2212 3077 2558 3132 invenirent.
2606 3093 2643 3131 ιι
2690 3077 2813 3132 Kal.
2856 3078 2993 3148 Apr.
3032 3078 3284 3148 primum
3333 3093 3595 3134 mensem

1964 3170 2166 3225 mundi
2191 3173 2250 3224 et
2273 3169 2427 3225 diem
2449 3169 2700 3241 majores
2726 3169 2905 3225 nostri
2933 3169 3436 3227 existimaverunt:
3463 3169 3600 3244 quia

1965 3265 2099 3318 ante
2137 3280 2312 3334 quam
2354 3265 2438 3318 sol
2473 3263 2531 3318 in
2567 3262 2954 3335 principatum
2994 3262 3198 3318 mundi
3228 3263 3595 3330 conderetur,

1964 3355 2220 3411 triduum
2250 3359 2383 3411 ante
2418 3358 2810 3428 pracesserat.
2835 3355 3034 3411 Refert
3066 3356 3302 3412 Genesis
3321 3355 3484 3428 (Ibid.
3511 3358 3596 3424 16,

1970 3452 2054 3522 19)
2081 3454 2286 3524 quarta
2316 3452 2408 3506 die
2443 3453 2595 3507 facta
2624 3451 2933 3508 luminaria
2963 3452 3096 3508 solis
3122 3455 3182 3507 et
3204 3453 3355 3508 luna
3384 3469 3398 3508 :
3427 3467 3596 3525 prop-

1966 3548 2126 3600 terea
2141 3544 2464 3600 invenimus
2478 3544 2768 3601 Christum
2785 3560 2883 3600 vm
2901 3545 3024 3600 Kal.
3042 3546 3178 3617 Apr.
3198 3545 3591 3601 resurrexisse.

1966 3639 2174 3692 Verum
2195 3653 2248 3692 ιι
2275 3638 2399 3692 Kal.
2425 3637 2496 3692 de
2527 3638 2744 3694 Pascha
2773 3653 2905 3693 cum
2937 3637 3226 3710 discipulis
3254 3638 3554 3694 inchoasse
3580 3655 3594 3693 :

1967 3747 2080 3802 quo
2123 3730 2215 3785 die
2261 3730 2513 3802 primum
2545 3731 2804 3801 subjecta
2838 3731 3029 3785 fuerat
3055 3733 3318 3786 creatura
3343 3729 3596 3786 servituti

1965 3841 2102 3891 sua,
2136 3839 2309 3894 quam
2350 3839 2454 3894 per
2497 3823 2825 3894 passionem
2865 3838 3028 3878 suam
3056 3824 3296 3877 venerat
3329 3822 3595 3879 liberare.

1966 3916 2128 3971 Diem
2155 3919 2350 3972 autem
2375 3915 2756 3983 Dominicam,
2779 3915 3029 3988 primam
3051 3914 3205 3970 diem
3226 3931 3350 3970 esse
3372 3915 3594 3981 mundi,

1966 4008 2216 4064 dubitari
2256 4025 2373 4064 non
2415 4011 2638 4080 potest;
2680 4008 2816 4081 quia
2857 4008 2995 4062 dicit
3033 4007 3326 4080 Scriptura
3352 4007 3504 4080 (Gen.
3536 4024 3595 4074 ιι,

1965 4107 2018 4170 2,
2051 4102 2126 4172 3),
2159 4119 2256 4157 sex
2294 4100 2495 4158 diebus
2525 4103 2742 4157 factum
2781 4118 2904 4156 esse
2931 4101 3236 4168 mundum,
3269 4104 3328 4156 et
3355 4101 3600 4173 septima

1967 4195 2060 4250 die
2089 4195 2439 4267 requievisse
2470 4196 2653 4250 Deum
2682 4212 2695 4249 :
2731 4210 2906 4265 quam
2938 4193 3245 4266 septimam
3275 4194 3433 4250 diem
3463 4194 3600 4250 Sab-

1965 4288 2166 4342 batum
2211 4288 2537 4359 appellavit.
2589 4287 2751 4342 Unde
2797 4290 2884 4342 est
2926 4287 3299 4342 manifestum
3350 4286 3599 4359 primam

1967 4381 2121 4436 diem
2150 4380 2352 4435 mundi
2391 4380 2755 4436 Dominicam
2794 4379 2968 4435 fuisse
3001 4396 3015 4434 :
3051 4382 3110 4434 et
3137 4380 3371 4451 plenam
3400 4380 3597 4435 lunam

1967 4475 2179 4529 factam
2221 4473 2617 4544 intelligimus,
2651 4473 2787 4544 quia
2831 4473 2984 4528 facta
3023 4475 3111 4526 est
3143 4471 3200 4526 in
3229 4471 3601 4527 inchoatione

224 4564 365 4666 dum
392 4564 552 4668 diem
587 4566 881 4672 .et‘lunam
911 4565 1202 4620 observari
1234 4567 1492 4623 deberet.
1523 4567 1638 4620 Hoc
1669 4569 1863 4620 autem
1884 4601 1944 4672 D
1968 4566 2249 4672 noctisnet
2289 4565 2662 4638 principatus.
2692 4565 2814 4672 sed
2835 4565 2946 4621 hoc
2975 4563 3139 4668 sicuti
3163 4564 3602 4672 computatione

224 4658 280 4712 in
333 4657 540 4728 primis
575 4657 998 4728 judicaverunt,
1043 4675 1175 4714 cum
1224 4676 1330 4731 per
1377 4660 1634 4730 singulos
1682 4675 1866 4714 annos

224 4751 466 4817 Pascha,
501 4754 560 4804 et
587 4753 815 4822 tempus
853 4768 971 4807 non
1011 4752 1348 4807 conveniret
1377 4751 1450 4807 ad
1480 4753 1678 4806 lunam
1706 4755 1765 4806 et
1793 4751 1868 4807 ad

228 4843 406 4909 diem,
453 4843 662 4898 melius
708 4860 832 4899 esse
881 4848 1109 4917 tempus
1157 4845 1486 4910 extendere,
1533 4862 1707 4916 quam
1751 4862 1868 4900 non

232 4939 429 4990 lunam
478 4935 749 5007 diemque
796 4937 1068 4992 retinere.
1120 4937 1377 4992 Primum
1424 4937 1560 5006 quia
1605 4937 1731 4991 dua
1778 4952 1870 4990 res

226 5028 436 5096 justius
481 5028 896 5098 praberentur.
932 5030 1151 5085 Deinde
1197 5029 1332 5100 quia
1373 5030 1496 5084 hac
1538 5030 1870 5085 viderentur

236 5121 289 5176 in
316 5121 723 5176 observatione
748 5122 994 5193 potiora.

303 5214 388 5268 IV.
413 5213 770 5268 Definiamus
799 5215 975 5286 igitur
999 5215 1127 5287 quis
1151 5216 1372 5288 primus
1391 5216 1608 5270 mensis
1633 5214 1691 5269 in
1713 5231 1873 5270 men-

234 5310 386 5363 sibus
417 5309 585 5373 anni;
616 5308 828 5364 deinde
871 5309 998 5382 quis
1039 5311 1258 5383 primus
1292 5311 1416 5382 ejus
1447 5311 1589 5366 dies.
1621 5310 1875 5365 Diximus

235 5419 373 5475 ergo
395 5405 810 5472 argumentum
833 5403 1102 5458 habuisse
1123 5405 1375 5474 majores
1395 5407 1623 5459 nostros
1647 5421 1713 5458 ex
1733 5408 1876 5458 tem-

234 5511 370 5563 pore
411 5493 698 5565 passionis
735 5499 794 5549 et
835 5496 1274 5552 resurrectionis
1312 5496 1562 5552 Domini.
1601 5497 1874 5552 Resurre-

297 5607 324 5636 ⁸
348 5605 508 5676 Lege
536 5619 678 5676 qua,
707 5608 972 5676 respectu
1001 5605 1200 5662 habito
1236 5607 1311 5662 ad
1341 5607 1480 5663 illud
1509 5611 1655 5670 vita,
1683 5606 1740 5661 id
1770 5609 1875 5672 est,

233 5675 461 5741 Christi,
491 5679 556 5730 ut
581 5675 829 5746 ipsemet
858 5676 931 5731 de
959 5694 1018 5731 se
1045 5677 1162 5733 ait:
1192 5680 1306 5746 Ego
1329 5694 1450 5734 sum
1471 5681 1583 5741 via,
1605 5681 1806 5734 veritas
1828 5681 1879 5732 et

233 5750 361 5801 vita.
393 5746 535 5810 Qua
569 5745 804 5817 quidem
843 5747 963 5803 vita
1001 5751 1204 5805 ereavit
1228 5745 1432 5812 omnia,
1461 5753 1525 5804 ut
1549 5749 1630 5804 ait
1656 5751 1876 5814 auctor,

239 5823 460 5891 terer
476 5822 868 5891 corporatura,
887 5819 1032 5875 Nam
1048 5823 1230 5876 omnia
1244 5837 1348 5891 per
1363 5821 1541 5891 ipsum
1555 5822 1709 5886 facta
1729 5822 1875 5891 sunt.

243 5887 798 5962 Absurdumquippe
828 5889 902 5946 de
927 5893 1130 5962 spiritu
1148 5887 1268 5946 hac
1294 5887 1637 5961 intelligere,
1663 5887 1758 5960 qui
1785 5903 1881 5943 au-

1969 4659 2309 4725 ostenditur,
2337 4674 2676 4730 percurrere
2711 4657 2818 4712 sibi
2848 4674 2954 4729 per
2991 4657 3248 4729 singulos
3274 4673 3458 4712 annos
3484 4672 3603 4712 non

1969 4753 2176 4824 potest,
2210 4751 2426 4805 scilicet
2465 4769 2519 4806 χι
2558 4751 2683 4806 Kal.
2715 4752 2851 4822 Apr.
2894 4749 3007 4816 die,
3039 4766 3269 4822 semper
3303 4752 3362 4804 et
3399 4752 3604 4822 quarta

1970 4844 2194 4899 decima
2219 4845 2356 4898 luna
2387 4844 2477 4898 die
2505 4843 2805 4899 Dominica
2829 4841 3173 4897 inveniatur.
3203 4842 3479 4915 Sequenti
3510 4859 3607 4898 au-

1969 4940 2090 4992 tem
2111 4920 2265 4991 anno
2286 4953 2340 4990 x1
2363 4937 2487 4991 Kal.
2504 4940 2639 5008 Apr.
2661 4934 2950 4990 invenitur
2966 4935 3104 4990 luna
3119 4935 3388 4990 vicesima
3405 4935 3605 5007 quinta

1973 5033 2031 5084 et
2068 5029 2214 5084 feria
2251 5029 2521 5084 secunda.
2560 5032 2757 5101 Itaque
2789 5045 2919 5083 cum
2959 5027 3087 5083 dua
3119 5044 3228 5094 res,
3265 5031 3324 5082 et
3369 5029 3506 5083 luna
3549 5031 3608 5082 et

1973 5122 2115 5188 dies,
2145 5124 2514 5177 commutata
2541 5121 2926 5188 inveniantur,
2950 5123 3106 5175 recte
3127 5137 3180 5175 xi
3203 5121 3326 5175 Kal.
3351 5121 3486 5191 Apr.
3511 5135 3608 5174 na-

1975 5214 2104 5268 talis
2133 5214 2336 5269 mundi
2363 5214 2654 5270 observari
2682 5213 2833 5269 visus
2859 5217 2965 5268 est.
3077 5212 3090 5220 ’“

2045 5309 2132 5362 VI.
2163 5309 2360 5378 Itaque
2403 5307 2656 5378 majores
2699 5306 2878 5362 nostri
2910 5305 3315 5376 judicaverunt
3345 5320 3605 5358 mensem

1975 5401 2270 5470 integrum
2302 5415 2425 5454 esse
2456 5399 2876 5454 observandum
2908 5398 2981 5452 ad
3019 5397 3270 5452 natalem
3301 5395 3525 5463 mundi,
3553 5400 3611 5450 et

1975 5492 2195 5548 Pascha
2233 5491 2666 5560 celebrandum,
2704 5492 2763 5548 in
2805 5505 3147 5564 quacunque
3181 5489 3345 5559 parte
3386 5489 3510 5560 ejus
3552 5491 3610 5542 et

1978 5603 2120 5660 ctori
2148 5601 2343 5659 statim
2370 5602 2579 5659 dicitur
2607 5603 2880 5672 subjectus
2906 5603 2964 5655 in
2994 5615 3113 5655 eam
3131 5613 3300 5668 spem,
3323 5602 3387 5652 ut
3409 5599 3476 5654 de
3501 5615 3610 5654 cor-

1975 5677 2207 5788 ruptela!
2229 5677 2458 5731 interitu
2622 5675 2896 5729 liberetur.
3359 5738 3370 5748 θ

2111 5747 2294 5788 Fm-tn,
2328 5761 2398 5788 om
2419 5761 2542 5788 mm-
2573 5744 2711 5788 num
2737 5742 3054 5788 sermuntur
3085 5754 3292 5788 manca
3320 5754 3370 5788 Vl

2111 5747 2300 5812 Forte,
2328 5761 2398 5800 ac
2419 5761 2543 5816 quo.
2573 5744 2711 5808 Qua
2737 5742 3054 5816 sequuntur
3085 5754 3292 5793 manca
3320 5739 3605 5793 videntur.

2050 5827 2073 5857 ο
2095 5817 2210 5872 Vox
2241 5811 2448 5872 terram
2476 5815 2676 5870 deesse
2701 5811 2940 5866 videtur.
