4020 6232
538 325 595 384 3t
1535 325 1624 384 -B.
1668 327 1944 384 llAR'l'lNl
1981 327 2335 386 DL'MlENSlS
2375 325 2553 382 \‘At’dl
2592 325 2866 385 VERSUS.
3851 333 3914 385 52

696 435 754 492 et
793 434 936 492 luna
980 438 1404 494 concurrerent.
1455 435 1649 508 Neque
1692 434 1847 490 enim
1895 434 2002 492 hoc
2045 434 2169 494 sine
2190 450 2249 526 Α
2269 433 2426 491 enim
2449 433 2619 490 rediit
2650 424 2843 508 [Forte,
2875 432 3066 508 redit},
3095 436 3152 492 et
3194 435 3368 492 tinem
3405 433 3627 492 dierum
3651 441 3911 493 renovat.

537 513 840 601 Scriptum
869 531 1220 592 auctoritate.
1253 531 1348 588 Ait
1380 530 1532 586 enim
1568 531 1778 601 Moyses
1811 545 1825 583 :
1854 532 2047 586 Mensis
2083 530 2168 584 hic

536 623 683 704 nobis
720 626 939 680 initium
976 628 1235 680 mensium
1269 628 1346 680 est
1371 643 1388 678 :
1412 627 1628 694 primus
1667 625 1769 677 erit
1811 626 1867 677 in
1902 624 2168 678 mensibus

535 719 672 772 anni
712 717 904 786 (Exod.
950 736 1047 787 xu,
1087 720 1161 788 2).
1199 720 1317 782 Quo
1355 717 1525 772 verbo
1567 721 1749 772 totum
1799 733 2054 772 mensem
2095 717 2168 771 ad

534 811 736 880 natalis
771 812 972 867 mundi
1010 811 1160 866 diem
1195 811 1557 866 consecravit.
1586 811 1666 865 lta
1706 811 1946 881 majores
1988 810 2166 866 nostri

535 902 634 974 qui
673 921 725 959 xx
770 905 887 960 Kal.
930 908 1064 976 Apr.
1111 905 1198 959 die
1251 905 1497 962 natalem
1547 903 1748 959 mundi
1803 903 2164 971 invenerunt,

532 985 788 1056 mensem
818 997 1067 1070 primum
1105 997 1511 1062 constituentes
1547 997 1605 1054 in
1635 1014 1688 1052 χι
1728 997 1847 1052 Kal.
1875 995 2038 1052 Maias
2065 997 2162 1052 de-

532 1073 804 1148 finierunt
857 1091 941 1147 Sic
965 1091 1178 1146 Pascha
1212 1107 1315 1144 nec
1345 1095 1475 1145 ante
1502 1107 1554 1145 χι
1587 1091 1708 1146 Kal.
1745 1093 1880 1162 Apr.
1910 1107 2013 1145 nec
2041 1095 2168 1161 post

531 1200 589 1239 ιι
647 1184 762 1239 Kal.
815 1183 979 1239 Maias
1029 1184 1312 1240 celebrare
1363 1183 1569 1238 licebit.
1617 1183 1724 1240 Sed
1772 1201 1904 1238 cum
1951 1183 2012 1238 in
2057 1183 2165 1238 hoc

529 1292 719 1332 mense
762 1282 817 1332 et
856 1277 991 1332 luna
1039 1281 1096 1333 et
1145 1273 1264 1332 dies
1312 1277 1718 1344 convenissent,
1772 1276 1912 1332 luna
1957 1276 2167 1331 scilicet

535 1369 752 1426 decima
779 1375 981 1442 quarta
1021 1374 1078 1425 et
1114 1369 1231 1425 dies
1265 1369 1572 1436 Dominica,
1599 1375 1733 1424 tunc
1777 1369 1986 1424 Pascha
2015 1369 2162 1424 cele-

527 1446 809 1518 braretur.
839 1463 982 1518 Sane
1021 1462 1156 1534 quia
1191 1479 1385 1518 rursus
1415 1462 1742 1538 frequenter
1783 1462 1917 1517 luna
1949 1461 2165 1517 decima

530 1559 729 1628 quarta
744 1572 876 1610 cum
893 1555 1183 1610 Dominica
1202 1555 1290 1610 die
1311 1559 1690 1623 concurreret,
1719 1554 1948 1610 extendi
1969 1555 2163 1609 lunam

531 1633 749 1720 septem
773 1648 890 1704 dies
917 1649 1262 1717 maluerunt,
1290 1649 1597 1704 dummodo
1633 1648 1783 1704 diem
1815 1647 2163 1703 Dominicam

529 1743 590 1798 in
625 1742 1053 1798 resurrectionis
1095 1741 1290 1798 laetitia
1324 1742 1656 1798 retinerent.
1697 1743 1777 1796 lta
1813 1741 2042 1813 quando
2085 1741 2163 1795 sic

2271 529 2397 584 Htec
2425 528 2606 599 magis
2639 533 2808 583 erunt
2843 529 2904 584 in
2943 529 3148 584 natalis
3183 530 3395 600 latitia,
3439 536 3495 586 et
3529 531 3590 586 in
3631 536 3913 588 creatum

2266 621 2596 678 liberatione
2622 623 2913 691 servanda,
2942 622 3191 678 maxime
3221 641 3354 679 cum
3378 625 3526 680 intra
3551 625 3724 696 primi
3752 642 3916 682 men-

2267 715 2342 768 sis
2369 715 2640 770 terminos
2665 715 3004 772 retinentur.
3034 717 3282 772 Rursum
3312 719 3587 789 majorem
3621 718 3734 774 dici
3772 720 3911 774 reli-

2269 808 2518 879 gionem,
2565 826 2738 881 quam
2778 808 2932 866 luna:
2973 809 3254 866 dicamut.
3307 811 3594 866 Decimam
3644 818 3913 884 quartam

2267 901 2420 956 enim
2441 902 2636 958 lunam
2653 903 3007 975 egredimur;
3028 904 3180 960 diem
3197 910 3390 960 autem
3413 922 3710 978 nunquam
3737 923 3911 978 egre-

2267 994 2476 1065 dimur,
2519 995 2653 1067 quia
2703 997 2818 1052 tota
2862 997 3011 1052 salus
3055 1002 3140 1052 est
3189 998 3250 1054 in
3302 1000 3714 1056 resurrectione
3766 1000 3904 1056 diei.

2267 1087 2394 1143 Dies
2436 1093 2627 1144 autem
2673 1089 2963 1145 Dominica
3009 1095 3068 1146 et
3106 1091 3338 1147 initium
3363 1093 3586 1148 dierum
3630 1095 3802 1151 habet
3849 1100 3912 1149 et

2266 1183 2769 1252 resurrectionem;
2812 1189 3044 1256 propter
3071 1187 3223 1258 quod
3263 1186 3321 1240 in
3356 1186 3476 1258 ipsa
3516 1189 3781 1245 dominus
3822 1207 3912 1246 re-

2266 1275 2543 1343 surrexit;
2585 1276 2721 1330 luna
2757 1293 2909 1347 vero,
2948 1277 3078 1333 licet
3112 1295 3292 1350 usque
3322 1280 3394 1334 ad
3433 1281 3755 1336 vicesimam
3795 1283 3912 1354 pri-

2265 1383 2418 1422 mam
2450 1373 2670 1439 partem
2712 1374 3004 1424 extensam
3046 1369 3150 1442 [An
3202 1372 3514 1446 extensa‘t],
3569 1391 3684 1428 non
3726 1379 3910 1430 totam

2265 1461 2513 1532 complet
2543 1467 2766 1517 noctem
2795 1482 2808 1518 :
2843 1463 3158 1534 plurimum
3183 1469 3372 1520 tamen
3401 1467 3580 1522 noctis
3600 1467 3906 1534 illuminat,

2265 1558 2321 1607 et
2349 1558 2472 1624 post
2502 1572 2560 1609 se
2587 1555 2818 1627 quidem
2845 1555 3113 1628 relinquit
3142 1559 3421 1628 tenebras,
3451 1561 3546 1615 sed
3571 1577 3664 1615 eas
3688 1578 3818 1632 quae
3843 1562 3908 1616 in

2263 1651 2393 1702 ante
2419 1652 2550 1703 sunt
2579 1653 2809 1719 superat
2838 1667 2851 1703 :
2885 1649 2946 1704 in
2971 1667 3084 1720 quo
3105 1651 3348 1720 majores
3373 1653 3550 1708 nostri
3576 1655 3908 1710 maluerunt

2269 1756 2444 1811 usque
2481 1741 2553 1796 ad
2579 1742 2902 1797 vicesimam
2919 1747 2943 1776 ⁸
2971 1761 3144 1815 quam
3168 1749 3298 1800 ante
3325 1746 3605 1801 decimam
3638 1754 3906 1818 quartam

533 1836 651 1917 dies
694 1837 912 1894 venerit
958 1853 1137 1908 usque
1172 1835 1245 1892 ad
1294 1835 1619 1890 vicesimam
1655 1834 1904 1906 primam
1942 1834 2158 1904 lunam,
2183 1835 2239 1905 B
2265 1835 2471 1890 Pascha
2496 1835 2787 1889 celebrari.
2817 1836 2956 1900 Quia
2983 1837 3304 1909 relinquere
3342 1841 3604 1894 tenebras
3632 1847 3759 1912 post
3792 1848 3903 1896 ter-

530 1933 764 2002 propter
787 1929 1138 1984 Dominicam
1165 1928 1318 1984 diem
1344 1929 1554 1982 Pascha
1579 1927 1896 1984 differimus
1919 1943 2163 1998 semper,

531 2005 724 2081 utnec
755 2027 886 2078 ante
912 2039 964 2077 x1
993 2023 1110 2078 Kal.
1138 2024 1275 2093 Apr.
1309 2038 1412 2077 nec
1451 2025 1576 2092 post
1612 2037 1665 2075 xl
1709 2021 1828 2075 Kal.
1867 2019 2036 2074 Maias
2070 2036 2162 2074 ce-

527 2116 780 2182 lebretur
809 2132 824 2170 :
852 2116 929 2171 sic
947 2116 1244 2170 inventum
1264 2119 1366 2184 est,
1391 2119 1456 2170 ut
1478 2113 1688 2169 mensis
1714 2119 1770 2169 et
1798 2114 1919 2168 dies
1948 2117 2005 2168 et
2028 2113 2166 2168 luna

527 2209 588 2264 in
617 2209 988 2265 celebratione
1015 2209 1240 2264 Pascha:
1268 2209 1627 2264 retineretur.

555 2285 562 2291 ’
598 2304 702 2363 VII.
747 2303 1060 2358 Prudenter
1101 2301 1281 2374 igitur
1322 2301 1502 2372 magis
1543 2301 1615 2355 ad
1658 2300 1856 2355 lunam
1895 2305 1952 2355 et
1989 2301 2162 2368 diem,

528 2385 702 2479 quam
728 2395 798 2449 ad
825 2412 876 2449 χι
907 2395 1024 2450 Kal.
1047 2397 1181 2466 Apr.
1202 2395 1272 2450 ad
1302 2394 1551 2450 natalem
1579 2394 1781 2448 mundi
1811 2393 2162 2466 redigemur.

528 2489 687 2566 Luna
724 2488 876 2546 enim
916 2488 1100 2560 prima
1141 2491 1286 2542 totas
1326 2487 1505 2542 noctis
1551 2486 1831 2542 illuminat
1879 2488 2160 2558 tenebras,

530 2587 585 2664 et
605 2580 893 2636 Dominica
920 2581 1040 2636 dies
1064 2580 1399 2635 resurrectio
1425 2584 1510 2635 est
1537 2580 1761 2635 dierum
1793 2599 1806 2634 :
1838 2579 1910 2636 ad
1937 2580 2164 2636 initium

567 2723 626 2768 "
653 2737 732 2792 Ex
758 2741 922 2792 antea
947 2736 1110 2792 dictis
1139 2737 1568 2792 rescribendum
1594 2736 1835 2807 videtur,
1866 2737 1942 2793 ad
1972 2741 2161 2794 vicesi—

529 2848 673 2887 mam
694 2833 952 2903 primam.

2267 1944 2405 1998 gum
2443 1929 2645 1984 melius
2689 1933 2792 1997 est,
2821 1946 2994 2001 quam
3029 1932 3423 1997 antecedentes
3451 1950 3566 1988 non
3601 1951 3761 2004 posse
3804 1953 3906 1990 su-

2265 2037 2483 2092 perare.
2520 2023 2709 2094 Itaque
2751 2023 2854 2076 hac
2886 2040 3109 2078 summa
3145 2030 3200 2078 et
3237 2025 3339 2079 hac
3367 2027 3741 2096 conclusione,
3771 2045 3907 2099 quae

2259 2131 2292 2167 a
2319 2115 2628 2185 majoribus
2657 2117 3002 2170 constituum
3033 2123 3117 2171 est
3147 2116 3191 2186 δ,
3223 2119 3431 2173 Pascha
3457 2136 3640 2190 neque
3668 2126 3798 2176 ante
3845 2140 3905 2177 xl

2266 2208 2386 2263 Kal.
2434 2211 2568 2278 Apr.
2611 2225 2713 2262 nec
2756 2214 2881 2280 post
2921 2227 2974 2263 XI
3023 2211 3141 2264 Kal.
3184 2212 3349 2265 Maias
3392 2231 3551 2284 posse
3605 2215 3902 2271 celebrari.

2263 2302 2437 2372 Cujus
2473 2302 2686 2373 pinacis
2727 2302 3104 2357 constituendi
3140 2321 3266 2374 quas
3291 2305 3465 2361 fuerit
3500 2307 3662 2375 ratio,
3693 2309 3750 2362 in
3785 2325 3905 2380 quo

2263 2394 2619 2450 mediocritas
2639 2396 2843 2466 potuit,
2867 2398 3148 2452 ediximus
3177 2416 3190 2452 :
3222 2416 3324 2470 per
3343 2400 3580 2471 gratiam
3601 2401 3906 2458 Salvatoris

2262 2487 2440 2543 nostri
2467 2489 2598 2542 Jcsu
2624 2489 2850 2560 Christi,
2880 2491 2971 2544 cui
2999 2497 3082 2546 est
3112 2492 3296 2546 honor
3324 2499 3378 2548 et
3409 2493 3584 2564 gloria
3620 2494 3680 2548 in
3714 2512 3901 2550 saecu-

2264 2581 2350 2652 lis,
2376 2585 2432 2636 et
2456 2581 2516 2636 in
2547 2582 2750 2636 saecula
2780 2583 3136 2639 saeculorum.
3160 2588 3360 2640 Amen.

2334 2737 2360 2776 ιτ
2389 2740 2498 2792 Aut
2521 2738 2829 2793 delendum
2859 2739 3156 2794 relativum
3181 2757 3319 2810 quce,
3351 2746 3446 2797 aut
3474 2743 3908 2802 rescribendum

2262 2834 2550 2886 constituta
2577 2836 2672 2886 est.
2703 2831 2861 2896 Quod
2887 2835 3073 2886 tamen
3103 2834 3383 2905 posterius
3413 2835 3600 2889 minus
3619 2837 3828 2908 placet.

744 3176 843 3258 B.
935 3175 1410 3259 MARTINI
1510 3113 2123 3259 DUMIENSIS
2220 3172 2732 3278 EPISCOPI
2821 3173 3130 3257 VARII
3215 3176 3684 3262 VERSUS.

1088 3349 1184 3400 IN
1222 3349 1638 3402 BASILIGA.

609 3495 614 3501 .
673 3443 802 3497 Post
825 3443 1214 3514 evangelicum
1244 3443 1449 3498 bisseni
1476 3444 1682 3514 dogma
1710 3448 1956 3510 senatus,

566 3537 758 3599 .Quod
785 3553 1028 3608 regnum
1055 3537 1260 3592 Christi
1288 3541 1404 3592 toto
1423 3538 1544 3608 jam
1573 3541 1836 3608 personat
1861 3536 2016 3603 orbe,

601 3630 842 3701 Postque
868 3646 1090 3684 sacrum
1117 3631 1274 3684 Pauli
1303 3631 1511 3702 stylum
1541 3648 1654 3702 quo
1679 3631 1836 3686 curia
1865 3628 2066 3683 mundi

589 3723 755 3780 Victa
779 3740 909 3777 suos
933 3723 1162 3778 tandem
1187 3724 1406 3795 stupuit
1430 3724 1648 3778 siluisse
1673 3722 1972 3794 sophistas.

563 3863 572 3875 .
599 3820 852 3885 Arctous,
885 3816 1135 3883 Martiae,
1163 3817 1269 3872 tibi
1294 3817 1355 3872 in
1381 3823 1634 3872 extrema
1663 3832 1912 3871 recessus

601 3909 890 3978 Panditur,
915 3909 1086 3980 inque
1112 3911 1200 3965 via
1225 3909 1356 3966 ﬁdei
1383 3915 1538 3982 patet
1561 3909 1706 3964 invia
1731 3911 1916 3964 tellus.

603 4004 886 4057 Virtutum
910 4002 1106 4074 signis,
1137 4004 1475 4058 meritorum
1501 4008 1557 4058 et
1583 4003 1748 4058 laude
1777 4007 2024 4070 tuorum,

558 4127 564 4130 —
601 4096 818 4150 Excitat
843 4094 1106 4151 aﬂ'ectum
1133 4097 1340 4152 Christi
1365 4095 1660 4151 Germania
1687 4095 1923 4166 frigeas,

600 4189 823 4260 Flagrat
838 4193 895 4244 et
916 4205 1146 4244 accenso
1175 4190 1350 4244 divini
1376 4189 1618 4260 Spiritus
1645 4189 1798 4259 igne,

599 4281 770 4338 Solvit
793 4283 864 4337 ab
889 4283 1108 4338 infenso
1129 4283 1348 4338 strictas
1373 4282 1648 4352 Aquilone
1673 4282 1928 4352 pruinas.

601 4377 898 4446 lmmanes,
928 4377 1222 4447 variasque
1248 4376 1344 4447 pio
1369 4375 1473 4428 sub
1499 4375 1709 4430 fwdere
1733 4375 1940 4430 Christi

557 4498 564 4504 ~
597 4469 830 4524 Asciscis
857 4475 1074 4541 gentes.
1097 4471 1464 4534 Alamannus,
1493 4469 1656 4537 Saxo,
1686 4468 1984 4539 Toringus,

597 4563 938 4630 Pannonius,
968 4565 1186 4634 Rugus,
1212 4562 1456 4627 Sclavus,
1480 4562 1642 4630 Nara,
1663 4561 1936 4630 Sarmata,
1967 4562 2152 4630 Datus,

559 4683 566 4688 ·
594 4657 984 4730 Ostrogothus,
1006 4655 1271 4723 Francus,
1305 4654 1654 4725 Burgundio,
1687 4654 1880 4723 Dacus,
1923 4655 2153 4724 Alanus,

594 4754 669 4808 Te
698 4752 840 4807 duce
867 4765 1028 4804 nosse
1055 4750 1235 4802 Deum
1267 4747 1534 4818 gaudent.
1563 4747 1674 4801 Tua
1703 4747 1865 4818 signa
1893 4747 2106 4803 Suevus
2175 4735 2234 4806 D

592 4846 890 4901 Admirans
919 4840 1114 4897 didicit
1139 4839 1270 4894 ﬁdei
1298 4856 1412 4910 quo
1439 4840 1665 4894 tramite
1691 4845 1910 4911 pergat,

592 4941 946 5007 Devotusque
971 4933 1084 4988 tuis
1108 4933 1327 4987 meritis
1357 4933 1478 4986 haec
1507 4933 1648 4988 atria
1673 4934 1824 4988 claro

591 5031 852 5086 Culmine
880 5027 1199 5092 sustollens,
1228 5025 1433 5080 Christi
1463 5027 1779 5082 venerabile
1803 5027 2080 5098 templum

591 5120 912 5184 Constituit,
941 5135 1054 5189 quo
1079 5119 1226 5172 clara
1251 5119 1465 5190 vigens,
1498 5120 1731 5175 Martine
1763 5125 1992 5175 tuorum

593 5215 779 5270 Gratia
803 5212 1098 5282 signorum
1125 5211 1264 5266 votis
1292 5217 1344 5267 te
1367 5213 1561 5268 adesse
1587 5219 1868 5285 precatur.

2185 3363 2239 3436 Ο
2335 3349 2610 3417 Electum,
2640 3350 3052 3421 propriumque
3077 3354 3233 3405 tenet
3259 3355 3312 3405 te
3338 3352 3509 3406 Gallia
3537 3355 3791 3424 gaudens

2333 3443 2640 3511 Pastorem,
2666 3447 2854 3497 teneat
2879 3442 3136 3498 Callaecia
3158 3448 3274 3498 tota
3299 3449 3626 3516 patronum.

2513 3569 2899 3620 EIUSDEM
2948 3571 3044 3622 IN
3101 3572 3643 3626 REPECTORIO.

2333 3673 2452 3727 Non
2482 3673 2572 3728 hic
2597 3676 2807 3730 auratis
2829 3680 3102 3730 ornantur
3129 3677 3360 3747 prandia
3385 3678 3573 3732 t‘ulcris
3602 3698 3615 3732 :

2405 3768 2662 3839 Assyrius
2687 3786 2889 3823 murex
2915 3785 3018 3823 nec
3046 3769 3147 3823 tibi
3174 3770 3358 3842 sigma
3383 3771 3554 3826 dedit.

2335 3863 2442 3916 Nec
2467 3880 2571 3934 per
2598 3863 2942 3934 multiplices
2966 3861 3136 3916 abaco
3157 3864 3486 3934 splendente
3515 3883 3803 3940 cavernas,

2404 3957 2692 4009 Ponentur
2721 3955 2914 4010 nitidae
2942 3954 3144 4009 codicis
3173 3961 3291 4012 arte
3321 3957 3510 4028 dapes.

2334 4050 2441 4102 Nec
2468 4049 2709 4120 scyphus
2736 4047 2827 4102 hic
2855 4047 3082 4102 dabitur
3106 4049 3278 4104 rutilo
3307 4051 3398 4104 cui
3423 4051 3567 4108 forte
3597 4057 3827 4112 metallo

2403 4143 2724 4195 Crustatum
2751 4141 2989 4212 stringat
3015 4142 3216 4196 tortilis
3240 4160 3374 4197 ansa
3403 4145 3566 4200 latus.

2331 4235 2467 4288 Vina
2491 4233 2634 4287 mihi
2662 4250 2774 4287 non
2806 4238 2937 4288 sunt
2963 4234 3231 4304 Gazetica,
3260 4237 3416 4306 Chia,
3448 4239 3700 4307 Falerna,

2398 4328 2645 4398 Quaeque
2676 4328 2985 4399 Sarepteno
3015 4327 3246 4399 palmite
3276 4330 3445 4386 missa
3471 4332 3652 4389 bibas.

2329 4420 2435 4474 Sed
2464 4419 2740 4492 quidquid
2773 4421 2957 4475 tenuis
2983 4437 3097 4475 non
3125 4424 3368 4494 complet
3397 4407 3554 4496 copia
3580 4443 3820 4498 mensae,

2399 4513 2665 4586 Suppleat
2691 4513 2797 4569 hoc
2821 4513 3068 4585 petimus
3097 4515 3277 4587 gratia
3300 4519 3466 4589 plena
3491 4519 3616 4576 tibi.

2567 4645 3107 4699 EPITAPHIUH
3160 4649 3566 4702 EJUBDBM.

2328 4749 2632 4804 Pannoniis
2659 4751 2904 4822 genitus,
2941 4754 3344 4808 transcendens
3370 4770 3583 4825 equora
3611 4763 3784 4828 vasta,

2329 4842 2573 4897 Gallicim
2599 4842 2658 4897 in
2686 4845 2971 4915 gremium
3002 4845 3207 4900 divinis
3235 4846 3469 4902 nutibus
3496 4855 3672 4918 actus,

2327 4935 2638 5002 Confessor,
2668 4937 2919 5004 Martine,
2951 4943 3049 4992 tua
3068 4939 3172 4992 hac
3202 4939 3418 4995 dicatus
3441 4941 3466 4970 ⁸
3493 4941 3553 4996 in
3582 4943 3710 4998 aula

2325 5027 2585 5097 Antistes,
2615 5028 2833 5084 cultum
2866 5030 3111 5086 instituit
3133 5031 3424 5104 ritumque
3453 5052 3739 5092 sacrorum
3763 5057 3780 5106 ;

2322 5121 2528 5191 Teque,
2558 5127 2812 5192 patrone,
2844 5139 3084 5193 sequens
3109 5124 3362 5181 tumulus
3389 5129 3656 5184 Martinus
3684 5133 3892 5191 eodem

2322 5214 2576 5283 Nomine,
2613 5231 2726 5268 non
2757 5216 2981 5284 merito,
3011 5216 3102 5272 hic
3138 5218 3198 5273 in
3224 5219 3430 5276 Christi
3466 5239 3602 5292 pace
3636 5225 3890 5296 quiesco.

593 5365 600 5386 ί
637 5363 725 5416 Sic
759 5361 1110 5416 Bollandiani
1144 5366 1262 5418 Act.
1299 5367 1476 5420 sauct.
1509 5365 1728 5420 Martini
1765 5368 1904 5419 tom.
1937 5366 2024 5426 lll,
2054 5380 2186 5434 pag.
2221 5367 2307 5431 89.,
2341 5381 2497 5420 num.
2537 5368 2617 5420 l3.
2646 5366 2756 5432 AL,
2785 5366 3016 5422 dicetur.
