4020 6232
231 403 3561 463 W

1522 593 1688 641 ANNO
1735 593 1952 642 DOMINI
1980 595 2217 644 DLXXVI
2227 625 2241 642 .

531 782 1655 988 SANCTUS
1839 784 3236 998 GERMANUS

1100 1125 1862 1233 PARISIENSIS
1942 1129 2656 1236 EPISCOPUS.

1650 1514 2099 1589 NOTITIA

1523 1647 1628 1719 (Ea:
1664 1648 1845 1706 Gallia
1884 1651 2235 1725 christiana).

1662 1783 2085 1796 ’,ι-ο*-

278 1866 332 1920 Ιιι
358 1881 502 1939 pago
526 1866 814 1938 Eduensi,
832 1866 954 1924 vico
979 1866 1199 1938 Lausia,
1224 1868 1548 1925 Eleutherio
1577 1873 1634 1926 et
1659 1871 1827 1925 Euse-
1846 1883 1906 1956 Α
1927 1874 2060 1928 Dec.
2081 1877 2212 1942 558;
2237 1891 2351 1947 qua
2373 1874 2464 1931 die
2487 1875 2791 1932 defunctus
2810 1873 3207 1934 Childebertus
3235 1873 3405 1948 paulo
3433 1875 3564 1948 post

213 1956 294 2013 hia
317 1961 636 2030 parentibus
664 1965 831 2016 natus
857 1961 1187 2030 Germanus,
1217 1962 1506 2030 diaconus,
1546 1963 1822 2018 triennio-

214 2066 311 2122 que
340 2056 460 2124 post
489 2053 788 2125 presbyter
815 2072 848 2108 a
876 2058 1068 2109 sancto
1108 2055 1424 2126 Agrippino
1459 2057 1824 2126 Augustodu-

212 2145 356 2198 nensi
382 2146 644 2218 episcopo
673 2147 989 2217 ordinatus,
1011 2147 1294 2220 abbasque
1323 2149 1515 2203 Sancti
1545 2149 1824 2220 Sympho-

211 2237 338 2291 riani
361 2239 664 2294 aNectario
691 2240 1011 2311 praefectus,
1041 2257 1173 2295 cum
1210 2257 1277 2296 eo
1321 2242 1558 2296 concilio
1588 2259 1619 2294 v
1644 2245 1825 2297 Aure-

207 2327 444 2398 lianensi,
470 2349 623 2387 anno
651 2333 777 2399 549,
821 2332 1099 2389 interfuit.
1143 2335 1286 2388 Cum
1315 2338 1508 2389 autem
1537 2335 1828 2390 sanctitate

208 2422 340 2492 vita,
367 2425 618 2480 moribus
639 2431 695 2480 et
708 2425 1116 2481 miraculorum
1143 2427 1349 2482 virtute
1377 2428 1633 2496 clareret,
1662 2445 1825 2482 voca-

207 2519 290 2570 tur
311 2518 375 2572 ad
394 2519 652 2590 regimen
675 2518 1008 2574 Parisiensis
1035 2520 1312 2589 Ecclesiae,
1334 2525 1560 2575 mortuo
1589 2520 1827 2576 Eusebio

207 2623 288 2663 an.
316 2613 410 2666 555
440 2612 580 2680 (Act.
610 2616 784 2666 sanet.
811 2612 1036 2675 Bencd.,
1068 2617 1107 2666 t.
1137 2615 1184 2677 Ι,
1212 2630 1274 2684 p.
1301 2615 1426 2684 234)
1465 2617 1530 2668 ut
1559 2613 1718 2669 testis
1743 2618 1829 2668 est

204 2701 521 2758 Fortunatus
547 2709 764 2775 auctor,
784 2720 1019 2759 suorum
1037 2709 1362 2778 temporum
1389 2706 1684 2778 episcopus
1706 2707 1824 2761 Pic-

205 2795 444 2852 taviensis
468 2799 570 2870 qui
598 2815 688 2853 res
713 2797 782 2852 ab
809 2814 874 2852 eo
901 2800 1168 2869 praeclare
1212 2804 1396 2871 gestas
1429 2799 1573 2854 libro
1609 2801 1679 2854 de
1717 2799 1827 2854 vita

203 2888 313 2958 ejus
353 2891 562 2962 scripto
615 2891 868 2960 tradidit,
923 2892 1315 2964 consentitquc
1367 2893 1714 2947 Gissemarus
1769 2892 1827 2947 in

203 2981 312 3035 Vita
329 2984 500 3038 sancti
527 2983 876 3040 Droctrovei.

263 3074 405 3131 Nihil
457 3093 642 3131 novus
693 3077 990 3148 dignitatis
1031 3079 1220 3150 gradis
1259 3077 1498 3132 mutavit
1534 3077 1594 3132 in
1650 3079 1825 3146 cultu,

200 3167 356 3237 victu,
412 3169 626 3241 vigiliis
663 3174 719 3224 et
764 3171 1063 3240 asperitate
1107 3171 1455 3242 pmnitentiaa
1491 3171 1828 3226 sanctissimi

1928 1966 2068 2022 inibi
2100 1968 2391 2038 sepelitur.
2416 1968 2720 2025 Successor
2751 1969 2872 2040 ejus
2901 1969 3182 2024 Clotarius
3211 1969 3558 2024 Francorum

1927 2076 2204 2114 coronam
2223 2061 2483 2132 adeptus,
2503 2061 2750 2117 Parisios
2765 2061 2940 2128 venit,
2960 2061 3056 2116 ubi
3073 2061 3146 2116 ob
3163 2063 3559 2132 contemptum

1927 2153 2160 2206 beatum
2184 2153 2534 2208 Germanum
2558 2154 2615 2208 in
2638 2170 2874 2224 gravem
2894 2154 3162 2208 morbum
3184 2152 3462 2218 incidens,
3487 2153 3558 2206 ab

1929 2244 2136 2298 eodem
2155 2248 2351 2300 sancto
2370 2249 2625 2313 sanatur,
2645 2245 2929 2300 scribente
2947 2246 3260 2300 fortunato.
3276 2245 3558 2299 Eumdem

1929 2338 2177 2408 acceptis
2197 2337 2413 2408 reginae
2435 2338 2806 2409 Radegundis
2827 2337 3338 2392 sacramentalibus
3357 2336 3559 2392 litteris

1929 2446 1963 2482 a
1986 2429 2280 2500 proposito
2311 2431 2500 2486 uxoris
2531 2430 2875 2502 recipienda:
2909 2430 3162 2484 deterret
3182 2433 3410 2484 sanctus
3429 2430 3560 2484 Ger-

1928 2538 2136 2576 manus
2157 2539 2292 2576 ann.
2437 2541 2450 2590 ;
2470 2526 2593 2576 tum
2613 2524 2870 2578 Pictavos
2889 2523 3180 2594 profectus
3203 2525 3264 2576 ut
3282 2522 3352 2576 ab
3372 2538 3440 2576 ea
3455 2538 3558 2593 pro

1927 2631 2065 2684 rege
2083 2615 2312 2670 veniam
2331 2615 2642 2687 deprecare
2651 2617 2758 2682 tur,
2777 2616 3062 2686 Agnetem
3075 2630 3271 2668 coram
3285 2613 3407 2668 aliis
3419 2613 3562 2685 epis-

1928 2707 2085 2779 c0pis
2115 2708 2172 2762 in
2203 2708 2557 2763 monasterio
2589 2711 2797 2762 sancta}
2821 2707 3192 2778 Radegundis
3212 2706 3559 2761 abbatissam

1928 2801 2300 2868 consecravit,
2331 2801 2487 2872 quod
2527 2800 2585 2854 in
2628 2801 2869 2872 epistola
2909 2800 2982 2855 ad
3009 2799 3307 2872 episcopos
3337 2800 3558 2854 concilii

1926 2894 2273 2948 Turonensis
2320 2895 2442 2966 ipsa
2485 2896 2776 2949 memorat
2823 2893 3213 2964 Radegundis.
3265 2892 3560 2948 Ordinavit

1929 3003 2083 3042 anno
2111 2986 2338 3041 circiter
2364 2990 2468 3042 560
2493 2986 2798 3059 Syagrium
2822 2985 3172 3040 Alduensem
3204 2985 3556 3057 episcopum.

1928 3082 2083 3134 Inter
2113 3080 2223 3134 alia
2253 3079 2571 3152 privilegia,
2605 3078 3030 3133 immunitatem
3061 3079 3132 3132 ab
3163 3077 3430 3150 episcopo
3451 3081 3556 3133 Pa-

1927 3173 2151 3227 risiensi
2179 3177 2235 3226 et
2258 3173 2458 3243 quovis
2479 3173 2592 3226 alio
2617 3172 2919 3226 monachis
2939 3171 3132 3226 Sancti
3154 3171 3434 3226 Vincentii
3453 3173 3560 3226 lar—

198 3260 312 3316 viri.
339 3262 600 3319 Interfuit
625 3279 776 3318 anno
803 3267 904 3318 557
933 3264 1232 3320 Parisiensi
1258 3281 1318 3318 ιιι
1345 3263 1607 3330 concilio,
1637 3264 1827 3318 habito
1846 3246 1904 3318 Β
1930 3266 2080 3336 gitus
2101 3267 2158 3319 et
2182 3283 2257 3320 xu
2281 3267 2406 3320 Kal.
2433 3265 2786 3336 Septembris
2808 3282 2962 3320 anno
2986 3269 3016 3319 5
3039 3263 3358 3320 Chariberti
3383 3263 3555 3335 regis,

199 3353 260 3408 ad
283 3357 636 3412 resarcienda
662 3357 868 3411 damna
893 3359 1084 3412 omnia
1112 3357 1367 3412 Ecclesiae
1401 3374 1470 3412 ex
1494 3357 1658 3413 bellis
1687 3357 1824 3412 civi-

197 3445 330 3502 libus
370 3449 544 3504 illata.
617 3449 808 3504 Astitit
861 3466 1012 3504 anno
1065 3453 1168 3506 558
1235 3451 1592 3506 translationi
1649 3451 1826 3505 sancti

198 3540 368 3596 Ursini
407 3541 773 3598 Bituricensis
818 3543 1087 3615 episcopi,
1131 3543 1276 3598 sicut
1315 3547 1372 3598 et
1407 3543 1596 3600 Sancti
1639 3543 1828 3598 Albini

201 3633 625 3707 Andegavensis,
651 3635 812 3706 cujus
832 3641 1058 3708 tempus
1085 3654 1200 3692 non
1218 3637 1541 3692 adnotatur.
1568 3637 1747 3708 Hujus
1765 3637 1826 3691 in

199 3723 455 3783 honorem
483 3728 782 3784 ecclesiam
809 3729 1097 3785 voluntate
1123 3735 1180 3784 et
1203 3729 1446 3801 imperio
1483 3727 1827 3784 Childeberti

199 3818 334 3890 regis
356 3827 488 3876 ante
513 3825 741 3894 portam
771 3822 1192 3894 Andegavensis
1218 3822 1373 3878 urbis
1397 3823 1663 3878 fundasse
1701 3839 1822 3878 me-

197 3918 432 3966 moratur
456 3915 518 3968 in
551 3914 748 3969 charta
777 3914 1008 3987 Nesingi
1034 3915 1302 3986 episcopi,
1334 3916 1392 3970 in
1430 3915 1576 3970 notis
1620 3914 1825 3969 Baluzii

194 4003 255 4057 ad
293 4004 588 4061 Servatum
629 4007 870 4078 Lupum,
911 4025 1044 4080 pag.
1091 4011 1213 4063 378.
1273 4010 1558 4072 Quantum
1601 4007 1705 4062 sub
1760 4024 1825 4062 eo

193 4097 418 4162 praesule
439 4098 841 4154 Childebertus
867 4115 967 4154 rex
995 4100 1203 4171 pietate
1244 4099 1533 4168 enituerit,
1581 4100 1828 4156 ostendit

196 4186 480 4261 imprimis,
510 4191 671 4264 quod
698 4193 954 4247 Ecclesiae
979 4193 1300 4260 Parisiensi,
1325 4173 1568 4248 sanitate
1599 4199 1827 4264 recepta

193 4283 436 4349 precibus
483 4284 673 4340 sancti
712 4285 1003 4355 Prtesulis,
1041 4286 1237 4356 cellas,
1281 4287 1497 4358 regiam
1537 4287 1723 4340 villam
1763 4285 1825 4340 in

189 4388 289 4442 qua
302 4379 685 4447 convaluerat,
713 4379 1026 4450 cellamque
1047 4379 1104 4432 in
1128 4379 1410 4448 provincia
1437 4396 1569 4432 cum
1596 4379 1826 4435 basilica

190 4465 365 4523 Sancti
410 4470 661 4525 Romani
703 4471 996 4526 donaverit
1038 4489 1188 4526 anno
1229 4471 1395 4542 regni
1418 4474 1506 4538 47,
1537 4472 1595 4526 in
1632 4487 1826 4526 mense

187 4558 440 4616 Januario
491 4563 660 4633 (Hist.
705 4565 905 4618 Eccles.
943 4566 1147 4627 Paria,
1187 4569 1226 4618 t.
1279 4566 1327 4627 Ι,
1362 4580 1497 4634 pag.
1550 4565 1660 4635 82).
1713 4563 1824 4618 Sed

187 4655 493 4720 praesertim
522 4657 727 4711 notatu
754 4656 927 4728 digna
955 4657 1107 4728 regis
1134 4657 1308 4728 hujus
1335 4656 1511 4712 effusa
1529 4657 1589 4711 in
1613 4673 1823 4728 paupe-

189 4759 270 4798 res
290 4745 620 4818 liberalitas,
649 4748 726 4803 ita
751 4753 817 4804 ut
841 4765 1074 4805 auream
1115 4753 1171 4805 et
1206 4755 1537 4821 argenteam
1573 4749 1819 4820 supellc-

187 4837 365 4894 ctilem
390 4841 462 4896 ad
492 4857 594 4896 eos
617 4842 952 4898 nutriendos
979 4848 1035 4898 et
1053 4843 1325 4898 fovendos
1349 4843 1736 4914 confringeret
1759 4859 1821 4896 ac

188 4933 465 5003 conﬂaret,
495 4935 732 4990 consilio
774 4941 830 4990 et
873 4936 1146 5006 exemplis
1187 4936 1451 4990 Germani
1483 4941 1818 5007 permotus:

183 5026 326 5080 unde
365 5027 514 5084 forte
554 5033 686 5084 nata
721 5028 912 5100 opinio
961 5033 1218 5083 sanctum
1261 5029 1609 5084 Germanum
1651 5030 1822 5084 fuisse

187 5118 298 5189 regi
321 5121 391 5174 ab
418 5121 798 5192 eleemosynis
827 5121 1100 5194 primum,
1123 5127 1200 5190 et,
1229 5126 1293 5176 ut
1319 5121 1488 5177 modo
1511 5121 1819 5194 loquimur,

183 5226 452 5284 magnum
482 5215 1018 5286 eleemosynarium.
1039 5217 1479 5287 Cassaraugustae
1503 5215 1661 5270 urbis
1687 5233 1825 5288 opu-

184 5303 502 5363 lentissimae
519 5308 582 5362 in
603 5307 867 5378 Hispania
885 5309 957 5363 ad
980 5309 1126 5381 ripas
1144 5308 1287 5364 lberi
1309 5308 1598 5364 obsidione
1619 5310 1819 5378 soluta,

183 5404 231 5452 et
263 5399 393 5455 inde
436 5401 614 5455 allata
657 5401 936 5456 Vincentii
986 5401 1210 5458 diaconi
1255 5406 1312 5457 et
1352 5403 1616 5473 martyris
1661 5403 1819 5470 stola,

189 5505 437 5547 reversus
497 5493 790 5548 Lutetiam
847 5493 1246 5549 Childebcrtus
1310 5494 1596 5549 aedificare
1653 5494 1825 5566 ccepit

185 5581 362 5650 (Ιὺὶἀη
377 5603 436 5658 p.
458 5585 552 5655 87)
572 5586 752 5640 sancti
777 5587 1048 5642 Germani
1070 5586 1355 5658 pontiﬁcis
1371 5588 1626 5653 hortatu,
1642 5587 1821 5641 sancti

187 5675 462 5733 Vincentii
477 5679 739 5746 nomine,
760 5679 1038 5734 illustrem
1059 5680 1374 5747 basilicam,
1393 5680 1453 5734 in
1474 5697 1588 5750 qua
1610 5679 1822 5734 dictam

186 5772 384 5825 stolam
417 5771 706 5843 deposuit.
743 5773 899 5826 Hanc
937 5775 1128 5827 autem
1157 5773 1480 5828 absolutam
1509 5772 1735 5836 dicavit,
1766 5776 1824 5826 et

189 5862 439 5931 pluribus
487 5864 899 5920 donationibus
943 5867 1096 5922 uinxit
1137 5868 1368 5922 sanctus
1407 5866 1726 5920 Germanus
1755 5864 1821 5920 23

1843 4611 1898 4685 C

1926 3359 2133 3414 Christi
2179 3362 2279 3414 565
2321 3359 2508 3429 (Ibi(l.,
2550 3375 2606 3430 p.
2650 3357 2760 3428 89).
2795 3358 2988 3412 Astitit
3028 3375 3122 3412 an.
3171 3361 3272 3413 566
3315 3373 3385 3411 xv
3430 3357 3553 3411 Kal.

1925 3453 2194 3507 Deceml).
2219 3452 2460 3507 concilio
2481 3451 2796 3506 Turonensi
2827 3468 2884 3517 ιι,
2911 3451 3005 3505 ubi
3028 3451 3322 3506 decretum
3347 3449 3558 3522 episco-

1923 3562 2132 3615 porum
2164 3545 2234 3599 de
2263 3549 2526 3616 suscepta
2553 3545 2739 3599 beatae
2771 3544 3144 3614 Radcgundis
3165 3543 3407 3616 cpistola
3428 3561 3559 3600 con-

1926 3638 2200 3708 scriptum
2228 3642 2313 3692 est
2338 3638 2515 3709 (Cone.
2549 3638 2724 3692 Hard.
2755 3641 2880 3692 tom.
2907 3639 3012 3700 III,
3041 3637 3148 3691 col.
3179 3636 3323 3707 367).
3351 3637 3556 3692 Conse~

1926 3730 2104 3785 cravit
2123 3748 2276 3786 anno
2303 3735 2403 3786 568
2424 3731 2666 3785 Felicem
2691 3729 3008 3800 Biturigum
3026 3729 3376 3800 episcopum.
3397 3730 3558 3785 Circa

1927 3823 2083 3880 idem
2125 3829 2369 3896 tempus,
2414 3827 2500 3878 est
2539 3823 2908 3878 Charibertus
2947 3839 3047 3875 rex
3089 3821 3290 3875 incesti
3316 3821 3555 3877 crimine

1925 3915 2320 3982 insimulatus;
2348 3915 2557 3986 quippe
2586 3914 2680 3986 qui
2703 3913 3005 3985 repudiata
3026 3912 3284 3984 legitima
3309 3913 3554 3984 conjuge
3623 3985 3631 3995 .

1927 4011 2253 4082 Ingoberta,
2286 4007 2654 4064 Meroﬂedem
2687 4024 2752 4061 ac
2792 4011 2992 4078 postea
3029 4006 3406 4061 Marcofevam
3433 4006 3556 4076 ejus

1926 4119 2182 4158 sororem
2205 4101 2473 4173 religiosa
2493 4104 2648 4154 veste
2672 4099 2955 4168 indutam,
2975 4099 3103 4170 conj
3113 4099 3244 4171 ugio
3263 4099 3368 4154 sibi
3389 4116 3557 4171 copu-

1925 4199 2159 4251 laverat.
2193 4196 2335 4251 Cum
2367 4195 2545 4249 nollet
2575 4210 2704 4248 eam
2741 4193 3050 4258 dimittere,
3080 4193 3152 4246 ab
3181 4193 3387 4248 eodem
3417 4193 3553 4248 Ger-

1925 4306 2100 4344 mano
2121 4289 2294 4343 sacris
2317 4287 2654 4342 interdictus
2671 4289 2790 4341 est:
2810 4285 2965 4356 quod
2985 4285 3232 4340 recitant
3251 4285 3556 4358 Gregorius

1925 4383 2022 4436 lib.
2049 4399 2122 4448 iv,
2143 4399 2267 4453 cap.
2293 4384 2380 4448 26,
2404 4383 2464 4434 et
2481 4381 2651 4436 Gesta
2669 4382 2928 4434 veterum
2949 4380 3299 4432 Francorum
3321 4395 3445 4449 cap.
3465 4382 3552 4444 30,

1927 4475 2022 4529 ubi
2054 4478 2112 4529 et
2137 4475 2348 4546 legitur
2373 4490 2406 4528 a
2433 4490 2572 4545 rege
2599 4472 2936 4530 Ghariberto
2958 4471 3341 4526 Encolismam
3368 4471 3556 4524 civita-

1925 4571 2043 4621 tem
2091 4567 2330 4621 missum
2376 4566 2729 4620 Germanum
2762 4581 2893 4619 cum
2929 4563 3203 4634 Gregorio
3239 4563 3556 4618 Turonensi

1925 4676 2288 4715 consecrasse
2328 4657 2622 4712 basilicam
2667 4657 2848 4711 sancti
2888 4655 3152 4726 Eparchii
3189 4654 3378 4726 (Labb.
3415 4657 3551 4710 Nov.

1925 4752 2188 4806 Biblioth.
2219 4757 2256 4806 t.
2285 4754 2331 4813 Ι,
2355 4769 2415 4821 p.
2451 4751 2590 4816 I52),
2625 4749 2722 4820 qui
2767 4749 2909 4803 inibi
2937 4765 3121 4819 nuper
3149 4749 3402 4818 sepultus
3430 4749 3553 4802 fue-

1923 4849 2032 4900 rat.
2053 4847 2127 4899 At
2157 4860 2414 4899 errorem
2443 4843 2500 4897 in
2529 4841 2858 4896 nominibus
2885 4841 3330 4912 deprehendunt
3354 4841 3558 4895 doctis-

1925 4937 2052 4991 simi
2083 4935 2444 4991 Bollandista:
2471 4952 2536 4988 ex
2567 4933 2841 5004 temporis
2871 4933 3095 4987 ratione
3121 4949 3132 4988 :
3165 4950 3301 4987 nam
3327 4937 3556 4989 sanctus

1925 5034 2244 5085 Germanus
2277 5045 2440 5100 aeque
2488 5045 2553 5081 ac
2591 5026 2960 5082 Gharihertus
2991 5043 3088 5080 rex
3120 5030 3253 5082 ante
3293 5031 3555 5082 sanctum

1924 5123 2268 5195 Eparcliium
2301 5139 2330 5176 e
2357 5121 2496 5175 vivis
2522 5136 2832 5185 excessere,
2858 5123 2920 5173 ut
2951 5123 3155 5175 notant
3185 5122 3342 5176 tomo
3365 5118 3554 5184 IJuIii,

1924 5233 2056 5288 pag.
2079 5219 2194 5270 109.
2213 5215 2482 5269 Invitatus
2499 5231 2532 5268 a
2549 5214 2831 5268 Domnolo
2851 5213 3274 5268 Cenomanensi
3289 5213 3554 5283 episcopo

1925 5309 1997 5363 ad
2030 5308 2454 5364 dedicationem
2488 5305 2824 5362 monasterii
2861 5306 3055 5360 Sancti
3087 5305 3365 5360 Vincentii
3393 5305 3556 5374 juxta

1926 5403 2127 5456 urbem
2158 5403 2624 5457 Cenomanorum
2663 5400 2853 5454 eidem
2883 5400 3060 5454 astitit
3086 5415 3238 5454 anno
3270 5402 3392 5466 57],
3429 5398 3551 5452 Kal.

1924 5495 2220 5562 Novemb.,
2242 5498 2304 5548 ut
2324 5497 2549 5548 constat
2569 5510 2636 5548 ex
2657 5493 2860 5548 litteris
2880 5491 3145 5548 Domnoli
3167 5491 3348 5562 pridie
3373 5505 3554 5546 nonas

1923 5588 2149 5642 Martias
2170 5587 2317 5642 datis
2337 5587 2396 5641 in
2416 5587 2566 5641 hanc
2586 5603 2731 5654 rem,
2756 5585 2962 5658 quibus
2977 5583 3307 5655 subscripsit
3325 5583 3554 5638 Germa-

1925 5700 2050 5736 nus.
2079 5681 2346 5736 Interfuit
2379 5697 2533 5736 anno
2570 5683 2670 5735 573
2701 5679 2943 5735 concilio
2967 5676 3272 5732 Parisiensi
3297 5675 3548 5745 1v(Conc.

1925 5775 2098 5830 Hard.
2131 5780 2255 5830 tom.
2279 5776 2382 5838 III,
2407 5775 2514 5830 col.
2539 5772 2684 5842 404),
2714 5771 2810 5826 ubi
2846 5771 2997 5824 inter
3025 5773 3233 5824 caetera
3263 5767 3550 5837 depositus

1927 5871 2011 5922 cst
2031 5871 2352 5936 Promotus,
2368 5866 2464 5939 qui
2487 5864 2807 5936 episcopale
2831 5861 3082 5917 officium
3105 5861 3160 5916 in
3181 5858 3404 5916 dioecesi
3423 5859 3551 5910 Car-
