4020 6232
460 312 527 372 55
1358 312 1651 372 SANCTUS
1686 311 2065 377 GERMANES,
2108 311 2513 366 PARISIENSIS
2550 307 2923 367 EPISCOPUS.
3758 310 3826 367 50

462 420 687 481 notensi
710 425 1030 496 usurparat,
1052 419 1322 478 nimirum
1346 421 1403 477 in
1428 419 1894 486 Castrodunensi,
1915 421 1972 473 et
1992 418 2088 490 qui
2111 430 2169 502 Α
2191 416 2309 471 dati
2352 417 2584 471 fuerant
2624 418 2894 488 parentes
2929 415 3052 487 ejus
3080 414 3439 473 Eleutherius
3469 418 3527 472 et
3555 415 3825 484 Eusebia,

462 518 535 573 ad
559 518 845 590 synodum
867 535 900 572 a
921 518 1209 572 Germano
1231 516 1498 571 invitatus
1518 515 1710 568 venire
1732 517 2089 584 contempse-

460 614 567 666 rat.
589 614 756 666 Anno
779 616 901 675 575,
923 610 1345 665 Brunichildem
1368 609 1627 678 reginam
1649 608 1939 660 luculenta
1960 606 2089 660 hor-

462 708 613 759 tatus
643 709 729 757 est
749 704 989 775 epistola
1011 708 1071 757 ut
1098 703 1445 771 Sigibertum
1468 700 1773 770 conjung
1797 717 1830 752 a
1852 700 2086 753 consilio

461 799 596 853 belli
633 797 785 869 quod
820 797 982 850 fratri
1006 796 1291 849 inferebat
1323 812 1423 847 suo
1455 796 1751 847 revocaret
1772 794 1934 863 (Hist.
1964 795 2088 846 cccl.

460 894 663 953 Paris.,
686 896 724 945 t.
748 893 795 952 Ι,
818 908 874 960 p.
906 892 1013 959 90).
1041 890 1191 942 Hanc
1216 887 1393 945 babes
1414 887 1471 941 in
1496 885 1813 957 appendice
1837 886 2087 955 Operum

462 985 721 1056 Gregorii
758 980 1100 1037 Turonensis
1140 980 1461 1035 novissinue
1492 978 1778 1045 editionis,
1809 979 1916 1032 col.
1954 980 2087 1033 1343

461 1078 614 1149 (Vid.
650 1079 800 1144 infra
827 1076 923 1129 col.
958 1074 1101 1144 900).
1138 1072 1397 1126 lnfinitus
1432 1088 1616 1125 essem
1650 1072 1694 1125 si
1721 1071 1901 1124 sancti
1938 1071 2087 1124 anti-

461 1170 605 1225 stitis
647 1169 882 1222 virtutes
920 1171 977 1220 et
1009 1166 1286 1220 miracula
1328 1182 1628 1218 recensere
1670 1165 1895 1217 vellem.
1930 1165 2089 1217 Hunc

462 1264 739 1318 Robertus
760 1278 857 1315 rex
879 1261 935 1313 in
959 1260 1271 1330 diplomate
1294 1258 1641 1311 Parisiorum
1659 1258 1921 1328 clypeum
1939 1257 2090 1310 inex-

458 1355 830 1427 pugnabilem
851 1355 1164 1423 nuncupat.
1185 1351 1449 1405 Celebrat
1471 1351 1811 1403 Fortunatus
1833 1350 1954 1419 ejus
1973 1368 2091 1403 mo-

458 1465 588 1503 rum
618 1447 1001 1511 sanctitatem,
1032 1444 1284 1514 clerique
1316 1442 1648 1497 Parisiensis
1671 1443 1773 1495 sub
1801 1459 1868 1496 eo
1899 1443 2086 1514 ponti-

459 1542 563 1596 fice
576 1540 918 1611 religionem
938 1542 994 1591 et
1007 1536 1370 1591 ecclesiastici
1388 1536 1545 1589 chori
1565 1539 1906 1590 concentum
1925 1553 1935 1590 :
1954 1553 2089 1589 nam

460 1636 729 1705 poemate
762 1634 842 1698 19,
874 1631 969 1684 lib.
999 1647 1058 1697 ιι,
1090 1629 1212 1699 ejus
1244 1628 1565 1683 institutum
1609 1645 1809 1681 recens
1836 1628 1906 1681 de
1938 1630 2088 1698 psal-

460 1726 656 1781 modia
673 1723 1062 1789 commendat,
1082 1738 1259 1793 quam
1275 1739 1306 1776 a
1324 1722 1534 1793 populo
1554 1725 1611 1775 et
1626 1722 1778 1774 clero
1792 1720 2088 1791 parisiensi

463 1820 610 1873 mira
630 1817 957 1888 frequentia
979 1820 1036 1869 et
1055 1816 1380 1870 animorum
1406 1814 1699 1868 alacritate
1722 1814 1985 1883 perhibet
2007 1832 2090 1868 su-
2114 1796 2167 1866 B

461 1916 715 1984 sceptam
741 1910 932 1964 fuisse.
959 1910 1201 1962 Demum
1229 1910 1349 1961 fere
1381 1906 1784 1977 octogenarius
1806 1906 1861 1959 in
1886 1908 2092 1960 caelum

462 2004 728 2077 migravit
774 2006 1091 2058 Germanus
1142 2019 1173 2053 v
1224 2001 1464 2054 Kalend.
1514 2000 1711 2053 Junias
1758 2016 1911 2053 anno
1966 2003 2088 2066 576,

459 2099 630 2169 paulo
647 2100 774 2169 post
794 2113 965 2167 quam
984 2095 1269 2165 Sigiberto
1292 2094 1411 2164 regi
1436 2092 1820 2146 comminatus
1840 2095 2090 2146 mortem

458 2191 657 2244 fuisset
678 2206 741 2243 ac
760 2187 1129 2260 praedixisset,
1152 2190 1212 2240 ut
1230 2187 1406 2240 refert
1423 2185 1730 2255 Gregorius
1746 2185 2091 2239 Turonensis

459 2284 555 2338 lib.
592 2300 665 2349 ιν,
694 2299 817 2352 cap.
856 2285 941 2335 52.
974 2281 1133 2333 Diem
1176 2296 1405 2349 quoque
1446 2278 1529 2331 sui
1558 2278 1677 2348 ipse
1705 2278 1892 2331 obitus
1919 2279 2089 2348 paulo

460 2380 592 2430 ante
638 2373 1128 2446 pronuntiaverat.
1170 2373 1247 2425 De
1296 2372 1417 2441 ejus
1464 2372 1664 2424 funere
1708 2370 1783 2423 ita
1827 2370 2092 2424 laudatus

460 2456 769 2540 Gregorius
800 2467 944 2519 libro
978 2482 1029 2531 v,
1064 2482 1186 2535 cap.
1223 2468 1254 2518 8
1284 2482 1295 2517 :
1330 2486 1355 2510 ‹‹
1388 2466 1447 2517 ln
1487 2464 1663 2534 cujus,
1696 2463 1900 2534 inquit,
1931 2479 2089 2516 exse-

460 2561 625 2634 quiis,
652 2559 843 2614 multis
863 2557 1162 2611 virtutibus
1186 2574 1325 2627 quas
1350 2557 1403 2610 in
1427 2573 1665 2627 corpore
1689 2559 1963 2625 gesserat,
1981 2556 2091 2609 hoc

460 2654 799 2709 miraculum
845 2650 1346 2705 confirmationem
1386 2650 1538 2703 fecit.
1574 2650 1717 2703 Nam
1759 2648 2092 2702 carcerariis

460 2746 928 2811 acclamantibus,
953 2760 1157 2814 corpus
1179 2743 1233 2797 in
1258 2744 1449 2814 platea
1470 2746 1847 2813 aggravatum
1870 2744 1974 2809 est,
1999 2759 2087 2796 so-

459 2840 704 2911 lutisque
730 2838 967 2903 eisdem,
988 2854 1181 2891 rursus
1202 2837 1323 2890 sine
1346 2836 1542 2889 labore
1558 2837 1779 2889 levatur
1799 2852 1810 2889 :
1832 2835 1937 2905 ipsi
1956 2852 2092 2905 quo-

461 2951 571 3005 que
605 2933 697 3003 qui
727 2932 893 2986 soluti
922 2920 1170 2995 fuerant,
1206 2930 1261 2983 in
1300 2929 1636 2999 obsequium
1667 2928 1884 2981 funeris
1912 2945 2090 2998 usque

461 3027 533 3081 ad
558 3026 852 3080 basilicam
874 3024 931 3077 in
956 3040 1069 3094 qua
1090 3024 1343 3093 sepultus
1365 3026 1469 3088 est,
1496 3021 1657 3075 liberi
1680 3024 2087 3091 pervenerunt.

458 3120 544 3175 Ad
574 3120 897 3190 sepulcrum
931 3120 1122 3171 autem
1166 3116 1288 3185 ejus
1324 3116 1533 3169 multas
1560 3115 1814 3181 virtutes,
1844 3114 2089 3169 Domino

461 3213 767 3277 tribuente,
802 3210 1103 3264 credentes
1132 3208 1522 3279 experiuntur.
1550 3230 1575 3253 ››
1603 3209 1728 3262 Harc
1761 3210 2087 3279 Gregorius,

461 3306 557 3377 qui
582 3309 783 3376 postea
804 3302 1175 3358 commendat
1192 3302 1396 3355 librum
1418 3301 1542 3354 vitae
1562 3302 1741 3355 sancti
1758 3302 2043 3373 pontificis
2060 3319 2092 3355 a

460 3400 771 3453 Fortunato
790 3396 1122 3468 presbytero
1142 3395 1541 3464 compositum.
1557 3395 1661 3448 Alii
1676 3395 1858 3461 citius,
1874 3395 2093 3449 tardius

461 3490 556 3545 alii
591 3493 840 3544 mortem
868 3489 989 3558 ejus
1022 3487 1337 3558 assignant,
1373 3504 1581 3558 nempe
1615 3488 1781 3541 annis
1810 3492 1931 3554 575,
1968 3492 2088 3541 577.

461 3584 737 3638 Baronius
757 3580 991 3635 biennio
1016 3584 1139 3651 post
1163 3580 1498 3635 defunctum
1524 3580 1696 3634 tradit
1717 3582 2088 3646 Germanum,

462 3681 519 3730 et
545 3678 705 3746 Hugo
730 3674 1164 3729 Flaviniacensis
1188 3690 1249 3727 ex
1272 3674 1553 3728 Chronico
1576 3674 1915 3727 Virdunensi
1939 3672 2092 3743 apud

461 3769 767 3822 Labbazum
818 3785 873 3838 p.
916 3771 1034 3831 101,
1081 3772 1111 3819 9
1152 3768 1420 3820 Februar.
1471 3771 1593 3831 582,
1637 3767 1731 3819 ubi
1784 3781 2089 3836 perperam

460 3863 698 3916 fratrem
744 3862 793 3915 ei
840 3861 1011 3914 fuisse
1040 3861 1274 3913 Paulum
1304 3859 1722 3912 Virdunenscm
1758 3858 2091 3929 episcopum

462 3954 680 4019 asserit,
705 3954 801 4025 qui
828 3954 1057 4023 vigebat
1078 3968 1230 4006 anno
1253 3954 1375 4005 630.
1400 3952 1736 4005 Tumulatur
1758 3952 1813 4003 in
1837 3949 2088 4005 oratorio

461 4047 642 4101 sancti
686 4046 1110 4117 Symphoriani,
1140 4044 1293 4116 quod
1336 4044 1454 4113 ipse
1489 4048 1884 4097 construxerat
1916 4044 1969 4097 in
2001 4043 2088 4095 in-

463 4157 659 4211 gressu
679 4139 922 4195 basilicae
954 4139 1132 4194 sancti
1166 4138 1467 4201 Vincentii,
1494 4137 1587 4191 ubi
1610 4137 1763 4206 prius
1785 4138 2087 4207 sepulturae.

2111 3159 2166 3231 C

2190 527 2293 581 pro
2312 527 2557 581 quorum
2577 511 2966 565 anniversario
2983 512 3165 565 multa
3181 512 3420 583 largitus
3433 510 3828 567 fuerateidem

2191 604 2461 657 ecclesize.
2489 603 2757 657 Germani
2788 604 3145 675 epitaphium
3175 621 3207 658 a
3232 605 3553 676 Chilperico
3580 621 3742 676 rege,
3766 605 3829 661 in

2190 697 2425 767 poeticis
2448 696 2649 750 litteris
2670 698 2913 761 exculto,
2934 698 3321 769 conscriptum
3344 701 3506 752 notat
3525 698 3830 753 Aimoinus

2190 790 2285 843 lib.
2314 807 2392 854 In,
2427 807 2552 861 cap.
2582 793 2673 853 16;
2709 789 2863 860 quod
2906 793 3102 844 tamen
3143 791 3237 844 alii
3269 808 3301 845 a
3328 808 3465 861 rege
3493 792 3544 845 ei
3573 791 3829 862 positum

2190 886 2435 947 tantum,
2470 883 2539 937 ab
2566 882 2661 937 illo
2697 899 2831 936 vero
2871 882 2967 954 qui
3000 884 3137 937 Vitae
3175 884 3355 938 sancti
3391 884 3665 939 Germani
3698 888 3830 938 acta

2189 975 2528 1046 composuit,
2570 975 2840 1046 scriptum
2884 992 3004 1028 esse
3051 977 3428 1030 contendunt.
3466 976 3829 1031 Mabillonius

2191 1068 2264 1122 ad
2296 1084 2511 1122 annum
2539 1072 2658 1135 576,
2685 1085 2741 1121 n.
2767 1071 2853 1135 (i8,
2880 1085 2913 1121 a
2936 1068 3256 1139 Chilperico
3278 1086 3416 1140 rege
3438 1069 3827 1140 compositum

2191 1160 2424 1231 quidem
2457 1160 2811 1231 epitaphium
2844 1161 3094 1232 conjicit,
3120 1163 3220 1216 sed
3253 1163 3324 1216 ab
3355 1162 3621 1217 Aimoino
3650 1178 3826 1233 expo-

2192 1254 2374 1307 litum.
2404 1253 2495 1307 Sic
2527 1258 2721 1307 autem
2752 1254 2929 1307 habet
2958 1271 2970 1308 :

2192 1348 2441 1400 Ecclesia:
2466 1348 2761 1416 speculum,
2786 1350 2986 1416 patrue
3012 1350 3182 1414 vigor,
3214 1364 3311 1402 ara
3343 1365 3574 1410 reorum,

2262 1442 2333 1494 Et
2354 1445 2535 1510 pater,
2569 1445 2619 1494 et
2649 1441 2904 1501 medicus,
2930 1447 3144 1509 pastor,
3172 1458 3428 1512 amorque
3456 1445 3655 1510 gregis,

2192 1533 2491 1586 Germanus
2522 1536 2741 1595 virtute,
2767 1534 2893 1602 ﬁde,
2921 1534 3097 1595 corde,
3131 1551 3219 1587 ore
3247 1536 3451 1598 beatus,

2263 1624 2437 1679 Carne
2463 1630 2605 1680 tenet
2630 1626 2916 1687 tumulum,
2945 1629 3138 1680 mentis
3170 1628 3367 1682 honore
3388 1630 3593 1697 polum.

2198 1720 2296 1772 Vir
2321 1721 2418 1787 qui
2447 1719 2586 1771 dura
2614 1719 2753 1771 nihil
2782 1724 3082 1773 nocuerunt
3111 1722 3236 1786 fata.
3268 1722 3523 1790 sepulcri,

2270 1813 2413 1865 Vivit
2444 1814 2604 1871 enim,
2633 1828 2761 1865 nam
2788 1828 2927 1865 mors
2956 1828 3111 1880 quem
3140 1815 3265 1867 tulit
3292 1816 3410 1882 ipsa
3439 1817 3603 1868 timet.

2192 1904 2368 1957 Crevit
2394 1904 2571 1957 adhuc
2595 1907 2776 1972 potius
2794 1905 2984 1973 justus
3006 1912 3129 1974 post
3154 1909 3378 1973 funera,
3412 1923 3535 1961 nam
3568 1910 3667 1976 qui

2263 1998 2449 2049 Fictilc
2478 2013 2574 2049 cas
2599 2000 2805 2064 fuerat,
2832 2014 3043 2064 gemma;
3070 2000 3303 2067 superba
3332 2002 3511 2053 micat.

2190 2090 2371 2157 Hujus
2410 2106 2559 2158 opem
2596 2108 2659 2143 ac
2690 2093 2939 2144 meritum
2967 2094 3128 2145 mutis
3154 2093 3285 2145 (lata
3310 2094 3473 2146 verba
3505 2094 3826 2161 loquuntur,

2261 2183 2523 2236 Redditus
2555 2188 2604 2236 et
2636 2185 2786 2237 ccccis
2812 2184 3081 2253 ριγΜὶσαί
3110 2201 3200 2238 ore
3226 2186 3359 2238 dies.

2191 2277 2349 2330 Nunc
2374 2277 2459 2328 vir
2483 2277 2808 2345 apostolicus
2835 2280 3053 2345 sapiens
3081 2278 3145 2330 de
3172 2295 3333 2332 carne
3363 2281 3659 2349 tr-Ophwum

2261 2371 2390 2421 Jure
2422 2370 2744 2437 triumphali
2773 2371 3011 2423 considet
3042 2386 3164 2423 arce
3194 2372 3392 2425 throni.

2262 2462 2621 2515 Translatum
2664 2466 2750 2515 est
2789 2479 3013 2515 sacrum
3054 2464 3321 2517 Germani
3366 2482 3570 2536 corpus
3603 2467 3678 2521 ad
3705 2485 3834 2522 ma-

2186 2555 2374 2623 jorem
2403 2554 2700 2607 ecclesiam
2733 2571 2827 2607 vni
2860 2555 2980 2608 Kal.
3007 2556 3243 2625 Augusti
3273 2573 3427 2611 anno
3456 2560 3577 2625 733i,
3604 2563 3836 2614 astante

2190 2646 2391 2717 Pipino
2426 2664 2584 2717 rege,
2616 2649 2764 2700 latus
2796 2647 2918 2717 ejus
2960 2648 3303 2719 stipantibus
3344 2651 3731 2707 Carlomanno
3773 2658 3838 2707 et

2192 2741 2394 2794 Carolo
2424 2740 2517 2810 qui
2552 2744 2750 2810 postea
2780 2740 2962 2794 dictus
2990 2745 3075 2794 est
3104 2742 3359 2813 Magnus,
3391 2744 3494 2798 sub
3526 2745 3834 2801 Lansfrido

2192 2833 2373 2886 sancti
2404 2832 2671 2886 Germani
2702 2834 2929 2898 abbate,
2962 2834 3122 2905 cujus
3151 2836 3279 2889 festi
3313 2838 3596 2892 memoria
3621 2840 3834 2893 recoli-

2193 2930 2284 2979 tur
2328 2926 2418 2979 die
2456 2929 2522 2979 25
2556 2925 2704 2980 Julii.
2741 2926 2873 2996 Ejus
2915 2927 2970 2980 in
3012 2928 3295 2982 honorem
3338 2930 3831 2998 Bertichramnus,

2193 3020 2659 3073 Cenomanorum
2700 3019 3018 3090 episcopus,
3055 3021 3153 3092 qui
3189 3021 3259 3075 ab
3298 3039 3367 3077 eo
3400 3024 3701 3095 presbyter
3731 3042 3831 3080 or-

2193 3112 2422 3165 dinatus
2479 3112 2699 3177 fuerat,
2760 3113 3177 3167 monasterium
3245 3117 3398 3186 apud
3462 3116 3837 3174 Cenomanos

2195 3205 2341 3257 ultra
2390 3203 2623 3257 fluvium
2675 3203 2892 3258 Sarthze
2950 3206 3208 3262 condidit
3266 3212 3323 3262 et
3373 3209 3607 3276 dotavit,
3669 3212 3835 3283 quod

2195 3314 2345 3349 nunc
2386 3296 2682 3350 redactum
2729 3300 2815 3351 est
2860 3298 2917 3351 in
2964 3300 3327 3368 parazcialem
3360 3303 3660 3357 ecclesiam
3692 3304 3834 3359 sub-

2196 3391 2495 3443 urbanam.
2534 3390 2617 3441 Ab
2652 3390 2774 3459 ejus
2815 3407 3045 3461 quoque
3087 3393 3321 3447 nomine
3362 3394 3513 3449 dicta
3542 3396 3695 3467 apud
3719 3398 3833 3452 Pa-

2194 3482 2356 3535 risios
2387 3481 2627 3535 ecclesia
2654 3483 2833 3535 sancti
2861 3484 3131 3539 Germani
3163 3487 3390 3553 veteris,
3422 3488 3579 3559 prius
3606 3491 3838 3561 capella

2193 3574 2385 3629 Sancti
2432 3575 2669 3629 Joannis
2712 3575 2979 3645 Baptista:
3024 3578 3095 3631 ab
3128 3579 3249 3649 ipso
3295 3585 3494 3635 sancto
3537 3582 3834 3639 Germano

2192 3671 2326 3720 tunc
2390 3668 2597 3721 abbate
2658 3666 2850 3721 Sancti
2899 3670 3305 3741 Sympboriani
3359 3677 3705 3742 constructa,
3765 3676 3834 3732 in

2192 3777 2364 3830 quam
2415 3761 2487 3813 ob
2536 3762 2757 3813 metum
2808 3763 3274 3820 Normannorum
3329 3767 3588 3837 ejusdem
3641 3771 3832 3825 sancti

2192 3871 2396 3925 corpus
2440 3854 2777 3908 translatum
2821 3872 2975 3911 anno
3017 3861 3138 3923 886,
3172 3876 3277 3929 per
3305 3860 3603 3915 biennium
3642 3862 3824 3934 depo-

2192 3948 2360 4001 situm
2408 3949 2637 4002 mansit.
2670 3948 2880 4003 Sancto
2926 3951 3214 4006 Germano
3255 3953 3522 4007 tribuitur
3560 3971 3703 4027 opus
3747 3955 3825 4011 de

2188 4041 2351 4095 Missa
2382 4045 2538 4096 tomo
2568 4045 2607 4096 V
2636 4043 2938 4111 Anecdot.,
2972 4046 3077 4098 col.
3108 4047 3195 4099 91.

1331 4470 1968 4599 SANCTI
2095 4470 2958 4629 GERMANI,

1540 4693 2183 4776 PARISIENSIS
2268 4694 2733 4778 EPISCOPI

1833 4895 2467 5064 VITA,

950 5137 1317 5203 AUCTORE
1378 5137 1780 5206 VENANTIO
1844 5140 2321 5206 FORTUNATO
2381 5140 2759 5205 EPISCOPO
2823 5141 3319 5206 PICTAVIENSI

1498 5268 1609 5331 Ad
1632 5286 1783 5330 mss.
1823 5267 2031 5333 Codd.
2065 5266 2408 5347 diligenter
2438 5267 2785 5346 recogm'ta.

1434 5418 2817 5461 ψ

2820 5442 3049 5451 “.—

522 5554 562 5604 Ι.
594 5550 799 5603 Beatus
844 5550 1017 5621 igitur
1062 5555 1379 5610 Germanus
1411 5555 1759 5611 Parisiorum
1802 5553 2080 5623 pontifex,
2102 5567 2161 5638 D
2187 5553 2338 5624 quod
2372 5554 2522 5607 hunc
2556 5555 2683 5623 post
2707 5552 2952 5605 alterum
2975 5552 3123 5606 intra
3145 5553 3316 5607 breve
3344 5554 3592 5625 spatium
3622 5571 3821 5610 conce-

454 5640 721 5697 territorii
749 5645 1282 5715 Augustodnnensis
1307 5648 1602 5719 indigena,
1632 5649 1794 5717 patre
1821 5646 2085 5699 Eleuthe-

453 5736 556 5798 rio,
590 5739 775 5791 matre
817 5756 1046 5811 quoque
1082 5742 1342 5808 Eusebia,
1382 5740 1637 5795 honestis
1669 5739 2081 5810 bonoratisque

452 5828 785 5898 parentibus
822 5837 1158 5906 procreatus
1200 5838 1303 5888 est.
1348 5834 1519 5904 Cujus
1563 5833 1825 5904 genitrix,
1867 5850 1969 5904 pro
2014 5848 2081 5887 eo

2186 5646 2359 5717 pisset
2390 5647 2445 5700 in
2469 5649 2653 5709 utero,
2680 5644 2896 5716 pudore
2918 5649 3078 5700 mota
3098 5645 3363 5700 muliebri
3385 5647 3653 5718 cupiebat
3682 5655 3818 5705 ante

2188 5743 2412 5809 partum
2434 5739 2719 5793 infantem
2741 5738 3136 5809 exstinguere:
3163 5742 3219 5792 et
3241 5743 3475 5812 accepta
3497 5740 3733 5811 potione
3759 5748 3820 5798 ut

2185 5832 2504 5888 abortivum
2534 5830 2859 5905 projiceret,
2887 5829 3023 5885 dum
3057 5847 3265 5887 nocere
3287 5849 3403 5887 non
3428 5837 3640 5904 posset,
3665 5834 3821 5892 incu—
3872 5840 3875 5847 “
