4020 6232
108 355 170 409 ‘57
1728 364 1897 422 \‘lTA.
3429 360 3495 424 58

106 460 284 518 babat
318 462 380 518 in
419 466 648 534 ventre,
685 470 748 521 ut
783 467 1040 539 pondere
1076 468 1427 540 praefodaret
1465 489 1638 544 quem
1667 489 1760 527 ve-
1783 497 1843 570 Α
1938 474 2020 529 ιν.
2055 475 2233 547 Igitur
2262 473 2514 547 quadam
2545 474 2663 531 vice
2695 474 2833 531 dum
2860 474 3049 531 cibum
3077 476 3259 531 fessus
3281 473 3498 549 accipe-

112 572 262 612 nena
306 557 545 613 caedere
589 576 710 615 non
756 562 1032 616 valerent.
1080 562 1352 619 Certabat
1398 568 1587 621 mater
1630 582 1761 622 cum
1783 557 1843 570 ’³
1863 570 1970 633 ret,
1991 566 2353 639 ingrediente
2382 569 2648 625 Amando
2669 570 2956 625 monacho
2979 570 3036 624 in
3060 570 3233 624 fenile
3255 584 3384 624 cum
3416 569 3497 622 lu-

113 652 371 719 parvulo,
426 652 798 708 renitebatur
844 654 1036 710 infans
1080 656 1152 711 ab
1203 660 1408 713 utero:
1451 662 1578 714 erat
1620 675 1760 731 ergo

114 760 310 815 pugna
351 743 511 800 inter
547 747 855 802 mulierem
894 753 953 803 et
990 748 1226 804 viscera.
1261 750 1603 807 Lcedebatur
1635 769 1757 807 ma-

115 840 300 903 trona,
345 855 456 891 nec
501 840 826 895 nocebatur
864 842 1151 898 infantia:
1198 843 1599 900 obluctabatur
1638 863 1758 901 sar-

119 929 261 997 cina,
292 948 364 985 ne
410 932 667 1003 genitrix
701 934 869 989 ﬁeret
906 935 1211 1006 parricida.
1242 937 1303 992 ld
1334 941 1525 992 actum
1560 943 1665 1006 est,
1699 943 1762 993 ut

122 1027 368 1077 servatus
395 1025 731 1094 incolumis,
761 1028 881 1099 ipse
918 1028 1126 1084 illmsus
1166 1032 1524 1101 procederet,
1552 1036 1610 1087 et
1634 1049 1756 1088 ma-

122 1119 262 1171 trem
298 1117 585 1175 redderet
622 1120 1015 1177 innocentem.
1060 1124 1195 1177 Erat
1220 1123 1353 1178 hinc
1382 1125 1575 1180 futura
1612 1143 1759 1197 pras-

125 1225 373 1277 noscere,
401 1216 547 1266 ante
578 1214 781 1269 fecisse
804 1215 943 1285 [Al.,
972 1216 1186 1271 factam
1218 1232 1324 1288 pro
1353 1218 1445 1288 eo]
1470 1218 1757 1286 virtutem,

124 1318 289 1374 quam
320 1306 482 1359 nasci
517 1306 849 1379 contigerit.

189 1397 248 1450 ll.
282 1397 508 1452 Deinde
544 1416 676 1454 cum
699 1402 974 1457 Avallone
1005 1408 1192 1460 castro
1227 1406 1300 1475 (α)
1324 1421 1454 1459 cum
1486 1406 1758 1461 Stratidio

124 1490 443 1562 propinquo
461 1509 611 1563 puer
626 1494 833 1549 scholis
848 1501 1194 1565 excurreret,
1211 1501 1398 1553 mater
1414 1498 1668 1569 parentis
1684 1498 1758 1570 (b)

124 1585 182 1637 ut
227 1583 346 1654 ejus
390 1585 802 1642 haereditatem
856 1589 1201 1660 acquireret,
1248 1591 1318 1645 de
1379 1592 1760 1646 adolescentis

123 1675 365 1731 fallitura
391 1695 539 1732 nece
569 1681 854 1735 tractavit.
880 1681 1016 1745 Quae
1049 1685 1433 1756 temperatam
1460 1685 1759 1756 potionem

124 1768 177 1822 in
198 1772 518 1841 ampullula
539 1773 818 1842 condidit,
839 1775 1038 1830 vinum
1061 1793 1290 1848 quoque
1313 1777 1372 1832 in
1394 1779 1596 1846 altera,
1618 1796 1760 1851 pra:-

1862 659 2038 727 mine,
2054 661 2302 716 carbone
2321 661 2644 730 decidente,
2658 662 2898 717 ﬂamma
2912 663 3111 717 fenum
3130 661 3423 733 corripuit,
3439 664 3499 716 et

1862 752 2025 807 arida
2058 753 2412 809 nutrimenta
2436 772 2609 811 vorax
2640 755 2789 827 ignis
2820 755 3098 810 allambit.
3133 755 3494 810 Conamen-

1862 846 2010 900 tibus
2038 846 2292 917 reliquis,
2316 864 2421 902 nec
2442 850 2639 903 tamen
2671 848 3113 916 incurrentibus,
3138 848 3356 902 tardius
3376 847 3495 919 ipse

1859 938 2182 1009 prosiliens,
2211 942 2379 1011 rapta
2407 940 2479 995 de
2515 942 2645 996 foco
2686 957 2946 1009 cucuma,
2979 940 3297 996 ascendens
3323 956 3497 1012 supra

1860 1031 2139 1085 fabricam
2154 1032 2465 1087 concinens
2480 1033 2740 1101 Alleluia,
2756 1034 3005 1088 fundens
3021 1034 3317 1105 paululum
3330 1049 3496 1106 aquas

1861 1123 1919 1177 in
1946 1124 2126 1179 crucis
2151 1124 2467 1196 imaginem
2495 1125 2756 1180 restinxit
2784 1126 3089 1181 incendia:
3114 1143 3181 1181 ac
3212 1126 3284 1181 de
3315 1142 3494 1181 manu

1861 1216 2055 1272 Sancti
2095 1217 2279 1272 imbre
2320 1218 2521 1273 sedata
2567 1222 2653 1272 est
2694 1218 2842 1289 ignis
2867 1220 3043 1288 unda,
3074 1235 3250 1291 quam
3280 1219 3369 1273 vix
3398 1236 3495 1273 ex-

1860 1309 2223 1380 stinguerent
2246 1310 2505 1365 ﬂumina.
2530 1308 2695 1375 Quod
2724 1315 2924 1366 tamen
2953 1316 3183 1383 postero
3205 1312 3301 1367 die
3335 1311 3496 1384 cujus

1860 1402 2080 1457 insidiis
2111 1406 2300 1458 actum
2342 1407 2428 1458 est
2452 1404 2632 1459 hostis
2662 1404 2782 1475 ipse
2814 1406 3108 1460 confessus
3139 1407 3243 1460 est.

1930 1497 1992 1549 V.
2016 1496 2340 1551 Chariulfus
2371 1496 2607 1568 quidam
2638 1497 2888 1551 Francus
2920 1498 3135 1568 partim
3169 1498 3317 1552 villas
3338 1497 3496 1551 'basi-

1860 1588 1980 1643 licaa
2013 1605 2105 1643 res
2135 1589 2455 1644 obstinatus
2484 1590 2790 1644 invaserat.
2816 1590 3001 1654 Quem
3029 1606 3161 1645 cum
3179 1590 3276 1645 Vir
3296 1589 3396 1645 Dei
3418 1589 3494 1644 ad

1858 1682 2222 1737 reddendum
2268 1682 2633 1754 aliquatenus
2678 1687 3097 1752 commoneret,
3140 1699 3246 1737 nec
3294 1686 3491 1738 tamen

1859 1774 2185 1846 proﬁceret,
2209 1775 2283 1829 ad
2311 1775 2635 1830 orationem
2667 1792 2727 1830 se
2754 1776 3054 1845 convertit,
3084 1792 3191 1830 nec
3215 1775 3360 1831 ﬁdes
3377 1774 3495 1829 vin-

123 1861 330 1934 cipiens
349 1866 563 1935 puellm
586 1869 647 1919 ut
666 1868 1028 1923 venientibus
1045 1871 1325 1925 ambobus
1344 1871 1420 1925 illi
1440 1872 1764 1944 porrigeret
1783 1862 1838 1933 B
1863 1868 2077 1922 dictam
2122 1867 2357 1922 distulit.
2392 1867 2599 1923 Statim
2640 1886 2707 1923 ex
2747 1869 2934 1929 vicino
2973 1870 3129 1924 ferus
3158 1885 3320 1923 ursus
3350 1866 3494 1922 exsi-

126 1954 191 2009 de
218 1956 370 2023 vino,
403 1957 498 2012 isti
543 1959 613 2014 de
654 1961 960 2017 maleficio.
996 1963 1110 2018 Sed
1150 1963 1429 2035 ignorans
1469 1965 1756 2032 ministra,

127 2050 497 2119 ampullulam
539 2055 728 2107 mutat
772 2057 830 2108 et
871 2057 1107 2125 pocula;
1148 2056 1343 2112 vinum
1382 2060 1580 2113 sancto
1619 2060 1754 2113 Ger-

128 2157 311 2207 mano,
336 2160 632 2200 venenum
664 2146 765 2201 dat
789 2147 1098 2215 Stratidio;
1129 2152 1187 2204 et
1214 2150 1351 2204 dum
1377 2150 1591 2206 insonti
1620 2169 1761 2223 prse-

127 2239 355 2304 paratur
400 2236 701 2307 interitus,
751 2243 953 2296 auctor
993 2242 1150 2297 cadit
1191 2243 1251 2298 in
1299 2245 1592 2315 laqueum.
1634 2245 1758 2309 Quo

129 2332 306 2383 mater
348 2330 475 2400 ejus
525 2333 780 2403 cognito,
819 2336 1071 2405 puellam
1120 2335 1381 2407 increpat
1425 2354 1555 2392 cum
1598 2338 1757 2403 ﬂetu,

128 2422 448 2478 exstinxisse
479 2441 541 2479 se
563 2425 766 2480 filium.
791 2426 891 2482 Cui
915 2428 1210 2496 Stratidio,
1236 2430 1473 2484 sollicite
1497 2430 1759 2503 impenso

131 2514 328 2581 studio,
373 2516 529 2572 facto
578 2518 650 2572 de
693 2519 829 2590 ipsis
871 2521 1170 2575 maleficiis
1219 2523 1399 2590 vario,
1446 2524 1552 2577 etsi
1604 2540 1760 2579 mors

129 2606 291 2661 vitam
322 2625 441 2663 non
470 2611 729 2679 abstulit,
761 2615 959 2667 tamen
992 2614 1223 2684 signum
1257 2616 1459 2670 mortis
1484 2616 1684 2671 inﬂxit.

195 2701 279 2754 lll.
300 2702 441 2757 Hinc
463 2704 539 2758 ad
563 2708 868 2775 parentem
890 2722 1057 2760 suum
1079 2711 1340 2763 sanctum
1373 2709 1759 2780 Scopilionem

131 2794 320 2849 Lausia
351 2797 418 2866 (c)
450 2813 512 2850 se
544 2798 871 2865 conferens,
902 2800 1160 2855 moribus
1204 2801 1461 2856 honestis
1506 2803 1674 2857 alitus
1703 2805 1763 2856 et

130 2887 409 2943 institutus
434 2893 542 2944 est.
569 2890 675 2955 Qui
696 2908 828 2946 cum
848 2892 969 2946 fere
992 2893 1148 2947 mille
1171 2911 1369 2965 passus
1390 2896 1561 2967 longe
1585 2912 1619 2949 a
1638 2896 1760 2950 vico

131 2982 523 3049 consisterent,
549 2983 771 3055 jugiter
799 2985 875 3038 ad
904 2987 1219 3042 matutinos
1246 2988 1571 3053 currebant,
1607 2988 1761 3042 ducti

135 3073 256 3128 ﬁdei
275 3076 465 3130 calore
489 3093 594 3147 per
613 3080 1041 3149 tempestatem,
1064 3097 1168 3151 per
1188 3080 1460 3135 hiemem.
1482 3081 1589 3145 Qui
1610 3081 1763 3136 intra

136 3167 272 3221 terni
301 3168 465 3222 lustri
497 3170 751 3240 spatium
773 3170 852 3242 (ἀ)
880 3188 913 3225 a
939 3172 1111 3226 beato
1138 3172 1455 3244 Agrippino
1487 3173 1763 3228 diaconus

1858 1960 2004 2015 liens
2048 1963 2164 2015 tres
2197 1960 2346 2015 illius
2383 1977 2562 2033 equos
2601 1960 2908 2030 interfecit,
2945 1979 3051 2016 nec
3091 1962 3171 2017 sic
3211 1978 3244 2015 a
3284 1960 3497 2015 duritia

1859 2053 2158 2125 resipiscit.
2188 2053 2463 2125 Sequenti
2493 2070 2629 2110 vero
2654 2058 2825 2109 nocte
2854 2055 3163 2127 duplicavit
3192 2055 3344 2110 ultor
3362 2070 3495 2126 per-

1861 2147 2089 2201 niciem.
2146 2147 2254 2202 Sex
2300 2146 2569 2217 jumenta
2627 2147 2943 2214 interemit,
2996 2164 3101 2201 nec
3159 2147 3205 2200 si
3263 2162 3495 2218 quoque

1860 2256 2031 2311 poena
2062 2240 2301 2294 suffecit.
2342 2240 2532 2294 Tertia
2570 2240 2725 2295 idem
2774 2243 2940 2294 nocte
2989 2256 3197 2295 novem
3232 2238 3497 2293 vehicula

1861 2333 2191 2404 prosternit,
2224 2332 2508 2404 triplicato
2539 2333 2817 2389 cadavere
2847 2349 2860 2388 :
2892 2332 2970 2387 sic
3001 2333 3166 2387 labor
3202 2331 3497 2387 crescebat

1860 2426 1919 2479 in
1951 2426 2194 2480 cladem.
2219 2426 2436 2480 Dehinc
2465 2426 2540 2480 ad
2564 2426 2801 2481 beatum
2827 2426 3023 2480 Virum
3053 2425 3274 2480 tardius
3300 2423 3501 2495 dirigit

1860 2536 2138 2590 puerum;
2164 2536 2370 2590 agrum
2397 2520 2679 2574 reformat
2704 2519 2985 2587 invasum,
3019 2518 3317 2573 calamitas
3345 2532 3499 2572 com-

1861 2612 2127 2683 pescitur.
2162 2612 2223 2666 Id
2268 2616 2460 2666 actum
2508 2614 2612 2679 est,
2650 2615 2712 2665 ut
2756 2612 2939 2666 bestia
2972 2612 3293 2683 castigante
3319 2611 3497 2665 homo

1861 2721 2094 2759 sensum
2139 2704 2443 2776 acciperet,
2471 2707 2531 2759 et
2560 2704 2726 2759 daret
2766 2722 2884 2759 non
2928 2704 3274 2776 intelligenti
3306 2703 3499 2757 bellua

1862 2798 2168 2852 rationem.

1932 2892 2017 2945 Vl.
2048 2891 2266 2945 Dehinc
2284 2892 2488 2947 beatus
2517 2892 2783 2963 Agricola
2809 2890 3227 2947 Cabillonensis
3251 2890 3499 2967 (Chelon-

1861 2984 2174 3055 sur-Sadne)
2202 2984 2501 3056 episcopus
2532 2986 2753 3040 habens
2793 2985 3207 3039 cubicularium
3247 2983 3499 3055 graviter

1861 3076 1913 3130 vi
1943 3077 2192 3131 febrium
2222 3078 2454 3145 fessum,
2487 3078 2583 3149 qui
2631 3078 2918 3133 destinato
2945 3077 3141 3132 animo
3176 3079 3327 3131 totus
3353 3092 3497 3147 pen-

1864 3169 2038 3224 debat
2066 3170 2124 3224 in
2146 3171 2410 3239 transitu,
2435 3171 2633 3243 dirigit
2654 3171 2727 3226 ad
2749 3174 3011 3225 sanctum
3032 3170 3229 3225 Virum
3250 3169 3497 3223 interce-

136 3260 455 3329 instituitur,
476 3229 545 3315 et
558 3229 1107 3333 sequenteltriennio
1125 3229 1426 3337 prcsbvter
1440 3266 1758 3321 ordinatur.
1783 3229 1838 3302 Ο
1864 3262 2039 3317 dendi
2073 3229 2430 3335 suffragium.
2465 3229 2619 3320 1‘ch
2650 3264 2935 3336 perceptis
2965 3263 3220 3335 apicibus
3249 3261 3500 3316 basilica!

138 3353 337 3408 Dehinc
364 3371 397 3408 a
417 3355 694 3427 pontifice
717 3357 981 3412 Nectario
1005 3358 1183 3412 abbas
1206 3359 1278 3413 ad
1303 3359 1579 3414 Sanctum
1604 3359 1765 3431 Sym-

140 3447 426 3515 porianum
444 3449 657 3503 merito
675 3448 884 3520 dignus
900 3451 1208 3505 asciscitur.
1226 3452 1453 3516 Quanta
1470 3469 1604 3507 vero
1622 3452 1764 3507 inibi

141 3539 476 3595 abstinentia
520 3540 741 3607 vixerit,
779 3544 1009 3613 quantis
1049 3561 1279 3615 quoque
1327 3545 1531 3616 vigiliis
1579 3546 1762 3600 conti-

144 3633 358 3689 nuando
388 3633 702 3701 duraverit,
732 3635 939 3706 quibus
964 3638 1345 3709 eleemosynis
1376 3639 1643 3709 profusus
1676 3656 1765 3693 ex-

145 3725 348 3791 stiterit,
376 3728 477 3781 illa
513 3744 606 3781 res
645 3744 760 3782 una
797 3729 961 3782 testis
992 3733 1097 3795 est,
1128 3747 1259 3785 cum
1279 3731 1403 3801 jam
1433 3732 1606 3785 rebus
1630 3732 1759 3786 reli-

148 3818 258 3887 quis
294 3821 642 3891 pauperibus
682 3821 935 3893 erogatis
972 3839 1077 3877 nec
1118 3824 1284 3894 panis
1327 3824 1447 3895 ipse
1484 3825 1766 3879 resideret

149 3914 408 3978 quatenus
434 3914 644 3968 fratres
667 3915 1063 3969 reficerentur.
1090 3916 1214 3981 Qua
1236 3917 1306 3971 de
1328 3934 1389 3971 re
1410 3918 1763 3989 insurgenti-

150 4001 239 4057 bus
266 4005 565 4061 adversum
597 4024 655 4061 se
684 4008 1003 4075 monachis,
1028 4009 1334 4064 retrudens
1363 4028 1422 4065 se
1455 4010 1514 4065 in
1534 4013 1759 4079 cellula,

153 4112 324 4153 amare
347 4100 503 4154 ﬂevit
522 4104 581 4153 et
600 4100 800 4155 doluit.
823 4103 980 4156 Inter
995 4102 1115 4157 haec
1133 4103 1256 4174 ipso
1274 4107 1476 4158 orante
1495 4104 1763 4175 quaedam

152 4191 296 4245 Anna
319 4197 586 4248 matrona
616 4194 863 4249 duorum
895 4196 1318 4251 saumariorum
1346 4197 1414 4268 (ε)
1449 4214 1581 4251 cum
1612 4214 1762 4268 pane

154 4283 325 4355 dirigit
350 4303 550 4342 onera.
576 4287 852 4358 Sequenti
883 4288 1059 4343 etiam
1087 4288 1178 4343 die
1214 4306 1344 4344 cum
1368 4306 1603 4345 annona
1632 4291 1761 4346 des-

154 4377 328 4433 tinavit
378 4382 552 4452 plena
607 4382 865 4452 carpenti
925 4382 1185 4437 vehicula
1233 4399 1245 4437 :
1292 4382 1375 4438 ita
1436 4386 1497 4437 ut
1555 4383 1761 4439 exinde

156 4474 393 4528 monachi
434 4490 567 4528 cum
605 4477 1003 4529 saturarentur
1043 4475 1203 4543 cibo,
1254 4478 1610 4531 terrerentur
1651 4477 1759 4531 mi-

1864 3356 1967 3409 sub
1998 3356 2217 3427 porticu
2260 3357 2333 3411 ad
2374 3357 2553 3411 sancti
2584 3357 2990 3429 Symphoriani
3020 3357 3344 3427 sepulcrum
3374 3369 3504 3425 pro-

1865 3449 2143 3519 greditur.
2174 3452 2401 3505 lnterea
2443 3450 2529 3505 vir
2547 3450 2737 3521 justus
2781 3450 3029 3506 orationi
3071 3448 3349 3515 incubuit,
3382 3450 3497 3501 ter-

1864 3558 1991 3596 ram
2040 3559 2280 3614 corpore
2322 3560 2593 3614 premens
2634 3547 2692 3598 et
2734 3544 2923 3598 sidera
2960 3546 3158 3597 mente
3202 3546 3498 3595 transcen-

1865 3635 2036 3702 dens;
2071 3638 2129 3689 et
2158 3637 2321 3707 quasi
2352 3640 2486 3691 ante
2514 3654 2573 3691 se
2601 3638 2823 3691 habens
2854 3636 3222 3708 praesentiam
3247 3632 3499 3699 Domini,

1864 3744 1968 3798 pro
2014 3732 2147 3783 voto
2191 3730 2459 3801 supplicis
2505 3730 2837 3785 obsecrator
2880 3729 3120 3783 accedit.
3173 3728 3318 3781 Nam
3367 3742 3502 3780 mox

1864 3820 2081 3876 vicinus
2129 3823 2529 3894 Redemptoris
2572 3824 2805 3877 auribus
2846 3821 3166 3887 exauditur,
3212 3823 3271 3873 et
3312 3818 3499 3873 adhuc

1864 3914 1972 3969 isto
2004 3916 2316 3969 recubante
2354 3915 2412 3969 in
2439 3917 2693 3987 pulvere,
2728 3917 3011 3987 aegrotum
3042 3912 3333 3967 medicina
3363 3926 3497 3982 per-

1864 4008 2040 4075 fudit;
2086 4024 2153 4062 ac
2193 4008 2350 4079 justo
2387 4009 2620 4080 jacente
2676 4009 2735 4062 in
2786 4008 3139 4079 pavimento,
3189 4003 3498 4075 languidus
3596 3994 3610 4005 ’

1864 4102 2049 4172 surgit
2091 4102 2162 4156 de
2210 4103 2438 4169 lectulo,
2478 4105 2614 4157 ante
2659 4104 2989 4156 currentem
3035 4099 3328 4155 medelam
3372 4098 3497 4168 [Pro

1864 4198 2129 4250 currente
2165 4196 2413 4266 medela]
2446 4212 2621 4267 quam
2651 4198 2886 4267 peroret
2918 4194 3013 4266 qui
3058 4192 3340 4265 supplicat
3370 4206 3383 4245 :
3418 4190 3498 4244 ita

1866 4291 1928 4342 ut
1970 4288 2235 4360 portitori
2280 4289 2547 4344 redeunti
2590 4289 2818 4344 obviam
2857 4304 3003 4359 puer
3041 4286 3367 4342 occurreret
3406 4282 3494 4337 cui

1864 4382 2220 4452 parabantur
2252 4383 2569 4454 exsequias;
2599 4386 2662 4437 ut
2691 4399 2807 4437 non
2848 4383 3000 4437 esset
3032 4380 3369 4451 ambiguum
3396 4393 3494 4431 ea-

1865 4473 1999 4528 dem
2038 4475 2182 4530 hora
2220 4475 2561 4547 languidum
2600 4476 2767 4531 saluti
2808 4475 2981 4529 fuisse
3026 4472 3339 4538 redditum,
3382 4485 3497 4540 qua

152 4566 322 4621 raculo
360 4567 458 4637 (f).
504 4567 598 4621 His
647 4567 841 4639 itaque
891 4568 1195 4623 celebriter
1242 4568 1498 4624 intentus
1536 4570 1758 4637 officiis,
1782 4591 1839 4662 D
1862 4565 1958 4619 Vir
1978 4566 2342 4622 beatissimus
2370 4570 2528 4623 fusus
2554 4585 2747 4623 orasse
2778 4567 3149 4640 comperitur.

156 4672 253 4711 non
282 4658 443 4714 desiit
472 4659 854 4731 praedicandis
882 4661 1242 4717 manifestari
1272 4663 1580 4717 miraculis.

215 4822 483 4895 (u)Avallo
501 4838 601 4895 seu
619 4822 821 4877 Aballo
842 4822 1146 4895 (Aeolion),
1170 4823 1447 4895 oppidum
1472 4824 1531 4878 in
1553 4825 1762 4878 ducatu

159 4886 457 4964 Burguntize
498 4892 652 4947 inter
690 4886 1171 4964 Augustodunum
1200 4886 1264 4948 et
1279 4895 1758 4949 Antissiodorum.

220 4959 282 5027 (b)
297 4963 414 5016 Alia
433 4959 1041 5041 exemplaria'habenj,
1056 4967 1376 5041 prapinqui,
1397 4966 1498 5019 sed
1520 4968 1761 5041 utraque

160 5043 266 5106 ῖρι,
281 5048 480 5106 parens
507 5037 565 5087 et
583 5037 948 5104 propinquus,
973 5036 1285 5090 Fortunato
1312 5052 1633 5106 synonyma
1654 5040 1758 5090 est.

161 5099 383 5223 ad
411 5099 703 5223 piae-evitent
737 5099 897 5160 su'um
927 5111 1178 5161 sanctum
1220 5099 1597 5176 Scopilionem,
1627 5110 1759 5174 etc.,

210 5186 251 5223 C.
282 5189 435 5223 num-
472 5212 483 5223 .
511 5216 523 5223 .

210 5186 251 5235 C.
282 5189 435 5228 num.
472 5186 523 5229 3.

219 5178 523 5319 indigni
554 5262 653 5299 seu
697 5246 933 5319 Lansea,
967 5247 1195 5319 (Luzy),
1232 5248 1569 5319 oppidulum
1610 5248 1764 5302 inter

219 5265 279 5309 ψ)
309 5265 508 5300 ιιειιιδιει
554 5265 653 5299 seu
697 5265 918 5301 Lansea
967 5265 1177 5317 (busy),
1232 5265 1303 5319 op
1348 5265 1569 5303 mulum
1610 5265 1761 5302 inter

157 5312 609 5437 Augtlstodunum
657 5320 714 5369 et
753 5317 999 5387 Ligerim
1047 5318 1241 5373 medio
1290 5265 1411 5374 fgre
1459 5320 1761 5373 intervallo

161 5398 261 5437 nos:
290 5402 401 5437 um.

161 5398 401 5448 positum.

214 5453 282 5523 (ἀ)
302 5456 543 5539 Dubium
562 5460 653 5539 est
673 5474 747 5511 an
773 5460 1034 5539 spatium.
1046 5459 1201 5539 istud
1227 5459 1555 5539 quindecim
1586 5477 1763 5515 anno-

158 5535 264 5602 !n'um
288 5529 539 5602 _a_sar_ict_i_
557 5529 829 5602 Germani
863 5531 1179 5597 nativitate,
1205 5529 1277 5585 an
1301 5549 1334 5585 ει
1364 5534 1624 5602 tempore
1647 5547 1761 5601 quo

159 5590 467 5670 Scopilionis
488 5598 850 5668 disciplinam
873 5601 1063 5667 subiit,
1079 5602 1152 5655 sit
1168 5590 1550 5656 metiendum.
1575 5590 1763 5655 Poste-

160 5669 255 5716 nus
278 5669 455 5736 magis
486 5670 737 5724 arridet:
763 5688 898 5725 nam
921 5673 1271 5742 Agrippinus
1290 5672 1589 5727 [Eduensis
1611 5672 1758 5797 eris-

160 5748 326 5797 ιεοβιιδ,
348 5740 440 5797 qui
467 5741 819 5796 Germanum
842 5742 1129 5797 ordinavit
1149 5743 1475 5797 diaconum.
1502 5759 1617 5797 non
1664 5760 1758 5797 um

157 5748 326 5809 mpus,
348 5740 440 5809 qui
467 5741 819 5796 Germanum
842 5740 1129 5797 ordinavit
1149 5743 1475 5807 diaconum,
1502 5740 1762 5797 nondum

160 5810 329 5894 sedem
353 5810 657 5894 obtinebat
695 5830 851 5894 anno
889 5817 1013 5880 517,
1044 5830 1158 5894 quo
1196 5813 1558 5894 Pragmatius
1587 5813 1761 5894 ipsius

158 5874 427 5950 Agrippini
469 5881 736 5939 decessor
764 5874 1091 5957 Epaonensi
1123 5874 1365 5942 concilio
1408 5874 1757 5957 subscripsit.

1936 4661 2044 4714 Vll.
2076 4661 2189 4716 Nec
2228 4661 2369 4717 illud
2401 4662 2589 4717 omitti
2628 4662 2915 4730 convenit,
2946 4660 3103 4733 quod
3143 4657 3217 4713 ad
3256 4658 3495 4713 domum

1862 4826 1936 4877 At
1962 4840 2098 4877 vero
2133 4826 2363 4878 sanctus
2393 4824 2712 4879 Germanus
2743 4839 2897 4878 anno
2928 4822 3123 4886 citato,
3157 4821 3357 4893 viginti
3388 4819 3495 4874 mi-

1866 4894 2087 4948 nimum
2128 4911 2313 4949 annos
2342 4895 2468 4965 jam
2515 4895 2807 4964 attigerat,
2840 4893 3124 4964 siquidem
3170 4892 3292 4947 fere
3336 4894 3497 4965 octo-

1865 4965 2135 5036 genarius
2165 4961 2409 5020 evolavit
2448 4965 2520 5019 ad
2560 4961 2732 5020 cailos
2761 4964 2870 5036 (Ea:
2894 4961 3190 5020 Fortunato
3229 4980 3378 5018 num.
3407 4961 3495 5033 76)

1865 5053 2019 5090 anno
2049 5039 2173 5090 676.

1936 5107 2003 5178 (ε)
2043 5107 2349 5174 Saumarii,
2395 5107 2527 5178 equi
2573 5106 2901 5174 Sarcinarii,
2934 5105 3107 5162 Gallis
3149 5106 3423 5160 sommiers
3464 5118 3499 5155 a

1863 5178 2327 5253 caydeSQrcfna-
2457 5250 2471 5253 _
2699 5249 2715 5253 _
2759 5248 2785 5253 _
2868 5248 2878 5253 ,
3070 5251 3075 5253 ,
3119 5246 3131 5253 _

1936 5247 2011 5317 (Γ)
2042 5249 2177 5320 Post
2205 5249 2327 5303 haec
2357 5250 2532 5304 verba
2568 5249 2719 5320 apud
2754 5248 2985 5304 Surium
3027 5251 3085 5302 et
3118 5246 3188 5320 in_
3205 5244 3496 5320 nonnullis

1865 5316 2215 5390 apographis
2242 5320 2576 5390 posterioris
2601 5316 2785 5375 aetatis
2816 5320 3148 5390 inseruntur
3175 5316 3234 5370 hi
3261 5331 3457 5370 versus
3480 5329 3493 5367 :

1868 5410 1895 5437 ‹‹
1917 5389 2090 5461 Cujus
2109 5389 2276 5444 bonis
2298 5391 2567 5461 operibus
2589 5391 2980 5446 inﬂammatus
3000 5389 3317 5459 episcopus,
3341 5401 3499 5439 sanc-

1865 5462 1987 5537 tum
2028 5460 2461 5537 Virum__neque
2503 5462 2689 5537 adhuc
2737 5462 3275 5537 i_sta_recusantem,
3313 5471 3496 5537 quem

1865 5531 2039 5584 etiam
2078 5528 2472 5601 praedicabant
2516 5533 2822 5597 daemonia,
2860 5532 2918 5585 in
2959 5528 3278 5601 custodiam
3307 5528 3492 5601 trusit:

1864 5601 1963 5655 Cui
1992 5594 2180 5675 fateor
2209 5602 2574 5675 nutu_divino
2606 5594 2971 5675 aperiebatur
2997 5599 3372 5675 ergastulum,
3396 5594 3495 5675 sed

1865 5688 1981 5748 non
2012 5672 2158 5748 hinc
2200 5673 2627 5748 egrediebatur,
2644 5667 2767 5727 'nisi
2803 5673 3038 5748 supplex
3068 5667 3126 5723 et
3157 5667 3495 5748 episcopalis

1864 5742 2101 5824 daretur
2137 5736 2464 5824 praeceptio.
2498 5766 2524 5793 ››
2556 5736 2629 5824 at
2658 5760 2787 5824 cum
2824 5736 3031 5824 ista.in
3073 5736 3491 5824 antiquioribus

1863 5807 2381 5885 sinceriﬁoribusque
2416 5814 2770 5885 membranis
2799 5829 2913 5867 non
2940 5807 3231 5882 legantur,
3262 5807 3371 5860 huc
3403 5818 3494 5857 re-

1863 5884 2119 5940 vocanda
2148 5885 2208 5940 in
2235 5884 2521 5940 secessum
2552 5884 2833 5939 duximus.
