4020 6232
462 352 526 417 δι)
1378 359 1669 417 SANCTL'S
1703 355 2079 422 GERMANUS,
2123 354 2531 414 PARISIENSIS
2568 355 2941 416 EPISCOPL'S.
3774 364 3843 419 00

466 462 709 526 Ebronis
755 482 859 541 pro
898 466 1012 525 fide
1051 468 1195 526 Justi
1234 470 1508 527 collatum
1551 470 1652 523 est.
1695 465 1867 538 Cujus
1905 464 2097 537 ingre—
2124 464 2552 551 Atestimonio.
2591 465 2716 532 Qua
2759 465 3059 524 occasione
3101 464 3203 524 ﬁlii
3241 466 3331 524 vel
3370 462 3502 524 ﬁlim
3531 465 3611 525 ita
3640 471 3841 525 sancte

467 561 663 618 diente
684 561 943 631 domum,
964 566 1132 620 Anna
1150 566 1418 619 matrona
1438 562 1757 634 proclamat
1776 576 1900 615 rem
1922 558 2097 614 mira.

466 653 644 712 bilem
667 672 727 711 se
749 656 960 711 videre.
986 657 1260 728 Inquisita
1281 674 1314 711 a
1338 655 1583 726 conjuge
1607 653 1746 726 quid
1766 655 1915 709 esset
1947 651 2101 725 quod

468 746 794 820 inspiceret,
819 749 899 804 ait
922 766 935 804 :
961 751 1102 805 Ecce
1128 751 1331 804 beatus
1352 750 1671 802 Germanus
1694 749 1935 802 cornuta
1955 745 2099 800 facie

467 842 610 896 mihi
638 842 862 898 videtur
896 842 1162 897 incedere
1189 860 1201 896 :
1234 842 1386 913 quod
1412 857 1559 913 pene
1590 841 1677 895 vix
1704 840 1866 895 valeo
1894 842 1993 894 aut
2013 839 2099 894 in-

469 935 616 991 tueri
647 936 883 1003 lumine,
909 938 1007 990 aut
1030 952 1296 989 sermone
1325 937 1609 1001 conferre,
1635 937 1897 988 sanctum
1916 933 2100 987 virum

469 1044 616 1083 novo
674 1045 834 1084 more
889 1027 1157 1082 cornibus
1209 1029 1558 1083 radiantem.
1607 1028 2100 1096 Consternataque

468 1121 788 1176 mirabatur
807 1121 1014 1175 mulier
1030 1121 1329 1176 hominem
1346 1123 1543 1176 nostro
1565 1124 1823 1192 tempore
1842 1119 1900 1173 in
1916 1120 2102 1189 ﬁgura

466 1214 638 1284 Moysi
670 1214 918 1284 potuisse
948 1214 1300 1284 conspicere.
1333 1214 1699 1269 Credendum
1727 1212 1881 1283 quod
1913 1214 1969 1264 et
1996 1212 2101 1264 iste

468 1309 597 1376 post
642 1307 994 1377 colloquium
1043 1308 1272 1361 Domini
1320 1307 1507 1377 potuit
1554 1324 1587 1360 a
1637 1306 1878 1359 muliere
1922 1320 2101 1358 cornu

466 1400 745 1453 exaltatus
775 1400 1028 1469 agnosci.
1057 1400 1229 1469 Cujus
1256 1416 1439 1454 causas
1467 1416 1677 1470 pavore
1716 1399 1863 1452 Ebro
1895 1397 2101 1451 eadem

465 1490 560 1545 die
600 1491 763 1561 juxta
804 1493 1078 1546 Sanctum
1128 1492 1330 1547 sedere
1376 1493 1701 1547 nullatenus
1740 1490 2103 1562 praesumpsit

468 1584 677 1655 duplici
714 1600 816 1654 pro
851 1585 1076 1651 merito,
1108 1602 1353 1640 moerere
1388 1585 1603 1655 pariter
1627 1587 1685 1639 et
1713 1588 1953 1639 terrore.

536 1678 670 1730 Vill.
732 1678 985 1748 Contigit
1054 1682 1113 1732 ut
1188 1695 1290 1749 pro
1352 1678 1496 1733 villis
1569 1676 2102 1748 Augustodunensis

466 1770 731 1824 Ecclesiae
783 1771 1181 1826 Theodeberto
1237 1772 1361 1842 regi
1411 1772 1705 1827 Cabillone
1752 1773 2097 1825 occurreret.

468 1864 685 1917 Memor
721 1864 902 1917 sancti
942 1864 1347 1934 Symphoriani
1380 1864 1438 1918 in
1480 1864 1741 1935 ingressu
1772 1863 1993 1934 palatii,
2024 1843 2177 1917 itaC

470 1956 684 2025 Spiritu
715 1956 813 2010 Dei
842 1957 1205 2012 redundante
1238 1959 1458 2013 locutus
1484 1961 1589 2023 est,
1622 1961 1683 2010 ut
1710 1960 1844 2009 ante
1874 1972 1970 2009 rex
1998 1972 2100 2009 an-

472 2053 693 2115 nueret,
729 2066 901 2120 quam
946 2051 1119 2104 verba
1156 2052 1367 2121 petitor
1402 2050 1728 2121 explicaret.
1764 2049 1865 2104 Cui
1907 2052 1963 2102 et
2004 2064 2101 2102 ore

468 2142 803 2212 prophetico
853 2143 1027 2196 finem
1081 2144 1217 2197 dixit
1267 2144 1338 2197 de
1385 2143 1647 2197 transitu.
1693 2141 1856 2205 Quod
1910 2141 2104 2211 paucis

468 2234 699 2288 interim
746 2235 946 2289 diebus
983 2236 1058 2305 (α)
1101 2237 1239 2290 dum
1285 2237 1355 2290 ad
1406 2237 1656 2290 Rhemos
1705 2234 2001 2299 remeavit,
2044 2233 2101 2286 in

468 2326 591 2395 ipso
626 2327 829 2381 itinere
863 2345 958 2381 rex
990 2332 1246 2382 extrema
1286 2332 1438 2383 sorte
1468 2328 1698 2393 defecit,
1730 2327 1889 2399 quasi
1922 2326 2102 2380 sancti

471 2420 580 2474 Viri
609 2436 799 2473 sermo
831 2420 1014 2474 dictus
1039 2422 1239 2475 fuisset
1270 2422 1341 2475 ab
1373 2422 1601 2491 angelo.

540 2514 621 2567 IX.
650 2514 716 2566 Et
742 2513 1017 2582 quoniam
1048 2514 1377 2568 beatissimo
1406 2518 1530 2568 erat
1559 2513 1841 2567 familiare
1876 2513 1931 2567 in
1961 2512 2105 2566 basi-

470 2606 577 2659 lica
603 2605 782 2659 sancti
811 2606 1215 2676 Symplioriani
1245 2607 1347 2660 soli
1372 2606 1593 2676 vigilias
1616 2607 1844 2671 ducere,
1870 2609 2104 2659 euntem

470 2714 603 2751 eum
648 2699 967 2751 monachus
1008 2699 1293 2769 Sylvester
1334 2700 1716 2770 prosequitur.
1757 2701 1822 2752 Et
1863 2698 2101 2768 ingressi

470 2790 687 2860 pariter
735 2791 807 2844 ad
853 2792 1031 2845 sancti
1076 2792 1343 2861 martyris
1382 2794 1684 2858 tumulum,
1727 2792 1876 2845 circa
1922 2792 2103 2846 noctis

469 2883 728 2937 medium
751 2884 819 2937 ab
845 2884 1008 2937 altari
1033 2887 1341 2939 tumultum
1360 2887 1827 2956 frequentantem
1843 2901 2104 2938 rumores

472 2976 775 3047 accipiunt,
805 2980 1085 3047 tanquam
1114 2978 1159 3030 si
1187 2978 1261 3031 ad
1287 2978 1550 3049 rapinam
1582 2979 1818 3032 collecta
1849 2980 2104 3031 curreret

469 3069 797 3123 multitudo.
832 3070 1084 3124 Credens
1116 3071 1270 3125 enim
1314 3072 1397 3125 vir
1438 3071 1535 3125 Dei
1571 3071 1780 3125 versari
1814 3072 2101 3124 latronum

468 3162 779 3229 incursum,
814 3162 1059 3233 imperat
1096 3165 1380 3218 monacho
1424 3168 1556 3217 ante
1598 3165 1921 3235 sepulcrum
1952 3165 2101 3233 psal-

470 3257 606 3309 lere.
636 3257 760 3326 Ipse
800 3273 933 3310 vero
980 3257 1199 3311 accedit
1231 3257 1302 3311 ad
1336 3259 1534 3311 altare.
1566 3258 1783 3312 Dehinc
1812 3257 1906 3311 illa
1936 3257 2105 3310 turba

471 3348 545 3402 ad
576 3349 922 3402 monachum
946 3366 1059 3419 quo
1082 3350 1363 3419 psaltebat
1384 3351 1649 3405 alacriter
1670 3353 1958 3421 properat.
1980 3350 2102 3412 Quo

470 3444 721 3496 mactato
756 3441 1005 3512 graviter
1034 3445 1088 3495 et
1119 3442 1175 3501 in
1210 3446 1425 3497 terram
1452 3445 1709 3515 projecto
1740 3460 1801 3497 ac
1833 3442 2102 3495 semivivo

470 3534 690 3599 relicto,
721 3536 941 3588 veloces
964 3534 1262 3604 effugiunt.
1289 3538 1392 3601 Qui
1416 3538 1501 3591 vix
1526 3554 1659 3591 voce
1684 3535 1855 3590 ﬂebili
1879 3535 2103 3588 cladem

470 3644 633 3681 suam
664 3628 965 3698 replicans,
1000 3646 1032 3684 a
1063 3630 1421 3684 daemonibus
1448 3648 1506 3685 se
1535 3646 1743 3684 caesum
1776 3628 1931 3698 gravi
1965 3644 2099 3680 con-

472 3736 670 3789 gressu
697 3724 989 3775 confessus
1023 3727 1125 3777 est.

539 3814 598 3867 X.
627 3814 848 3868 Accidit
893 3819 953 3868 ut
996 3815 1250 3872 Sabarici
1294 3818 1543 3872 famulus
1586 3815 1833 3870 A‘Isarius
1867 3813 2101 3868 nomine

471 3906 543 3960 ad
575 3906 757 3961 virum
791 3907 861 3961 de
894 3925 1006 3979 quo
1047 3911 1338 3980 loquimur
1368 3910 1639 3981 injuriam
1674 3925 1870 3978 passus
1900 3908 2101 3961 confu-

390 3998 403 4009 ’
470 4002 652 4068 geret,
695 4001 1017 4071 supplicans
1061 4008 1119 4057 ut
1163 4005 1420 4075 quolibet
1457 4001 1639 4073 pretio
1685 4018 1817 4053 eum
1847 4000 1915 4054 de
1950 4000 2098 4053 inso-

472 4092 639 4145 lentis
686 4093 902 4148 domini
949 4096 1175 4151 servitio
1226 4098 1516 4151 liberaret.
1563 4093 1727 4159 Quod
1771 4093 2103 4163 indignatus

471 4185 771 4239 Sabaricus
796 4204 896 4257 pro
918 4191 1132 4244 Aisario
1156 4194 1212 4243 et
1233 4189 1477 4259 conjuge
1503 4188 1585 4239 vel
1612 4187 1778 4239 unico
1801 4186 1923 4255 ejus
1940 4187 2098 4251 Filio,

471 4279 764 4349 octoginta
790 4282 1002 4337 solidos
1032 4283 1197 4353 pretii
1228 4298 1442 4335 nomen
1474 4280 1655 4350 petiit,
1682 4278 1990 4349 quominus
2018 4280 2099 4333 fa-

469 4373 656 4427 mulos
687 4374 871 4429 servili
900 4376 1117 4431 ditione
1144 4377 1381 4430 laxaret.
1410 4375 1624 4427 Tamen
1658 4373 1763 4426 hoc
1792 4388 1909 4426 non
1937 4372 2099 4425 dubi-

471 4466 608 4520 tavit
649 4468 1043 4525 misericordia
1069 4468 1209 4524 Justi
1252 4469 1338 4520 vel
1380 4466 1712 4536 perquirere
1746 4467 1831 4519 vel
1861 4465 2097 4519 donare.

2124 3208 2180 3281 B

2202 559 2524 615 conversati
2569 563 2721 629 sunt,
2768 564 2831 616 ut
2873 578 2977 633 per
3029 560 3383 617 monasteria
3437 577 3587 618 nunc
3631 566 3846 634 regant

2204 654 2438 724 agmina
2484 655 2922 709 monachorum.
2965 655 3101 720 Quae
3148 672 3320 710 causa
3364 654 3538 710 modo
3586 655 3842 711 mirabili

2203 747 2419 817 profuit
2474 748 2625 819 patri
2682 749 2768 801 vel
2824 748 3092 818 germini,
3153 752 3215 802 ut
3268 765 3507 819 parvum
3560 748 3841 820 genitoris

2202 840 2483 911 ﬂagitium
2510 840 2753 912 posteris
2786 841 3055 895 transiret
3087 842 3143 895 in
3171 843 3406 897 luctum.

2271 935 2355 991 XI.
2386 936 2448 988 In
2485 949 2635 1005 pago
2674 933 2951 988 Alisicnse
2977 935 3048 1005 (b)
3083 936 3201 988 haec
3230 952 3321 989 res
3359 938 3519 1006 gesta
3551 939 3653 990 est.
3686 935 3839 991 Con-

2196 1025 2297 1096 jux
2343 1026 2577 1081 illustris
2620 1027 2723 1081 viri
2772 1028 3030 1095 Vulfarii,
3064 1028 3321 1083 Destasia
3364 1028 3618 1097 nomine,
3652 1029 3843 1083 vitalis

2204 1120 2321 1191 spei
2350 1120 2622 1175 destituta
2647 1121 2882 1188 solatiis,
2916 1121 3127 1192 linguae
3158 1136 3361 1175 carens
3391 1122 3609 1189 ofﬁciis,
3634 1138 3742 1193 per
3760 1122 3843 1176 bi-

2204 1214 2380 1269 duum
2391 1213 2515 1283 jam
2533 1217 2711 1280 muta,
2731 1214 2933 1285 spiritu
2955 1214 3257 1268 deficiente
3276 1214 3645 1280 decumbens,
3668 1231 3846 1286 appa-

2202 1307 2339 1361 ratis
2370 1307 2651 1381 exsequiis
2664 1307 2787 1377 jam
2813 1306 3131 1378 palpitabat
3154 1306 3451 1361 exanimis.
3475 1307 3574 1362 Cui
3595 1308 3844 1379 eulogiis

2204 1417 2307 1471 per
2324 1400 2724 1471 presbyterum
2745 1417 2912 1454 suum
2931 1400 3162 1453 directis
3178 1404 3235 1454 et
3252 1400 3532 1455 violenter
3548 1399 3843 1471 adapertis

2206 1496 2567 1564 praemortua:
2594 1492 2861 1547 dentibus
2892 1493 2950 1547 in
2974 1509 3073 1547 ore
3095 1494 3436 1563 transjectis,
3460 1509 3591 1548 mox
3625 1497 3688 1547 ut
3710 1494 3838 1548 fan-

2203 1603 2295 1640 ces
2342 1586 2625 1641 semivivaa
2675 1586 2863 1657 liquor
2906 1586 3328 1640 benedictionis
3371 1586 3608 1654 introiit,
3642 1587 3840 1641 statim

2204 1680 2401 1751 incipit
2432 1682 2780 1751 praemortua
2806 1679 2935 1733 vita:
2962 1679 3189 1733 flatibus
3209 1681 3502 1747 anhelare,
3528 1680 3674 1735 oculi
3694 1696 3839 1733 nece
3882 1675 3889 1681 ’

2204 1773 2461 1844 praeclusi
2488 1774 2683 1826 lumen
2712 1772 2824 1826 diei
2856 1773 3171 1842 requirere,
3196 1774 3257 1825 ut
3285 1776 3413 1843 post
3431 1774 3699 1827 funerum
3720 1773 3844 1843 pal-

2205 1868 2386 1920 lorem
2434 1866 2609 1920 facies
2652 1865 2711 1919 in
2748 1866 3019 1919 ruborem
3066 1865 3354 1931 transiret,
3400 1866 3583 1920 donec
3619 1865 3841 1919 cunctis

2204 1959 2563 2030 stupentibus
2591 1959 2871 2012 viviticata
2897 1961 3289 2028 consurgeret,
3322 1962 3379 2011 et
3403 1959 3843 2012 circumstantes

2204 2056 2498 2106 auctorem
2541 2051 2798 2105 muneris
2838 2050 3083 2121 gratiam
3116 2051 3515 2121 przedicarent.
3551 2051 3688 2115 Quae
3719 2051 3840 2105 sin-

2206 2145 2351 2215 gulis
2378 2144 2543 2198 annis
2572 2144 2852 2197 tributum
2878 2144 3005 2197 vita)
3038 2144 3202 2197 solvit
3232 2160 3336 2214 pro
3363 2144 3566 2214 pretio.

2274 2239 2379 2292 XII.
2404 2238 2687 2293 Creterum
2714 2236 3128 2290 revelationum
3153 2253 3385 2291 suarum
3409 2237 3535 2308 quis
3556 2240 3846 2291 scrutator

2206 2330 2473 2397 introeat,
2505 2330 2594 2383 cui
2628 2333 2761 2383 ante
2793 2331 3040 2399 quatuor
3068 2346 3352 2383 annorum
3386 2329 3684 2396 curricula,
3716 2330 3843 2401 ipsa

2206 2424 2564 2495 episcopatus
2606 2423 2688 2476 sui
2730 2439 2900 2475 causa
2948 2438 3061 2476 non
3104 2425 3189 2476 est
3224 2423 3602 2476 abscondita?
3641 2425 3842 2493 Itaque

2205 2518 2421 2587 positus
2467 2516 2523 2570 in
2568 2531 2793 2585 sopore,
2827 2514 3053 2584 inspicit
3096 2532 3129 2568 a
3177 2515 3431 2585 quodam
3472 2532 3609 2569 sene
3652 2517 3845 2570 claves

2205 2610 2309 2664 sibi
2342 2612 2520 2680 portae
2548 2608 2844 2662 Parisiacae
2886 2607 3120 2677 porrigi.
3154 2610 3521 2679 Interrogans
3551 2609 3687 2678 quid
3729 2609 3842 2663 hoc

2205 2704 2387 2769 ﬁeret,
2436 2701 2657 2770 accepit
2707 2716 3069 2769 responsum,
3118 2704 3177 2753 ut
3231 2702 3412 2754 salvas
3458 2718 3553 2753 eas
3600 2703 3840 2754 faceret.

2206 2795 2369 2860 Quod
2396 2798 2524 2865 post
2549 2793 2788 2847 civitatis
2816 2795 2937 2864 ejus
2966 2794 3231 2864 episcopo
3256 2794 3320 2864 (ο)
3347 2794 3661 2847 decedente
3699 2795 3842 2849 dum

2204 2887 2729 2959 praecellentissimo
2751 2887 2874 2957 regi
2891 2886 3257 2941 Childeberto
3276 2891 3618 2953 occurreret,
3634 2887 3691 2940 in
3716 2888 3848 2957 ejus

2205 2982 2483 3035 electione
2513 2980 2782 3034 effectum
2804 2980 2902 3034 illa
2920 2997 3023 3034 vox
3049 2979 3385 3050 promeruit.
3414 2980 3844 3051 Ordinatusque

2204 3074 2459 3145 pontifex
2481 3074 2665 3144 qualis
2685 3077 3048 3144 quantusque
3071 3091 3128 3127 se
3152 3073 3411 3143 gesserit,
3438 3074 3544 3128 hoc
3569 3074 3845 3145 expedire

2205 3168 2401 3237 lingua
2436 3167 2692 3220 mortalis
2737 3183 2851 3220 non
2886 3167 3113 3231 sufficit,
3146 3166 3420 3236 quoniam
3447 3184 3618 3236 supra
3649 3167 3841 3221 homi-

2206 3278 2337 3314 nem
2372 3260 2477 3313 fuit
2504 3276 2676 3313 omne
2708 3260 2863 3330 quod
2898 3259 3095 3313 edidit.
3135 3259 3392 3329 Denique
3430 3260 3671 3330 adeptus
3705 3276 3842 3330 gra-

2205 3355 2341 3407 dum
2374 3371 2523 3406 curm
2559 3353 2879 3423 pastoralis,
2915 3353 2987 3405 de
3026 3352 3250 3421 reliquo
3286 3353 3601 3406 monachus
3629 3354 3845 3423 persis-

2206 3449 2380 3500 tebat.
2416 3446 2555 3500 Hinc
2586 3462 2644 3498 se
2674 3444 3072 3515 frequentibus
3108 3445 3411 3498 exercebat
3444 3445 3669 3515 vigiliis,
3702 3446 3844 3499 inde

2204 3539 2551 3593 continuatis
2590 3538 2920 3591 macerebat
2966 3537 3189 3591 incdiis.
3220 3538 3601 3591 Pernoctabat
3645 3539 3845 3608 algida

2205 3635 2467 3686 senectus
2510 3648 2615 3701 per
2656 3631 2911 3684 hiemem
2955 3631 3241 3684 sustinens
3283 3631 3585 3700 dupliciter
3614 3632 3840 3701 frugus,

2205 3726 2387 3779 astatis
2413 3728 2470 3778 et
2502 3723 2795 3794 temporis,
2820 3724 2973 3793 quod
3006 3740 3109 3776 nec
3146 3725 3395 3777 tolerare
3424 3722 3643 3793 possint
3671 3728 3843 3794 petu-

2206 3819 2341 3872 lenti
2364 3818 2605 3889 juvenes
2632 3833 2643 3870 :
2670 3817 2920 3886 seipsum
2946 3832 3095 3886 pene
3120 3816 3456 3870 obliviscens
3476 3833 3580 3886 pro
3602 3816 3844 3871 victoria

2204 3911 2476 3982 corporis,
2513 3914 2789 3979 tauquam
2822 3910 2865 3962 si
2908 3909 3075 3962 simul
3103 3909 3473 3963 accessissent
3504 3908 3757 3979 dignitas
3783 3914 3845 3963 et

2206 4004 2545 4069 necessitas;
2596 4020 2723 4073 quae
2768 4018 2900 4055 vero
2957 4003 3339 4071 eleemosynm
3392 4005 3508 4054 tam
3555 4001 3624 4053 de
3667 4002 3845 4055 rebus

2205 4098 2455 4152 ecclesiae
2487 4112 2660 4166 quam
2709 4094 2905 4165 populi
2936 4094 3225 4148 oblatione
3268 4095 3355 4147 vel
3386 4094 3547 4163 regio
3592 4111 3841 4148 munere

2206 4209 2307 4261 per
2344 4206 2549 4243 manus
2589 4187 2781 4242 Sancti
2822 4188 2988 4241 facite
3023 4190 3173 4251 sunt,
3204 4188 3356 4241 solus
3384 4187 3477 4239 ille
3511 4186 3607 4256 qui
3638 4188 3841 4241 omnia

2204 4286 2293 4347 sit,
2327 4282 2483 4336 novit
2508 4285 2566 4335 et
2598 4284 2881 4335 numerat.

2272 4376 2401 4430 Xlll.
2423 4372 2679 4444 Denique
2702 4374 2955 4444 quadam
2977 4373 3093 4427 vice
3112 4372 3673 4444 praecellentissimus
3690 4373 3846 4427 Chil-

2205 4469 2473 4522 debertus
2494 4484 2591 4521 rex
2622 4483 2752 4520 cum
2784 4466 2833 4521 ei
2864 4466 3159 4520 direxisset
3188 4483 3281 4520 sex
3312 4464 3491 4519 millia
3518 4464 3839 4519 solidorum

469 4558 592 4623 0110
643 4562 825 4641 pretio
872 4564 1182 4633 persoluto,
1230 4559 1473 4628 contigit
1526 4562 1588 4612 ut
1629 4562 1760 4612 ante
1808 4558 2101 4613 basilicam
2121 4572 2180 4643 D
2206 4560 2550 4633 pauperibus
2581 4560 2896 4630 eroganda,
2922 4560 3253 4630 expendens
3276 4560 3385 4613 tria
3406 4558 3584 4611 millia
3607 4559 3843 4612 reverti—

466 4669 615 4723 saepe
656 4653 837 4709 dictus
875 4655 1177 4710 Sabaricus
1214 4653 1558 4723 praeteriret,
1590 4668 1694 4705 nec
1731 4655 1927 4705 tamen
1970 4668 2096 4706 ora-

468 4746 606 4800 tioni
654 4764 882 4820 quoque
928 4748 1270 4802 occurreret.
1303 4745 1409 4808 Qui
1444 4745 1682 4798 domum
1711 4761 1872 4799 suam
1906 4746 2095 4815 ingre-

468 4839 650 4906 diens,
668 4843 876 4896 statim
911 4838 1205 4908 afﬂigitur,
1231 4839 1461 4909 ligatur,
1487 4841 1544 4891 et
1570 4838 1787 4891 catenis
1817 4838 2101 4891 revinctus

467 4932 539 4986 ad
572 4933 845 4989 Sanctum
876 4931 1221 5004 perducitur.
1256 4933 1450 5002 Neque
1478 4932 1555 4985 sic
1587 4948 1620 4985 a
1651 4931 1744 5002 pio
1778 4931 1896 4985 viro
1928 4931 2097 4985 mise-

468 5026 713 5082 ricordia
761 5027 997 5090 tollitur,
1028 5024 1126 5077 scd
1168 5024 1359 5077 statim
1398 5024 1572 5079 missa
1602 5041 1767 5095 prece
1800 5025 1922 5094 ejus
1954 5024 2099 5079 obti—

469 5123 642 5174 nente
676 5121 788 5175 ﬁde
834 5120 1127 5189 purgatur.
1158 5117 1312 5173 Tunc
1344 5119 1555 5189 adjecit
1588 5118 1890 5173 Sabaricus
1916 5118 2101 5171 adhuc

469 5216 669 5287 viginti
716 5228 920 5268 aureos
967 5213 1039 5266 ad
1089 5215 1337 5284 pretium
1381 5213 1534 5283 quod
1580 5216 1899 5283 acceperat,
1934 5214 1991 5265 et
2032 5210 2101 5263 de

471 5313 703 5364 centum
725 5304 920 5361 solidis
936 5322 1068 5360 crux
1087 5308 1160 5362 ad
1177 5308 1500 5379 sepulcrum
1519 5306 1671 5360 beati
1697 5302 2104 5377 Symphoriani

475 5403 545 5456 ab
590 5403 712 5473 ipso
749 5415 1023 5470 suspensa
1064 5404 1147 5454 est
1180 5419 1191 5456 :
1224 5419 1350 5473 quae
1390 5416 1569 5471 usque
1613 5399 1785 5454 hodie
1820 5415 1910 5451 res
1938 5400 2021 5449 est
2048 5396 2103 5449 in

547 5514 621 5583 (α)
654 5514 721 5565 Et
770 5514 965 5583 tamen
1010 5512 1317 5583 Gregorius
1360 5509 1805 5583 Turon.‘in_lib.
1842 5525 1899 5561 III
1944 5507 2104 5571 Hist,

475 5578 613 5651 cap.
651 5586 737 5645 36,
784 5582 979 5636 scribit
1028 5578 1493 5639 Theodobertum
1553 5578 1869 5651 diutissime
1902 5594 2106 5651 aegro-

478 5648 645 5717 tasse,
680 5658 737 5707 et
785 5670 910 5724 cap.
939 5657 1025 5719 37,
1060 5672 1214 5709 anno
1265 5658 1330 5708 37
1383 5656 1511 5722 post
1550 5650 1841 5724 Clodovei’
1865 5648 2106 5713 obitum,

476 5724 639 5792 regni
668 5724 751 5778 sui
789 5719 871 5792 li,
904 5725 1108 5780 Christi
1141 5725 1355 5778 scilicet
1383 5719 1506 5787 358,
1540 5719 1767 5792 obiisse.

556 5788 620 5859 Cb)
665 5788 863 5850 Alexia
900 5796 1116 5865 (Aliso),
1162 5794 1439 5865 oppidum
1472 5790 1783 5865 qugndam
1814 5788 2107 5865 _validissi-

478 5878 635 5918 mum
669 5866 722 5921 in
752 5860 1083 5937 colle'apud
1102 5860 1439 5920 Mandubios
1469 5862 1527 5918 in
1562 5860 1890 5932 Burgundia
1918 5860 2108 5927 situm,

2200 4660 2292 4709 tur
2322 4654 2395 4708 ad
2423 4652 2729 4725 palatium;
2764 4653 3154 4721 interrogatus
3185 4670 3217 4705 a
3248 4668 3385 4721 rege
3414 4651 3457 4704 si
3487 4652 3673 4705 adhuc
3693 4652 3839 4704 resi-

2202 4750 2365 4802 deret
2395 4746 2549 4817 quod
2581 4746 2777 4814 egenis
2809 4745 3107 4811 tribueret,
3132 4744 3432 4815 respondit
3460 4743 3837 4797 medietatem

2204 4840 2499 4905 resedisse,
2525 4855 2629 4891 nec
2656 4837 2938 4891 invenisse
2966 4837 3167 4908 inopes
3189 4837 3394 4908 quibus
3414 4839 3597 4889 totum
3630 4852 3843 4907 expen-

2204 4934 2385 4987 deret.
2412 4930 2511 4988 Cui
2532 4949 2629 4985 rex
2652 4931 2840 5002 inquit
2864 4948 2875 4986 :
2906 4953 2931 4979 ‹‹
2955 4930 3389 4997 Dominc,dona
3412 4928 3567 5000 quod
3588 4929 3797 4982 restitit
3822 4947 3836 4983 :

2206 5044 2337 5080 nam
2368 5025 2590 5081 Christo
2622 5025 2903 5094 largiente
2937 5023 3091 5094 quod
3122 5023 3372 5077 donetur
3392 5039 3506 5076 non
3530 5021 3789 5075 deficiet:
3812 5046 3839 5068 ι»

2205 5118 2464 5172 incidens
2486 5120 2649 5170 orata
2670 5117 2950 5181 missoria,
2973 5119 3251 5186 argentea
3267 5133 3399 5169 vasa
3416 5113 3843 5177 comminuens,

2207 5210 2483 5281 quidquid
2501 5209 2750 5280 primum
2769 5208 2969 5262 habuit
2990 5208 3132 5262 dans
3151 5208 3432 5262 sacerdoti
3454 5224 3524 5260 ne
3548 5206 3844 5277 perderet.

2208 5305 2341 5357 Erat
2362 5319 2500 5372 ergo
2524 5301 2909 5371 exspectanda
2928 5299 3221 5355 cont'entio
3239 5300 3390 5354 inter
3406 5299 3767 5354 sacerdotem
3790 5304 3852 5353 et

2208 5395 2523 5467 principem
2532 5435 2544 5447 .
2562 5392 2863 5447 Faciebant
2875 5393 3029 5464 apud
3039 5409 3095 5448 se
3108 5393 3175 5448 de
3190 5392 3574 5447 misericordia
3587 5407 3847 5463 pugnam

2210 5505 2415 5559 Caesari
2460 5503 2820 5558 notissimum
2854 5503 2950 5557 lib.
2986 5520 3057 5557 vn
3094 5504 3164 5557 de
3210 5504 3343 5557 Bell.
3379 5504 3544 5570 Gall.,
3576 5520 3727 5557 nunc
3764 5503 3849 5557 vi-

2210 5594 2308 5631 cus
2334 5580 2419 5629 est
2449 5575 2575 5630 colli
2606 5574 2837 5629 declivis
2869 5575 3186 5645 impositus.

2284 5646 2347 5716 (ο)
2378 5646 2619 5700 Eusebio
2647 5650 2875 5700 sanctus
2912 5647 3231 5702 Germanus
3260 5645 3530 5699 successit
3554 5644 3612 5698 in
3645 5645 3849 5700 sedem

2212 5717 2555 5772 Parisiacam
2588 5721 2720 5771 ante
2756 5718 3059 5771 concilium
3094 5716 3408 5770 Parisiense
3442 5734 3522 5784 ιιι,
3550 5733 3705 5771 anno
3746 5720 3849 5772 5237

2213 5789 2586 5853 celebratum,
2623 5788 2710 5843 cui
2737 5790 3056 5843 Germanus
3083 5786 3431 5857 subscripsit.
