4020 6232
204 334 256 397 0t
1811 343 1978 401 VITA.
3507 350 3575 415 62

201 452 252 502 et
273 443 341 503 de
365 444 585 521 pietate
617 450 930 521 certamen,
962 446 1259 507 thesauros
1298 453 1364 508 ut
1401 454 1758 524 spargerent,
1787 455 1846 507 et
1865 463 1924 540 Α
1944 454 2150 513 Christi
2175 456 2406 517 nomine
2430 456 2711 533 invocato,
2741 476 3011 518 concussa
3046 462 3251 520 sanctis
3277 461 3469 537 digitis
3501 463 3573 520 ad

202 541 264 597 de
288 541 405 598 suis
441 541 681 600 talentis
720 543 889 616 egeni
916 543 1274 615 ditescerent,
1305 543 1496 601 festini
1536 544 1607 600 ad
1647 544 1841 601 futura
1939 566 1997 605 se
2030 549 2296 621 junctura
2334 554 2658 626 revertitur,
2710 559 2769 612 et
2809 572 2927 611 suae
2969 554 3102 612 ﬁdei
3143 556 3345 614 merito
3387 556 3572 613 salvus

199 633 365 704 lucra,
398 641 463 690 ut
486 635 801 693 bratheum
833 653 1025 694 semen
1053 637 1125 709 (a)
1152 642 1423 706 sererent,
1451 641 1509 695 et
1533 643 1662 711 post
1687 654 1837 694 mes-

199 744 342 785 sores
359 729 707 786 accederent
721 732 1075 787 aurolentam
1092 747 1196 803 per
1208 736 1460 804 segetem
1475 751 1488 788 :
1507 736 1571 787 ut
1586 732 1840 788 sacerdos

199 823 645 895 locupletaretur
671 825 956 897 regalibus
977 825 1272 895 thesauris,
1293 829 1351 879 et
1371 825 1430 881 in
1457 841 1653 897 regem
1680 825 1842 882 ﬂore—

200 924 281 975 ret
307 916 491 990 gratia
518 918 854 988 sacerdotis,
881 918 981 990 qui
1010 936 1181 974 suum
1215 918 1399 974 solum
1438 918 1545 974 hoc
1581 917 1837 988 credidit,

200 1012 343 1084 quod
361 1013 556 1068 nudus
577 1016 683 1067 aut
708 1028 922 1083 egenus
951 1012 1191 1083 accepit.

262 1107 390 1162 XIV.
412 1105 524 1161 Sed
546 1110 905 1161 revertamur
923 1105 991 1160 ad
1015 1106 1295 1161 ordinem.
1314 1105 1554 1171 Quidam
1574 1104 1633 1160 in
1653 1105 1843 1159 Exona

202 1198 424 1268 (Essone,
454 1215 641 1270 prope
671 1198 1014 1271 Corbolium)
1042 1200 1162 1255 vico
1200 1200 1270 1254 de
1298 1199 1579 1255 fiscalibus
1616 1197 1843 1253 famulis

198 1292 524 1348 Gildomeris
553 1291 810 1361 nomine,
830 1308 962 1347 cum
982 1293 1071 1347 die
1100 1292 1389 1348 Dominico
1416 1292 1688 1364 quiddam
1713 1306 1843 1362 cpe-

201 1391 345 1440 ratus
369 1386 462 1455 sit,
488 1387 571 1440 ita
600 1386 956 1440 contrahitur
975 1385 1186 1457 digitis,
1210 1391 1273 1441 ut
1296 1386 1578 1458 unguium
1600 1400 1843 1440 acumen

201 1484 411 1551 partem
436 1479 715 1535 transiret
741 1478 802 1533 in
821 1479 1076 1534 alteram.
1106 1479 1212 1544 Qui
1237 1479 1481 1535 Parisius
1503 1482 1695 1533 sancto
1722 1477 1843 1532 viro

202 1574 435 1628 occurrit
462 1573 526 1628 in
557 1572 846 1641 oratorio;
876 1576 931 1626 et
959 1572 1213 1627 oratione
1240 1572 1387 1642 data,
1407 1588 1696 1643 manuque
1720 1587 1844 1642 per-

202 1670 363 1721 uncta
386 1667 533 1736 oleo,
572 1683 799 1738 ungues
833 1666 904 1721 de
941 1666 1130 1737 palma
1163 1669 1417 1721 retracta:
1458 1669 1610 1720 sunt.
1644 1663 1844 1736 Digitis

203 1760 452 1815 redditur
482 1777 773 1831 organum
795 1760 928 1815 etin
944 1758 1182 1830 antiquo
1209 1758 1391 1813 ofﬁcio
1408 1774 1713 1813 nervorum
1736 1757 1846 1811 tela

1939 644 2173 701 domum
2199 647 2514 705 reducitur.

2010 739 2136 796 XIX.
2163 741 2302 795 Item
2328 741 2506 811 faber,
2538 742 2793 815 Ligerius
2827 743 3059 799 nomine
3100 742 3411 799 turbulenti
3452 743 3576 799 dm-

1940 831 2124 886 monis
2159 838 2420 905 arreptus
2456 835 2696 902 insania,
2739 836 2818 892 ita
2852 836 3070 892 bestiali
3106 826 3327 892 feritate
3365 853 3570 908 proru-

1939 928 2119 997 perat,
2147 930 2213 980 ut
2236 927 2446 982 catenis
2486 928 2628 983 collo
2663 930 3040 1002 manibusque
3068 930 3352 985 revinctus
3380 929 3475 986 vix
3500 930 3572 986 ad

1940 1017 2087 1072 beati
2113 1018 2228 1073 Viri
2250 1020 2576 1075 traheretur
2603 1022 2984 1093 praesentiam.
3016 1022 3150 1078 Inde
3178 1022 3571 1090 miserabilior,

1941 1116 2005 1165 ut
2029 1111 2128 1184 qui
2154 1113 2464 1168 sustinebat
2487 1114 2557 1167 ab
2576 1115 2736 1171 hoste
2764 1115 3110 1186 violentiam,
3137 1115 3246 1188 ipsi
3269 1115 3573 1171 adderetur

1941 1205 2114 1260 altera
2139 1221 2304 1276 paena
2327 1221 2432 1277 per
2457 1206 2697 1263 vincula.
2719 1208 2898 1272 Quem
2923 1212 3115 1263 tamen
3137 1209 3393 1264 sacerdos
3421 1208 3573 1281 apud

1942 1313 2000 1351 se
2030 1298 2274 1369 imperat
2319 1298 2596 1369 detineri;
2654 1305 2737 1369 et,
2797 1300 2942 1356 sicut
2996 1301 3235 1373 septimo
3287 1301 3377 1357 die
3428 1302 3571 1357 Deus

1942 1391 2157 1463 quievit
2182 1391 2252 1446 ab
2281 1408 2470 1463 opere,
2497 1393 2589 1460 fita
2616 1397 2673 1448 et
2710 1409 2883 1464 opera
2909 1394 3006 1447 Dei
3042 1399 3319 1450 transacta
3354 1395 3570 1450 hebdo-

1942 1484 2109 1539 mada
2134 1484 2376 1556 eripitur
2403 1503 2433 1539 a
2463 1486 2758 1555 daemone;
2796 1486 2988 1558 sicque
3029 1488 3087 1541 in
3125 1488 3357 1560 pr0pria
3392 1487 3575 1543 redire

1943 1594 2173 1632 securus
2197 1577 2407 1632 meruit
2434 1578 2708 1633 liberatus
2733 1579 2803 1633 ab
2832 1579 3013 1634 hoste.

2013 1671 2117 1726 XX.
2165 1671 2379 1726 Waddo
2417 1672 2503 1725 vir
2539 1671 2777 1741 illuster,
2810 1671 3053 1726 consiliis
3094 1672 3244 1743 regis
3269 1672 3573 1744 particeps,

1944 1767 2146 1835 typum
2169 1763 2472 1835 dupliciter
2485 1764 2783 1821 incurrens
2806 1764 2981 1820 febris
2995 1769 3051 1819 et
3069 1764 3318 1836 frigoris,
3349 1780 3581 1836 exspur-

203 1853 489 1909 retexitur.
522 1854 709 1918 Quem
735 1852 1003 1908 clericum
1029 1856 1157 1923 post
1183 1852 1465 1921 effectum,
1499 1855 1555 1906 et
1592 1855 1658 1905 ut
1694 1851 1839 1905 inte-
1863 1831 1921 1905 B
1948 1831 2166 1928 gandus
2205 1831 2383 1913 sancti
2418 1857 2532 1912 Viri
2580 1861 2960 1930 praesentatur
3001 1831 3310 1913 obtutibus.
3356 1831 3577 1912 Interea

211 1962 369 2018 grum
400 1947 625 2001 salvum
652 1947 882 2013 faceret,
911 1951 1066 2017 peste
1092 1945 1349 2000 liberavit
1378 1949 1436 2000 et
1459 1944 1716 2000 crimine.

270 2041 371 2095 XV.
410 2041 633 2096 Rursus
673 2041 935 2112 quaedam
979 2040 1187 2095 mulier
1231 2038 1462 2093 nomine
1498 2038 1742 2092 Favonia
1780 2036 1841 2092 in

205 2134 337 2188 urbe
363 2134 648 2188 Parisiaca
670 2150 773 2205 per
796 2150 999 2189 novem
1025 2133 1143 2187 dies
1168 2131 1487 2204 percipiens
1513 2131 1658 2186 nihil
1700 2147 1845 2202 pras-

205 2230 285 2282 ter
307 2227 669 2298 pulticulam,
700 2244 797 2282 ore
820 2232 1016 2298 aperto
1043 2226 1268 2280 inhians
1292 2228 1482 2279 sancto
1502 2224 1631 2278 Viro
1658 2224 1843 2279 oblata

204 2326 298 2375 est.
324 2322 460 2386 Quae
488 2321 648 2377 velut
673 2321 822 2376 ferro
847 2320 1101 2392 opposito
1130 2319 1282 2373 nulla
1312 2318 1438 2388 lege
1469 2320 1690 2388 poterat
1709 2317 1844 2387 jun-

209 2428 332 2483 gere
361 2413 562 2469 dentes
586 2417 687 2469 aut
727 2414 892 2468 labia.
931 2415 1113 2478 Quam
1148 2411 1206 2465 in
1235 2409 1479 2465 oratorio
1509 2426 1666 2464 sacro
1710 2425 1838 2480 per-

204 2510 363 2561 uncta
415 2508 563 2577 oleo,
608 2508 835 2579 palpate
877 2507 1131 2579 undique
1185 2503 1366 2576 capite
1405 2503 1524 2558 sine
1574 2502 1837 2557 tarditate

208 2598 361 2659 saluti
388 2599 662 2655 restituit.

272 2693 394 2746 XVI.
422 2692 646 2747 Accidit
674 2697 740 2746 ut
764 2692 951 2763 puella
980 2692 1243 2763 quaedam
1271 2691 1339 2745 de
1366 2688 1613 2745 Medardi
1642 2687 1832 2758 Mogli-

209 2783 466 2838 dunensis
510 2785 585 2855 (b)
628 2784 843 2839 familia
888 2786 1050 2839 ﬁlans
1088 2784 1177 2839 die
1218 2781 1526 2851 Dominico,
1558 2784 1840 2835 contracta

209 2893 367 2932 manu
389 2878 763 2933 damnaretur
778 2877 1073 2949 supplicio.
1102 2877 1221 2941 Qua
1240 2879 1495 2930 contacta
1514 2874 1639 2928 oleo
1657 2873 1839 2927 virtus

210 2968 403 3025 infudit
429 2970 773 3025 remedium.
801 2970 936 3024 Hinc
957 2974 1250 3041 stupentes
1266 2967 1428 3039 digiti
1445 2967 1702 3038 vigorem
1726 2965 1840 3036 pri-

212 3064 409 3117 stinum
436 3064 801 3135 resipiscunt,
824 3063 1063 3118 oblitum
1086 3062 1219 3116 artis
1247 3060 1496 3115 ofﬁcium
1517 3058 1735 3115 reducti
1754 3075 1840 3115 ar-

1941 1950 2081 2005 hora
2108 1950 2269 2006 solita
2292 1951 2449 2006 febre
2475 1967 2778 2006 concussus
2807 1950 3155 2023 gravissima,
3188 1955 3253 2005 ut
3282 1951 3581 2022 refrigera-

1941 2048 2101 2099 retur
2125 2044 2213 2099 vel
2240 2060 2446 2115 aquam
2472 2043 2750 2099 instanter
2774 2045 3114 2115 expostulat.
3143 2044 3263 2108 Qua
3288 2043 3394 2097 sibi
3413 2043 3582 2098 dene-

1944 2141 2071 2208 gata
2102 2137 2163 2191 in
2204 2137 2382 2191 sancti
2421 2136 2701 2208 pontiﬁcis
2738 2137 3026 2192 insolescit
3062 2136 3351 2208 injuriam.
3380 2136 3476 2189 Vir
3499 2138 3582 2190 ta-

1941 2246 2074 2284 men
2096 2229 2195 2284 Dei
2230 2234 2528 2285 contentus
2567 2235 2633 2285 ut
2674 2230 2958 2285 obtineret
2980 2229 3295 2297 victoriam,
3323 2228 3579 2283 oratione

1941 2322 2238 2394 explicata,
2270 2328 2471 2394 potum
2500 2324 2553 2378 ei
2594 2324 2809 2378 donans
2834 2322 2895 2377 in
2922 2322 3123 2391 calida,
3152 2321 3445 2377 hominem
3484 2338 3576 2376 re-

1939 2416 2157 2471 vocavit
2170 2416 2412 2472 salutem
2432 2417 2502 2471 ad
2520 2416 2841 2489 pristinam,
2863 2421 2919 2471 et
2934 2415 3236 2471 imminens
3256 2415 3577 2487 periculum

1944 2510 2039 2565 tali
2066 2510 2283 2565 curavit
2307 2508 2580 2580 antidoto,
2610 2510 2829 2565 febrem
2854 2527 3060 2565 curans
3088 2525 3192 2581 per
3220 2508 3482 2564 calidam.

2010 2604 2138 2658 XXI.
2176 2604 2287 2658 Nec
2334 2603 2478 2658 illud
2526 2606 2611 2657 est
2649 2604 3113 2674 praetereundum
3160 2601 3360 2656 similis
3397 2616 3579 2656 causa:

1938 2695 2298 2750 miraculum.
2334 2695 2565 2767 Reginae
2592 2695 2979 2750 Chrodosintaa
3011 2695 3074 2767 (e)
3103 2695 3380 2764 minister,
3422 2681 3581 2749 Ulfus

1938 2789 2191 2859 nomine,
2220 2793 2355 2859 typo
2389 2787 2471 2859 [Id
2495 2794 2592 2857 est,
2623 2790 2770 2856 febri
2789 2788 3085 2859 periodica]
3118 2788 3429 2843 vexabatur
3459 2803 3582 2858 gra-

1936 2881 2182 2936 vissime.
2212 2883 2450 2936 Poscens
2477 2881 2745 2953 suffragia
2778 2881 3037 2951 medelas,
3065 2880 3319 2952 perrexit
3346 2880 3417 2935 ad
3442 2896 3583 2951 pon-

1935 2974 2164 3029 tiﬁcem.
2194 2975 2371 3039 Quem
2398 2974 2480 3028 vir
2521 2975 2615 3029 Dei
2653 2978 2974 3029 constanter
3006 2974 3162 3029 ducit
3195 2975 3265 3028 ad
3305 2973 3577 3045 baptiste-

1936 3067 2110 3121 rium.
2145 3067 2251 3123 Sed
2290 3072 2560 3123 exorante
2602 3067 2803 3122 Sancto
2837 3066 3008 3138 coepit
3043 3065 3221 3137 affligi
3261 3065 3484 3136 gravius
3519 3065 3578 3120 in

210 3154 351 3210 ticuli
375 3157 751 3223 meditantur,
779 3172 980 3210 manus
997 3172 1219 3209 ramosa
1245 3153 1604 3222 distenditur,
1633 3157 1689 3207 et
1708 3167 1839 3222 pur—
1867 3189 1922 3264 Ο
1949 3161 2206 3231 proximo
2222 3161 2565 3216 liberandus.
2588 3160 2838 3215 Postulat
2855 3159 3059 3214 ardens
3084 3164 3141 3214 et
3156 3163 3398 3214 aestuans
3416 3174 3579 3230 aqua:

214 3253 331 3318 gata
356 3250 489 3304 vitio
516 3250 752 3305 dextera
779 3249 941 3304 saluti
968 3248 1276 3304 reducitur.

278 3343 421 3398 XVII.
446 3344 619 3398 Recte
649 3343 902 3397 creditur
927 3341 1299 3396 inserendum
1320 3340 1460 3395 illud
1488 3355 1716 3412 quoque
1745 3339 1850 3393 mi-

216 3436 477 3490 raculum.
502 3436 814 3490 Bobolinus
836 3435 1069 3506 quidam
1090 3434 1157 3488 de
1175 3434 1295 3487 vico
1323 3433 1589 3487 Noviomo
1617 3433 1844 3501 (Noyon,

216 3528 268 3581 in
290 3529 555 3600 Picardia)
585 3529 955 3583 vehementer
972 3528 1192 3582 inimici
1216 3543 1482 3598 pervasus
1507 3526 1745 3594 insidiis,
1775 3524 1846 3579 ad

218 3621 497 3677 Hominem
526 3622 629 3677 Dei
658 3621 895 3676 vinculis
920 3638 1100 3676 nexus
1137 3620 1460 3689 adducitur,
1488 3620 1683 3674 rebelli
1728 3617 1843 3688 spi-

217 3715 316 3768 ritu
348 3720 559 3771 rotatus
595 3715 881 3770 excutitur
924 3730 1026 3769 nec
1066 3714 1326 3768 lassatur.
1378 3713 1506 3780 Qui,
1577 3716 1846 3766 exorante

220 3811 391 3863 sancto
418 3810 574 3875 Viro,
616 3808 779 3879 quasi
808 3808 877 3862 de
911 3806 1087 3879 longo
1122 3806 1322 3861 itinere
1362 3807 1433 3861 ad
1469 3822 1527 3860 se
1572 3819 1845 3874 suamque

222 3906 453 3956 mentem
482 3901 734 3973 septimo
761 3901 852 3955 die
891 3899 1215 3955 revertitur.
1254 3899 1338 3954 Sic
1377 3897 1678 3969 dupliciter
1698 3897 1841 3951 libe-

222 3998 379 4063 ratus,
407 3995 546 4049 dum
571 3994 723 4066 fugit
750 3993 955 4047 umbra
983 3993 1051 4047 de
1078 3992 1356 4061 sensibus,
1379 3996 1576 4046 catena
1602 3990 1751 4045 cadit
1776 3978 1844 4043 de

221 4088 461 4142 manibus
485 4092 542 4142 et
569 4104 742 4142 sanus
770 4086 1029 4141 redditur
1054 4090 1110 4140 et
1137 4085 1375 4140 solutus.

282 4180 449 4235 XVIII.
479 4182 594 4235 Hoc
623 4185 815 4235 autem
845 4179 1135 4233 memoriae
1161 4178 1292 4250 jure
1320 4182 1599 4248 perpetuo
1629 4180 1712 4231 est
1735 4180 1846 4230 tra-

222 4270 472 4330 d'ndum.
525 4273 767 4338 Quidam
812 4290 879 4327 ex
928 4271 1251 4354 Nantﬁarici
1301 4269 1407 4342 [An
1445 4268 1845 4340 Nemptodori?

221 4367 465 4422 Nanterre
478 4368 523 4439 ξ’]
556 4366 796 4432 familia,
828 4365 1101 4437 separatis
1127 4364 1197 4417 ab
1219 4363 1461 4418 invicem
1484 4363 1845 4418 maxillarum

215 4457 502 4529 juncturis,
533 4477 632 4514 ore
658 4459 850 4529 aperio
878 4458 948 4512 ad
976 4462 1233 4511 sanctum
1262 4457 1461 4510 Virum
1488 4455 1841 4528 perducitur.

1948 3254 2255 3325 modicum,
2283 3255 2379 3310 sed
2409 3258 2674 3325 negatur.
2696 3253 2803 3319 Qui
2822 3253 2968 3308 fellis
2997 3252 3375 3308 amaritudine
3404 3251 3579 3306 susci-

1948 3352 2095 3402 tatus
2133 3348 2427 3417 acerrime,
2466 3348 2717 3402 balteum
2766 3363 2934 3401 suum
2987 3347 3058 3400 ad
3108 3345 3293 3402 Sancti
3346 3344 3582 3416 vestigia

1946 3440 2184 3511 projecit
2221 3442 2468 3496 clamans
2516 3457 2529 3496 :
2579 3442 2663 3494 Tu
2702 3456 2813 3510 me,
2842 3440 3091 3509 domine,
3120 3438 3407 3508 interﬁcis,
3450 3454 3582 3493 cum

1948 3550 2146 3588 sanare
2176 3534 2470 3589 debueras.
2510 3534 2614 3590 Sed
2654 3534 2760 3587 hoc
2803 3534 2904 3587 tibi
2940 3537 3139 3587 notum
3182 3533 3271 3598 sit,
3312 3532 3446 3604 quia
3479 3547 3584 3603 per

1947 3632 2001 3681 te
2027 3627 2259 3681 morior.
2292 3627 2413 3681 Vita
2448 3644 2575 3683 mea
2601 3644 2634 3680 a
2671 3631 2727 3682 te
2754 3627 2862 3681 erit
2890 3626 3229 3697 requirenda
3264 3643 3297 3679 a
3335 3642 3469 3696 rege
3493 3625 3580 3679 vel

1946 3738 1979 3772 a
2013 3720 2359 3790 parentibus.
2404 3720 2699 3776 Interdum
2737 3737 2856 3790 prie
2892 3720 3074 3774 calore
3121 3735 3225 3791 per
3261 3710 3576 3789 baptisterii

1945 3813 2334 3883 pavimentum
2369 3814 2675 3868 volutatur.
2713 3814 2919 3867 Orante
2956 3811 3118 3866 beato
3159 3811 3285 3865 Viro
3322 3811 3382 3865 in
3418 3825 3575 3881 sopo-

1946 3922 2070 3960 rem
2098 3907 2462 3974 convertitur,
2492 3911 2549 3961 et
2582 3904 2998 3976 aliquantulum
3033 3909 3160 3975 post
3184 3919 3450 3958 somnum
3479 3919 3578 3958 ex-

1946 3998 2165 4066 citatus,
2201 3998 2271 4053 ab
2301 3999 2422 4071 ipso
2453 3999 2514 4053 in
2549 4014 2778 4054 omnem
2806 3998 3253 4053 incolumitatem
3278 3996 3582 4069 languidus

1946 4092 2306 4146 reformatur.
2331 4092 2633 4163 Inquisitus
2659 4108 2692 4144 a
2712 4090 2980 4163 pontiﬁce
2999 4107 3101 4146 cur
3119 4095 3340 4145 tantum
3361 4090 3582 4144 locutus

1946 4184 2017 4238 sit
2040 4184 2109 4237 ad
2138 4183 2407 4254 injuriam
2427 4184 2748 4252 sacerdotis,
2781 4182 3072 4255 respondit
3090 4183 3276 4238 solum
3302 4182 3353 4237 ei
3375 4182 3583 4254 gratias

1946 4278 2215 4346 referens,
2245 4277 2389 4331 nihil
2420 4294 2477 4332 se
2508 4278 2577 4333 de
2617 4277 2733 4332 suis
2768 4278 2951 4332 verbis
2988 4276 3271 4331 recordari
3295 4276 3581 4332 confessus

1947 4375 2050 4424 est.

2018 4464 2169 4517 XXII.
2221 4463 2775 4519 Praecellentissimus
2837 4462 3226 4518 Childebertus
3280 4479 3381 4517 rex
3448 4478 3576 4516 cum

222 4552 383 4613 Quem
407 4553 572 4624 signo
599 4551 780 4606 crucis
797 4552 1071 4621 impresso
1098 4549 1321 4604 sanitati
1352 4550 1635 4604 redditum
1666 4548 1921 4626 vetuitD
1944 4573 2155 4627 equum
2204 4557 2584 4611 necessarium
2624 4557 2694 4612 ad
2733 4556 2929 4611 sellam
2965 4555 3116 4610 beati
3156 4555 3263 4609 viri
3315 4556 3580 4610 donasset

223 4659 285 4698 ne
307 4647 582 4718 acciperet
622 4645 740 4699 vini
780 4649 978 4715 potum
1004 4648 1101 4698 aut
1127 4642 1311 4697 carnis
1346 4642 1598 4697 edulium
1630 4642 1712 4713 (ο).
1741 4642 1848 4706 Qui

225 4744 489 4811 praecepto
532 4738 842 4810 postposito
878 4737 947 4791 ad
976 4753 1235 4791 normam
1262 4735 1348 4789 sui
1373 4736 1623 4808 langoris
1658 4735 1848 4790 statim

226 4831 471 4887 reductus
499 4837 602 4887 est.
638 4832 747 4887 Sed
768 4848 842 4885 ne
866 4829 1290 4901 prmvaricantis
1319 4829 1669 4900 negligentia
1689 4829 1845 4899 justo

228 4924 567 4979 subtraheret
594 4923 853 4995 gloriam,
876 4922 933 4976 in
961 4922 1278 4993 Spedoteno
1306 4921 1379 4992 (ἀ)
1411 4922 1542 4976 villa
1569 4938 1761 4977 rursus
1791 4922 1845 4977 ei

228 5015 425 5072 oblatus
442 5023 545 5073 est.
564 5017 735 5088 Cujus
754 5016 876 5070 loca
890 5015 1253 5069 maxillarum
1270 5020 1461 5069 sancto
1478 5030 1844 5086 perunguens

225 5108 353 5179 oleo,
385 5128 445 5165 ac
471 5110 648 5166 beatis
674 5110 937 5165 manibus
963 5112 1222 5163 mentum
1249 5107 1568 5179 astringeus
1605 5112 1661 5163 et
1695 5108 1843 5162 labia

287 5261 353 5331 (a)
386 5264 461 5317 Ita
484 5279 621 5317 mss.
649 5262 846 5327 Codd.,
870 5261 968 5315 ubi
985 5260 1294 5333 legendum
1320 5260 1545 5333 videtur
1572 5262 1840 5317 bracteum

222 5348 397 5402 serum,
428 5333 535 5388 hoc
560 5349 800 5387 aureum
824 5333 911 5387 vel
935 5332 1272 5402 argenteum
1303 5349 1314 5386 :
1346 5348 1481 5386 nam
1508 5332 1730 5396 bractea
1758 5339 1839 5388 est

224 5404 332 5475 auri
359 5406 443 5461 vel
471 5403 697 5475 argenti
727 5404 937 5458 lamina
956 5403 1232 5475 subtilior.
1261 5403 1363 5457 Cui
1386 5403 1839 5474 interpretationi

224 5472 353 5547 favet
376 5476 523 5547 quod
546 5472 808 5546 sequitur
832 5474 900 5547 de
929 5474 1219 5547 aurulenta
1244 5479 1453 5545 segete.

286 5544 348 5613 (b)
374 5544 735 5601 hlelodun'um
766 5545 1007 5616 (Melan),
1035 5544 1105 5598 ad
1131 5544 1450 5616 Sequanam
1477 5544 1675 5600 decem
1707 5544 1829 5600 leu-

224 5613 289 5687 ris
308 5632 476 5687 supra
519 5613 797 5671 Lutetiam
835 5615 1197 5669 Parisiorum.
1217 5613 1296 5669 'In
1333 5615 1669 5687 quibusdam
1707 5617 1830 5671 Mss.

224 5682 412 5753 legitur
436 5689 501 5743 de
528 5688 682 5743 domo
711 5687 967 5742 Medardi
987 5682 1407 5753 Meglidunens'is
1434 5688 1686 5753 familia.

227 5701 264 5733 ιρ
304 5701 412 5741 uur
436 5701 501 5743 ae
528 5701 682 5743 domo
711 5701 963 5742 meaaraz
987 5701 1407 5753 illeguaunenszs
1434 5701 1686 5753 famaue.

227 5821 234 5830 ι
270 5701 718 5831 ‘iQSimilequid
758 5758 826 5813 de
843 5762 1052 5831 sancto
1086 5757 1246 5812 Patre
1290 5757 1583 5813 Benedicto
1626 5758 1835 5831 legitur

224 5825 274 5877 in
299 5825 387 5882 lib.
418 5846 477 5884 ιι.
511 5825 630 5884 Dial
652 5845 812 5901 greg.
840 5828 1047 5901 Magni,
1078 5844 1200 5899 cap.
1239 5831 1319 5883 16.

1946 4650 2273 4705 vehiculum
2300 4655 2464 4721 rogat
2490 4650 2609 4721 ipse
2650 4650 2750 4721 qui
2786 4650 3016 4705 dederat
3049 4653 3116 4703 ut
3150 4665 3283 4704 eum
3309 4648 3415 4703 sibi
3441 4648 3577 4704 reti-

1947 4747 2128 4811 neret,
2159 4760 2263 4798 nec
2300 4743 2565 4813 cuiquam
2603 4743 2898 4797 tribueret.
2940 4742 3173 4798 Interim
3220 4743 3420 4797 beatus
3473 4742 3577 4810 vir,

1946 4836 2264 4906 postulante
2288 4835 2526 4906 captivo,
2557 4852 2771 4906 equum
2800 4836 2972 4889 donat
2994 4835 3055 4889 in
3079 4836 3280 4907 pretio,
3312 4836 3581 4907 quoniam

1943 4928 2095 4999 apud
2126 4928 2450 4999 pontiﬁcem
2480 4928 2607 4998 plus
2641 4928 2754 4984 fuit
2789 4928 3085 4999 quamilla
3113 4929 3263 5001 regis
3301 4946 3408 4984 vox
3436 4945 3578 5000 pau-

1943 5021 2113 5092 peris.
2145 5021 2311 5075 Jubet
2337 5020 2511 5091 igitur
2539 5025 2605 5075 ut
2625 5020 2950 5092 quindecim
2973 5038 3105 5076 eum
3122 5022 3474 5077 venundaret
3499 5038 3582 5076 so-

1943 5113 2110 5168 lidis:
2153 5128 2326 5184 quem
2366 5129 2584 5184 pauper
2618 5112 2739 5186 ipse
2778 5130 2908 5169 cum
2962 5114 3213 5183 duceret,
3259 5115 3583 5186 negotiator

2015 5264 2087 5335 (ἀ)
2113 5264 2238 5338 _Al.,
2282 5263 2919 5338 SpedenototEspone),
2942 5266 3095 5321 vicus
3122 5282 3307 5338 prope
3344 5267 3577 5322 Medun-

1940 5334 2351 5390 tam'Castrun—i
2390 5334 2635 5405 (Montes)
2677 5334 2869 5390 decem
2906 5337 3079 5391 leucis
3116 5334 3262 5390 infra
3303 5338 3579 5392 Lutetiam

1940 5405 2304 5475 Parisiorum,
2342 5422 2459 5461 non
2490 5407 2659 5479 longe
2684 5423 2717 5460 a
2742 5408 3063 5465 confluente
3099 5408 3343 5463 Mandrze
3384 5409 3441 5463 in
3479 5409 3579 5464 Se-

1980 5493 2182 5531 uanam
2196 5518 2208 5532 .
3522 5497 3532 5512 '

1938 5494 2208 5549 quanam.
3522 5497 3532 5512 ·

2009 5549 2070 5617 (e)
2099 5548 2370 5620 Gregorio
2406 5550 2617 5620 Tui'on.
2660 5548 2718 5620 In
2760 5549 2837 5603 lib
2881 5566 2957 5616 1v,
3012 5566 3133 5620 cap.
3184 5552 3238 5619 3,
3291 5549 3572 5604 Clotsinda

1935 5623 2184 5691 vocatur,
2212 5618 2439 5674 Clotarii
2466 5619 2619 5691 regis
2642 5619 2779 5691 ﬁlia,
2806 5636 2934 5691 qua:
2977 5618 3210 5674 Alboino
3250 5620 3571 5691 Langobar-

1934 5690 2139 5745 dorum
2173 5685 2308 5762 regi
2368 5685 2843 5762 posteaunupsit.’
2891 5692 2972 5744 Ex
3034 5692 3139 5745 hoc
3202 5685 3567 5762 locoi'videas

1935 5776 2141 5833 regum
2171 5757 2515 5833 Francorum
2544 5757 2775 5833 ﬁlias—in
2804 5764 3041 5829 paterna
3068 5763 3234 5816 domo
3259 5760 3440 5814 adhuc
3469 5757 3561 5809 de-

1937 5830 2132 5904 gentes
2157 5832 2382 5904 reginas
2410 5830 2697 5902 appellari.
