  <div class='ocr_page' id='page_1' title='image "/cluster/home/n/w/nwhite01/storage/ocr_20150623/72/uva.x000827084/047.png"; bbox 0 0 4020 6232; ppageno 0'>
   <div class='ocr_carea' id='block_1_1' title="bbox 372 307 3737 397">
    <p class='ocr_par' dir='ltr' id='par_1_1' title="bbox 372 307 3737 397">
     <span class='ocr_line' id='line_1_1' title="bbox 372 307 3737 397; baseline -0.004 -10"><span class='ocrx_word' id='word_1_1' title='bbox 372 307 436 374; x_wconf 61' lang='lat' dir='ltr'><strong>B3</strong></span> <span class='ocrx_word' id='word_1_2' title='bbox 789 364 791 366; x_wconf 91' lang='grc'><strong><em>-</em></strong></span> <span class='ocrx_word' id='word_1_3' title='bbox 1273 329 1564 387; x_wconf 64' lang='lat' dir='ltr'><strong>amarus</strong></span> <span class='ocrx_word' id='word_1_4' title='bbox 1599 333 1974 397; x_wconf 78' lang='lat' dir='ltr'><strong>GERMA‘NL&#39;S,</strong></span> <span class='ocrx_word' id='word_1_5' title='bbox 2017 330 2423 388; x_wconf 66' lang='lat' dir='ltr'><strong>mmsrmsns</strong></span> <span class='ocrx_word' id='word_1_6' title='bbox 2460 328 2832 386; x_wconf 85' lang='lat' dir='ltr'><strong>EPISCOPUS.</strong></span> <span class='ocrx_word' id='word_1_7' title='bbox 3665 319 3737 375; x_wconf 66' lang='grc' dir='ltr'><strong>σε</strong></span> 
     </span>
    </p>
   </div>
   <div class='ocr_carea' id='block_1_2' title="bbox 368 421 3740 524">
    <p class='ocr_par' dir='ltr' id='par_1_2' title="bbox 368 421 3740 524">
     <span class='ocr_line' id='line_1_2' title="bbox 368 421 3740 524; baseline 0 -44"><span class='ocrx_word' id='word_1_8' title='bbox 368 421 631 497; x_wconf 82' lang='lat' dir='ltr'><strong>occurrit,</strong></span> <span class='ocrx_word' id='word_1_9' title='bbox 664 425 925 504; x_wconf 75' lang='lat' dir='ltr'><strong>emitque</strong></span> <span class='ocrx_word' id='word_1_10' title='bbox 951 434 1282 505; x_wconf 65' lang='lat' dir='ltr'><strong>praedictum</strong></span> <span class='ocrx_word' id='word_1_11' title='bbox 1323 454 1533 510; x_wconf 89' lang='lat' dir='ltr'><strong>equum</strong></span> <span class='ocrx_word' id='word_1_12' title='bbox 1557 440 1850 495; x_wconf 88' lang='lat' dir='ltr'><strong>duodecim</strong></span> <span class='ocrx_word' id='word_1_13' title='bbox 1893 457 1994 495; x_wconf 84' lang='lat' dir='ltr'><strong>au-</strong></span> <span class='ocrx_word' id='word_1_14' title='bbox 2020 442 2276 524; x_wconf 76' lang='lat' dir='ltr'><strong>Aretur,</strong></span> <span class='ocrx_word' id='word_1_15' title='bbox 2320 437 2608 510; x_wconf 88' lang='lat' dir='ltr'><strong>ingressus</strong></span> <span class='ocrx_word' id='word_1_16' title='bbox 2651 436 2712 492; x_wconf 90' lang='lat' dir='ltr'><strong>in</strong></span> <span class='ocrx_word' id='word_1_17' title='bbox 2755 432 3068 491; x_wconf 87' lang='lat' dir='ltr'><strong>oratorium</strong></span> <span class='ocrx_word' id='word_1_18' title='bbox 3112 428 3303 487; x_wconf 80' lang='lat' dir='ltr'><strong>statim</strong></span> <span class='ocrx_word' id='word_1_19' title='bbox 3340 425 3567 485; x_wconf 83' lang='lat' dir='ltr'><strong>mulieri</strong></span> <span class='ocrx_word' id='word_1_20' title='bbox 3591 427 3740 482; x_wconf 82' lang='lat' dir='ltr'><strong>alter</strong></span> 
     </span>
    </p>
   </div>
   <div class='ocr_carea' id='block_1_3' title="bbox 369 518 1998 599">
    <p class='ocr_par' dir='ltr' id='par_1_3' title="bbox 369 518 1998 599">
     <span class='ocr_line' id='line_1_3' title="bbox 369 518 1998 599; baseline 0.01 -25"><span class='ocrx_word' id='word_1_21' title='bbox 369 518 500 575; x_wconf 88' lang='lat' dir='ltr'><strong>reis.</strong></span> <span class='ocrx_word' id='word_1_22' title='bbox 529 520 650 586; x_wconf 91' lang='lat' dir='ltr'><strong>Quo</strong></span> <span class='ocrx_word' id='word_1_23' title='bbox 675 529 868 595; x_wconf 90' lang='lat' dir='ltr'><strong>empto</strong></span> <span class='ocrx_word' id='word_1_24' title='bbox 888 529 1206 599; x_wconf 81' lang='lat' dir='ltr'><strong>negotiator</strong></span> <span class='ocrx_word' id='word_1_25' title='bbox 1222 530 1448 587; x_wconf 82' lang='lat' dir='ltr'><strong>adducit</strong></span> <span class='ocrx_word' id='word_1_26' title='bbox 1464 532 1534 586; x_wconf 87' lang='lat' dir='ltr'><strong>ad</strong></span> <span class='ocrx_word' id='word_1_27' title='bbox 1556 533 1860 588; x_wconf 82' lang='lat' dir='ltr'><strong>stabulum.</strong></span> <span class='ocrx_word' id='word_1_28' title='bbox 1893 535 1998 591; x_wconf 84' lang='lat' dir='ltr'><strong>Sed</strong></span> 
     </span>
    </p>
   </div>
   <div class='ocr_carea' id='block_1_4' title="bbox 369 614 1995 700">
    <p class='ocr_par' dir='ltr' id='par_1_4' title="bbox 369 614 1995 700">
     <span class='ocr_line' id='line_1_4' title="bbox 369 614 1995 700; baseline 0.01 -35"><span class='ocrx_word' id='word_1_29' title='bbox 369 614 639 682; x_wconf 90' lang='lat' dir='ltr'><strong>quoniam</strong></span> <span class='ocrx_word' id='word_1_30' title='bbox 678 616 867 674; x_wconf 89' lang='lat' dir='ltr'><strong>minus</strong></span> <span class='ocrx_word' id='word_1_31' title='bbox 906 619 1134 677; x_wconf 87' lang='lat' dir='ltr'>dederat</span> <span class='ocrx_word' id='word_1_32' title='bbox 1172 640 1342 695; x_wconf 88' lang='lat' dir='ltr'><strong>quam</strong></span> <span class='ocrx_word' id='word_1_33' title='bbox 1380 625 1467 678; x_wconf 89' lang='lat' dir='ltr'><strong>vir</strong></span> <span class='ocrx_word' id='word_1_34' title='bbox 1489 625 1588 680; x_wconf 88' lang='lat' dir='ltr'><strong>Dei</strong></span> <span class='ocrx_word' id='word_1_35' title='bbox 1625 631 1995 700; x_wconf 57' lang='lat' dir='ltr'><strong>praeceperat,</strong></span> 
     </span>
    </p>
   </div>
   <div class='ocr_carea' id='block_1_5' title="bbox 367 709 1996 778">
    <p class='ocr_par' dir='ltr' id='par_1_5' title="bbox 367 709 1996 778">
     <span class='ocr_line' id='line_1_5' title="bbox 367 709 1996 778; baseline 0.009 -16"><span class='ocrx_word' id='word_1_36' title='bbox 367 721 548 778; x_wconf 81' lang='lat' dir='ltr'><strong>equus</strong></span> <span class='ocrx_word' id='word_1_37' title='bbox 577 709 681 764; x_wconf 85' lang='lat' dir='ltr'><strong>sub</strong></span> <span class='ocrx_word' id='word_1_38' title='bbox 707 715 870 767; x_wconf 89' lang='lat' dir='ltr'><strong>nocte</strong></span> <span class='ocrx_word' id='word_1_39' title='bbox 896 715 1153 778; x_wconf 88' lang='lat' dir='ltr'><strong>moritur,</strong></span> <span class='ocrx_word' id='word_1_40' title='bbox 1185 733 1256 770; x_wconf 90' lang='lat' dir='ltr'><strong>ne</strong></span> <span class='ocrx_word' id='word_1_41' title='bbox 1287 717 1473 773; x_wconf 87' lang='lat' dir='ltr'><strong>Sancti</strong></span> <span class='ocrx_word' id='word_1_42' title='bbox 1507 718 1740 775; x_wconf 80' lang='lat' dir='ltr'><strong>verbum</strong></span> <span class='ocrx_word' id='word_1_43' title='bbox 1768 720 1873 776; x_wconf 90' lang='lat' dir='ltr'><strong>iret</strong></span> <span class='ocrx_word' id='word_1_44' title='bbox 1907 721 1996 776; x_wconf 91' lang='lat' dir='ltr'><strong>in-</strong></span> 
     </span>
    </p>
   </div>
   <div class='ocr_carea' id='block_1_6' title="bbox 369 804 1997 886">
    <p class='ocr_par' dir='ltr' id='par_1_6' title="bbox 369 804 1997 886">
     <span class='ocr_line' id='line_1_6' title="bbox 369 804 1997 886; baseline 0.011 -34"><span class='ocrx_word' id='word_1_45' title='bbox 369 813 608 856; x_wconf 82' lang='lat' dir='ltr'><strong>cassum.</strong></span> <span class='ocrx_word' id='word_1_46' title='bbox 639 804 796 859; x_wconf 87' lang='lat' dir='ltr'><strong>Unde</strong></span> <span class='ocrx_word' id='word_1_47' title='bbox 825 807 1080 877; x_wconf 82' lang='lat' dir='ltr'><strong>sequenti</strong></span> <span class='ocrx_word' id='word_1_48' title='bbox 1120 808 1208 862; x_wconf 90' lang='lat' dir='ltr'><strong>die</strong></span> <span class='ocrx_word' id='word_1_49' title='bbox 1235 810 1496 866; x_wconf 88' lang='lat' dir='ltr'><strong>sellarem</strong></span> <span class='ocrx_word' id='word_1_50' title='bbox 1523 812 1592 868; x_wconf 89' lang='lat' dir='ltr'><strong>de</strong></span> <span class='ocrx_word' id='word_1_51' title='bbox 1620 813 1841 868; x_wconf 85' lang='lat' dir='ltr'><strong>stabulo</strong></span> <span class='ocrx_word' id='word_1_52' title='bbox 1863 815 1997 886; x_wconf 89' lang='lat' dir='ltr'><strong>jun-</strong></span> 
     </span>
    </p>
   </div>
   <div class='ocr_carea' id='block_1_7' title="bbox 369 892 1997 976">
    <p class='ocr_par' dir='ltr' id='par_1_7' title="bbox 369 892 1997 976">
     <span class='ocr_line' id='line_1_7' title="bbox 369 892 1997 976; baseline 0.011 -31"><span class='ocrx_word' id='word_1_53' title='bbox 369 892 473 946; x_wconf 87' lang='lat' dir='ltr'><strong>ctis</strong></span> <span class='ocrx_word' id='word_1_54' title='bbox 499 893 678 950; x_wconf 88' lang='lat' dir='ltr'><strong>bobus</strong></span> <span class='ocrx_word' id='word_1_55' title='bbox 707 898 1019 954; x_wconf 88' lang='lat' dir='ltr'><strong>extinctum</strong></span> <span class='ocrx_word' id='word_1_56' title='bbox 1058 902 1291 956; x_wconf 76' lang='lat' dir='ltr'><strong>retraxit</strong></span> <span class='ocrx_word' id='word_1_57' title='bbox 1327 909 1551 976; x_wconf 85' lang='lat' dir='ltr'><strong>emptor</strong></span> <span class='ocrx_word' id='word_1_58' title='bbox 1582 910 1874 962; x_wconf 89' lang='lat' dir='ltr'><strong>mortuum</strong></span> <span class='ocrx_word' id='word_1_59' title='bbox 1901 925 1997 962; x_wconf 87' lang='lat' dir='ltr'><strong>ve-</strong></span> 
     </span>
    </p>
   </div>
   <div class='ocr_carea' id='block_1_8' title="bbox 369 983 1996 1074">
    <p class='ocr_par' dir='ltr' id='par_1_8' title="bbox 369 983 1996 1074">
     <span class='ocr_line' id='line_1_8' title="bbox 369 983 1996 1074; baseline 0.011 -35"><span class='ocrx_word' id='word_1_60' title='bbox 369 983 644 1055; x_wconf 89' lang='lat' dir='ltr'><strong>hiculum,</strong></span> <span class='ocrx_word' id='word_1_61' title='bbox 673 990 771 1061; x_wconf 89' lang='lat' dir='ltr'><strong>qui</strong></span> <span class='ocrx_word' id='word_1_62' title='bbox 799 1007 956 1046; x_wconf 83' lang='lat' dir='ltr'><strong>versa</strong></span> <span class='ocrx_word' id='word_1_63' title='bbox 985 992 1102 1049; x_wconf 83' lang='lat' dir='ltr'><strong>vice</strong></span> <span class='ocrx_word' id='word_1_64' title='bbox 1127 995 1370 1066; x_wconf 84' lang='lat' dir='ltr'><strong>capistro</strong></span> <span class='ocrx_word' id='word_1_65' title='bbox 1396 1014 1510 1053; x_wconf 91' lang='lat' dir='ltr'><strong>non</strong></span> <span class='ocrx_word' id='word_1_66' title='bbox 1537 999 1739 1071; x_wconf 84' lang='lat' dir='ltr'><strong>capite,</strong></span> <span class='ocrx_word' id='word_1_67' title='bbox 1770 1001 1867 1056; x_wconf 91' lang='lat' dir='ltr'><strong>sed</strong></span> <span class='ocrx_word' id='word_1_68' title='bbox 1894 1017 1996 1074; x_wconf 83' lang='lat' dir='ltr'><strong>pe-</strong></span> 
     </span>
    </p>
   </div>
   <div class='ocr_carea' id='block_1_9' title="bbox 368 1077 1124 1152">
    <p class='ocr_par' dir='ltr' id='par_1_9' title="bbox 368 1077 1124 1152">
     <span class='ocr_line' id='line_1_9' title="bbox 368 1077 1124 1152; baseline 0.016 -22"><span class='ocrx_word' id='word_1_69' title='bbox 368 1077 532 1133; x_wconf 87' lang='lat' dir='ltr'><strong>dibus</strong></span> <span class='ocrx_word' id='word_1_70' title='bbox 557 1081 818 1152; x_wconf 89' lang='lat' dir='ltr'><strong>alligatus</strong></span> <span class='ocrx_word' id='word_1_71' title='bbox 847 1085 1124 1142; x_wconf 89' lang='lat' dir='ltr'><strong>educitur.</strong></span> 
     </span>
    </p>
   </div>
   <div class='ocr_carea' id='block_1_10' title="bbox 440 1173 1996 1255">
    <p class='ocr_par' dir='ltr' id='par_1_10' title="bbox 440 1173 1996 1255">
     <span class='ocr_line' id='line_1_10' title="bbox 440 1173 1996 1255; baseline 0.012 -30"><span class='ocrx_word' id='word_1_72' title='bbox 440 1173 615 1228; x_wconf 89' lang='lat' dir='ltr'><strong>XXII].</strong></span> <span class='ocrx_word' id='word_1_73' title='bbox 645 1177 738 1230; x_wconf 87' lang='lat' dir='ltr'><strong>Est</strong></span> <span class='ocrx_word' id='word_1_74' title='bbox 767 1193 954 1248; x_wconf 80' lang='lat' dir='ltr'><strong>Operae</strong></span> <span class='ocrx_word' id='word_1_75' title='bbox 982 1181 1230 1250; x_wconf 85' lang='lat' dir='ltr'><strong>pretium</strong></span> <span class='ocrx_word' id='word_1_76' title='bbox 1267 1183 1409 1238; x_wconf 89' lang='lat' dir='ltr'><strong>illud</strong></span> <span class='ocrx_word' id='word_1_77' title='bbox 1437 1187 1730 1241; x_wconf 68' lang='lat' dir='ltr'><strong>memoria:</strong></span> <span class='ocrx_word' id='word_1_78' title='bbox 1756 1188 1996 1255; x_wconf 86' lang='lat' dir='ltr'><strong>tradere,</strong></span> 
     </span>
    </p>
   </div>
   <div class='ocr_carea' id='block_1_11' title="bbox 369 1266 2000 1352">
    <p class='ocr_par' dir='ltr' id='par_1_11' title="bbox 369 1266 2000 1352">
     <span class='ocr_line' id='line_1_11' title="bbox 369 1266 2000 1352; baseline 0.011 -34"><span class='ocrx_word' id='word_1_79' title='bbox 369 1266 611 1335; x_wconf 83' lang='lat' dir='ltr'><strong>qualiter</strong></span> <span class='ocrx_word' id='word_1_80' title='bbox 635 1269 903 1325; x_wconf 85' lang='lat' dir='ltr'><strong>Sacerdos</strong></span> <span class='ocrx_word' id='word_1_81' title='bbox 931 1273 1134 1328; x_wconf 86' lang='lat' dir='ltr'><strong>Christi</strong></span> <span class='ocrx_word' id='word_1_82' title='bbox 1161 1275 1356 1331; x_wconf 91' lang='lat' dir='ltr'><strong>solitus</strong></span> <span class='ocrx_word' id='word_1_83' title='bbox 1379 1283 1499 1333; x_wconf 90' lang='lat' dir='ltr'><strong>erat</strong></span> <span class='ocrx_word' id='word_1_84' title='bbox 1518 1279 1586 1333; x_wconf 91' lang='lat' dir='ltr'><strong>de</strong></span> <span class='ocrx_word' id='word_1_85' title='bbox 1612 1280 1751 1351; x_wconf 85' lang='lat' dir='ltr'><strong>ipsis</strong></span> <span class='ocrx_word' id='word_1_86' title='bbox 1774 1297 2000 1352; x_wconf 88' lang='lat' dir='ltr'><strong>quoque</strong></span> 
     </span>
    </p>
   </div>
   <div class='ocr_carea' id='block_1_12' title="bbox 368 1358 2001 1444">
    <p class='ocr_par' dir='ltr' id='par_1_12' title="bbox 368 1358 2001 1444">
     <span class='ocr_line' id='line_1_12' title="bbox 368 1358 2001 1444; baseline 0.011 -34"><span class='ocrx_word' id='word_1_87' title='bbox 368 1358 594 1428; x_wconf 80' lang='lat' dir='ltr'><strong>regibus</strong></span> <span class='ocrx_word' id='word_1_88' title='bbox 614 1361 986 1434; x_wconf 85' lang='lat' dir='ltr'><strong>triumphare.</strong></span> <span class='ocrx_word' id='word_1_89' title='bbox 1014 1366 1192 1437; x_wconf 88' lang='lat' dir='ltr'><strong>Igitur</strong></span> <span class='ocrx_word' id='word_1_90' title='bbox 1211 1385 1340 1424; x_wconf 93' lang='lat' dir='ltr'><strong>cum</strong></span> <span class='ocrx_word' id='word_1_91' title='bbox 1363 1371 1604 1442; x_wconf 88' lang='lat' dir='ltr'><strong>glorioso</strong></span> <span class='ocrx_word' id='word_1_92' title='bbox 1619 1373 1860 1427; x_wconf 88' lang='lat' dir='ltr'><strong>Clotario</strong></span> <span class='ocrx_word' id='word_1_93' title='bbox 1877 1374 2001 1444; x_wconf 89' lang='lat' dir='ltr'><strong>regi</strong></span> 
     </span>
    </p>
   </div>
   <div class='ocr_carea' id='block_1_13' title="bbox 367 1453 2002 1526">
    <p class='ocr_par' dir='ltr' id='par_1_13' title="bbox 367 1453 2002 1526">
     <span class='ocr_line' id='line_1_13' title="bbox 367 1453 2002 1526; baseline 0.012 -23"><span class='ocrx_word' id='word_1_94' title='bbox 367 1453 698 1509; x_wconf 89' lang='lat' dir='ltr'><strong>occurrisset</strong></span> <span class='ocrx_word' id='word_1_95' title='bbox 725 1471 795 1511; x_wconf 90' lang='lat' dir='ltr'><strong>ex</strong></span> <span class='ocrx_word' id='word_1_96' title='bbox 821 1457 1004 1526; x_wconf 90' lang='lat' dir='ltr'><strong>solito,</strong></span> <span class='ocrx_word' id='word_1_97' title='bbox 1037 1476 1141 1515; x_wconf 90' lang='lat' dir='ltr'><strong>nec</strong></span> <span class='ocrx_word' id='word_1_98' title='bbox 1166 1467 1355 1517; x_wconf 88' lang='lat' dir='ltr'><strong>tamen</strong></span> <span class='ocrx_word' id='word_1_99' title='bbox 1380 1464 1448 1519; x_wconf 90' lang='lat' dir='ltr'><strong>de</strong></span> <span class='ocrx_word' id='word_1_100' title='bbox 1469 1469 1659 1520; x_wconf 87' lang='lat' dir='ltr'><strong>saneto</strong></span> <span class='ocrx_word' id='word_1_101' title='bbox 1677 1466 1806 1520; x_wconf 90' lang='lat' dir='ltr'><strong>Viro</strong></span> <span class='ocrx_word' id='word_1_102' title='bbox 1821 1471 2002 1522; x_wconf 84' lang='lat' dir='ltr'><strong>stante</strong></span> 
     </span>
    </p>
   </div>
   <div class='ocr_carea' id='block_1_14' title="bbox 368 1547 2003 1627">
    <p class='ocr_par' dir='ltr' id='par_1_14' title="bbox 368 1547 2003 1627">
     <span class='ocr_line' id='line_1_14' title="bbox 368 1547 2003 1627; baseline 0.012 -31"><span class='ocrx_word' id='word_1_103' title='bbox 368 1551 497 1598; x_wconf 85' lang='lat' dir='ltr'><strong>ante</strong></span> <span class='ocrx_word' id='word_1_104' title='bbox 525 1547 798 1616; x_wconf 86' lang='lat' dir='ltr'><strong>palatium</strong></span> <span class='ocrx_word' id='word_1_105' title='bbox 831 1551 883 1604; x_wconf 91' lang='lat' dir='ltr'><strong>ei</strong></span> <span class='ocrx_word' id='word_1_106' title='bbox 916 1551 1088 1608; x_wconf 85' lang='lat' dir='ltr'><strong>fuerit</strong></span> <span class='ocrx_word' id='word_1_107' title='bbox 1124 1556 1468 1627; x_wconf 88' lang='lat' dir='ltr'><strong>nuntiatum,</strong></span> <span class='ocrx_word' id='word_1_108' title='bbox 1507 1575 1666 1612; x_wconf 90' lang='lat' dir='ltr'><strong>mora</strong></span> <span class='ocrx_word' id='word_1_109' title='bbox 1701 1560 1844 1613; x_wconf 89' lang='lat' dir='ltr'><strong>facta</strong></span> <span class='ocrx_word' id='word_1_110' title='bbox 1871 1564 2003 1614; x_wconf 83' lang='lat' dir='ltr'><strong>ante</strong></span> 
     </span>
    </p>
   </div>
   <div class='ocr_carea' id='block_1_15' title="bbox 366 1638 2004 1715">
    <p class='ocr_par' dir='ltr' id='par_1_15' title="bbox 366 1638 2004 1715">
     <span class='ocr_line' id='line_1_15' title="bbox 366 1638 2004 1715; baseline 0.01 -26"><span class='ocrx_word' id='word_1_111' title='bbox 366 1638 707 1693; x_wconf 83' lang='lat' dir='ltr'><strong>vestibulum</strong></span> <span class='ocrx_word' id='word_1_112' title='bbox 736 1658 850 1696; x_wconf 89' lang='lat' dir='ltr'><strong>non</strong></span> <span class='ocrx_word' id='word_1_113' title='bbox 880 1651 1317 1715; x_wconf 73' lang='lat' dir='ltr'><strong>reprzesentatus</strong></span> <span class='ocrx_word' id='word_1_114' title='bbox 1345 1649 1475 1706; x_wconf 90' lang='lat' dir='ltr'><strong>inde</strong></span> <span class='ocrx_word' id='word_1_115' title='bbox 1515 1652 1749 1706; x_wconf 90' lang='lat' dir='ltr'><strong>domum</strong></span> <span class='ocrx_word' id='word_1_116' title='bbox 1775 1653 2004 1707; x_wconf 90' lang='lat' dir='ltr'><strong>reverti-</strong></span> 
     </span>
    </p>
   </div>
   <div class='ocr_carea' id='block_1_16' title="bbox 367 1731 2005 1814">
    <p class='ocr_par' dir='ltr' id='par_1_16' title="bbox 367 1731 2005 1814">
     <span class='ocr_line' id='line_1_16' title="bbox 367 1731 2005 1814; baseline 0.01 -32"><span class='ocrx_word' id='word_1_117' title='bbox 367 1733 482 1784; x_wconf 87' lang='lat' dir='ltr'><strong>tur.</strong></span> <span class='ocrx_word' id='word_1_118' title='bbox 511 1731 761 1802; x_wconf 89' lang='lat' dir='ltr'><strong>Sequens</strong></span> <span class='ocrx_word' id='word_1_119' title='bbox 788 1752 900 1790; x_wconf 87' lang='lat' dir='ltr'><strong>nox</strong></span> <span class='ocrx_word' id='word_1_120' title='bbox 931 1738 991 1792; x_wconf 91' lang='lat' dir='ltr'><strong>in</strong></span> <span class='ocrx_word' id='word_1_121' title='bbox 1019 1741 1260 1796; x_wconf 88' lang='lat' dir='ltr'><strong>oratorio</strong></span> <span class='ocrx_word' id='word_1_122' title='bbox 1277 1743 1483 1814; x_wconf 81' lang='lat' dir='ltr'><strong>vigiliis</strong></span> <span class='ocrx_word' id='word_1_123' title='bbox 1509 1745 1756 1814; x_wconf 87' lang='lat' dir='ltr'><strong>ducitur,</strong></span> <span class='ocrx_word' id='word_1_124' title='bbox 1782 1761 1880 1799; x_wconf 90' lang='lat' dir='ltr'><strong>rex</strong></span> <span class='ocrx_word' id='word_1_125' title='bbox 1908 1745 2005 1800; x_wconf 91' lang='lat' dir='ltr'><strong>do-</strong></span> 
     </span>
    </p>
   </div>
   <div class='ocr_carea' id='block_1_17' title="bbox 2098 519 3734 603">
    <p class='ocr_par' dir='ltr' id='par_1_17' title="bbox 2098 519 3734 603">
     <span class='ocr_line' id='line_1_17' title="bbox 2098 519 3734 603; baseline -0.007 -17"><span class='ocrx_word' id='word_1_126' title='bbox 2098 532 2294 586; x_wconf 89' lang='lat' dir='ltr'><strong>oculus</strong></span> <span class='ocrx_word' id='word_1_127' title='bbox 2316 531 2590 603; x_wconf 88' lang='lat' dir='ltr'><strong>aperitur,</strong></span> <span class='ocrx_word' id='word_1_128' title='bbox 2619 534 2676 585; x_wconf 92' lang='lat' dir='ltr'><strong>et</strong></span> <span class='ocrx_word' id='word_1_129' title='bbox 2697 531 3002 601; x_wconf 67' lang='lat' dir='ltr'><strong>prmstante</strong></span> <span class='ocrx_word' id='word_1_130' title='bbox 3021 524 3260 582; x_wconf 90' lang='lat' dir='ltr'><strong>Domino</strong></span> <span class='ocrx_word' id='word_1_131' title='bbox 3291 521 3531 596; x_wconf 79' lang='lat' dir='ltr'><strong>gemello</strong></span> <span class='ocrx_word' id='word_1_132' title='bbox 3558 537 3617 576; x_wconf 89' lang='lat' dir='ltr'><strong>se</strong></span> <span class='ocrx_word' id='word_1_133' title='bbox 3644 519 3734 575; x_wconf 90' lang='lat' dir='ltr'><strong>vi-</strong></span> 
     </span>
    </p>
   </div>
   <div class='ocr_carea' id='block_1_18' title="bbox 2098 623 3164 696">
    <p class='ocr_par' dir='ltr' id='par_1_18' title="bbox 2098 623 3164 696">
     <span class='ocr_line' id='line_1_18' title="bbox 2098 623 3164 696; baseline -0.008 -16"><span class='ocrx_word' id='word_1_134' title='bbox 2098 625 2228 680; x_wconf 90' lang='lat' dir='ltr'><strong>dere</strong></span> <span class='ocrx_word' id='word_1_135' title='bbox 2255 625 2470 679; x_wconf 88' lang='lat' dir='ltr'><strong>lumine</strong></span> <span class='ocrx_word' id='word_1_136' title='bbox 2492 623 2832 696; x_wconf 83' lang='lat' dir='ltr'><strong>gratulatur.</strong></span> <span class='ocrx_word' id='word_1_137' title='bbox 3157 627 3164 638; x_wconf 92' lang='lat'>&#39;</span> 
     </span>
    </p>
   </div>
   <div class='ocr_carea' id='block_1_19' title="bbox 2167 703 3740 789">
    <p class='ocr_par' dir='ltr' id='par_1_19' title="bbox 2167 703 3740 789">
     <span class='ocr_line' id='line_1_19' title="bbox 2167 703 3740 789; baseline -0.007 -17"><span class='ocrx_word' id='word_1_138' title='bbox 2167 718 2339 772; x_wconf 87' lang='lat' dir='ltr'><strong>XXVI.</strong></span> <span class='ocrx_word' id='word_1_139' title='bbox 2372 715 2732 789; x_wconf 83' lang='lat' dir='ltr'><strong>Magnotledis</strong></span> <span class='ocrx_word' id='word_1_140' title='bbox 2750 713 2884 788; x_wconf 84' lang='lat' dir='ltr'><strong>[Al.,</strong></span> <span class='ocrx_word' id='word_1_141' title='bbox 2906 709 3268 784; x_wconf 82' lang='lat' dir='ltr'><strong>Rannoﬂidis]</strong></span> <span class='ocrx_word' id='word_1_142' title='bbox 3287 709 3475 782; x_wconf 89' lang='lat' dir='ltr'><strong>puella</strong></span> <span class='ocrx_word' id='word_1_143' title='bbox 3496 724 3624 763; x_wconf 87' lang='lat' dir='ltr'><strong>cum</strong></span> <span class='ocrx_word' id='word_1_144' title='bbox 3651 703 3740 762; x_wconf 82' lang='lat' dir='ltr'><strong>ta-</strong></span> 
     </span>
    </p>
   </div>
   <div class='ocr_carea' id='block_1_20' title="bbox 2097 801 3741 882">
    <p class='ocr_par' dir='ltr' id='par_1_20' title="bbox 2097 801 3741 882">
     <span class='ocr_line' id='line_1_20' title="bbox 2097 801 3741 882; baseline -0.006 -16"><span class='ocrx_word' id='word_1_145' title='bbox 2097 811 2244 866; x_wconf 87' lang='lat' dir='ltr'><strong>libus</strong></span> <span class='ocrx_word' id='word_1_146' title='bbox 2273 811 2505 882; x_wconf 90' lang='lat' dir='ltr'><strong>decepta</strong></span> <span class='ocrx_word' id='word_1_147' title='bbox 2522 809 2856 864; x_wconf 83' lang='lat' dir='ltr'><strong>illuderetur</strong></span> <span class='ocrx_word' id='word_1_148' title='bbox 2879 805 3116 874; x_wconf 87' lang='lat' dir='ltr'><strong>insidiis,</strong></span> <span class='ocrx_word' id='word_1_149' title='bbox 3139 809 3204 860; x_wconf 90' lang='lat' dir='ltr'><strong>ut</strong></span> <span class='ocrx_word' id='word_1_150' title='bbox 3228 803 3447 876; x_wconf 90' lang='lat' dir='ltr'><strong>quoties</strong></span> <span class='ocrx_word' id='word_1_151' title='bbox 3471 801 3542 857; x_wconf 88' lang='lat' dir='ltr'><strong>ad</strong></span> <span class='ocrx_word' id='word_1_152' title='bbox 3562 801 3741 858; x_wconf 87' lang='lat' dir='ltr'><strong>eccle-</strong></span> 
     </span>
    </p>
   </div>
   <div class='ocr_carea' id='block_1_21' title="bbox 2096 895 3737 970">
    <p class='ocr_par' dir='ltr' id='par_1_21' title="bbox 2096 895 3737 970">
     <span class='ocr_line' id='line_1_21' title="bbox 2096 895 3737 970; baseline -0.007 -11"><span class='ocrx_word' id='word_1_153' title='bbox 2096 904 2237 959; x_wconf 85' lang='lat' dir='ltr'><strong>siam</strong></span> <span class='ocrx_word' id='word_1_154' title='bbox 2257 903 2519 958; x_wconf 89' lang='lat' dir='ltr'><strong>voluisset</strong></span> <span class='ocrx_word' id='word_1_155' title='bbox 2547 901 2830 969; x_wconf 86' lang='lat' dir='ltr'><strong>accedere,</strong></span> <span class='ocrx_word' id='word_1_156' title='bbox 2862 915 3113 970; x_wconf 84' lang='lat' dir='ltr'><strong>gressum</strong></span> <span class='ocrx_word' id='word_1_157' title='bbox 3142 897 3324 952; x_wconf 87' lang='lat' dir='ltr'><strong>facere</strong></span> <span class='ocrx_word' id='word_1_158' title='bbox 3356 912 3472 951; x_wconf 90' lang='lat' dir='ltr'><strong>non</strong></span> <span class='ocrx_word' id='word_1_159' title='bbox 3502 895 3737 961; x_wconf 87' lang='lat' dir='ltr'><strong>valeret,</strong></span> 
     </span>
    </p>
   </div>
   <div class='ocr_carea' id='block_1_22' title="bbox 2098 989 3736 1064">
    <p class='ocr_par' dir='ltr' id='par_1_22' title="bbox 2098 989 3736 1064">
     <span class='ocr_line' id='line_1_22' title="bbox 2098 989 3736 1064; baseline -0.006 -12"><span class='ocrx_word' id='word_1_160' title='bbox 2098 1013 2257 1052; x_wconf 87' lang='lat' dir='ltr'><strong>servo</strong></span> <span class='ocrx_word' id='word_1_161' title='bbox 2278 996 2377 1050; x_wconf 88' lang='lat' dir='ltr'><strong>Dei</strong></span> <span class='ocrx_word' id='word_1_162' title='bbox 2405 996 2466 1050; x_wconf 93' lang='lat' dir='ltr'><strong>in</strong></span> <span class='ocrx_word' id='word_1_163' title='bbox 2490 995 2620 1050; x_wconf 90' lang='lat' dir='ltr'><strong>villa</strong></span> <span class='ocrx_word' id='word_1_164' title='bbox 2640 995 2840 1050; x_wconf 87' lang='lat' dir='ltr'><strong>Savara</strong></span> <span class='ocrx_word' id='word_1_165' title='bbox 2857 992 2926 1064; x_wconf 86' lang='lat' dir='ltr'><strong>(b)</strong></span> <span class='ocrx_word' id='word_1_166' title='bbox 2944 995 3282 1064; x_wconf 58' lang='lat' dir='ltr'><strong>prasentata</strong></span> <span class='ocrx_word' id='word_1_167' title='bbox 3307 995 3411 1046; x_wconf 91' lang='lat' dir='ltr'><strong>est.</strong></span> <span class='ocrx_word' id='word_1_168' title='bbox 3428 989 3736 1045; x_wconf 83' lang='lat' dir='ltr'><strong>Confestim</strong></span> 
     </span>
    </p>
   </div>
   <div class='ocr_carea' id='block_1_23' title="bbox 2097 1082 3740 1159">
    <p class='ocr_par' dir='ltr' id='par_1_23' title="bbox 2097 1082 3740 1159">
     <span class='ocr_line' id='line_1_23' title="bbox 2097 1082 3740 1159; baseline -0.005 -14"><span class='ocrx_word' id='word_1_169' title='bbox 2097 1095 2162 1144; x_wconf 92' lang='lat' dir='ltr'><strong>ut</strong></span> <span class='ocrx_word' id='word_1_170' title='bbox 2181 1089 2365 1145; x_wconf 83' lang='lat' dir='ltr'><strong>Sancti</strong></span> <span class='ocrx_word' id='word_1_171' title='bbox 2390 1105 2593 1143; x_wconf 89' lang='lat' dir='ltr'><strong>manus</strong></span> <span class='ocrx_word' id='word_1_172' title='bbox 2621 1103 2792 1159; x_wconf 83' lang='lat' dir='ltr'><strong>super</strong></span> <span class='ocrx_word' id='word_1_173' title='bbox 2809 1090 2979 1157; x_wconf 90' lang='lat' dir='ltr'><strong>caput</strong></span> <span class='ocrx_word' id='word_1_174' title='bbox 3005 1085 3210 1157; x_wconf 63' lang='lat' dir='ltr'><strong>puellae</strong></span> <span class='ocrx_word' id='word_1_175' title='bbox 3236 1082 3532 1139; x_wconf 88' lang='lat' dir='ltr'><strong>titubantis</strong></span> <span class='ocrx_word' id='word_1_176' title='bbox 3557 1083 3740 1154; x_wconf 87' lang='lat' dir='ltr'><strong>impo-</strong></span> 
     </span>
    </p>
   </div>
   <div class='ocr_carea' id='block_1_24' title="bbox 2091 1174 3733 1253">
    <p class='ocr_par' dir='ltr' id='par_1_24' title="bbox 2091 1174 3733 1253">
     <span class='ocr_line' id='line_1_24' title="bbox 2091 1174 3733 1253; baseline -0.001 -21"><span class='ocrx_word' id='word_1_177' title='bbox 2091 1181 2272 1252; x_wconf 86' lang='lat' dir='ltr'><strong>nitur,</strong></span> <span class='ocrx_word' id='word_1_178' title='bbox 2300 1182 2397 1237; x_wconf 83' lang='lat' dir='ltr'><strong>tali</strong></span> <span class='ocrx_word' id='word_1_179' title='bbox 2422 1180 2850 1253; x_wconf 77' lang='lat' dir='ltr'><strong>investigatione</strong></span> <span class='ocrx_word' id='word_1_180' title='bbox 2870 1179 3120 1234; x_wconf 90' lang='lat' dir='ltr'><strong>occultus</strong></span> <span class='ocrx_word' id='word_1_181' title='bbox 3147 1178 3352 1248; x_wconf 88' lang='lat' dir='ltr'><strong>hospes</strong></span> <span class='ocrx_word' id='word_1_182' title='bbox 3375 1174 3510 1248; x_wconf 83' lang='lat' dir='ltr'><strong>[Al.,</strong></span> <span class='ocrx_word' id='word_1_183' title='bbox 3532 1176 3733 1250; x_wconf 88' lang='lat' dir='ltr'><strong>hostis]</strong></span> 
     </span>
    </p>
   </div>
   <div class='ocr_carea' id='block_1_25' title="bbox 2101 1269 3734 1347">
    <p class='ocr_par' dir='ltr' id='par_1_25' title="bbox 2101 1269 3734 1347">
     <span class='ocr_line' id='line_1_25' title="bbox 2101 1269 3734 1347; baseline -0.003 -17"><span class='ocrx_word' id='word_1_184' title='bbox 2101 1275 2404 1347; x_wconf 84' lang='lat' dir='ltr'><strong>detegitur,</strong></span> <span class='ocrx_word' id='word_1_185' title='bbox 2431 1279 2487 1330; x_wconf 90' lang='lat' dir='ltr'><strong>et</strong></span> <span class='ocrx_word' id='word_1_186' title='bbox 2515 1291 2572 1329; x_wconf 91' lang='lat' dir='ltr'><strong>se</strong></span> <span class='ocrx_word' id='word_1_187' title='bbox 2594 1273 2688 1328; x_wconf 92' lang='lat' dir='ltr'><strong>diu</strong></span> <span class='ocrx_word' id='word_1_188' title='bbox 2718 1272 2948 1327; x_wconf 88' lang='lat' dir='ltr'><strong>latuisse</strong></span> <span class='ocrx_word' id='word_1_189' title='bbox 2967 1272 3145 1326; x_wconf 90' lang='lat' dir='ltr'><strong>multo</strong></span> <span class='ocrx_word' id='word_1_190' title='bbox 3173 1269 3390 1342; x_wconf 87' lang='lat' dir='ltr'><strong>gemitu</strong></span> <span class='ocrx_word' id='word_1_191' title='bbox 3409 1269 3734 1325; x_wconf 84' lang='lat' dir='ltr'><strong>confitetur.</strong></span> 
     </span>
    </p>
   </div>
   <div class='ocr_carea' id='block_1_26' title="bbox 2100 1363 3734 1438">
    <p class='ocr_par' dir='ltr' id='par_1_26' title="bbox 2100 1363 3734 1438">
     <span class='ocr_line' id='line_1_26' title="bbox 2100 1363 3734 1438; baseline -0.003 -15"><span class='ocrx_word' id='word_1_192' title='bbox 2100 1385 2201 1423; x_wconf 91' lang='lat' dir='ltr'><strong>nec</strong></span> <span class='ocrx_word' id='word_1_193' title='bbox 2227 1368 2285 1422; x_wconf 90' lang='lat' dir='ltr'><strong>in</strong></span> <span class='ocrx_word' id='word_1_194' title='bbox 2311 1367 2464 1422; x_wconf 85' lang='lat' dir='ltr'><strong>Beati</strong></span> <span class='ocrx_word' id='word_1_195' title='bbox 2491 1366 2793 1438; x_wconf 74' lang='lat' dir='ltr'><strong>praesentia</strong></span> <span class='ocrx_word' id='word_1_196' title='bbox 2827 1365 3032 1419; x_wconf 88' lang='lat' dir='ltr'><strong>clamat</strong></span> <span class='ocrx_word' id='word_1_197' title='bbox 3065 1363 3294 1436; x_wconf 89' lang='lat' dir='ltr'><strong>proprio</strong></span> <span class='ocrx_word' id='word_1_198' title='bbox 3338 1379 3396 1417; x_wconf 89' lang='lat' dir='ltr'><strong>se</strong></span> <span class='ocrx_word' id='word_1_199' title='bbox 3436 1379 3598 1435; x_wconf 84' lang='lat' dir='ltr'><strong>posse</strong></span> <span class='ocrx_word' id='word_1_200' title='bbox 3639 1380 3734 1418; x_wconf 90' lang='lat' dir='ltr'><strong>ce-</strong></span> 
     </span>
    </p>
   </div>
   <div class='ocr_carea' id='block_1_27' title="bbox 2101 1457 3738 1532">
    <p class='ocr_par' dir='ltr' id='par_1_27' title="bbox 2101 1457 3738 1532">
     <span class='ocr_line' id='line_1_27' title="bbox 2101 1457 3738 1532; baseline -0.001 -17"><span class='ocrx_word' id='word_1_201' title='bbox 2101 1462 2215 1516; x_wconf 90' lang='lat' dir='ltr'><strong>lare</strong></span> <span class='ocrx_word' id='word_1_202' title='bbox 2251 1460 2561 1532; x_wconf 68' lang='lat' dir='ltr'><strong>prasstigio.</strong></span> <span class='ocrx_word' id='word_1_203' title='bbox 2592 1461 2739 1530; x_wconf 88' lang='lat' dir='ltr'><strong>Ergo</strong></span> <span class='ocrx_word' id='word_1_204' title='bbox 2767 1459 2846 1513; x_wconf 87' lang='lat' dir='ltr'><strong>ita</strong></span> <span class='ocrx_word' id='word_1_205' title='bbox 2871 1475 2928 1513; x_wconf 91' lang='lat' dir='ltr'><strong>se</strong></span> <span class='ocrx_word' id='word_1_206' title='bbox 2957 1457 3247 1530; x_wconf 89' lang='lat' dir='ltr'><strong>proditum</strong></span> <span class='ocrx_word' id='word_1_207' title='bbox 3277 1460 3333 1512; x_wconf 91' lang='lat' dir='ltr'><strong>et</strong></span> <span class='ocrx_word' id='word_1_208' title='bbox 3369 1472 3738 1529; x_wconf 86' lang='lat' dir='ltr'><strong>egressurum</strong></span> 
     </span>
    </p>
   </div>
   <div class='ocr_carea' id='block_1_28' title="bbox 2103 1550 3736 1626">
    <p class='ocr_par' dir='ltr' id='par_1_28' title="bbox 2103 1550 3736 1626">
     <span class='ocr_line' id='line_1_28' title="bbox 2103 1550 3736 1626; baseline -0.002 -18"><span class='ocrx_word' id='word_1_209' title='bbox 2103 1553 2258 1626; x_wconf 84' lang='lat' dir='ltr'><strong>gravi</strong></span> <span class='ocrx_word' id='word_1_210' title='bbox 2295 1553 2493 1607; x_wconf 90' lang='lat' dir='ltr'><strong>ardore</strong></span> <span class='ocrx_word' id='word_1_211' title='bbox 2531 1551 2916 1624; x_wconf 88' lang='lat' dir='ltr'><strong>conqueritur.</strong></span> <span class='ocrx_word' id='word_1_212' title='bbox 2957 1550 3189 1605; x_wconf 88' lang='lat' dir='ltr'><strong>Interim</strong></span> <span class='ocrx_word' id='word_1_213' title='bbox 3226 1566 3343 1604; x_wconf 89' lang='lat' dir='ltr'><strong>non</strong></span> <span class='ocrx_word' id='word_1_214' title='bbox 3369 1554 3616 1605; x_wconf 84' lang='lat' dir='ltr'><strong>cessante</strong></span> <span class='ocrx_word' id='word_1_215' title='bbox 3645 1568 3736 1604; x_wconf 89' lang='lat' dir='ltr'><strong>sa-</strong></span> 
     </span>
    </p>
   </div>
   <div class='ocr_carea' id='block_1_29' title="bbox 2101 1643 3737 1716">
    <p class='ocr_par' dir='ltr' id='par_1_29' title="bbox 2101 1643 3737 1716">
     <span class='ocr_line' id='line_1_29' title="bbox 2101 1643 3737 1716; baseline -0.002 -14"><span class='ocrx_word' id='word_1_216' title='bbox 2101 1647 2324 1702; x_wconf 90' lang='lat' dir='ltr'><strong>cerdote</strong></span> <span class='ocrx_word' id='word_1_217' title='bbox 2349 1662 2523 1700; x_wconf 89' lang='lat' dir='ltr'><strong>manu</strong></span> <span class='ocrx_word' id='word_1_218' title='bbox 2549 1645 2730 1700; x_wconf 90' lang='lat' dir='ltr'><strong>crucis</strong></span> <span class='ocrx_word' id='word_1_219' title='bbox 2771 1645 2997 1716; x_wconf 88' lang='lat' dir='ltr'><strong>signum</strong></span> <span class='ocrx_word' id='word_1_220' title='bbox 3028 1643 3355 1715; x_wconf 85' lang='lat' dir='ltr'><strong>depingere,</strong></span> <span class='ocrx_word' id='word_1_221' title='bbox 3387 1644 3737 1714; x_wconf 87' lang='lat' dir='ltr'><strong>expectanti-</strong></span> 
     </span>
    </p>
   </div>
   <div class='ocr_carea' id='block_1_30' title="bbox 2101 1735 3735 1808">
    <p class='ocr_par' dir='ltr' id='par_1_30' title="bbox 2101 1735 3735 1808">
     <span class='ocr_line' id='line_1_30' title="bbox 2101 1735 3735 1808; baseline -0.002 -14"><span class='ocrx_word' id='word_1_222' title='bbox 2101 1741 2206 1794; x_wconf 92' lang='lat' dir='ltr'><strong>bus</strong></span> <span class='ocrx_word' id='word_1_223' title='bbox 2235 1739 2582 1794; x_wconf 89' lang='lat' dir='ltr'><strong>omnibusin</strong></span> <span class='ocrx_word' id='word_1_224' title='bbox 2619 1755 2830 1792; x_wconf 74' lang='lat' dir='ltr'><strong>muscze</strong></span> <span class='ocrx_word' id='word_1_225' title='bbox 2870 1735 3307 1791; x_wconf 88' lang='lat' dir='ltr'><strong>similitudinem</strong></span> <span class='ocrx_word' id='word_1_226' title='bbox 3335 1752 3735 1808; x_wconf 86' lang='lat' dir='ltr'><strong>prorumpens,</strong></span> 
     </span>
    </p>
   </div>
   <div class='ocr_carea' id='block_1_31' title="bbox 368 1822 3740 1910">
    <p class='ocr_par' dir='ltr' id='par_1_31' title="bbox 368 1822 3740 1910">
     <span class='ocr_line' id='line_1_31' title="bbox 368 1822 3740 1910; baseline 0.006 -36"><span class='ocrx_word' id='word_1_227' title='bbox 368 1822 485 1877; x_wconf 93' lang='lat' dir='ltr'><strong>lore</strong></span> <span class='ocrx_word' id='word_1_228' title='bbox 526 1829 696 1895; x_wconf 90' lang='lat' dir='ltr'><strong>atque</strong></span> <span class='ocrx_word' id='word_1_229' title='bbox 737 1827 909 1884; x_wconf 85' lang='lat' dir='ltr'><strong>febris</strong></span> <span class='ocrx_word' id='word_1_230' title='bbox 950 1831 1303 1890; x_wconf 88' lang='lat' dir='ltr'><strong>infestatione</strong></span> <span class='ocrx_word' id='word_1_231' title='bbox 1343 1840 1658 1908; x_wconf 89' lang='lat' dir='ltr'><strong>torquetur.</strong></span> <span class='ocrx_word' id='word_1_232' title='bbox 1691 1838 1790 1893; x_wconf 90' lang='lat' dir='ltr'><strong>Vix</strong></span> <span class='ocrx_word' id='word_1_233' title='bbox 1818 1839 2001 1910; x_wconf 89' lang='lat' dir='ltr'><strong>primo</strong></span> <span class='ocrx_word' id='word_1_234' title='bbox 2021 1824 2078 1895; x_wconf 84' lang='lat' dir='ltr'><strong>B</strong></span> <span class='ocrx_word' id='word_1_235' title='bbox 2101 1850 2231 1887; x_wconf 81' lang='lat' dir='ltr'><strong>cum</strong></span> <span class='ocrx_word' id='word_1_236' title='bbox 2257 1831 2533 1904; x_wconf 83' lang='lat' dir='ltr'><strong>sanguine</strong></span> <span class='ocrx_word' id='word_1_237' title='bbox 2563 1831 2632 1886; x_wconf 78' lang='lat' dir='ltr'><strong>de</strong></span> <span class='ocrx_word' id='word_1_238' title='bbox 2660 1830 2892 1885; x_wconf 71' lang='lat' dir='ltr'><strong>naribus</strong></span> <span class='ocrx_word' id='word_1_239' title='bbox 2910 1829 3164 1884; x_wconf 65' lang='lat' dir='ltr'><strong>muneris</strong></span> <span class='ocrx_word' id='word_1_240' title='bbox 3189 1828 3452 1883; x_wconf 70' lang='lat' dir='ltr'><strong>inimicus</strong></span> <span class='ocrx_word' id='word_1_241' title='bbox 3479 1846 3740 1902; x_wconf 78' lang='lat' dir='ltr'><strong>egressus</strong></span> 
     </span>
    </p>
   </div>
   <div class='ocr_carea' id='block_1_32' title="bbox 368 1915 2002 2000">
    <p class='ocr_par' dir='ltr' id='par_1_32' title="bbox 368 1915 2002 2000">
     <span class='ocr_line' id='line_1_32' title="bbox 368 1915 2002 2000; baseline 0.012 -32"><span class='ocrx_word' id='word_1_242' title='bbox 368 1915 613 1972; x_wconf 89' lang='lat' dir='ltr'><strong>diluculo</strong></span> <span class='ocrx_word' id='word_1_243' title='bbox 642 1921 711 1974; x_wconf 92' lang='lat' dir='ltr'><strong>ad</strong></span> <span class='ocrx_word' id='word_1_244' title='bbox 740 1920 975 1978; x_wconf 90' lang='lat' dir='ltr'><strong>domum</strong></span> <span class='ocrx_word' id='word_1_245' title='bbox 1001 1927 1250 1981; x_wconf 69' lang='lat' dir='ltr'><strong>ecclesim</strong></span> <span class='ocrx_word' id='word_1_246' title='bbox 1275 1945 1308 1982; x_wconf 88' lang='lat' dir='ltr'><strong>a</strong></span> <span class='ocrx_word' id='word_1_247' title='bbox 1341 1931 1668 2000; x_wconf 88' lang='lat' dir='ltr'><strong>proceribus</strong></span> <span class='ocrx_word' id='word_1_248' title='bbox 1703 1947 2002 1986; x_wconf 86' lang='lat' dir='ltr'><strong>concursa-</strong></span> 
     </span>
    </p>
   </div>
   <div class='ocr_carea' id='block_1_33' title="bbox 368 2012 2005 2096">
    <p class='ocr_par' dir='ltr' id='par_1_33' title="bbox 368 2012 2005 2096">
     <span class='ocr_line' id='line_1_33' title="bbox 368 2012 2005 2096; baseline 0.012 -35"><span class='ocrx_word' id='word_1_249' title='bbox 368 2012 498 2077; x_wconf 85' lang='lat' dir='ltr'><strong>tur;</strong></span> <span class='ocrx_word' id='word_1_250' title='bbox 532 2028 696 2081; x_wconf 81' lang='lat' dir='ltr'><strong>poena</strong></span> <span class='ocrx_word' id='word_1_251' title='bbox 726 2016 878 2087; x_wconf 89' lang='lat' dir='ltr'><strong>regis</strong></span> <span class='ocrx_word' id='word_1_252' title='bbox 914 2020 1233 2089; x_wconf 83' lang='lat' dir='ltr'><strong>exponitur,</strong></span> <span class='ocrx_word' id='word_1_253' title='bbox 1263 2026 1328 2075; x_wconf 91' lang='lat' dir='ltr'><strong>ut</strong></span> <span class='ocrx_word' id='word_1_254' title='bbox 1363 2039 1463 2076; x_wconf 89' lang='lat' dir='ltr'><strong>sua</strong></span> <span class='ocrx_word' id='word_1_255' title='bbox 1498 2023 1816 2080; x_wconf 90' lang='lat' dir='ltr'><strong>visitatione</strong></span> <span class='ocrx_word' id='word_1_256' title='bbox 1853 2027 2005 2096; x_wconf 90' lang='lat' dir='ltr'><strong>regis</strong></span> 
     </span>
    </p>
   </div>
   <div class='ocr_carea' id='block_1_34' title="bbox 369 2095 2005 2190">
    <p class='ocr_par' dir='ltr' id='par_1_34' title="bbox 369 2095 2005 2190">
     <span class='ocr_line' id='line_1_34' title="bbox 369 2095 2005 2190; baseline 0.012 -36"><span class='ocrx_word' id='word_1_257' title='bbox 369 2101 576 2158; x_wconf 91' lang='lat' dir='ltr'><strong>doloris</strong></span> <span class='ocrx_word' id='word_1_258' title='bbox 603 2095 716 2160; x_wconf 85' lang='lat' dir='ltr'><strong>vim</strong></span> <span class='ocrx_word' id='word_1_259' title='bbox 739 2109 962 2180; x_wconf 87' lang='lat' dir='ltr'><strong>mitiget</strong></span> <span class='ocrx_word' id='word_1_260' title='bbox 986 2112 1281 2182; x_wconf 84' lang='lat' dir='ltr'><strong>Optimates</strong></span> <span class='ocrx_word' id='word_1_261' title='bbox 1295 2114 1687 2186; x_wconf 87' lang='lat' dir='ltr'><strong>deprecantur.</strong></span> <span class='ocrx_word' id='word_1_262' title='bbox 1706 2118 1828 2172; x_wconf 82' lang='lat' dir='ltr'><strong>Mox</strong></span> <span class='ocrx_word' id='word_1_263' title='bbox 1852 2095 2005 2190; x_wconf 83' lang='lat' dir='ltr'><strong>apud</strong></span> 
     </span>
    </p>
   </div>
   <div class='ocr_carea' id='block_1_35' title="bbox 371 2195 2004 2281">
    <p class='ocr_par' dir='ltr' id='par_1_35' title="bbox 371 2195 2004 2281">
     <span class='ocr_line' id='line_1_35' title="bbox 371 2195 2004 2281; baseline 0.012 -33"><span class='ocrx_word' id='word_1_264' title='bbox 371 2195 638 2264; x_wconf 85' lang='lat' dir='ltr'><strong>pietatem</strong></span> <span class='ocrx_word' id='word_1_265' title='bbox 681 2198 904 2271; x_wconf 76' lang='lat' dir='ltr'><strong>injuriae</strong></span> <span class='ocrx_word' id='word_1_266' title='bbox 954 2221 1122 2258; x_wconf 88' lang='lat' dir='ltr'><strong>causa</strong></span> <span class='ocrx_word' id='word_1_267' title='bbox 1161 2209 1540 2278; x_wconf 80' lang='lat' dir='ltr'><strong>postponitur,</strong></span> <span class='ocrx_word' id='word_1_268' title='bbox 1579 2209 1678 2281; x_wconf 90' lang='lat' dir='ltr'><strong>qui</strong></span> <span class='ocrx_word' id='word_1_269' title='bbox 1719 2216 1849 2266; x_wconf 91' lang='lat' dir='ltr'><strong>ante</strong></span> <span class='ocrx_word' id='word_1_270' title='bbox 1901 2227 2004 2266; x_wconf 88' lang='lat' dir='ltr'><strong>nec</strong></span> 
     </span>
    </p>
   </div>
   <div class='ocr_carea' id='block_1_36' title="bbox 370 2289 2001 2374">
    <p class='ocr_par' dir='ltr' id='par_1_36' title="bbox 370 2289 2001 2374">
     <span class='ocr_line' id='line_1_36' title="bbox 370 2289 2001 2374; baseline 0.012 -33"><span class='ocrx_word' id='word_1_271' title='bbox 370 2289 756 2362; x_wconf 87' lang='lat' dir='ltr'><strong>nuntiabatur,</strong></span> <span class='ocrx_word' id='word_1_272' title='bbox 785 2294 960 2350; x_wconf 87' lang='lat' dir='ltr'><strong>intrat</strong></span> <span class='ocrx_word' id='word_1_273' title='bbox 988 2298 1295 2354; x_wconf 89' lang='lat' dir='ltr'><strong>honoratus</strong></span> <span class='ocrx_word' id='word_1_274' title='bbox 1321 2305 1377 2354; x_wconf 90' lang='lat' dir='ltr'><strong>et</strong></span> <span class='ocrx_word' id='word_1_275' title='bbox 1405 2306 1666 2358; x_wconf 79' lang='lat' dir='ltr'><strong>exoratus</strong></span> <span class='ocrx_word' id='word_1_276' title='bbox 1707 2304 2001 2374; x_wconf 90' lang='lat' dir='ltr'><strong>palatium.</strong></span> 
     </span>
    </p>
   </div>
   <div class='ocr_carea' id='block_1_37' title="bbox 372 2382 2004 2468">
    <p class='ocr_par' dir='ltr' id='par_1_37' title="bbox 372 2382 2004 2468">
     <span class='ocr_line' id='line_1_37' title="bbox 372 2382 2004 2468; baseline 0.01 -31"><span class='ocrx_word' id='word_1_277' title='bbox 372 2382 488 2437; x_wconf 85' lang='lat' dir='ltr'><strong>Rex</strong></span> <span class='ocrx_word' id='word_1_278' title='bbox 504 2383 597 2438; x_wconf 88' lang='lat' dir='ltr'><strong>vix</strong></span> <span class='ocrx_word' id='word_1_279' title='bbox 625 2387 868 2457; x_wconf 86' lang='lat' dir='ltr'><strong>assurgit</strong></span> <span class='ocrx_word' id='word_1_280' title='bbox 887 2389 954 2442; x_wconf 93' lang='lat' dir='ltr'><strong>de</strong></span> <span class='ocrx_word' id='word_1_281' title='bbox 980 2390 1204 2459; x_wconf 90' lang='lat' dir='ltr'><strong>lectulo,</strong></span> <span class='ocrx_word' id='word_1_282' title='bbox 1229 2409 1438 2447; x_wconf 65' lang='lat' dir='ltr'><strong>caesum</strong></span> <span class='ocrx_word' id='word_1_283' title='bbox 1470 2411 1528 2450; x_wconf 91' lang='lat' dir='ltr'><strong>se</strong></span> <span class='ocrx_word' id='word_1_284' title='bbox 1555 2395 1746 2451; x_wconf 92' lang='lat' dir='ltr'><strong>divino</strong></span> <span class='ocrx_word' id='word_1_285' title='bbox 1779 2397 2004 2468; x_wconf 88' lang='lat' dir='ltr'><strong>ﬂagello</strong></span> 
     </span>
    </p>
   </div>
   <div class='ocr_carea' id='block_1_38' title="bbox 371 2477 2000 2558">
    <p class='ocr_par' dir='ltr' id='par_1_38' title="bbox 371 2477 2000 2558">
     <span class='ocr_line' id='line_1_38' title="bbox 371 2477 2000 2558; baseline 0.012 -31"><span class='ocrx_word' id='word_1_286' title='bbox 371 2477 756 2546; x_wconf 90' lang='lat' dir='ltr'><strong>conqueritur.</strong></span> <span class='ocrx_word' id='word_1_287' title='bbox 786 2479 1056 2538; x_wconf 86' lang='lat' dir='ltr'><strong>Allambit</strong></span> <span class='ocrx_word' id='word_1_288' title='bbox 1092 2486 1269 2539; x_wconf 89' lang='lat' dir='ltr'><strong>sancti</strong></span> <span class='ocrx_word' id='word_1_289' title='bbox 1305 2487 1619 2558; x_wconf 91' lang='lat' dir='ltr'><strong>palliolum,</strong></span> <span class='ocrx_word' id='word_1_290' title='bbox 1653 2495 1865 2545; x_wconf 88' lang='lat' dir='ltr'><strong>vestem</strong></span> <span class='ocrx_word' id='word_1_291' title='bbox 1904 2492 2000 2546; x_wconf 88' lang='lat' dir='ltr'><strong>Sa-</strong></span> 
     </span>
    </p>
   </div>
   <div class='ocr_carea' id='block_1_39' title="bbox 371 2567 2004 2652">
    <p class='ocr_par' dir='ltr' id='par_1_39' title="bbox 371 2567 2004 2652">
     <span class='ocr_line' id='line_1_39' title="bbox 371 2567 2004 2652; baseline 0.012 -33"><span class='ocrx_word' id='word_1_292' title='bbox 371 2567 610 2622; x_wconf 90' lang='lat' dir='ltr'><strong>cerdotis</strong></span> <span class='ocrx_word' id='word_1_293' title='bbox 647 2570 872 2627; x_wconf 91' lang='lat' dir='ltr'><strong>deducit</strong></span> <span class='ocrx_word' id='word_1_294' title='bbox 900 2590 1003 2644; x_wconf 90' lang='lat' dir='ltr'><strong>per</strong></span> <span class='ocrx_word' id='word_1_295' title='bbox 1029 2575 1151 2630; x_wconf 86' lang='lat' dir='ltr'><strong>loca</strong></span> <span class='ocrx_word' id='word_1_296' title='bbox 1192 2577 1416 2634; x_wconf 89' lang='lat' dir='ltr'><strong>doloris.</strong></span> <span class='ocrx_word' id='word_1_297' title='bbox 1447 2581 1681 2652; x_wconf 86' lang='lat' dir='ltr'><strong>Culpam</strong></span> <span class='ocrx_word' id='word_1_298' title='bbox 1718 2583 2004 2639; x_wconf 89' lang='lat' dir='ltr'><strong>confessus</strong></span> 
     </span>
    </p>
   </div>
   <div class='ocr_carea' id='block_1_40' title="bbox 371 2659 2000 2746">
    <p class='ocr_par' dir='ltr' id='par_1_40' title="bbox 371 2659 2000 2746">
     <span class='ocr_line' id='line_1_40' title="bbox 371 2659 2000 2746; baseline 0.012 -34"><span class='ocrx_word' id='word_1_299' title='bbox 371 2659 624 2715; x_wconf 87' lang='lat' dir='ltr'><strong>criminis</strong></span> <span class='ocrx_word' id='word_1_300' title='bbox 649 2679 781 2718; x_wconf 90' lang='lat' dir='ltr'><strong>mox</strong></span> <span class='ocrx_word' id='word_1_301' title='bbox 809 2666 968 2721; x_wconf 89' lang='lat' dir='ltr'><strong>dolor</strong></span> <span class='ocrx_word' id='word_1_302' title='bbox 987 2669 1170 2723; x_wconf 92' lang='lat' dir='ltr'><strong>omnis</strong></span> <span class='ocrx_word' id='word_1_303' title='bbox 1187 2671 1456 2742; x_wconf 81' lang='lat' dir='ltr'><strong>fugatur:</strong></span> <span class='ocrx_word' id='word_1_304' title='bbox 1480 2673 1649 2745; x_wconf 84' lang='lat' dir='ltr'><strong>idque</strong></span> <span class='ocrx_word' id='word_1_305' title='bbox 1677 2681 1868 2730; x_wconf 89' lang='lat' dir='ltr'><strong>actum</strong></span> <span class='ocrx_word' id='word_1_306' title='bbox 1897 2682 2000 2746; x_wconf 87' lang='lat' dir='ltr'><strong>est,</strong></span> 
     </span>
    </p>
   </div>
   <div class='ocr_carea' id='block_1_41' title="bbox 369 2755 2001 2839">
    <p class='ocr_par' dir='ltr' id='par_1_41' title="bbox 369 2755 2001 2839">
     <span class='ocr_line' id='line_1_41' title="bbox 369 2755 2001 2839; baseline 0.012 -33"><span class='ocrx_word' id='word_1_307' title='bbox 369 2756 436 2807; x_wconf 88' lang='lat' dir='ltr'><strong>ut</strong></span> <span class='ocrx_word' id='word_1_308' title='bbox 459 2755 618 2825; x_wconf 91' lang='lat' dir='ltr'><strong>cujus</strong></span> <span class='ocrx_word' id='word_1_309' title='bbox 646 2755 961 2815; x_wconf 87' lang='lat' dir='ltr'><strong>incurrerat</strong></span> <span class='ocrx_word' id='word_1_310' title='bbox 989 2761 1056 2816; x_wconf 93' lang='lat' dir='ltr'><strong>de</strong></span> <span class='ocrx_word' id='word_1_311' title='bbox 1083 2767 1410 2836; x_wconf 89' lang='lat' dir='ltr'><strong>contemptu</strong></span> <span class='ocrx_word' id='word_1_312' title='bbox 1454 2766 1794 2839; x_wconf 88' lang='lat' dir='ltr'><strong>periculum,</strong></span> <span class='ocrx_word' id='word_1_313' title='bbox 1827 2771 2001 2825; x_wconf 90' lang='lat' dir='ltr'><strong>senti-</strong></span> 
     </span>
    </p>
   </div>
   <div class='ocr_carea' id='block_1_42' title="bbox 372 2849 1007 2908">
    <p class='ocr_par' dir='ltr' id='par_1_42' title="bbox 372 2849 1007 2908">
     <span class='ocr_line' id='line_1_42' title="bbox 372 2849 1007 2908; baseline 0.014 -9"><span class='ocrx_word' id='word_1_314' title='bbox 372 2849 461 2900; x_wconf 89' lang='lat' dir='ltr'><strong>ret</strong></span> <span class='ocrx_word' id='word_1_315' title='bbox 487 2851 639 2902; x_wconf 93' lang='lat' dir='ltr'><strong>tactu</strong></span> <span class='ocrx_word' id='word_1_316' title='bbox 668 2851 1007 2908; x_wconf 89' lang='lat' dir='ltr'><strong>remedium.</strong></span> 
     </span>
    </p>
   </div>
   <div class='ocr_carea' id='block_1_43' title="bbox 445 2940 2000 3022">
    <p class='ocr_par' dir='ltr' id='par_1_43' title="bbox 445 2940 2000 3022">
     <span class='ocr_line' id='line_1_43' title="bbox 445 2940 2000 3022; baseline 0.01 -28"><span class='ocrx_word' id='word_1_317' title='bbox 445 2940 612 2995; x_wconf 84' lang='lat' dir='ltr'><strong>XXIV.</strong></span> <span class='ocrx_word' id='word_1_318' title='bbox 659 2943 719 2996; x_wconf 86' lang='lat' dir='ltr'><strong>In</strong></span> <span class='ocrx_word' id='word_1_319' title='bbox 761 2960 907 3015; x_wconf 90' lang='lat' dir='ltr'><strong>pago</strong></span> <span class='ocrx_word' id='word_1_320' title='bbox 947 2946 1220 3002; x_wconf 89' lang='lat' dir='ltr'><strong>Parisiaco</strong></span> <span class='ocrx_word' id='word_1_321' title='bbox 1257 2949 1384 3004; x_wconf 92' lang='lat' dir='ltr'><strong>Vico</strong></span> <span class='ocrx_word' id='word_1_322' title='bbox 1421 2952 1571 3006; x_wconf 85' lang='lat' dir='ltr'><strong>Novo</strong></span> <span class='ocrx_word' id='word_1_323' title='bbox 1613 2952 1807 3022; x_wconf 84' lang='lat' dir='ltr'><strong>(Infra,</strong></span> <span class='ocrx_word' id='word_1_324' title='bbox 1852 2971 2000 3010; x_wconf 88' lang='lat' dir='ltr'><strong>num.</strong></span> 
     </span>
    </p>
   </div>
   <div class='ocr_carea' id='block_1_44' title="bbox 374 3032 2004 3118">
    <p class='ocr_par' dir='ltr' id='par_1_44' title="bbox 374 3032 2004 3118">
     <span class='ocr_line' id='line_1_44' title="bbox 374 3032 2004 3118; baseline 0.011 -33"><span class='ocrx_word' id='word_1_325' title='bbox 374 3032 460 3101; x_wconf 77' lang='grc'><strong>40)</strong></span> <span class='ocrx_word' id='word_1_326' title='bbox 502 3050 593 3087; x_wconf 87' lang='lat' dir='ltr'><strong>res</strong></span> <span class='ocrx_word' id='word_1_327' title='bbox 637 3040 791 3105; x_wconf 88' lang='lat' dir='ltr'><strong>gesta</strong></span> <span class='ocrx_word' id='word_1_328' title='bbox 836 3041 938 3092; x_wconf 89' lang='lat' dir='ltr'><strong>est.</strong></span> <span class='ocrx_word' id='word_1_329' title='bbox 975 3039 1212 3103; x_wconf 90' lang='lat' dir='ltr'><strong>Quidam</strong></span> <span class='ocrx_word' id='word_1_330' title='bbox 1257 3043 1316 3097; x_wconf 89' lang='lat' dir='ltr'><strong>in</strong></span> <span class='ocrx_word' id='word_1_331' title='bbox 1364 3044 1564 3099; x_wconf 91' lang='lat' dir='ltr'><strong>eodem</strong></span> <span class='ocrx_word' id='word_1_332' title='bbox 1611 3047 1732 3101; x_wconf 92' lang='lat' dir='ltr'><strong>loco</strong></span> <span class='ocrx_word' id='word_1_333' title='bbox 1785 3047 2004 3118; x_wconf 90' lang='lat' dir='ltr'><strong>impetu</strong></span> 
     </span>
    </p>
   </div>
   <div class='ocr_carea' id='block_1_45' title="bbox 370 3125 2074 3214">
    <p class='ocr_par' dir='ltr' id='par_1_45' title="bbox 370 3125 2074 3214">
     <span class='ocr_line' id='line_1_45' title="bbox 370 3125 2074 3214; baseline 0.012 -36"><span class='ocrx_word' id='word_1_334' title='bbox 370 3125 491 3196; x_wconf 92' lang='lat' dir='ltr'><strong>lupi</strong></span> <span class='ocrx_word' id='word_1_335' title='bbox 530 3127 709 3182; x_wconf 88' lang='lat' dir='ltr'><strong>rabidi</strong></span> <span class='ocrx_word' id='word_1_336' title='bbox 744 3129 1020 3186; x_wconf 88' lang='lat' dir='ltr'><strong>laceratus</strong></span> <span class='ocrx_word' id='word_1_337' title='bbox 1056 3138 1111 3188; x_wconf 90' lang='lat' dir='ltr'><strong>et</strong></span> <span class='ocrx_word' id='word_1_338' title='bbox 1137 3140 1294 3190; x_wconf 87' lang='lat' dir='ltr'><strong>extra</strong></span> <span class='ocrx_word' id='word_1_339' title='bbox 1319 3153 1548 3192; x_wconf 90' lang='lat' dir='ltr'><strong>sensum</strong></span> <span class='ocrx_word' id='word_1_340' title='bbox 1578 3139 1808 3196; x_wconf 80' lang='lat' dir='ltr'><strong>effectus</strong></span> <span class='ocrx_word' id='word_1_341' title='bbox 1839 3142 2002 3197; x_wconf 88' lang='lat' dir='ltr'><strong>beato</strong></span> <span class='ocrx_word' id='word_1_342' title='bbox 2026 3191 2074 3214; x_wconf 57' lang='grc' dir='ltr'><strong>η</strong></span> 
     </span>
    </p>
   </div>
   <div class='ocr_carea' id='block_1_46' title="bbox 2105 1922 3737 1992">
    <p class='ocr_par' dir='ltr' id='par_1_46' title="bbox 2105 1922 3737 1992">
     <span class='ocr_line' id='line_1_46' title="bbox 2105 1922 3737 1992; baseline -0.001 -12"><span class='ocrx_word' id='word_1_343' title='bbox 2105 1931 2206 1980; x_wconf 89' lang='lat' dir='ltr'><strong>est.</strong></span> <span class='ocrx_word' id='word_1_344' title='bbox 2245 1927 2425 1990; x_wconf 88' lang='lat' dir='ltr'><strong>Quam</strong></span> <span class='ocrx_word' id='word_1_345' title='bbox 2450 1924 2672 1979; x_wconf 87' lang='lat' dir='ltr'><strong>sanitati</strong></span> <span class='ocrx_word' id='word_1_346' title='bbox 2701 1922 3040 1992; x_wconf 88' lang='lat' dir='ltr'><strong>restitutam,</strong></span> <span class='ocrx_word' id='word_1_347' title='bbox 3080 1922 3397 1976; x_wconf 88' lang='lat' dir='ltr'><strong>monachali</strong></span> <span class='ocrx_word' id='word_1_348' title='bbox 3428 1928 3580 1978; x_wconf 86' lang='lat' dir='ltr'><strong>veste</strong></span> <span class='ocrx_word' id='word_1_349' title='bbox 3605 1941 3737 1979; x_wconf 86' lang='lat' dir='ltr'><strong>mu-</strong></span> 
     </span>
    </p>
   </div>
   <div class='ocr_carea' id='block_1_47' title="bbox 2103 2015 3734 2088">
    <p class='ocr_par' dir='ltr' id='par_1_47' title="bbox 2103 2015 3734 2088">
     <span class='ocr_line' id='line_1_47' title="bbox 2103 2015 3734 2088; baseline 0 -15"><span class='ocrx_word' id='word_1_350' title='bbox 2103 2023 2298 2088; x_wconf 88' lang='lat' dir='ltr'><strong>tatam,</strong></span> <span class='ocrx_word' id='word_1_351' title='bbox 2337 2018 2433 2073; x_wconf 90' lang='lat' dir='ltr'><strong>Dei</strong></span> <span class='ocrx_word' id='word_1_352' title='bbox 2475 2016 2700 2072; x_wconf 86' lang='lat' dir='ltr'><strong>servitio</strong></span> <span class='ocrx_word' id='word_1_353' title='bbox 2742 2015 3010 2071; x_wconf 88' lang='lat' dir='ltr'><strong>traditam</strong></span> <span class='ocrx_word' id='word_1_354' title='bbox 3055 2015 3142 2069; x_wconf 91' lang='lat' dir='ltr'><strong>bis</strong></span> <span class='ocrx_word' id='word_1_355' title='bbox 3192 2015 3547 2088; x_wconf 89' lang='lat' dir='ltr'><strong>triumphare</strong></span> <span class='ocrx_word' id='word_1_356' title='bbox 3581 2017 3734 2086; x_wconf 87' lang='lat' dir='ltr'><strong>fecit,</strong></span> 
     </span>
    </p>
   </div>
   <div class='ocr_carea' id='block_1_48' title="bbox 2103 2110 2797 2166">
    <p class='ocr_par' dir='ltr' id='par_1_48' title="bbox 2103 2110 2797 2166">
     <span class='ocr_line' id='line_1_48' title="bbox 2103 2110 2797 2166; baseline -0.004 0"><span class='ocrx_word' id='word_1_357' title='bbox 2103 2112 2263 2166; x_wconf 89' lang='lat' dir='ltr'><strong>hoste</strong></span> <span class='ocrx_word' id='word_1_358' title='bbox 2289 2111 2433 2166; x_wconf 90' lang='lat' dir='ltr'><strong>victo</strong></span> <span class='ocrx_word' id='word_1_359' title='bbox 2459 2110 2544 2165; x_wconf 89' lang='lat' dir='ltr'><strong>vel</strong></span> <span class='ocrx_word' id='word_1_360' title='bbox 2571 2110 2797 2165; x_wconf 66' lang='lat' dir='ltr'><strong>saeculo.</strong></span> 
     </span>
    </p>
   </div>
   <div class='ocr_carea' id='block_1_49' title="bbox 2175 2201 3732 2274">
    <p class='ocr_par' dir='ltr' id='par_1_49' title="bbox 2175 2201 3732 2274">
     <span class='ocr_line' id='line_1_49' title="bbox 2175 2201 3732 2274; baseline -0.001 -15"><span class='ocrx_word' id='word_1_361' title='bbox 2175 2205 2366 2259; x_wconf 86' lang='lat' dir='ltr'><strong>XXVII.</strong></span> <span class='ocrx_word' id='word_1_362' title='bbox 2399 2203 2542 2268; x_wconf 88' lang='lat' dir='ltr'><strong>Quid</strong></span> <span class='ocrx_word' id='word_1_363' title='bbox 2579 2203 2718 2258; x_wconf 90' lang='lat' dir='ltr'><strong>illud</strong></span> <span class='ocrx_word' id='word_1_364' title='bbox 2753 2202 2906 2274; x_wconf 86' lang='lat' dir='ltr'><strong>quod</strong></span> <span class='ocrx_word' id='word_1_365' title='bbox 2955 2201 3078 2256; x_wconf 91' lang='lat' dir='ltr'><strong>sine</strong></span> <span class='ocrx_word' id='word_1_366' title='bbox 3127 2218 3286 2257; x_wconf 90' lang='lat' dir='ltr'><strong>mora</strong></span> <span class='ocrx_word' id='word_1_367' title='bbox 3321 2202 3537 2257; x_wconf 88' lang='lat' dir='ltr'><strong>curavit</strong></span> <span class='ocrx_word' id='word_1_368' title='bbox 3573 2201 3732 2257; x_wconf 86' lang='lat' dir='ltr'><strong>debi-</strong></span> 
     </span>
    </p>
   </div>
   <div class='ocr_carea' id='block_1_50' title="bbox 2103 2295 3739 2352">
    <p class='ocr_par' dir='ltr' id='par_1_50' title="bbox 2103 2295 3739 2352">
     <span class='ocr_line' id='line_1_50' title="bbox 2103 2295 3739 2352; baseline -0.001 0"><span class='ocrx_word' id='word_1_369' title='bbox 2103 2297 2216 2352; x_wconf 89' lang='lat' dir='ltr'><strong>lem</strong></span> <span class='ocrx_word' id='word_1_370' title='bbox 2251 2298 2582 2352; x_wconf 84' lang='lat' dir='ltr'><strong>dexteram?</strong></span> <span class='ocrx_word' id='word_1_371' title='bbox 2608 2297 2750 2352; x_wconf 90' lang='lat' dir='ltr'><strong>Cum</strong></span> <span class='ocrx_word' id='word_1_372' title='bbox 2790 2295 2860 2350; x_wconf 91' lang='lat' dir='ltr'><strong>ad</strong></span> <span class='ocrx_word' id='word_1_373' title='bbox 2901 2295 3261 2350; x_wconf 85' lang='lat' dir='ltr'><strong>festivitatem</strong></span> <span class='ocrx_word' id='word_1_374' title='bbox 3299 2295 3476 2350; x_wconf 89' lang='lat' dir='ltr'><strong>sancti</strong></span> <span class='ocrx_word' id='word_1_375' title='bbox 3516 2295 3739 2350; x_wconf 84' lang='lat' dir='ltr'><strong>Martini</strong></span> 
     </span>
    </p>
   </div>
   <div class='ocr_carea' id='block_1_51' title="bbox 2103 2387 3738 2461">
    <p class='ocr_par' dir='ltr' id='par_1_51' title="bbox 2103 2387 3738 2461">
     <span class='ocr_line' id='line_1_51' title="bbox 2103 2387 3738 2461; baseline -0.001 -16"><span class='ocrx_word' id='word_1_376' title='bbox 2103 2390 2340 2446; x_wconf 88' lang='lat' dir='ltr'><strong>Turonis</strong></span> <span class='ocrx_word' id='word_1_377' title='bbox 2368 2390 2709 2458; x_wconf 88' lang='lat' dir='ltr'><strong>accessisset,</strong></span> <span class='ocrx_word' id='word_1_378' title='bbox 2739 2404 2965 2461; x_wconf 90' lang='lat' dir='ltr'><strong>egresso</strong></span> <span class='ocrx_word' id='word_1_379' title='bbox 2991 2389 3060 2443; x_wconf 90' lang='lat' dir='ltr'><strong>de</strong></span> <span class='ocrx_word' id='word_1_380' title='bbox 3100 2388 3443 2443; x_wconf 89' lang='lat' dir='ltr'><strong>monasterio</strong></span> <span class='ocrx_word' id='word_1_381' title='bbox 3477 2387 3640 2444; x_wconf 81' lang='lat' dir='ltr'><strong>otl&#39;ert</strong></span> <span class='ocrx_word' id='word_1_382' title='bbox 3679 2405 3738 2444; x_wconf 91' lang='lat' dir='ltr'><strong>se</strong></span> 
     </span>
    </p>
   </div>
   <div class='ocr_carea' id='block_1_52' title="bbox 2103 2481 3739 2554">
    <p class='ocr_par' dir='ltr' id='par_1_52' title="bbox 2103 2481 3739 2554">
     <span class='ocr_line' id='line_1_52' title="bbox 2103 2481 3739 2554; baseline -0.002 -15"><span class='ocrx_word' id='word_1_383' title='bbox 2103 2484 2310 2539; x_wconf 91' lang='lat' dir='ltr'><strong>mulier</strong></span> <span class='ocrx_word' id='word_1_384' title='bbox 2347 2483 2604 2549; x_wconf 85' lang='lat' dir='ltr'><strong>barbara,</strong></span> <span class='ocrx_word' id='word_1_385' title='bbox 2645 2498 2820 2536; x_wconf 89' lang='lat' dir='ltr'><strong>manu</strong></span> <span class='ocrx_word' id='word_1_386' title='bbox 2861 2481 3047 2536; x_wconf 81' lang='lat' dir='ltr'><strong>nervis</strong></span> <span class='ocrx_word' id='word_1_387' title='bbox 3090 2484 3395 2551; x_wconf 90' lang='lat' dir='ltr'><strong>contracta,</strong></span> <span class='ocrx_word' id='word_1_388' title='bbox 3445 2483 3739 2554; x_wconf 86' lang='lat' dir='ltr'><strong>postulans</strong></span> 
     </span>
    </p>
   </div>
   <div class='ocr_carea' id='block_1_53' title="bbox 2106 2574 3738 2648">
    <p class='ocr_par' dir='ltr' id='par_1_53' title="bbox 2106 2574 3738 2648">
     <span class='ocr_line' id='line_1_53' title="bbox 2106 2574 3738 2648; baseline -0.003 -16"><span class='ocrx_word' id='word_1_389' title='bbox 2106 2577 2462 2632; x_wconf 88' lang='lat' dir='ltr'><strong>medicinam.</strong></span> <span class='ocrx_word' id='word_1_390' title='bbox 2501 2576 2679 2639; x_wconf 87' lang='lat' dir='ltr'><strong>Quam</strong></span> <span class='ocrx_word' id='word_1_391' title='bbox 2719 2574 2823 2628; x_wconf 88' lang='lat' dir='ltr'><strong>sub</strong></span> <span class='ocrx_word' id='word_1_392' title='bbox 2867 2575 3057 2628; x_wconf 88' lang='lat' dir='ltr'><strong>casula</strong></span> <span class='ocrx_word' id='word_1_393' title='bbox 3094 2578 3399 2645; x_wconf 83' lang='lat' dir='ltr'><strong>receptam,</strong></span> <span class='ocrx_word' id='word_1_394' title='bbox 3432 2591 3534 2629; x_wconf 90' lang='lat' dir='ltr'><strong>suo</strong></span> <span class='ocrx_word' id='word_1_395' title='bbox 3573 2580 3738 2648; x_wconf 90' lang='lat' dir='ltr'><strong>sputo</strong></span> 
     </span>
    </p>
   </div>
   <div class='ocr_carea' id='block_1_54' title="bbox 2104 2666 3736 2739">
    <p class='ocr_par' dir='ltr' id='par_1_54' title="bbox 2104 2666 3736 2739">
     <span class='ocr_line' id='line_1_54' title="bbox 2104 2666 3736 2739; baseline -0.001 -15"><span class='ocrx_word' id='word_1_396' title='bbox 2104 2670 2305 2725; x_wconf 89' lang='lat' dir='ltr'><strong>illitam</strong></span> <span class='ocrx_word' id='word_1_397' title='bbox 2351 2668 2506 2723; x_wconf 87' lang='lat' dir='ltr'><strong>velut</strong></span> <span class='ocrx_word' id='word_1_398' title='bbox 2543 2683 2802 2739; x_wconf 90' lang='lat' dir='ltr'><strong>sparsum</strong></span> <span class='ocrx_word' id='word_1_399' title='bbox 2843 2666 3042 2722; x_wconf 81' lang='lat' dir='ltr'><strong>farinae</strong></span> <span class='ocrx_word' id='word_1_400' title='bbox 3076 2666 3375 2722; x_wconf 89' lang='lat' dir='ltr'><strong>collectum</strong></span> <span class='ocrx_word' id='word_1_401' title='bbox 3420 2683 3736 2723; x_wconf 90' lang='lat' dir='ltr'><strong>commace-</strong></span> 
     </span>
    </p>
   </div>
   <div class='ocr_carea' id='block_1_55' title="bbox 2103 2759 3737 2832">
    <p class='ocr_par' dir='ltr' id='par_1_55' title="bbox 2103 2759 3737 2832">
     <span class='ocr_line' id='line_1_55' title="bbox 2103 2759 3737 2832; baseline -0.002 -15"><span class='ocrx_word' id='word_1_402' title='bbox 2103 2767 2211 2817; x_wconf 90' lang='lat' dir='ltr'><strong>rat.</strong></span> <span class='ocrx_word' id='word_1_403' title='bbox 2239 2761 2377 2816; x_wconf 86' lang='lat' dir='ltr'><strong>Hinc</strong></span> <span class='ocrx_word' id='word_1_404' title='bbox 2413 2760 2715 2815; x_wconf 85' lang='lat' dir='ltr'><strong>resudante</strong></span> <span class='ocrx_word' id='word_1_405' title='bbox 2753 2760 2986 2814; x_wconf 86' lang='lat' dir='ltr'><strong>dextera</strong></span> <span class='ocrx_word' id='word_1_406' title='bbox 3019 2759 3224 2832; x_wconf 89' lang='lat' dir='ltr'><strong>digitos</strong></span> <span class='ocrx_word' id='word_1_407' title='bbox 3258 2760 3441 2816; x_wconf 87' lang='lat' dir='ltr'><strong>tendit</strong></span> <span class='ocrx_word' id='word_1_408' title='bbox 3467 2765 3524 2816; x_wconf 89' lang='lat' dir='ltr'><strong>et</strong></span> <span class='ocrx_word' id='word_1_409' title='bbox 3561 2760 3737 2832; x_wconf 90' lang='lat' dir='ltr'><strong>repli-</strong></span> 
     </span>
    </p>
   </div>
   <div class='ocr_carea' id='block_1_56' title="bbox 2103 2853 3736 2927">
    <p class='ocr_par' dir='ltr' id='par_1_56' title="bbox 2103 2853 3736 2927">
     <span class='ocr_line' id='line_1_56' title="bbox 2103 2853 3736 2927; baseline -0.001 -16"><span class='ocrx_word' id='word_1_410' title='bbox 2103 2861 2212 2926; x_wconf 88' lang='lat' dir='ltr'><strong>cat,</strong></span> <span class='ocrx_word' id='word_1_411' title='bbox 2242 2860 2530 2927; x_wconf 87' lang='lat' dir='ltr'><strong>torporem</strong></span> <span class='ocrx_word' id='word_1_412' title='bbox 2565 2857 2880 2908; x_wconf 90' lang='lat' dir='ltr'><strong>veteratum</strong></span> <span class='ocrx_word' id='word_1_413' title='bbox 2911 2853 2981 2907; x_wconf 89' lang='lat' dir='ltr'><strong>ad</strong></span> <span class='ocrx_word' id='word_1_414' title='bbox 3022 2853 3377 2908; x_wconf 86' lang='lat' dir='ltr'><strong>vivacitatem</strong></span> <span class='ocrx_word' id='word_1_415' title='bbox 3416 2854 3736 2910; x_wconf 89' lang='lat' dir='ltr'><strong>resuscitat.</strong></span> 
     </span>
    </p>
   </div>
   <div class='ocr_carea' id='block_1_57' title="bbox 2105 2945 3740 3020">
    <p class='ocr_par' dir='ltr' id='par_1_57' title="bbox 2105 2945 3740 3020">
     <span class='ocr_line' id='line_1_57' title="bbox 2105 2945 3740 3020; baseline -0.002 -16"><span class='ocrx_word' id='word_1_416' title='bbox 2105 2951 2172 3004; x_wconf 87' lang='lat' dir='ltr'><strong>Et</strong></span> <span class='ocrx_word' id='word_1_417' title='bbox 2197 2947 2531 3020; x_wconf 89' lang='lat' dir='ltr'><strong>priusquam</strong></span> <span class='ocrx_word' id='word_1_418' title='bbox 2549 2946 2769 3002; x_wconf 88' lang='lat' dir='ltr'><strong>veniret</strong></span> <span class='ocrx_word' id='word_1_419' title='bbox 2785 2946 2855 3001; x_wconf 90' lang='lat' dir='ltr'><strong>ad</strong></span> <span class='ocrx_word' id='word_1_420' title='bbox 2878 2945 3029 3000; x_wconf 88' lang='lat' dir='ltr'><strong>beati</strong></span> <span class='ocrx_word' id='word_1_421' title='bbox 3047 2945 3270 3002; x_wconf 85' lang='lat' dir='ltr'><strong>Martini</strong></span> <span class='ocrx_word' id='word_1_422' title='bbox 3283 2946 3521 3018; x_wconf 88' lang='lat' dir='ltr'><strong>januam</strong></span> <span class='ocrx_word' id='word_1_423' title='bbox 3547 2947 3740 3018; x_wconf 84' lang='lat' dir='ltr'><strong>digitis</strong></span> 
     </span>
    </p>
   </div>
   <div class='ocr_carea' id='block_1_58' title="bbox 2106 3039 3740 3106">
    <p class='ocr_par' dir='ltr' id='par_1_58' title="bbox 2106 3039 3740 3106">
     <span class='ocr_line' id='line_1_58' title="bbox 2106 3039 3740 3106; baseline 0 -10"><span class='ocrx_word' id='word_1_424' title='bbox 2106 3042 2221 3096; x_wconf 90' lang='lat' dir='ltr'><strong>suis</strong></span> <span class='ocrx_word' id='word_1_425' title='bbox 2258 3046 2547 3096; x_wconf 84' lang='lat' dir='ltr'><strong>extensam</strong></span> <span class='ocrx_word' id='word_1_426' title='bbox 2574 3040 2820 3096; x_wconf 89' lang='lat' dir='ltr'><strong>reddidit</strong></span> <span class='ocrx_word' id='word_1_427' title='bbox 2844 3039 3186 3094; x_wconf 91' lang='lat' dir='ltr'><strong>incolumem</strong></span> <span class='ocrx_word' id='word_1_428' title='bbox 3219 3040 3531 3096; x_wconf 83' lang='lat' dir='ltr'><strong>dexteram.</strong></span> <span class='ocrx_word' id='word_1_429' title='bbox 3559 3041 3740 3106; x_wconf 88' lang='lat' dir='ltr'><strong>Quam</strong></span> 
     </span>
    </p>
   </div>
   <div class='ocr_carea' id='block_1_59' title="bbox 2105 3133 3741 3207">
    <p class='ocr_par' dir='ltr' id='par_1_59' title="bbox 2105 3133 3741 3207">
     <span class='ocr_line' id='line_1_59' title="bbox 2105 3133 3741 3207; baseline -0.001 -17"><span class='ocrx_word' id='word_1_430' title='bbox 2105 3153 2234 3190; x_wconf 87' lang='lat' dir='ltr'><strong>mox</strong></span> <span class='ocrx_word' id='word_1_431' title='bbox 2262 3135 2507 3190; x_wconf 85' lang='lat' dir='ltr'><strong>sentiens</strong></span> <span class='ocrx_word' id='word_1_432' title='bbox 2534 3150 2653 3189; x_wconf 87' lang='lat' dir='ltr'><strong>esse</strong></span> <span class='ocrx_word' id='word_1_433' title='bbox 2679 3133 2974 3201; x_wconf 89' lang='lat' dir='ltr'><strong>directam,</strong></span> <span class='ocrx_word' id='word_1_434' title='bbox 3001 3133 3304 3188; x_wconf 89' lang='lat' dir='ltr'><strong>mulierem</strong></span> <span class='ocrx_word' id='word_1_435' title='bbox 3329 3150 3362 3187; x_wconf 88' lang='lat' dir='ltr'><strong>a</strong></span> <span class='ocrx_word' id='word_1_436' title='bbox 3388 3150 3444 3189; x_wconf 89' lang='lat' dir='ltr'><strong>se</strong></span> <span class='ocrx_word' id='word_1_437' title='bbox 3479 3133 3741 3207; x_wconf 89' lang='lat' dir='ltr'><strong>repulsus</strong></span> 
     </span>
    </p>
   </div>
   <div class='ocr_carea' id='block_1_60' title="bbox 372 3193 3277 3301">
    <p class='ocr_par' dir='ltr' id='par_1_60' title="bbox 372 3193 3277 3301">
     <span class='ocr_line' id='line_1_60' title="bbox 372 3193 3277 3301; baseline 0.003 -29"><span class='ocrx_word' id='word_1_438' title='bbox 372 3193 654 3276; x_wconf 69' lang='lat' dir='ltr'><strong>Sacerdoti</strong></span> <span class='ocrx_word' id='word_1_439' title='bbox 681 3223 1019 3280; x_wconf 73' lang='lat' dir='ltr'><strong>miseranter</strong></span> <span class='ocrx_word' id='word_1_440' title='bbox 1037 3227 1258 3282; x_wconf 89' lang='lat' dir='ltr'><strong>oblatus</strong></span> <span class='ocrx_word' id='word_1_441' title='bbox 1283 3234 1385 3284; x_wconf 90' lang='lat' dir='ltr'><strong>est.</strong></span> <span class='ocrx_word' id='word_1_442' title='bbox 1417 3231 1514 3285; x_wconf 88' lang='lat' dir='ltr'><strong>Hic</strong></span> <span class='ocrx_word' id='word_1_443' title='bbox 1543 3233 1612 3288; x_wconf 92' lang='lat' dir='ltr'><strong>ad</strong></span> <span class='ocrx_word' id='word_1_444' title='bbox 1640 3193 1738 3288; x_wconf 82' lang='lat' dir='ltr'><strong>illa</strong></span> <span class='ocrx_word' id='word_1_445' title='bbox 1750 3193 1999 3289; x_wconf 42' lang='lat' dir='ltr'><strong>saga};</strong></span> <span class='ocrx_word' id='word_1_446' title='bbox 2023 3193 2077 3264; x_wconf 62' lang='grc' dir='ltr'><strong>Ο</strong></span> <span class='ocrx_word' id='word_1_447' title='bbox 2104 3233 2187 3284; x_wconf 87' lang='lat' dir='ltr'><strong>est</strong></span> <span class='ocrx_word' id='word_1_448' title='bbox 2217 3228 2341 3300; x_wconf 75' lang='lat' dir='ltr'><strong>[Pro</strong></span> <span class='ocrx_word' id='word_1_449' title='bbox 2366 3228 2620 3301; x_wconf 89' lang='lat' dir='ltr'><strong>repulit],</strong></span> <span class='ocrx_word' id='word_1_450' title='bbox 2652 3228 2942 3299; x_wconf 88' lang='lat' dir='ltr'><strong>ingressus</strong></span> <span class='ocrx_word' id='word_1_451' title='bbox 2963 3193 3277 3282; x_wconf 82' lang='lat' dir='ltr'><strong>basilicam.</strong></span> 
     </span>
    </p>
   </div>
   <div class='ocr_carea' id='block_1_61' title="bbox 370 3311 2004 3390">
    <p class='ocr_par' dir='ltr' id='par_1_61' title="bbox 370 3311 2004 3390">
     <span class='ocr_line' id='line_1_61' title="bbox 370 3311 2004 3390; baseline 0.011 -26"><span class='ocrx_word' id='word_1_452' title='bbox 370 3311 442 3364; x_wconf 88' lang='lat' dir='ltr'><strong>tis</strong></span> <span class='ocrx_word' id='word_1_453' title='bbox 485 3329 782 3370; x_wconf 89' lang='lat' dir='ltr'><strong>recurrens</strong></span> <span class='ocrx_word' id='word_1_454' title='bbox 819 3317 1106 3390; x_wconf 78' lang='lat' dir='ltr'><strong>suffragia,</strong></span> <span class='ocrx_word' id='word_1_455' title='bbox 1144 3337 1276 3376; x_wconf 89' lang='lat' dir='ltr'><strong>mox</strong></span> <span class='ocrx_word' id='word_1_456' title='bbox 1310 3323 1539 3379; x_wconf 90' lang='lat' dir='ltr'><strong>brachio</strong></span> <span class='ocrx_word' id='word_1_457' title='bbox 1574 3327 1682 3381; x_wconf 89' lang='lat' dir='ltr'><strong>olei</strong></span> <span class='ocrx_word' id='word_1_458' title='bbox 1723 3327 2004 3381; x_wconf 87' lang='lat' dir='ltr'><strong>benedicti</strong></span> 
     </span>
    </p>
   </div>
   <div class='ocr_carea' id='block_1_62' title="bbox 368 3405 2006 3490">
    <p class='ocr_par' dir='ltr' id='par_1_62' title="bbox 368 3405 2006 3490">
     <span class='ocr_line' id='line_1_62' title="bbox 368 3405 2006 3490; baseline 0.012 -34"><span class='ocrx_word' id='word_1_459' title='bbox 368 3405 589 3476; x_wconf 90' lang='lat' dir='ltr'><strong>liquore</strong></span> <span class='ocrx_word' id='word_1_460' title='bbox 629 3407 941 3465; x_wconf 81' lang='lat' dir='ltr'><strong>circumlita</strong></span> <span class='ocrx_word' id='word_1_461' title='bbox 979 3417 1035 3466; x_wconf 90' lang='lat' dir='ltr'><strong>et</strong></span> <span class='ocrx_word' id='word_1_462' title='bbox 1062 3415 1232 3469; x_wconf 90' lang='lat' dir='ltr'><strong>sacris</strong></span> <span class='ocrx_word' id='word_1_463' title='bbox 1258 3431 1322 3470; x_wconf 90' lang='lat' dir='ltr'><strong>eo</strong></span> <span class='ocrx_word' id='word_1_464' title='bbox 1361 3417 1555 3490; x_wconf 82' lang='lat' dir='ltr'><strong>digitis</strong></span> <span class='ocrx_word' id='word_1_465' title='bbox 1597 3419 2006 3474; x_wconf 85' lang='lat' dir='ltr'><strong>medicabiliter</strong></span> 
     </span>
    </p>
   </div>
   <div class='ocr_carea' id='block_1_63' title="bbox 368 3503 2004 3582">
    <p class='ocr_par' dir='ltr' id='par_1_63' title="bbox 368 3503 2004 3582">
     <span class='ocr_line' id='line_1_63' title="bbox 368 3503 2004 3582; baseline 0.01 -31"><span class='ocrx_word' id='word_1_466' title='bbox 368 3503 660 3554; x_wconf 87' lang='lat' dir='ltr'><strong>attrectato</strong></span> <span class='ocrx_word' id='word_1_467' title='bbox 710 3503 882 3572; x_wconf 87' lang='lat' dir='ltr'><strong>pestis</strong></span> <span class='ocrx_word' id='word_1_468' title='bbox 921 3503 1015 3558; x_wconf 89' lang='lat' dir='ltr'><strong>illa</strong></span> <span class='ocrx_word' id='word_1_469' title='bbox 1057 3523 1184 3578; x_wconf 67' lang='lat' dir='ltr'><strong>qua)</strong></span> <span class='ocrx_word' id='word_1_470' title='bbox 1224 3509 1435 3565; x_wconf 87' lang='lat' dir='ltr'><strong>viscera</strong></span> <span class='ocrx_word' id='word_1_471' title='bbox 1479 3511 1670 3566; x_wconf 82' lang='lat' dir='ltr'><strong>dolore</strong></span> <span class='ocrx_word' id='word_1_472' title='bbox 1713 3516 2004 3582; x_wconf 86' lang='lat' dir='ltr'><strong>grassante</strong></span> 
     </span>
    </p>
   </div>
   <div class='ocr_carea' id='block_1_64' title="bbox 366 3595 2004 3675">
    <p class='ocr_par' dir='ltr' id='par_1_64' title="bbox 366 3595 2004 3675">
     <span class='ocr_line' id='line_1_64' title="bbox 366 3595 2004 3675; baseline 0.009 -31"><span class='ocrx_word' id='word_1_473' title='bbox 366 3598 708 3662; x_wconf 85' lang='lat' dir='ltr'><strong>pervaserat,</strong></span> <span class='ocrx_word' id='word_1_474' title='bbox 739 3595 859 3652; x_wconf 89' lang='lat' dir='ltr'><strong>loca</strong></span> <span class='ocrx_word' id='word_1_475' title='bbox 884 3597 1030 3670; x_wconf 84' lang='lat' dir='ltr'><strong>fugit</strong></span> <span class='ocrx_word' id='word_1_476' title='bbox 1049 3600 1292 3670; x_wconf 89' lang='lat' dir='ltr'><strong>obsessa,</strong></span> <span class='ocrx_word' id='word_1_477' title='bbox 1318 3608 1373 3658; x_wconf 87' lang='lat' dir='ltr'><strong>et</strong></span> <span class='ocrx_word' id='word_1_478' title='bbox 1384 3605 1504 3675; x_wconf 83' lang='lat' dir='ltr'><strong>jam</strong></span> <span class='ocrx_word' id='word_1_479' title='bbox 1533 3605 1832 3675; x_wconf 89' lang='lat' dir='ltr'><strong>putredine</strong></span> <span class='ocrx_word' id='word_1_480' title='bbox 1859 3622 2004 3659; x_wconf 88' lang='lat' dir='ltr'><strong>reso-</strong></span> 
     </span>
    </p>
   </div>
   <div class='ocr_carea' id='block_1_65' title="bbox 367 3685 2003 3767">
    <p class='ocr_par' dir='ltr' id='par_1_65' title="bbox 367 3685 2003 3767">
     <span class='ocr_line' id='line_1_65' title="bbox 367 3685 2003 3767; baseline 0.01 -30"><span class='ocrx_word' id='word_1_481' title='bbox 367 3685 506 3753; x_wconf 83' lang='lat' dir='ltr'><strong>luta,</strong></span> <span class='ocrx_word' id='word_1_482' title='bbox 535 3686 727 3758; x_wconf 90' lang='lat' dir='ltr'><strong>vigore</strong></span> <span class='ocrx_word' id='word_1_483' title='bbox 753 3690 990 3760; x_wconf 90' lang='lat' dir='ltr'><strong>pristino</strong></span> <span class='ocrx_word' id='word_1_484' title='bbox 1017 3695 1297 3767; x_wconf 84' lang='lat' dir='ltr'><strong>restituto,</strong></span> <span class='ocrx_word' id='word_1_485' title='bbox 1321 3697 1442 3752; x_wconf 84' lang='lat' dir='ltr'><strong>sine</strong></span> <span class='ocrx_word' id='word_1_486' title='bbox 1468 3698 1822 3753; x_wconf 86' lang='lat' dir='ltr'><strong>cunctatione</strong></span> <span class='ocrx_word' id='word_1_487' title='bbox 1849 3699 2003 3754; x_wconf 89' lang='lat' dir='ltr'><strong>velut</strong></span> 
     </span>
    </p>
   </div>
   <div class='ocr_carea' id='block_1_66' title="bbox 367 3783 1880 3856">
    <p class='ocr_par' dir='ltr' id='par_1_66' title="bbox 367 3783 1880 3856">
     <span class='ocr_line' id='line_1_66' title="bbox 367 3783 1880 3856; baseline 0.009 -24"><span class='ocrx_word' id='word_1_488' title='bbox 367 3785 694 3849; x_wconf 85' lang='lat' dir='ltr'><strong>experrecto</strong></span> <span class='ocrx_word' id='word_1_489' title='bbox 723 3783 790 3837; x_wconf 92' lang='lat' dir='ltr'><strong>de</strong></span> <span class='ocrx_word' id='word_1_490' title='bbox 819 3801 1019 3856; x_wconf 89' lang='lat' dir='ltr'><strong>sopore</strong></span> <span class='ocrx_word' id='word_1_491' title='bbox 1047 3788 1205 3843; x_wconf 90' lang='lat' dir='ltr'><strong>dolor</strong></span> <span class='ocrx_word' id='word_1_492' title='bbox 1229 3791 1472 3856; x_wconf 86' lang='lat' dir='ltr'><strong>recessit,</strong></span> <span class='ocrx_word' id='word_1_493' title='bbox 1505 3806 1667 3843; x_wconf 91' lang='lat' dir='ltr'><strong>mens</strong></span> <span class='ocrx_word' id='word_1_494' title='bbox 1694 3791 1880 3846; x_wconf 89' lang='lat' dir='ltr'><strong>rediit.</strong></span> 
     </span>
    </p>
   </div>
   <div class='ocr_carea' id='block_1_67' title="bbox 439 3875 2002 3955">
    <p class='ocr_par' dir='ltr' id='par_1_67' title="bbox 439 3875 2002 3955">
     <span class='ocr_line' id='line_1_67' title="bbox 439 3875 2002 3955; baseline 0.009 -29"><span class='ocrx_word' id='word_1_495' title='bbox 439 3875 586 3928; x_wconf 85' lang='lat' dir='ltr'><strong>XXV.</strong></span> <span class='ocrx_word' id='word_1_496' title='bbox 618 3876 756 3930; x_wconf 90' lang='lat' dir='ltr'><strong>Item</strong></span> <span class='ocrx_word' id='word_1_497' title='bbox 791 3877 860 3932; x_wconf 90' lang='lat' dir='ltr'><strong>de</strong></span> <span class='ocrx_word' id='word_1_498' title='bbox 891 3880 1019 3934; x_wconf 86' lang='lat' dir='ltr'><strong>Vico</strong></span> <span class='ocrx_word' id='word_1_499' title='bbox 1047 3882 1284 3938; x_wconf 80' lang='lat' dir='ltr'><strong>Mantola</strong></span> <span class='ocrx_word' id='word_1_500' title='bbox 1312 3884 1382 3953; x_wconf 89' lang='lat' dir='ltr'><strong>(a)</strong></span> <span class='ocrx_word' id='word_1_501' title='bbox 1411 3882 1673 3937; x_wconf 88' lang='lat' dir='ltr'><strong>Waldulﬁ</strong></span> <span class='ocrx_word' id='word_1_502' title='bbox 1707 3884 2002 3955; x_wconf 89' lang='lat' dir='ltr'><strong>cujusdam</strong></span> 
     </span>
    </p>
   </div>
   <div class='ocr_carea' id='block_1_68' title="bbox 368 3967 2005 4050">
    <p class='ocr_par' dir='ltr' id='par_1_68' title="bbox 368 3967 2005 4050">
     <span class='ocr_line' id='line_1_68' title="bbox 368 3967 2005 4050; baseline 0.009 -31"><span class='ocrx_word' id='word_1_503' title='bbox 368 3967 594 4034; x_wconf 90' lang='lat' dir='ltr'><strong>ancilla,</strong></span> <span class='ocrx_word' id='word_1_504' title='bbox 617 3985 766 4024; x_wconf 88' lang='lat' dir='ltr'><strong>anno</strong></span> <span class='ocrx_word' id='word_1_505' title='bbox 793 3976 849 4026; x_wconf 93' lang='lat' dir='ltr'><strong>et</strong></span> <span class='ocrx_word' id='word_1_506' title='bbox 875 3990 1079 4029; x_wconf 89' lang='lat' dir='ltr'><strong>novem</strong></span> <span class='ocrx_word' id='word_1_507' title='bbox 1107 3976 1395 4030; x_wconf 87' lang='lat' dir='ltr'><strong>mensibus</strong></span> <span class='ocrx_word' id='word_1_508' title='bbox 1422 3975 1575 4046; x_wconf 88' lang='lat' dir='ltr'><strong>gravi</strong></span> <span class='ocrx_word' id='word_1_509' title='bbox 1603 3977 1851 4032; x_wconf 65' lang='lat' dir='ltr'><strong>caecitate</strong></span> <span class='ocrx_word' id='word_1_510' title='bbox 1881 3995 2005 4050; x_wconf 85' lang='lat' dir='ltr'><strong>per-</strong></span> 
     </span>
    </p>
   </div>
   <div class='ocr_carea' id='block_1_69' title="bbox 367 4068 2005 4136">
    <p class='ocr_par' dir='ltr' id='par_1_69' title="bbox 367 4068 2005 4136">
     <span class='ocr_line' id='line_1_69' title="bbox 367 4068 2005 4136; baseline 0.008 -23"><span class='ocrx_word' id='word_1_511' title='bbox 367 4077 550 4131; x_wconf 88' lang='lat' dir='ltr'><strong>cussa,</strong></span> <span class='ocrx_word' id='word_1_512' title='bbox 579 4079 683 4132; x_wconf 86' lang='lat' dir='ltr'><strong>per</strong></span> <span class='ocrx_word' id='word_1_513' title='bbox 707 4081 966 4136; x_wconf 88' lang='lat' dir='ltr'><strong>soporem</strong></span> <span class='ocrx_word' id='word_1_514' title='bbox 994 4069 1280 4124; x_wconf 82' lang='lat' dir='ltr'><strong>admonita</strong></span> <span class='ocrx_word' id='word_1_515' title='bbox 1309 4073 1375 4123; x_wconf 90' lang='lat' dir='ltr'><strong>ut</strong></span> <span class='ocrx_word' id='word_1_516' title='bbox 1414 4068 1698 4124; x_wconf 87' lang='lat' dir='ltr'><strong>ﬁmbriam</strong></span> <span class='ocrx_word' id='word_1_517' title='bbox 1733 4071 1919 4126; x_wconf 90' lang='lat' dir='ltr'><strong>Sancti</strong></span> <span class='ocrx_word' id='word_1_518' title='bbox 1955 4072 2005 4126; x_wconf 89' lang='lat' dir='ltr'><strong>si</strong></span> 
     </span>
    </p>
   </div>
   <div class='ocr_carea' id='block_1_70' title="bbox 369 4158 2003 4234">
    <p class='ocr_par' dir='ltr' id='par_1_70' title="bbox 369 4158 2003 4234">
     <span class='ocr_line' id='line_1_70' title="bbox 369 4158 2003 4234; baseline 0.007 -27"><span class='ocrx_word' id='word_1_519' title='bbox 369 4158 648 4227; x_wconf 88' lang='lat' dir='ltr'><strong>tangeret,</strong></span> <span class='ocrx_word' id='word_1_520' title='bbox 677 4173 809 4213; x_wconf 87' lang='lat' dir='ltr'><strong>mox</strong></span> <span class='ocrx_word' id='word_1_521' title='bbox 832 4160 1013 4215; x_wconf 88' lang='lat' dir='ltr'><strong>visum</strong></span> <span class='ocrx_word' id='word_1_522' title='bbox 1036 4163 1333 4234; x_wconf 87' lang='lat' dir='ltr'><strong>reciperet,</strong></span> <span class='ocrx_word' id='word_1_523' title='bbox 1355 4161 1442 4215; x_wconf 92' lang='lat' dir='ltr'><strong>die</strong></span> <span class='ocrx_word' id='word_1_524' title='bbox 1463 4163 1710 4233; x_wconf 87' lang='lat' dir='ltr'><strong>quadam</strong></span> <span class='ocrx_word' id='word_1_525' title='bbox 1731 4165 2003 4219; x_wconf 89' lang='lat' dir='ltr'><strong>sacerdoti</strong></span> 
     </span>
    </p>
   </div>
   <div class='ocr_carea' id='block_1_71' title="bbox 368 4249 2005 4319">
    <p class='ocr_par' dir='ltr' id='par_1_71' title="bbox 368 4249 2005 4319">
     <span class='ocr_line' id='line_1_71' title="bbox 368 4249 2005 4319; baseline 0.007 -19"><span class='ocrx_word' id='word_1_526' title='bbox 368 4249 640 4319; x_wconf 85' lang='lat' dir='ltr'><strong>occurrit;</strong></span> <span class='ocrx_word' id='word_1_527' title='bbox 671 4252 769 4306; x_wconf 91' lang='lat' dir='ltr'><strong>sed</strong></span> <span class='ocrx_word' id='word_1_528' title='bbox 801 4254 978 4309; x_wconf 88' lang='lat' dir='ltr'><strong>multa</strong></span> <span class='ocrx_word' id='word_1_529' title='bbox 1015 4261 1178 4310; x_wconf 87' lang='lat' dir='ltr'><strong>nocte</strong></span> <span class='ocrx_word' id='word_1_530' title='bbox 1221 4255 1565 4309; x_wconf 88' lang='lat' dir='ltr'><strong>circumdata</strong></span> <span class='ocrx_word' id='word_1_531' title='bbox 1592 4255 1670 4310; x_wconf 87' lang='lat' dir='ltr'><strong>ita</strong></span> <span class='ocrx_word' id='word_1_532' title='bbox 1695 4257 2005 4312; x_wconf 88' lang='lat' dir='ltr'><strong>constrictis</strong></span> 
     </span>
    </p>
   </div>
   <div class='ocr_carea' id='block_1_72' title="bbox 367 4341 2000 4420">
    <p class='ocr_par' dir='ltr' id='par_1_72' title="bbox 367 4341 2000 4420">
     <span class='ocr_line' id='line_1_72' title="bbox 367 4341 2000 4420; baseline 0.007 -26"><span class='ocrx_word' id='word_1_533' title='bbox 367 4341 698 4410; x_wconf 92' lang='lat' dir='ltr'><strong>luminibus,</strong></span> <span class='ocrx_word' id='word_1_534' title='bbox 730 4349 790 4400; x_wconf 89' lang='lat' dir='ltr'><strong>ut</strong></span> <span class='ocrx_word' id='word_1_535' title='bbox 815 4348 968 4402; x_wconf 91' lang='lat' dir='ltr'><strong>unde</strong></span> <span class='ocrx_word' id='word_1_536' title='bbox 994 4349 1180 4402; x_wconf 91' lang='lat' dir='ltr'><strong>oleum</strong></span> <span class='ocrx_word' id='word_1_537' title='bbox 1210 4347 1573 4403; x_wconf 89' lang='lat' dir='ltr'><strong>benedictum</strong></span> <span class='ocrx_word' id='word_1_538' title='bbox 1605 4348 1880 4420; x_wconf 85' lang='lat' dir='ltr'><strong>injiceret,</strong></span> <span class='ocrx_word' id='word_1_539' title='bbox 1912 4351 2000 4405; x_wconf 88' lang='lat' dir='ltr'><strong>lu-</strong></span> 
     </span>
    </p>
   </div>
   <div class='ocr_carea' id='block_1_73' title="bbox 364 4435 2005 4516">
    <p class='ocr_par' dir='ltr' id='par_1_73' title="bbox 364 4435 2005 4516">
     <span class='ocr_line' id='line_1_73' title="bbox 364 4435 2005 4516; baseline 0.005 -27"><span class='ocrx_word' id='word_1_540' title='bbox 364 4435 816 4509; x_wconf 77' lang='lat' dir='ltr'><strong>minis‘additum</strong></span> <span class='ocrx_word' id='word_1_541' title='bbox 835 4456 948 4495; x_wconf 89' lang='lat' dir='ltr'><strong>non</strong></span> <span class='ocrx_word' id='word_1_542' title='bbox 976 4445 1287 4512; x_wconf 64' lang='lat' dir='ltr'><strong>praestaret.</strong></span> <span class='ocrx_word' id='word_1_543' title='bbox 1308 4442 1516 4496; x_wconf 89' lang='lat' dir='ltr'><strong>Tamen</strong></span> <span class='ocrx_word' id='word_1_544' title='bbox 1537 4442 1799 4512; x_wconf 90' lang='lat' dir='ltr'><strong>peruncti</strong></span> <span class='ocrx_word' id='word_1_545' title='bbox 1818 4444 2005 4516; x_wconf 88' lang='lat' dir='ltr'><strong>palpe-</strong></span> 
     </span>
    </p>
   </div>
   <div class='ocr_carea' id='block_1_74' title="bbox 362 4529 2079 4628">
    <p class='ocr_par' dir='ltr' id='par_1_74' title="bbox 362 4529 2079 4628">
     <span class='ocr_line' id='line_1_74' title="bbox 362 4529 2079 4628; baseline 0.006 -46"><span class='ocrx_word' id='word_1_546' title='bbox 362 4529 480 4583; x_wconf 89' lang='lat' dir='ltr'><strong>bris</strong></span> <span class='ocrx_word' id='word_1_547' title='bbox 506 4529 750 4628; x_wconf 81' lang='lat' dir='ltr'><strong>desuper</strong></span> <span class='ocrx_word' id='word_1_548' title='bbox 777 4536 832 4628; x_wconf 85' lang='lat' dir='ltr'><strong>et</strong></span> <span class='ocrx_word' id='word_1_549' title='bbox 866 4534 1000 4588; x_wconf 88' lang='lat' dir='ltr'><strong>locis</strong></span> <span class='ocrx_word' id='word_1_550' title='bbox 1042 4533 1272 4628; x_wconf 80' lang='lat' dir='ltr'><strong>reliquis</strong></span> <span class='ocrx_word' id='word_1_551' title='bbox 1312 4534 1530 4628; x_wconf 87' lang='lat' dir='ltr'><strong>capitis,</strong></span> <span class='ocrx_word' id='word_1_552' title='bbox 1563 4535 1813 4591; x_wconf 88' lang='lat' dir='ltr'><strong>oratione</strong></span> <span class='ocrx_word' id='word_1_553' title='bbox 1851 4537 1998 4608; x_wconf 89' lang='lat' dir='ltr'><strong>data,</strong></span> <span class='ocrx_word' id='word_1_554' title='bbox 2022 4557 2079 4628; x_wconf 85' lang='lat' dir='ltr'><strong>D</strong></span> 
     </span>
    </p>
   </div>
   <div class='ocr_carea' id='block_1_75' title="bbox 362 4625 2003 4699">
    <p class='ocr_par' dir='ltr' id='par_1_75' title="bbox 362 4625 2003 4699">
     <span class='ocr_line' id='line_1_75' title="bbox 362 4625 2003 4699; baseline 0.005 -22"><span class='ocrx_word' id='word_1_555' title='bbox 362 4639 508 4694; x_wconf 89' lang='lat' dir='ltr'><strong>pane</strong></span> <span class='ocrx_word' id='word_1_556' title='bbox 533 4628 589 4678; x_wconf 90' lang='lat' dir='ltr'><strong>et</strong></span> <span class='ocrx_word' id='word_1_557' title='bbox 617 4625 729 4680; x_wconf 81' lang='lat' dir='ltr'><strong>sale</strong></span> <span class='ocrx_word' id='word_1_558' title='bbox 755 4625 995 4698; x_wconf 89' lang='lat' dir='ltr'><strong>signato,</strong></span> <span class='ocrx_word' id='word_1_559' title='bbox 1025 4625 1248 4680; x_wconf 88' lang='lat' dir='ltr'><strong>mulieri</strong></span> <span class='ocrx_word' id='word_1_560' title='bbox 1267 4627 1534 4699; x_wconf 63' lang='lat' dir='ltr'><strong>prmeepit</strong></span> <span class='ocrx_word' id='word_1_561' title='bbox 1559 4629 1630 4684; x_wconf 89' lang='lat' dir='ltr'><strong>ad</strong></span> <span class='ocrx_word' id='word_1_562' title='bbox 1651 4630 2003 4686; x_wconf 88' lang='lat' dir='ltr'><strong>mansionem</strong></span> 
     </span>
    </p>
   </div>
   <div class='ocr_carea' id='block_1_76' title="bbox 365 4719 1998 4796">
    <p class='ocr_par' dir='ltr' id='par_1_76' title="bbox 365 4719 1998 4796">
     <span class='ocr_line' id='line_1_76' title="bbox 365 4719 1998 4796; baseline 0.004 -25"><span class='ocrx_word' id='word_1_563' title='bbox 365 4733 424 4772; x_wconf 93' lang='lat' dir='ltr'><strong>se</strong></span> <span class='ocrx_word' id='word_1_564' title='bbox 451 4719 714 4774; x_wconf 91' lang='lat' dir='ltr'><strong>condere.</strong></span> <span class='ocrx_word' id='word_1_565' title='bbox 749 4722 870 4791; x_wconf 91' lang='lat' dir='ltr'><strong>Ipse</strong></span> <span class='ocrx_word' id='word_1_566' title='bbox 895 4737 929 4774; x_wconf 87' lang='lat' dir='ltr'><strong>a</strong></span> <span class='ocrx_word' id='word_1_567' title='bbox 953 4720 1140 4791; x_wconf 88' lang='lat' dir='ltr'><strong>primo</strong></span> <span class='ocrx_word' id='word_1_568' title='bbox 1159 4736 1358 4774; x_wconf 91' lang='lat' dir='ltr'><strong>somno</strong></span> <span class='ocrx_word' id='word_1_569' title='bbox 1383 4720 1442 4775; x_wconf 93' lang='lat' dir='ltr'><strong>in</strong></span> <span class='ocrx_word' id='word_1_570' title='bbox 1467 4722 1710 4777; x_wconf 88' lang='lat' dir='ltr'><strong>oratorio</strong></span> <span class='ocrx_word' id='word_1_571' title='bbox 1736 4723 1998 4796; x_wconf 89' lang='lat' dir='ltr'><strong>pervigil,</strong></span> 
     </span>
    </p>
   </div>
   <div class='ocr_carea' id='block_1_77' title="bbox 365 4809 2004 4888">
    <p class='ocr_par' dir='ltr' id='par_1_77' title="bbox 365 4809 2004 4888">
     <span class='ocr_line' id='line_1_77' title="bbox 365 4809 2004 4888; baseline 0.005 -25"><span class='ocrx_word' id='word_1_572' title='bbox 365 4809 512 4865; x_wconf 89' lang='lat' dir='ltr'><strong>circa</strong></span> <span class='ocrx_word' id='word_1_573' title='bbox 561 4812 817 4868; x_wconf 90' lang='lat' dir='ltr'><strong>medium</strong></span> <span class='ocrx_word' id='word_1_574' title='bbox 855 4813 1033 4868; x_wconf 89' lang='lat' dir='ltr'><strong>noctis</strong></span> <span class='ocrx_word' id='word_1_575' title='bbox 1083 4812 1289 4868; x_wconf 92' lang='lat' dir='ltr'><strong>mulier</strong></span> <span class='ocrx_word' id='word_1_576' title='bbox 1336 4813 1542 4870; x_wconf 89' lang='lat' dir='ltr'><strong>clamat</strong></span> <span class='ocrx_word' id='word_1_577' title='bbox 1605 4816 1885 4888; x_wconf 89' lang='lat' dir='ltr'><strong>hospitem</strong></span> <span class='ocrx_word' id='word_1_578' title='bbox 1946 4834 2004 4873; x_wconf 90' lang='lat' dir='ltr'><strong>se</strong></span> 
     </span>
    </p>
   </div>
   <div class='ocr_carea' id='block_1_78' title="bbox 363 4903 2000 4978">
    <p class='ocr_par' dir='ltr' id='par_1_78' title="bbox 363 4903 2000 4978">
     <span class='ocr_line' id='line_1_78' title="bbox 363 4903 2000 4978; baseline 0.005 -22"><span class='ocrx_word' id='word_1_579' title='bbox 363 4903 678 4975; x_wconf 80' lang='lat' dir='ltr'><strong>lacrymare</strong></span> <span class='ocrx_word' id='word_1_580' title='bbox 713 4906 964 4978; x_wconf 86' lang='lat' dir='ltr'><strong>profuse.</strong></span> <span class='ocrx_word' id='word_1_581' title='bbox 1010 4907 1152 4960; x_wconf 89' lang='lat' dir='ltr'><strong>Tum</strong></span> <span class='ocrx_word' id='word_1_582' title='bbox 1198 4922 1430 4961; x_wconf 91' lang='lat' dir='ltr'><strong>accenso</strong></span> <span class='ocrx_word' id='word_1_583' title='bbox 1477 4908 1693 4964; x_wconf 90' lang='lat' dir='ltr'><strong>lumine</strong></span> <span class='ocrx_word' id='word_1_584' title='bbox 1746 4909 1817 4964; x_wconf 88' lang='lat' dir='ltr'><strong>ab</strong></span> <span class='ocrx_word' id='word_1_585' title='bbox 1866 4926 2000 4964; x_wconf 91' lang='lat' dir='ltr'><strong>ocu-</strong></span> 
     </span>
    </p>
   </div>
   <div class='ocr_carea' id='block_1_79' title="bbox 367 4996 2004 5072">
    <p class='ocr_par' dir='ltr' id='par_1_79' title="bbox 367 4996 2004 5072">
     <span class='ocr_line' id='line_1_79' title="bbox 367 4996 2004 5072; baseline 0.005 -23"><span class='ocrx_word' id='word_1_586' title='bbox 367 4996 552 5052; x_wconf 90' lang='lat' dir='ltr'><strong>lorum</strong></span> <span class='ocrx_word' id='word_1_587' title='bbox 579 5015 852 5070; x_wconf 90' lang='lat' dir='ltr'><strong>compage</strong></span> <span class='ocrx_word' id='word_1_588' title='bbox 873 4999 1054 5053; x_wconf 87' lang='lat' dir='ltr'><strong>cernit</strong></span> <span class='ocrx_word' id='word_1_589' title='bbox 1076 5015 1305 5054; x_wconf 88' lang='lat' dir='ltr'><strong>manare</strong></span> <span class='ocrx_word' id='word_1_590' title='bbox 1325 5001 1682 5072; x_wconf 89' lang='lat' dir='ltr'><strong>sanguinem.</strong></span> <span class='ocrx_word' id='word_1_591' title='bbox 1711 5004 1846 5068; x_wconf 59' lang='lat' dir='ltr'><strong>Quae</strong></span> <span class='ocrx_word' id='word_1_592' title='bbox 1873 5020 2004 5058; x_wconf 92' lang='lat' dir='ltr'><strong>cum</strong></span> 
     </span>
    </p>
   </div>
   <div class='ocr_carea' id='block_1_80' title="bbox 366 5091 2005 5168">
    <p class='ocr_par' dir='ltr' id='par_1_80' title="bbox 366 5091 2005 5168">
     <span class='ocr_line' id='line_1_80' title="bbox 366 5091 2005 5168; baseline 0.004 -24"><span class='ocrx_word' id='word_1_593' title='bbox 366 5091 565 5145; x_wconf 88' lang='lat' dir='ltr'><strong>eodem</strong></span> <span class='ocrx_word' id='word_1_594' title='bbox 593 5108 792 5147; x_wconf 90' lang='lat' dir='ltr'><strong>cruore</strong></span> <span class='ocrx_word' id='word_1_595' title='bbox 817 5107 983 5146; x_wconf 86' lang='lat' dir='ltr'><strong>mane</strong></span> <span class='ocrx_word' id='word_1_596' title='bbox 1007 5092 1077 5146; x_wconf 91' lang='lat' dir='ltr'><strong>ad</strong></span> <span class='ocrx_word' id='word_1_597' title='bbox 1104 5092 1370 5148; x_wconf 89' lang='lat' dir='ltr'><strong>Sanctum</strong></span> <span class='ocrx_word' id='word_1_598' title='bbox 1397 5095 1583 5166; x_wconf 90' lang='lat' dir='ltr'><strong>rediit,</strong></span> <span class='ocrx_word' id='word_1_599' title='bbox 1605 5097 1702 5151; x_wconf 89' lang='lat' dir='ltr'><strong>sed</strong></span> <span class='ocrx_word' id='word_1_600' title='bbox 1727 5096 1844 5168; x_wconf 88' lang='lat' dir='ltr'><strong>ipse</strong></span> <span class='ocrx_word' id='word_1_601' title='bbox 1872 5112 2005 5150; x_wconf 90' lang='lat' dir='ltr'><strong>cum</strong></span> 
     </span>
    </p>
   </div>
   <div class='ocr_carea' id='block_1_81' title="bbox 365 5183 2000 5258">
    <p class='ocr_par' dir='ltr' id='par_1_81' title="bbox 365 5183 2000 5258">
     <span class='ocr_line' id='line_1_81' title="bbox 365 5183 2000 5258; baseline 0.004 -21"><span class='ocrx_word' id='word_1_602' title='bbox 365 5201 516 5255; x_wconf 90' lang='lat' dir='ltr'><strong>aqua</strong></span> <span class='ocrx_word' id='word_1_603' title='bbox 543 5184 842 5256; x_wconf 88' lang='lat' dir='ltr'><strong>palpebras</strong></span> <span class='ocrx_word' id='word_1_604' title='bbox 866 5183 1061 5240; x_wconf 84' lang='lat' dir='ltr'><strong>fovens</strong></span> <span class='ocrx_word' id='word_1_605' title='bbox 1096 5191 1152 5240; x_wconf 91' lang='lat' dir='ltr'><strong>et</strong></span> <span class='ocrx_word' id='word_1_606' title='bbox 1189 5186 1439 5258; x_wconf 89' lang='lat' dir='ltr'><strong>abluens,</strong></span> <span class='ocrx_word' id='word_1_607' title='bbox 1467 5189 1814 5244; x_wconf 90' lang='lat' dir='ltr'><strong>orationibus</strong></span> <span class='ocrx_word' id='word_1_608' title='bbox 1840 5187 2000 5244; x_wconf 87' lang='lat' dir='ltr'><strong>addi-</strong></span> 
     </span>
    </p>
   </div>
   <div class='ocr_carea' id='block_1_82' title="bbox 363 5276 2004 5352">
    <p class='ocr_par' dir='ltr' id='par_1_82' title="bbox 363 5276 2004 5352">
     <span class='ocr_line' id='line_1_82' title="bbox 363 5276 2004 5352; baseline 0.004 -23"><span class='ocrx_word' id='word_1_609' title='bbox 363 5276 434 5331; x_wconf 87' lang='lat' dir='ltr'><strong>tis</strong></span> <span class='ocrx_word' id='word_1_610' title='bbox 462 5278 659 5332; x_wconf 90' lang='lat' dir='ltr'><strong>oculus</strong></span> <span class='ocrx_word' id='word_1_611' title='bbox 687 5293 836 5330; x_wconf 90' lang='lat' dir='ltr'><strong>unus</strong></span> <span class='ocrx_word' id='word_1_612' title='bbox 862 5283 1088 5349; x_wconf 90' lang='lat' dir='ltr'><strong>apertus</strong></span> <span class='ocrx_word' id='word_1_613' title='bbox 1116 5283 1233 5349; x_wconf 81' lang='lat' dir='ltr'><strong>est;</strong></span> <span class='ocrx_word' id='word_1_614' title='bbox 1274 5281 1476 5336; x_wconf 91' lang='lat' dir='ltr'><strong>deinde</strong></span> <span class='ocrx_word' id='word_1_615' title='bbox 1515 5282 1690 5336; x_wconf 89' lang='lat' dir='ltr'><strong>altero</strong></span> <span class='ocrx_word' id='word_1_616' title='bbox 1730 5284 2004 5352; x_wconf 88' lang='lat' dir='ltr'><strong>peruncto</strong></span> 
     </span>
    </p>
   </div>
   <div class='ocr_carea' id='block_1_83' title="bbox 362 5369 2000 5443">
    <p class='ocr_par' dir='ltr' id='par_1_83' title="bbox 362 5369 2000 5443">
     <span class='ocr_line' id='line_1_83' title="bbox 362 5369 2000 5443; baseline 0.001 -17"><span class='ocrx_word' id='word_1_617' title='bbox 362 5369 574 5426; x_wconf 85' lang='lat' dir='ltr'><strong>mulier</strong></span> <span class='ocrx_word' id='word_1_618' title='bbox 599 5371 832 5425; x_wconf 89' lang='lat' dir='ltr'><strong>domum</strong></span> <span class='ocrx_word' id='word_1_619' title='bbox 862 5372 1186 5428; x_wconf 89' lang='lat' dir='ltr'><strong>revertitur.</strong></span> <span class='ocrx_word' id='word_1_620' title='bbox 1219 5374 1428 5429; x_wconf 89' lang='lat' dir='ltr'><strong>Dehinc</strong></span> <span class='ocrx_word' id='word_1_621' title='bbox 1454 5374 1649 5429; x_wconf 87' lang='lat' dir='ltr'><strong>eadem</strong></span> <span class='ocrx_word' id='word_1_622' title='bbox 1676 5373 1780 5428; x_wconf 90' lang='lat' dir='ltr'><strong>sub</strong></span> <span class='ocrx_word' id='word_1_623' title='bbox 1817 5377 2000 5443; x_wconf 88' lang='lat' dir='ltr'><strong>nocte,</strong></span> 
     </span>
    </p>
   </div>
   <div class='ocr_carea' id='block_1_84' title="bbox 364 5463 2006 5540">
    <p class='ocr_par' dir='ltr' id='par_1_84' title="bbox 364 5463 2006 5540">
     <span class='ocr_line' id='line_1_84' title="bbox 364 5463 2006 5540; baseline 0.001 -22"><span class='ocrx_word' id='word_1_624' title='bbox 364 5463 612 5518; x_wconf 90' lang='lat' dir='ltr'><strong>nimium</strong></span> <span class='ocrx_word' id='word_1_625' title='bbox 629 5463 754 5517; x_wconf 87' lang='lat' dir='ltr'><strong>fuso</strong></span> <span class='ocrx_word' id='word_1_626' title='bbox 770 5466 1070 5536; x_wconf 88' lang='lat' dir='ltr'><strong>sanguine,</strong></span> <span class='ocrx_word' id='word_1_627' title='bbox 1090 5468 1579 5540; x_wconf 85' lang='lat' dir='ltr'><strong>appropinquante</strong></span> <span class='ocrx_word' id='word_1_628' title='bbox 1597 5466 1706 5535; x_wconf 92' lang='lat' dir='ltr'><strong>die,</strong></span> <span class='ocrx_word' id='word_1_629' title='bbox 1723 5466 2006 5521; x_wconf 89' lang='lat' dir='ltr'><strong>Sacerdoti</strong></span> 
     </span>
    </p>
   </div>
   <div class='ocr_carea' id='block_1_85' title="bbox 364 5555 2004 5631">
    <p class='ocr_par' dir='ltr' id='par_1_85' title="bbox 364 5555 2004 5631">
     <span class='ocr_line' id='line_1_85' title="bbox 364 5555 2004 5631; baseline 0.004 -23"><span class='ocrx_word' id='word_1_630' title='bbox 364 5571 422 5609; x_wconf 87' lang='lat' dir='ltr'><strong>se</strong></span> <span class='ocrx_word' id='word_1_631' title='bbox 441 5555 664 5610; x_wconf 90' lang='lat' dir='ltr'><strong>obtulit.</strong></span> <span class='ocrx_word' id='word_1_632' title='bbox 685 5557 788 5620; x_wconf 88' lang='lat' dir='ltr'><strong>Qui</strong></span> <span class='ocrx_word' id='word_1_633' title='bbox 810 5574 939 5612; x_wconf 90' lang='lat' dir='ltr'><strong>cum</strong></span> <span class='ocrx_word' id='word_1_634' title='bbox 969 5559 1036 5613; x_wconf 91' lang='lat' dir='ltr'><strong>de</strong></span> <span class='ocrx_word' id='word_1_635' title='bbox 1067 5560 1216 5631; x_wconf 84' lang='lat' dir='ltr'><strong>regis</strong></span> <span class='ocrx_word' id='word_1_636' title='bbox 1242 5576 1474 5616; x_wconf 89' lang='lat' dir='ltr'><strong>occursu</strong></span> <span class='ocrx_word' id='word_1_637' title='bbox 1492 5558 1724 5612; x_wconf 89' lang='lat' dir='ltr'><strong>domum</strong></span> <span class='ocrx_word' id='word_1_638' title='bbox 1754 5563 2004 5615; x_wconf 88' lang='lat' dir='ltr'><strong>reverte-</strong></span> 
     </span>
    </p>
   </div>
   <div class='ocr_carea' id='block_1_86' title="bbox 438 5693 2007 5768">
    <p class='ocr_par' dir='ltr' id='par_1_86' title="bbox 438 5693 2007 5768">
     <span class='ocr_line' id='line_1_86' title="bbox 438 5693 2007 5768; baseline 0.006 -22"><span class='ocrx_word' id='word_1_639' title='bbox 438 5693 511 5762; x_wconf 87' lang='lat' dir='ltr'><strong>(a)</strong></span> <span class='ocrx_word' id='word_1_640' title='bbox 541 5695 629 5768; x_wconf 75' lang='lat' dir='ltr'><strong>An</strong></span> <span class='ocrx_word' id='word_1_641' title='bbox 656 5698 904 5752; x_wconf 88' lang='lat' dir='ltr'><strong>castrum</strong></span> <span class='ocrx_word' id='word_1_642' title='bbox 946 5698 1208 5753; x_wconf 82' lang='lat' dir='ltr'><strong>Medunta</strong></span> <span class='ocrx_word' id='word_1_643' title='bbox 1252 5698 1373 5754; x_wconf 86' lang='lat' dir='ltr'><strong>aliis</strong></span> <span class='ocrx_word' id='word_1_644' title='bbox 1418 5697 1805 5768; x_wconf 74' lang='lat' dir='ltr'><strong>appellatum?</strong></span> <span class='ocrx_word' id='word_1_645' title='bbox 1847 5699 2007 5754; x_wconf 83' lang='lat' dir='ltr'><strong>Certe</strong></span> 
     </span>
    </p>
   </div>
   <div class='ocr_carea' id='block_1_87' title="bbox 367 5762 2003 5889">
    <p class='ocr_par' dir='ltr' id='par_1_87' title="bbox 367 5762 2003 5889">
     <span class='ocr_line' id='line_1_87' title="bbox 367 5762 2003 5889; baseline 0.005 -73"><span class='ocrx_word' id='word_1_646' title='bbox 367 5762 734 5889; x_wconf 52' lang='lat' dir='ltr'><strong>vernacpgum</strong></span> <span class='ocrx_word' id='word_1_647' title='bbox 764 5783 973 5823; x_wconf 87' lang='lat' dir='ltr'><strong>nomen</strong></span> <span class='ocrx_word' id='word_1_648' title='bbox 996 5771 1227 5836; x_wconf 78' lang='lat' dir='ltr'><strong>Mantes,</strong></span> <span class='ocrx_word' id='word_1_649' title='bbox 1252 5768 1384 5823; x_wconf 88' lang='lat' dir='ltr'><strong>satis</strong></span> <span class='ocrx_word' id='word_1_650' title='bbox 1403 5762 1633 5824; x_wconf 59' lang='lat' dir='ltr'><strong>accadit.</strong></span> <span class='ocrx_word' id='word_1_651' title='bbox 1655 5768 1791 5824; x_wconf 90' lang='lat' dir='ltr'><strong>Vide</strong></span> <span class='ocrx_word' id='word_1_652' title='bbox 1813 5785 2003 5842; x_wconf 90' lang='lat' dir='ltr'><strong>supra,</strong></span> 
     </span>
     <span class='ocr_line' id='line_1_88' title="bbox 373 5850 658 5889; baseline 0.004 -1"><span class='ocrx_word' id='word_1_653' title='bbox 373 5850 536 5888; x_wconf 89' lang='lat' dir='ltr'><strong>num.</strong></span> <span class='ocrx_word' id='word_1_654' title='bbox 645 5874 658 5889; x_wconf 93' lang='lat'><strong>.</strong></span> 
     </span>
    </p>
   </div>
   <div class='ocr_carea' id='block_1_88' title="bbox 373 5850 658 5889">
    <p class='ocr_par' dir='ltr' id='par_1_88' title="bbox 373 5850 658 5889">
     <span class='ocr_line' id='line_1_89' title="bbox 373 5850 658 5889; baseline 0.004 -1"><span class='ocrx_word' id='word_1_655' title='bbox 373 5850 536 5888; x_wconf 91' lang='lat' dir='ltr'><strong>num.</strong></span> <span class='ocrx_word' id='word_1_656' title='bbox 573 5850 658 5889; x_wconf 70' lang='grc'><strong>15.</strong></span> 
     </span>
    </p>
   </div>
   <div class='ocr_carea' id='block_1_89' title="bbox 2173 3319 3736 3391">
    <p class='ocr_par' dir='ltr' id='par_1_89' title="bbox 2173 3319 3736 3391">
     <span class='ocr_line' id='line_1_90' title="bbox 2173 3319 3736 3391; baseline -0.001 -15"><span class='ocrx_word' id='word_1_657' title='bbox 2173 3323 2397 3376; x_wconf 85' lang='lat' dir='ltr'><strong>XXVIII.</strong></span> <span class='ocrx_word' id='word_1_658' title='bbox 2445 3321 2654 3376; x_wconf 91' lang='lat' dir='ltr'><strong>Deinde</strong></span> <span class='ocrx_word' id='word_1_659' title='bbox 2692 3319 3019 3390; x_wconf 88' lang='lat' dir='ltr'><strong>egrediente</strong></span> <span class='ocrx_word' id='word_1_660' title='bbox 3057 3319 3128 3374; x_wconf 87' lang='lat' dir='ltr'><strong>de</strong></span> <span class='ocrx_word' id='word_1_661' title='bbox 3173 3319 3443 3391; x_wconf 86' lang='lat' dir='ltr'><strong>praedicta</strong></span> <span class='ocrx_word' id='word_1_662' title='bbox 3490 3319 3736 3390; x_wconf 86' lang='lat' dir='ltr'><strong>basilica,</strong></span> 
     </span>
    </p>
   </div>
   <div class='ocr_carea' id='block_1_90' title="bbox 2104 3411 3742 3483">
    <p class='ocr_par' dir='ltr' id='par_1_90' title="bbox 2104 3411 3742 3483">
     <span class='ocr_line' id='line_1_91' title="bbox 2104 3411 3742 3483; baseline -0.001 -13"><span class='ocrx_word' id='word_1_663' title='bbox 2104 3432 2235 3470; x_wconf 88' lang='lat' dir='ltr'><strong>cum</strong></span> <span class='ocrx_word' id='word_1_664' title='bbox 2275 3431 2332 3470; x_wconf 90' lang='lat' dir='ltr'><strong>se</strong></span> <span class='ocrx_word' id='word_1_665' title='bbox 2375 3414 2443 3468; x_wconf 90' lang='lat' dir='ltr'><strong>ad</strong></span> <span class='ocrx_word' id='word_1_666' title='bbox 2481 3413 2834 3467; x_wconf 89' lang='lat' dir='ltr'><strong>mansionem</strong></span> <span class='ocrx_word' id='word_1_667' title='bbox 2874 3429 3067 3467; x_wconf 88' lang='lat' dir='ltr'><strong>servus</strong></span> <span class='ocrx_word' id='word_1_668' title='bbox 3106 3412 3203 3466; x_wconf 90' lang='lat' dir='ltr'><strong>Dei</strong></span> <span class='ocrx_word' id='word_1_669' title='bbox 3239 3411 3536 3483; x_wconf 89' lang='lat' dir='ltr'><strong>reciperet,</strong></span> <span class='ocrx_word' id='word_1_670' title='bbox 3576 3412 3742 3468; x_wconf 77' lang='lat' dir='ltr'><strong>offert</strong></span> 
     </span>
    </p>
   </div>
   <div class='ocr_carea' id='block_1_91' title="bbox 2105 3504 3746 3578">
    <p class='ocr_par' dir='ltr' id='par_1_91' title="bbox 2105 3504 3746 3578">
     <span class='ocr_line' id='line_1_92' title="bbox 2105 3504 3746 3578; baseline -0.001 -17"><span class='ocrx_word' id='word_1_671' title='bbox 2105 3524 2163 3561; x_wconf 91' lang='lat' dir='ltr'><strong>se</strong></span> <span class='ocrx_word' id='word_1_672' title='bbox 2181 3524 2382 3562; x_wconf 88' lang='lat' dir='ltr'><strong>manca</strong></span> <span class='ocrx_word' id='word_1_673' title='bbox 2407 3507 2583 3562; x_wconf 89' lang='lat' dir='ltr'><strong>altera</strong></span> <span class='ocrx_word' id='word_1_674' title='bbox 2605 3507 2794 3578; x_wconf 88' lang='lat' dir='ltr'><strong>palma</strong></span> <span class='ocrx_word' id='word_1_675' title='bbox 2819 3505 3010 3577; x_wconf 89' lang='lat' dir='ltr'><strong>digitis</strong></span> <span class='ocrx_word' id='word_1_676' title='bbox 3035 3504 3222 3575; x_wconf 81' lang='lat' dir='ltr'><strong>afﬁxa,</strong></span> <span class='ocrx_word' id='word_1_677' title='bbox 3255 3521 3382 3577; x_wconf 78' lang='lat' dir='ltr'><strong>quae</strong></span> <span class='ocrx_word' id='word_1_678' title='bbox 3410 3505 3569 3575; x_wconf 89' lang='lat' dir='ltr'><strong>prius</strong></span> <span class='ocrx_word' id='word_1_679' title='bbox 3599 3510 3746 3560; x_wconf 87' lang='lat' dir='ltr'><strong>tacta</strong></span> 
     </span>
    </p>
   </div>
   <div class='ocr_carea' id='block_1_92' title="bbox 2104 3597 3746 3670">
    <p class='ocr_par' dir='ltr' id='par_1_92' title="bbox 2104 3597 3746 3670">
     <span class='ocr_line' id='line_1_93' title="bbox 2104 3597 3746 3670; baseline -0.001 -14"><span class='ocrx_word' id='word_1_680' title='bbox 2104 3602 2174 3656; x_wconf 91' lang='lat' dir='ltr'><strong>de</strong></span> <span class='ocrx_word' id='word_1_681' title='bbox 2217 3601 2405 3668; x_wconf 88' lang='lat' dir='ltr'><strong>saliva,</strong></span> <span class='ocrx_word' id='word_1_682' title='bbox 2457 3599 2662 3654; x_wconf 90' lang='lat' dir='ltr'><strong>dehinc</strong></span> <span class='ocrx_word' id='word_1_683' title='bbox 2716 3599 2839 3653; x_wconf 92' lang='lat' dir='ltr'><strong>oleo</strong></span> <span class='ocrx_word' id='word_1_684' title='bbox 2878 3603 3174 3669; x_wconf 88' lang='lat' dir='ltr'><strong>peruncta,</strong></span> <span class='ocrx_word' id='word_1_685' title='bbox 3224 3597 3479 3670; x_wconf 76' lang='lat' dir='ltr'><strong>pristinae</strong></span> <span class='ocrx_word' id='word_1_686' title='bbox 3521 3598 3746 3654; x_wconf 87' lang='lat' dir='ltr'><strong>sanitati</strong></span> 
     </span>
    </p>
   </div>
   <div class='ocr_carea' id='block_1_93' title="bbox 2104 3690 3732 3766">
    <p class='ocr_par' dir='ltr' id='par_1_93' title="bbox 2104 3690 3732 3766">
     <span class='ocr_line' id='line_1_94' title="bbox 2104 3690 3732 3766; baseline -0.002 -16"><span class='ocrx_word' id='word_1_687' title='bbox 2104 3696 2172 3750; x_wconf 90' lang='lat' dir='ltr'><strong>de</strong></span> <span class='ocrx_word' id='word_1_688' title='bbox 2202 3693 2468 3766; x_wconf 65' lang='lat' dir='ltr'><strong>praesenti</strong></span> <span class='ocrx_word' id='word_1_689' title='bbox 2493 3697 2576 3746; x_wconf 87' lang='lat' dir='ltr'><strong>est</strong></span> <span class='ocrx_word' id='word_1_690' title='bbox 2600 3691 2837 3746; x_wconf 85' lang='lat' dir='ltr'><strong>reddita.</strong></span> <span class='ocrx_word' id='word_1_691' title='bbox 2870 3692 3012 3746; x_wconf 83' lang='lat' dir='ltr'><strong>Nam</strong></span> <span class='ocrx_word' id='word_1_692' title='bbox 3041 3707 3234 3746; x_wconf 89' lang='lat' dir='ltr'><strong>causas</strong></span> <span class='ocrx_word' id='word_1_693' title='bbox 3260 3690 3604 3746; x_wconf 84' lang='lat' dir='ltr'><strong>infirmitatis</strong></span> <span class='ocrx_word' id='word_1_694' title='bbox 3625 3691 3732 3746; x_wconf 92' lang='lat' dir='ltr'><strong>hoc</strong></span> 
     </span>
    </p>
   </div>
   <div class='ocr_carea' id='block_1_94' title="bbox 2104 3785 3287 3856">
    <p class='ocr_par' dir='ltr' id='par_1_94' title="bbox 2104 3785 3287 3856">
     <span class='ocr_line' id='line_1_95' title="bbox 2104 3785 3287 3856; baseline -0.003 -14"><span class='ocrx_word' id='word_1_695' title='bbox 2104 3791 2225 3842; x_wconf 90' lang='lat' dir='ltr'><strong>erat</strong></span> <span class='ocrx_word' id='word_1_696' title='bbox 2249 3791 2439 3841; x_wconf 89' lang='lat' dir='ltr'><strong>sancto</strong></span> <span class='ocrx_word' id='word_1_697' title='bbox 2470 3785 2598 3840; x_wconf 86' lang='lat' dir='ltr'><strong>Viro</strong></span> <span class='ocrx_word' id='word_1_698' title='bbox 2623 3801 2824 3839; x_wconf 89' lang='lat' dir='ltr'><strong>curare</strong></span> <span class='ocrx_word' id='word_1_699' title='bbox 2849 3785 3002 3856; x_wconf 92' lang='lat' dir='ltr'><strong>quod</strong></span> <span class='ocrx_word' id='word_1_700' title='bbox 3030 3789 3287 3856; x_wconf 88' lang='lat' dir='ltr'><strong>tangere.</strong></span> 
     </span>
    </p>
   </div>
   <div class='ocr_carea' id='block_1_95' title="bbox 2175 3877 3746 3950">
    <p class='ocr_par' dir='ltr' id='par_1_95' title="bbox 2175 3877 3746 3950">
     <span class='ocr_line' id='line_1_96' title="bbox 2175 3877 3746 3950; baseline -0.001 -15"><span class='ocrx_word' id='word_1_701' title='bbox 2175 3881 2340 3935; x_wconf 86' lang='lat' dir='ltr'><strong>XXIX.</strong></span> <span class='ocrx_word' id='word_1_702' title='bbox 2390 3880 2521 3934; x_wconf 86' lang='lat' dir='ltr'><strong>Erat</strong></span> <span class='ocrx_word' id='word_1_703' title='bbox 2573 3895 2705 3932; x_wconf 90' lang='lat' dir='ltr'><strong>sane</strong></span> <span class='ocrx_word' id='word_1_704' title='bbox 2749 3877 3030 3947; x_wconf 91' lang='lat' dir='ltr'><strong>mirabile,</strong></span> <span class='ocrx_word' id='word_1_705' title='bbox 3089 3879 3309 3950; x_wconf 89' lang='lat' dir='ltr'><strong>quoties</strong></span> <span class='ocrx_word' id='word_1_706' title='bbox 3356 3879 3600 3934; x_wconf 88' lang='lat' dir='ltr'><strong>famulus</strong></span> <span class='ocrx_word' id='word_1_707' title='bbox 3651 3879 3746 3934; x_wconf 88' lang='lat' dir='ltr'><strong>Dei</strong></span> 
     </span>
    </p>
   </div>
   <div class='ocr_carea' id='block_1_96' title="bbox 2104 3971 3737 4045">
    <p class='ocr_par' dir='ltr' id='par_1_96' title="bbox 2104 3971 3737 4045">
     <span class='ocr_line' id='line_1_97' title="bbox 2104 3971 3737 4045; baseline 0 -17"><span class='ocrx_word' id='word_1_708' title='bbox 2104 3975 2175 4029; x_wconf 87' lang='lat' dir='ltr'><strong>ad</strong></span> <span class='ocrx_word' id='word_1_709' title='bbox 2200 3972 2678 4045; x_wconf 84' lang='lat' dir='ltr'><strong>Augustodunum</strong></span> <span class='ocrx_word' id='word_1_710' title='bbox 2707 3971 2970 4026; x_wconf 85' lang='lat' dir='ltr'><strong>voluisset</strong></span> <span class='ocrx_word' id='word_1_711' title='bbox 2997 3972 3282 4041; x_wconf 88' lang='lat' dir='ltr'><strong>accedere,</strong></span> <span class='ocrx_word' id='word_1_712' title='bbox 3310 3989 3442 4026; x_wconf 89' lang='lat' dir='ltr'><strong>mox</strong></span> <span class='ocrx_word' id='word_1_713' title='bbox 3485 3973 3556 4028; x_wconf 93' lang='lat' dir='ltr'><strong>ad</strong></span> <span class='ocrx_word' id='word_1_714' title='bbox 3598 3973 3737 4028; x_wconf 90' lang='lat' dir='ltr'><strong>San-</strong></span> 
     </span>
    </p>
   </div>
   <div class='ocr_carea' id='block_1_97' title="bbox 2103 4065 3746 4138">
    <p class='ocr_par' dir='ltr' id='par_1_97' title="bbox 2103 4065 3746 4138">
     <span class='ocr_line' id='line_1_98' title="bbox 2103 4065 3746 4138; baseline -0.002 -15"><span class='ocrx_word' id='word_1_715' title='bbox 2103 4072 2257 4123; x_wconf 88' lang='lat' dir='ltr'><strong>ctum</strong></span> <span class='ocrx_word' id='word_1_716' title='bbox 2272 4066 2750 4138; x_wconf 84' lang='lat' dir='ltr'><strong>Symphorianum</strong></span> <span class='ocrx_word' id='word_1_717' title='bbox 2767 4066 3053 4120; x_wconf 67' lang='lat' dir='ltr'><strong>dmmones</strong></span> <span class='ocrx_word' id='word_1_718' title='bbox 3071 4065 3429 4121; x_wconf 85' lang='lat' dir='ltr'><strong>nuntiabant.</strong></span> <span class='ocrx_word' id='word_1_719' title='bbox 3451 4067 3517 4121; x_wconf 86' lang='lat' dir='ltr'><strong>Et</strong></span> <span class='ocrx_word' id='word_1_720' title='bbox 3544 4082 3746 4120; x_wconf 89' lang='lat' dir='ltr'><strong>occur-</strong></span> 
     </span>
    </p>
   </div>
   <div class='ocr_carea' id='block_1_98' title="bbox 2103 4157 3747 4232">
    <p class='ocr_par' dir='ltr' id='par_1_98' title="bbox 2103 4157 3747 4232">
     <span class='ocr_line' id='line_1_99' title="bbox 2103 4157 3747 4232; baseline -0.001 -16"><span class='ocrx_word' id='word_1_721' title='bbox 2103 4165 2291 4216; x_wconf 90' lang='lat' dir='ltr'><strong>rentes</strong></span> <span class='ocrx_word' id='word_1_722' title='bbox 2333 4176 2438 4232; x_wconf 86' lang='lat' dir='ltr'><strong>per</strong></span> <span class='ocrx_word' id='word_1_723' title='bbox 2479 4159 2797 4213; x_wconf 85' lang='lat' dir='ltr'><strong>Murvinum</strong></span> <span class='ocrx_word' id='word_1_724' title='bbox 2841 4157 3023 4228; x_wconf 86' lang='lat' dir='ltr'><strong>(Num.</strong></span> <span class='ocrx_word' id='word_1_725' title='bbox 3070 4161 3179 4229; x_wconf 81' lang='lat'><strong>32),</strong></span> <span class='ocrx_word' id='word_1_726' title='bbox 3226 4158 3361 4213; x_wconf 88' lang='lat' dir='ltr'><strong>ﬂetu</strong></span> <span class='ocrx_word' id='word_1_727' title='bbox 3415 4159 3747 4231; x_wconf 87' lang='lat' dir='ltr'><strong>gemituque</strong></span> 
     </span>
    </p>
   </div>
   <div class='ocr_carea' id='block_1_99' title="bbox 2105 4251 3739 4320">
    <p class='ocr_par' dir='ltr' id='par_1_99' title="bbox 2105 4251 3739 4320">
     <span class='ocr_line' id='line_1_100' title="bbox 2105 4251 3739 4320; baseline 0 -14"><span class='ocrx_word' id='word_1_728' title='bbox 2105 4253 2422 4308; x_wconf 87' lang='lat' dir='ltr'><strong>clamabant</strong></span> <span class='ocrx_word' id='word_1_729' title='bbox 2449 4271 2462 4306; x_wconf 90' lang='lat'><strong>:</strong></span> <span class='ocrx_word' id='word_1_730' title='bbox 2495 4252 2593 4306; x_wconf 88' lang='lat' dir='ltr'><strong>Vir</strong></span> <span class='ocrx_word' id='word_1_731' title='bbox 2620 4255 2830 4320; x_wconf 87' lang='lat' dir='ltr'><strong>sancte,</strong></span> <span class='ocrx_word' id='word_1_732' title='bbox 2861 4251 2908 4307; x_wconf 90' lang='lat' dir='ltr'><strong>si</strong></span> <span class='ocrx_word' id='word_1_733' title='bbox 2948 4251 3019 4307; x_wconf 92' lang='lat' dir='ltr'><strong>de</strong></span> <span class='ocrx_word' id='word_1_734' title='bbox 3056 4251 3191 4306; x_wconf 89' lang='lat' dir='ltr'><strong>locis</strong></span> <span class='ocrx_word' id='word_1_735' title='bbox 3219 4251 3382 4307; x_wconf 90' lang='lat' dir='ltr'><strong>cultis</strong></span> <span class='ocrx_word' id='word_1_736' title='bbox 3407 4268 3510 4306; x_wconf 88' lang='lat' dir='ltr'><strong>nos</strong></span> <span class='ocrx_word' id='word_1_737' title='bbox 3538 4252 3739 4306; x_wconf 87' lang='lat' dir='ltr'><strong>incon-</strong></span> 
     </span>
    </p>
   </div>
   <div class='ocr_carea' id='block_1_100' title="bbox 2105 4343 3746 4417">
    <p class='ocr_par' dir='ltr' id='par_1_100' title="bbox 2105 4343 3746 4417">
     <span class='ocr_line' id='line_1_101' title="bbox 2105 4343 3746 4417; baseline 0 -17"><span class='ocrx_word' id='word_1_738' title='bbox 2105 4346 2419 4402; x_wconf 87' lang='lat' dir='ltr'><strong>sideranter</strong></span> <span class='ocrx_word' id='word_1_739' title='bbox 2458 4345 2688 4417; x_wconf 90' lang='lat' dir='ltr'><strong>repellis</strong></span> <span class='ocrx_word' id='word_1_740' title='bbox 2729 4345 2816 4399; x_wconf 93' lang='lat' dir='ltr'><strong>vel</strong></span> <span class='ocrx_word' id='word_1_741' title='bbox 2850 4343 3125 4415; x_wconf 80' lang='lat' dir='ltr'><strong>habitare,</strong></span> <span class='ocrx_word' id='word_1_742' title='bbox 3179 4345 3421 4400; x_wconf 89' lang='lat' dir='ltr'><strong>concede</strong></span> <span class='ocrx_word' id='word_1_743' title='bbox 3476 4344 3746 4400; x_wconf 88' lang='lat' dir='ltr'><strong>silvarum</strong></span> 
     </span>
    </p>
   </div>
   <div class='ocr_carea' id='block_1_101' title="bbox 2105 4437 3744 4512">
    <p class='ocr_par' dir='ltr' id='par_1_101' title="bbox 2105 4437 3744 4512">
     <span class='ocr_line' id='line_1_102' title="bbox 2105 4437 3744 4512; baseline -0.001 -17"><span class='ocrx_word' id='word_1_744' title='bbox 2105 4457 2207 4512; x_wconf 87' lang='lat' dir='ltr'><strong>per</strong></span> <span class='ocrx_word' id='word_1_745' title='bbox 2225 4438 2606 4508; x_wconf 88' lang='lat' dir='ltr'><strong>solitudinem,</strong></span> <span class='ocrx_word' id='word_1_746' title='bbox 2627 4442 2694 4493; x_wconf 92' lang='lat' dir='ltr'><strong>ut</strong></span> <span class='ocrx_word' id='word_1_747' title='bbox 2709 4438 2874 4493; x_wconf 89' lang='lat' dir='ltr'><strong>liceat</strong></span> <span class='ocrx_word' id='word_1_748' title='bbox 2898 4437 3119 4492; x_wconf 88' lang='lat' dir='ltr'><strong>miseris</strong></span> <span class='ocrx_word' id='word_1_749' title='bbox 3151 4454 3254 4510; x_wconf 91' lang='lat' dir='ltr'><strong>per</strong></span> <span class='ocrx_word' id='word_1_750' title='bbox 3279 4437 3499 4494; x_wconf 83' lang='lat' dir='ltr'><strong>deserta</strong></span> <span class='ocrx_word' id='word_1_751' title='bbox 3517 4453 3744 4493; x_wconf 90' lang='lat' dir='ltr'><strong>securos</strong></span> 
     </span>
    </p>
   </div>
   <div class='ocr_carea' id='block_1_102' title="bbox 2105 4531 3743 4602">
    <p class='ocr_par' dir='ltr' id='par_1_102' title="bbox 2105 4531 3743 4602">
     <span class='ocr_line' id='line_1_103' title="bbox 2105 4531 3743 4602; baseline -0.002 -13"><span class='ocrx_word' id='word_1_752' title='bbox 2105 4549 2314 4590; x_wconf 91' lang='lat' dir='ltr'><strong>errare.</strong></span> <span class='ocrx_word' id='word_1_753' title='bbox 2359 4535 2504 4587; x_wconf 83' lang='lat' dir='ltr'><strong>Ante</strong></span> <span class='ocrx_word' id='word_1_754' title='bbox 2550 4536 2677 4586; x_wconf 88' lang='lat' dir='ltr'><strong>tuos</strong></span> <span class='ocrx_word' id='word_1_755' title='bbox 2715 4531 2904 4586; x_wconf 90' lang='lat' dir='ltr'><strong>oculos</strong></span> <span class='ocrx_word' id='word_1_756' title='bbox 2943 4547 3049 4586; x_wconf 90' lang='lat' dir='ltr'><strong>nec</strong></span> <span class='ocrx_word' id='word_1_757' title='bbox 3102 4548 3340 4602; x_wconf 87' lang='lat' dir='ltr'><strong>corpora</strong></span> <span class='ocrx_word' id='word_1_758' title='bbox 3391 4548 3496 4586; x_wconf 90' lang='lat' dir='ltr'><strong>nos</strong></span> <span class='ocrx_word' id='word_1_759' title='bbox 3540 4532 3743 4601; x_wconf 89' lang='lat' dir='ltr'><strong>celant,</strong></span> 
     </span>
    </p>
   </div>
   <div class='ocr_carea' id='block_1_103' title="bbox 2103 4624 3745 4689">
    <p class='ocr_par' dir='ltr' id='par_1_103' title="bbox 2103 4624 3745 4689">
     <span class='ocr_line' id='line_1_104' title="bbox 2103 4624 3745 4689; baseline -0.001 -7"><span class='ocrx_word' id='word_1_760' title='bbox 2103 4643 2205 4682; x_wconf 91' lang='lat' dir='ltr'><strong>nec</strong></span> <span class='ocrx_word' id='word_1_761' title='bbox 2231 4642 2484 4682; x_wconf 89' lang='lat' dir='ltr'><strong>nemora.</strong></span> <span class='ocrx_word' id='word_1_762' title='bbox 2517 4625 2623 4689; x_wconf 92' lang='lat' dir='ltr'><strong>Qui</strong></span> <span class='ocrx_word' id='word_1_763' title='bbox 2665 4625 2936 4680; x_wconf 88' lang='lat' dir='ltr'><strong>deﬂentes</strong></span> <span class='ocrx_word' id='word_1_764' title='bbox 2975 4629 3031 4679; x_wconf 92' lang='lat' dir='ltr'><strong>et</strong></span> <span class='ocrx_word' id='word_1_765' title='bbox 3067 4624 3256 4680; x_wconf 91' lang='lat' dir='ltr'><strong>Sancti</strong></span> <span class='ocrx_word' id='word_1_766' title='bbox 3291 4641 3407 4679; x_wconf 91' lang='lat' dir='ltr'><strong>non</strong></span> <span class='ocrx_word' id='word_1_767' title='bbox 3443 4624 3745 4680; x_wconf 88' lang='lat' dir='ltr'><strong>tolerantes</strong></span> 
     </span>
    </p>
   </div>
   <div class='ocr_carea' id='block_1_104' title="bbox 2102 4717 3740 4794">
    <p class='ocr_par' dir='ltr' id='par_1_104' title="bbox 2102 4717 3740 4794">
     <span class='ocr_line' id='line_1_105' title="bbox 2102 4717 3740 4794; baseline -0.002 -19"><span class='ocrx_word' id='word_1_768' title='bbox 2102 4719 2485 4794; x_wconf 76' lang='lat' dir='ltr'><strong>praesentiam,</strong></span> <span class='ocrx_word' id='word_1_769' title='bbox 2519 4719 2746 4773; x_wconf 87' lang='lat' dir='ltr'><strong>admota</strong></span> <span class='ocrx_word' id='word_1_770' title='bbox 2767 4718 2890 4790; x_wconf 87' lang='lat' dir='ltr'><strong>ejus</strong></span> <span class='ocrx_word' id='word_1_771' title='bbox 2916 4717 3148 4773; x_wconf 86' lang='lat' dir='ltr'><strong>dextera</strong></span> <span class='ocrx_word' id='word_1_772' title='bbox 3174 4718 3244 4773; x_wconf 93' lang='lat' dir='ltr'><strong>de</strong></span> <span class='ocrx_word' id='word_1_773' title='bbox 3272 4718 3512 4773; x_wconf 90' lang='lat' dir='ltr'><strong>obsessis</strong></span> <span class='ocrx_word' id='word_1_774' title='bbox 3540 4735 3740 4790; x_wconf 89' lang='lat' dir='ltr'><strong>corpo-</strong></span> 
     </span>
    </p>
   </div>
   <div class='ocr_carea' id='block_1_105' title="bbox 2104 4810 3742 4884">
    <p class='ocr_par' dir='ltr' id='par_1_105' title="bbox 2104 4810 3742 4884">
     <span class='ocr_line' id='line_1_106' title="bbox 2104 4810 3742 4884; baseline -0.002 -16"><span class='ocrx_word' id='word_1_775' title='bbox 2104 4814 2260 4868; x_wconf 88' lang='lat' dir='ltr'><strong>ribus</strong></span> <span class='ocrx_word' id='word_1_776' title='bbox 2290 4812 2502 4884; x_wconf 90' lang='lat' dir='ltr'><strong>passim</strong></span> <span class='ocrx_word' id='word_1_777' title='bbox 2529 4811 2898 4867; x_wconf 87' lang='lat' dir='ltr'><strong>vertebantur</strong></span> <span class='ocrx_word' id='word_1_778' title='bbox 2923 4810 2984 4864; x_wconf 92' lang='lat' dir='ltr'><strong>in</strong></span> <span class='ocrx_word' id='word_1_779' title='bbox 3009 4811 3227 4882; x_wconf 85' lang='lat' dir='ltr'><strong>fugam,</strong></span> <span class='ocrx_word' id='word_1_780' title='bbox 3255 4815 3311 4866; x_wconf 93' lang='lat' dir='ltr'><strong>et</strong></span> <span class='ocrx_word' id='word_1_781' title='bbox 3336 4811 3406 4867; x_wconf 92' lang='lat' dir='ltr'><strong>de</strong></span> <span class='ocrx_word' id='word_1_782' title='bbox 3435 4811 3613 4867; x_wconf 88' lang='lat' dir='ltr'><strong>salute</strong></span> <span class='ocrx_word' id='word_1_783' title='bbox 3638 4827 3742 4883; x_wconf 89' lang='lat' dir='ltr'><strong>po-</strong></span> 
     </span>
    </p>
   </div>
   <div class='ocr_carea' id='block_1_106' title="bbox 2103 4904 3269 4979">
    <p class='ocr_par' dir='ltr' id='par_1_106' title="bbox 2103 4904 3269 4979">
     <span class='ocr_line' id='line_1_107' title="bbox 2103 4904 3269 4979; baseline -0.001 -19"><span class='ocrx_word' id='word_1_784' title='bbox 2103 4906 2220 4979; x_wconf 86' lang='lat' dir='ltr'><strong>puli</strong></span> <span class='ocrx_word' id='word_1_785' title='bbox 2245 4905 2494 4977; x_wconf 87' lang='lat' dir='ltr'><strong>projecta</strong></span> <span class='ocrx_word' id='word_1_786' title='bbox 2521 4905 2804 4960; x_wconf 76' lang='lat' dir='ltr'><strong>daemonia</strong></span> <span class='ocrx_word' id='word_1_787' title='bbox 2830 4904 3269 4959; x_wconf 88' lang='lat' dir='ltr'><strong>lamentabatur.</strong></span> 
     </span>
    </p>
   </div>
   <div class='ocr_carea' id='block_1_107' title="bbox 2174 4996 3746 5054">
    <p class='ocr_par' dir='ltr' id='par_1_107' title="bbox 2174 4996 3746 5054">
     <span class='ocr_line' id='line_1_108' title="bbox 2174 4996 3746 5054; baseline -0.002 0"><span class='ocrx_word' id='word_1_788' title='bbox 2174 5001 2319 5054; x_wconf 85' lang='lat' dir='ltr'><strong>XXX.</strong></span> <span class='ocrx_word' id='word_1_789' title='bbox 2348 4999 2697 5054; x_wconf 89' lang='lat' dir='ltr'><strong>Producatur</strong></span> <span class='ocrx_word' id='word_1_790' title='bbox 2723 4998 2780 5052; x_wconf 92' lang='lat' dir='ltr'><strong>in</strong></span> <span class='ocrx_word' id='word_1_791' title='bbox 2804 4997 3059 5052; x_wconf 89' lang='lat' dir='ltr'><strong>medium</strong></span> <span class='ocrx_word' id='word_1_792' title='bbox 3094 4996 3283 5052; x_wconf 90' lang='lat' dir='ltr'><strong>nobile</strong></span> <span class='ocrx_word' id='word_1_793' title='bbox 3321 4996 3458 5052; x_wconf 88' lang='lat' dir='ltr'><strong>illud</strong></span> <span class='ocrx_word' id='word_1_794' title='bbox 3498 4997 3746 5052; x_wconf 84' lang='lat' dir='ltr'><strong>miracu-</strong></span> 
     </span>
    </p>
   </div>
   <div class='ocr_carea' id='block_1_108' title="bbox 2103 5088 3746 5163">
    <p class='ocr_par' dir='ltr' id='par_1_108' title="bbox 2103 5088 3746 5163">
     <span class='ocr_line' id='line_1_109' title="bbox 2103 5088 3746 5163; baseline -0.001 -16"><span class='ocrx_word' id='word_1_795' title='bbox 2103 5095 2243 5148; x_wconf 91' lang='lat' dir='ltr'><strong>lum.</strong></span> <span class='ocrx_word' id='word_1_796' title='bbox 2277 5092 2415 5147; x_wconf 83' lang='lat' dir='ltr'><strong>Cum</strong></span> <span class='ocrx_word' id='word_1_797' title='bbox 2438 5092 2837 5163; x_wconf 89' lang='lat' dir='ltr'><strong>regrederetur</strong></span> <span class='ocrx_word' id='word_1_798' title='bbox 2863 5088 3119 5161; x_wconf 89' lang='lat' dir='ltr'><strong>pontifex</strong></span> <span class='ocrx_word' id='word_1_799' title='bbox 3150 5089 3219 5144; x_wconf 92' lang='lat' dir='ltr'><strong>de</strong></span> <span class='ocrx_word' id='word_1_800' title='bbox 3245 5094 3438 5147; x_wconf 88' lang='lat' dir='ltr'><strong>sancto</strong></span> <span class='ocrx_word' id='word_1_801' title='bbox 3470 5091 3746 5163; x_wconf 82' lang='lat' dir='ltr'><strong>Sympho-</strong></span> 
     </span>
    </p>
   </div>
   <div class='ocr_carea' id='block_1_109' title="bbox 2103 5181 3748 5256">
    <p class='ocr_par' dir='ltr' id='par_1_109' title="bbox 2103 5181 3748 5256">
     <span class='ocr_line' id='line_1_110' title="bbox 2103 5181 3748 5256; baseline -0.002 -15"><span class='ocrx_word' id='word_1_802' title='bbox 2103 5187 2283 5254; x_wconf 89' lang='lat' dir='ltr'><strong>riano,</strong></span> <span class='ocrx_word' id='word_1_803' title='bbox 2335 5185 2559 5239; x_wconf 88' lang='lat' dir='ltr'><strong>castello</strong></span> <span class='ocrx_word' id='word_1_804' title='bbox 2598 5183 2864 5238; x_wconf 85' lang='lat' dir='ltr'><strong>Avallone</strong></span> <span class='ocrx_word' id='word_1_805' title='bbox 2919 5181 3116 5253; x_wconf 83' lang='lat' dir='ltr'><strong>(Supra</strong></span> <span class='ocrx_word' id='word_1_806' title='bbox 3155 5199 3304 5238; x_wconf 82' lang='lat' dir='ltr'><strong>num.</strong></span> <span class='ocrx_word' id='word_1_807' title='bbox 3343 5185 3388 5256; x_wconf 86' lang='lat' dir='ltr'><strong>I)</strong></span> <span class='ocrx_word' id='word_1_808' title='bbox 3426 5184 3535 5239; x_wconf 88' lang='lat' dir='ltr'><strong>iter</strong></span> <span class='ocrx_word' id='word_1_809' title='bbox 3574 5199 3748 5256; x_wconf 90' lang='lat' dir='ltr'><strong>agens</strong></span> 
     </span>
    </p>
   </div>
   <div class='ocr_carea' id='block_1_110' title="bbox 2104 5274 3745 5352">
    <p class='ocr_par' dir='ltr' id='par_1_110' title="bbox 2104 5274 3745 5352">
     <span class='ocr_line' id='line_1_111' title="bbox 2104 5274 3745 5352; baseline -0.001 -19"><span class='ocrx_word' id='word_1_810' title='bbox 2104 5280 2160 5334; x_wconf 91' lang='lat' dir='ltr'><strong>in</strong></span> <span class='ocrx_word' id='word_1_811' title='bbox 2168 5277 2442 5352; x_wconf 89' lang='lat' dir='ltr'><strong>greditur,</strong></span> <span class='ocrx_word' id='word_1_812' title='bbox 2459 5276 2555 5332; x_wconf 89' lang='lat' dir='ltr'><strong>ubi</strong></span> <span class='ocrx_word' id='word_1_813' title='bbox 2568 5292 2796 5332; x_wconf 91' lang='lat' dir='ltr'><strong>reorum</strong></span> <span class='ocrx_word' id='word_1_814' title='bbox 2812 5274 3116 5330; x_wconf 89' lang='lat' dir='ltr'><strong>multitudo</strong></span> <span class='ocrx_word' id='word_1_815' title='bbox 3129 5276 3431 5332; x_wconf 88' lang='lat' dir='ltr'><strong>tenebatur</strong></span> <span class='ocrx_word' id='word_1_816' title='bbox 3441 5277 3745 5348; x_wconf 88' lang='lat' dir='ltr'><strong>ergastulo.</strong></span> 
     </span>
    </p>
   </div>
   <div class='ocr_carea' id='block_1_111' title="bbox 2105 5368 3749 5442">
    <p class='ocr_par' dir='ltr' id='par_1_111' title="bbox 2105 5368 3749 5442">
     <span class='ocr_line' id='line_1_112' title="bbox 2105 5368 3749 5442; baseline -0.002 -15"><span class='ocrx_word' id='word_1_817' title='bbox 2105 5372 2243 5427; x_wconf 83' lang='lat' dir='ltr'><strong>Hinc</strong></span> <span class='ocrx_word' id='word_1_818' title='bbox 2294 5370 2591 5426; x_wconf 73' lang='lat' dir='ltr'><strong>a’Nicasio</strong></span> <span class='ocrx_word' id='word_1_819' title='bbox 2629 5369 2832 5424; x_wconf 90' lang='lat' dir='ltr'><strong>comite</strong></span> <span class='ocrx_word' id='word_1_820' title='bbox 2876 5368 3144 5424; x_wconf 89' lang='lat' dir='ltr'><strong>invitatus</strong></span> <span class='ocrx_word' id='word_1_821' title='bbox 3183 5371 3254 5424; x_wconf 90' lang='lat' dir='ltr'><strong>ad</strong></span> <span class='ocrx_word' id='word_1_822' title='bbox 3294 5369 3624 5442; x_wconf 83' lang='lat' dir='ltr'><strong>prandium,</strong></span> <span class='ocrx_word' id='word_1_823' title='bbox 3654 5369 3749 5424; x_wconf 89' lang='lat' dir='ltr'><strong>Vir</strong></span> 
     </span>
    </p>
   </div>
   <div class='ocr_carea' id='block_1_112' title="bbox 2105 5447 3746 5536">
    <p class='ocr_par' dir='ltr' id='par_1_112' title="bbox 2105 5447 3746 5536">
     <span class='ocr_line' id='line_1_113' title="bbox 2105 5447 3746 5536; baseline -0.004 -14"><span class='ocrx_word' id='word_1_824' title='bbox 2105 5465 2203 5522; x_wconf 89' lang='lat' dir='ltr'><strong>Dei</strong></span> <span class='ocrx_word' id='word_1_825' title='bbox 2246 5447 2414 5536; x_wconf 63' lang='grc' dir='ltr'><strong>σώρῆ</strong></span> <span class='ocrx_word' id='word_1_826' title='bbox 2453 5462 2522 5518; x_wconf 93' lang='lat' dir='ltr'><strong>de</strong></span> <span class='ocrx_word' id='word_1_827' title='bbox 2562 5461 2950 5517; x_wconf 90' lang='lat' dir='ltr'><strong>misericordia</strong></span> <span class='ocrx_word' id='word_1_828' title='bbox 2990 5462 3202 5518; x_wconf 87' lang='lat' dir='ltr'><strong>habere</strong></span> <span class='ocrx_word' id='word_1_829' title='bbox 3243 5463 3633 5535; x_wconf 88' lang='lat' dir='ltr'><strong>colloquium:</strong></span> <span class='ocrx_word' id='word_1_830' title='bbox 3679 5466 3746 5516; x_wconf 89' lang='lat' dir='ltr'><strong>ut</strong></span> 
     </span>
    </p>
   </div>
   <div class='ocr_carea' id='block_1_113' title="bbox 2108 5555 3745 5628">
    <p class='ocr_par' dir='ltr' id='par_1_113' title="bbox 2108 5555 3745 5628">
     <span class='ocr_line' id='line_1_114' title="bbox 2108 5555 3745 5628; baseline -0.003 -13"><span class='ocrx_word' id='word_1_831' title='bbox 2108 5559 2251 5615; x_wconf 88' lang='lat' dir='ltr'><strong>datis</strong></span> <span class='ocrx_word' id='word_1_832' title='bbox 2275 5555 2696 5628; x_wconf 84' lang='lat' dir='ltr'><strong>ﬁdejussoribus</strong></span> <span class='ocrx_word' id='word_1_833' title='bbox 2724 5555 3054 5612; x_wconf 88' lang='lat' dir='ltr'><strong>laxarentur</strong></span> <span class='ocrx_word' id='word_1_834' title='bbox 3079 5556 3149 5612; x_wconf 91' lang='lat' dir='ltr'><strong>de</strong></span> <span class='ocrx_word' id='word_1_835' title='bbox 3169 5556 3416 5624; x_wconf 90' lang='lat' dir='ltr'><strong>vinculo,</strong></span> <span class='ocrx_word' id='word_1_836' title='bbox 3440 5560 3496 5612; x_wconf 89' lang='lat' dir='ltr'><strong>et</strong></span> <span class='ocrx_word' id='word_1_837' title='bbox 3522 5560 3745 5628; x_wconf 89' lang='lat' dir='ltr'><strong>partem</strong></span> 
     </span>
    </p>
   </div>
   <div class='ocr_carea' id='block_1_114' title="bbox 2181 5692 3749 5767">
    <p class='ocr_par' dir='ltr' id='par_1_114' title="bbox 2181 5692 3749 5767">
     <span class='ocr_line' id='line_1_115' title="bbox 2181 5692 3749 5767; baseline -0.002 -16"><span class='ocrx_word' id='word_1_838' title='bbox 2181 5696 2248 5767; x_wconf 90' lang='lat' dir='ltr'><strong>(b)</strong></span> <span class='ocrx_word' id='word_1_839' title='bbox 2280 5696 2480 5767; x_wconf 87' lang='lat' dir='ltr'><strong>Savara</strong></span> <span class='ocrx_word' id='word_1_840' title='bbox 2523 5694 2764 5767; x_wconf 79' lang='lat' dir='ltr'><strong>(Sévres),</strong></span> <span class='ocrx_word' id='word_1_841' title='bbox 2786 5765 2797 5767; x_wconf 94' lang='lat'>_</span> <span class='ocrx_word' id='word_1_842' title='bbox 2809 5693 3028 5767; x_wconf 83' lang='lat' dir='ltr'><strong>duabus</strong></span> <span class='ocrx_word' id='word_1_843' title='bbox 3072 5693 3246 5767; x_wconf 28' lang='lat' dir='ltr'><strong>le‘ucis</strong></span> <span class='ocrx_word' id='word_1_844' title='bbox 3295 5693 3445 5749; x_wconf 83' lang='lat' dir='ltr'><strong>infra</strong></span> <span class='ocrx_word' id='word_1_845' title='bbox 3490 5692 3749 5750; x_wconf 87' lang='lat' dir='ltr'><strong>Parisios.</strong></span> 
     </span>
    </p>
   </div>
   <div class='ocr_carea' id='block_1_115' title="bbox 2107 5764 3246 5842">
    <p class='ocr_par' dir='ltr' id='par_1_115' title="bbox 2107 5764 3246 5842">
     <span class='ocr_line' id='line_1_116' title="bbox 2107 5764 3246 5842; baseline -0.003 -19"><span class='ocrx_word' id='word_1_846' title='bbox 2107 5764 2287 5842; x_wconf 87' lang='lat' dir='ltr'><strong>prope</strong></span> <span class='ocrx_word' id='word_1_847' title='bbox 2315 5765 2605 5823; x_wconf 83' lang='lat' dir='ltr'><strong>Meudonis</strong></span> <span class='ocrx_word' id='word_1_848' title='bbox 2634 5765 2925 5821; x_wconf 87' lang='lat' dir='ltr'><strong>castellum</strong></span> <span class='ocrx_word' id='word_1_849' title='bbox 2955 5764 3246 5836; x_wconf 78' lang='lat' dir='ltr'><strong>(Meudon).</strong></span> 
     </span>
    </p>
   </div>
  </div>
