4020 6232
208 305 272 365 65
1835 309 2006 365 VITA.

3523 345 3588 398 66

205 418 383 489 culpae
407 416 655 472 cederet
675 415 905 489 pietatis
926 415 1152 472 intuitu.
1175 416 1340 481 Quod
1357 417 1451 472 ille
1473 418 1660 476 facere
1681 419 1852 473 distu-
1873 430 1930 502 Α
1952 418 2186 490 suinthi]
2210 425 2497 491 matrona,
2521 419 2658 480 dum
2690 430 2949 503 tempore
2977 435 3304 500 litaniarum
3329 387 3449 519 prie
3479 387 3586 507 ea:

205 511 268 567 lit
297 510 602 566 obstinato
635 511 857 582 spiritu.
882 511 1042 566 Unde
1070 514 1384 582 antequam
1416 513 1851 582 perpranderet,

206 621 264 658 se
291 604 363 658 de
397 620 616 659 mensa
649 603 892 659 Sanctus
924 603 1224 675 proripuit,
1250 607 1307 657 et
1333 604 1546 658 carceri
1573 605 1856 660 subterra-

208 713 316 752 neo
347 697 717 768 superjectus
749 696 961 751 diutius
1005 697 1190 752 oravit
1221 713 1350 751 cum
1382 697 1539 763 fletu,
1570 700 1630 750 ut
1659 697 1852 754 divino

208 790 579 845 conferretur
594 789 802 844 auxilio
822 789 976 860 quod
995 806 1028 844 a
1045 789 1348 860 temporali
1359 789 1553 860 judice
1572 807 1686 844 non
1707 795 1856 845 esset

209 883 537 938 obtentum.
561 882 652 938 Sic
673 899 871 936 cursus
889 881 984 936 ille
1001 882 1387 953 lacrymarum
1403 899 1507 953 per
1523 899 1658 937 aera
1674 883 1856 953 surgit

209 977 266 1031 in
286 977 520 1042 ccelum,
549 979 612 1029 et
641 976 890 1046 gemitus
913 975 1175 1046 pervenit
1195 975 1267 1029 ad
1292 979 1508 1028 votum.
1534 978 1730 1046 Itaque
1753 976 1850 1030 de-

209 1073 443 1141 putatur
471 1070 722 1140 angelus
748 1068 819 1122 ad
853 1068 1142 1122 effectum.
1169 1068 1386 1122 Dehinc
1406 1068 1490 1121 vir
1512 1069 1856 1123 venerabilis

211 1179 367 1234 spem
385 1163 743 1233 promittens
761 1162 1009 1216 inclusos
1025 1162 1307 1216 hortatur.
1327 1162 1439 1215 Nec
1453 1161 1645 1232 perdit
1664 1179 1854 1217 sermo

213 1255 362 1328 quod
388 1256 692 1326 loquitur:
718 1256 859 1309 fides
893 1255 1067 1325 gestis
1098 1255 1388 1325 impletur.
1416 1255 1496 1308 Eo
1524 1253 1853 1310 discedente

213 1365 339 1404 mox
365 1351 716 1402 catenarum
745 1348 903 1402 bacae
931 1347 1007 1418 (a)
1039 1347 1408 1417 franguntur,
1437 1347 1639 1402 vinctae
1659 1349 1854 1418 januae

213 1445 570 1509 reserantur,
600 1440 722 1496 dies
751 1442 809 1495 in
841 1457 1133 1494 carcerem
1161 1439 1473 1506 reducitur,
1504 1441 1762 1496 damnati
1784 1442 1854 1496 de

215 1535 466 1590 tenebris
501 1535 564 1588 in
596 1535 782 1588 lucem
818 1533 1160 1605 procedunt,
1192 1549 1296 1587 nec
1329 1533 1542 1587 diutius
1571 1550 1741 1604 pcena
1770 1537 1851 1588 te-

216 1628 336 1682 nuit
365 1644 516 1699 quos
553 1631 871 1698 torqueret.
905 1626 996 1682 Sic
1041 1627 1242 1696 erepti,
1276 1626 1520 1680 Parisios
1551 1633 1858 1682 occurrunt

215 1721 490 1794 pontiﬁci,
523 1720 624 1792 qui
663 1719 1138 1792 periclitabantur
1167 1719 1386 1774 inclusi.
1417 1720 1529 1776 Sed
1570 1724 1631 1774 ut
1661 1721 1852 1791 culpa-

1954 511 2095 565 catis
2138 513 2314 566 oculis
2361 533 2476 570 non
2525 525 2718 589 posset
2765 524 2846 578 ire
2892 544 3021 583 cum
3066 539 3298 605 populo,
3331 511 3588 600 naudiens

1956 603 2194 658 chorum
2229 609 2595 676 psallentium
2625 631 2754 669 cum
2787 618 3053 691 lacrymis
3075 603 3292 685 domini
3315 634 3587 694 Germani

1957 695 2226 766 implorat
2252 701 2543 757 auxilium.
2577 706 2765 763 Tertia
2795 717 3058 783 sequenti
3088 725 3255 776 nocte
3289 741 3394 796 per
3418 745 3586 802 sopo-

1956 805 2080 842 rem
2111 790 2259 845 visus
2302 797 2388 847 est
2423 796 2474 849 ei
2509 796 2594 850 vir
2629 799 2994 861 beatissimus
3027 815 3214 868 astare
3251 790 3433 890 prope
3473 790 3588 880 licc-

1956 882 2138 936 tulum
2190 888 2248 937 et
2295 887 2457 956 quasi
2515 891 2678 945 caecis
2733 898 2910 951 oculis
2962 902 3162 960 fecisse
3208 882 3584 981 signaculum.

1955 973 2244 1068 Evigilans
2271 979 2480 1034 mulier
2506 984 2716 1039 marito
2747 997 2944 1046 narrat
2966 1011 3093 1065 qua:
3115 973 3287 1068 gesta
3299 1009 3450 1060 sunt.
3468 1009 3590 1064 Mox

1956 1065 2208 1121 stillante
2232 1071 2512 1140 sanguine
2536 1074 2657 1129 dies
2677 1081 2852 1134 oculis
2873 1065 3151 1157 redditur,
3174 1098 3231 1146 et
3253 1096 3587 1157 diuturnum

1958 1163 2087 1228 post
2117 1161 2378 1216 nubilum
2409 1166 2628 1222 lumina
2656 1187 2859 1228 sereno
2891 1179 3052 1235 radio
3085 1184 3426 1246 micuerunt.
3461 1194 3586 1250 Cla-

1959 1257 2218 1356 rcscente
2259 1272 2489 1328 quoque
2525 1259 2616 1314 die
2661 1263 2731 1316 ad
2765 1267 2998 1326 missam
3031 1291 3161 1331 cum
3200 1285 3412 1352 populo
3452 1302 3586 1356 pro-

1957 1345 2217 1414 greditur
2258 1349 2467 1404 mulier
2508 1352 2567 1406 in
2615 1371 2904 1427 processu,
2939 1363 3018 1418 ita
3054 1373 3113 1422 ut
3151 1345 3330 1428 sane-ti
3371 1345 3471 1432 viri
3509 1380 3586 1435 sic

1956 1443 2075 1492 visa
2100 1455 2203 1508 per
2231 1443 2521 1498 somnium
2551 1463 2674 1502 esse
2703 1450 2896 1523 imago
2924 1461 3262 1519 remedium.

2030 1532 2241 1587 XXXIV.
2274 1535 2451 1590 Adest
2498 1555 2604 1594 nec
2652 1544 2844 1598 minus
2882 1547 3168 1608 laudabile
3209 1559 3435 1617 reddita
3475 1566 3587 1621 vita

1960 1622 2278 1680 infantulae.
2312 1629 2454 1683 Cum
2485 1631 2542 1684 in
2571 1634 2852 1693 Turonico
2882 1641 3112 1700 illustris
3137 1649 3237 1704 viri
3258 1653 3440 1709 Pienti
3472 1675 3590 1714 ma-

1955 1719 2126 1772 trona
2147 1720 2416 1789 expositas
2431 1723 2562 1779 filim
2582 1727 2928 1787 Iamentaret
2943 1741 3217 1810 extrema,
3240 1748 3296 1799 et
3313 1747 3590 1806 obseratis

216 1813 418 1869 bilibus
450 1813 675 1885 aliquid
708 1814 835 1885 plus
865 1814 1175 1881 conferret,
1200 1830 1233 1867 a
1254 1829 1392 1883 rege
1414 1813 1693 1884 quidquid
1721 1814 1856 1868 ﬁsco
1877 1811 1934 1882 B
1959 1811 2136 1863 oculis
2179 1829 2284 1867 nec
2320 1815 2577 1872 anhelitu
2609 1822 2806 1878 mobili
2851 1830 3160 1899 respiraret
3184 1836 3486 1910 infantula,
3516 1843 3588 1899 ad

217 1924 317 1979 pro
346 1906 435 1962 his
469 1906 797 1961 debebatur
826 1906 1094 1961 obtinuit.

283 2001 448 2055 XXXI.
479 1999 705 2054 Dehinc
755 1999 827 2053 ad
878 2002 1140 2054 sanctum
1189 1999 1372 2054 virum
1423 1999 1675 2054 Nicasius
1727 2017 1856 2054 cum

219 2093 383 2148 vellet
398 2109 726 2160 occurrere,
745 2096 804 2146 et
811 2093 935 2162 jam
953 2095 1352 2163 praasentatus,
1373 2109 1505 2148 mox
1523 2093 1856 2164 gravissimo

220 2203 348 2240 casu
375 2185 434 2240 in
465 2188 627 2240 terra
657 2188 978 2256 prostratus
999 2189 1104 2252 est,
1127 2190 1185 2240 et
1205 2202 1354 2256 pene
1376 2186 1643 2240 omnibus
1663 2187 1858 2240 salutis

223 2279 490 2334 destituto
535 2277 776 2344 solatiis,
808 2278 931 2349 ipso
963 2278 1173 2333 Sancto
1210 2279 1605 2333 intercedente
1638 2279 1857 2334 homini

223 2373 526 2444 desperato
568 2372 748 2426 virtus
784 2374 841 2425 et
880 2388 1080 2425 sensus
1118 2389 1414 2443 regressus
1449 2375 1553 2426 est.
1585 2373 1707 2426 Mox
1735 2373 1854 2426 bal-

223 2469 374 2520 teum
403 2482 520 2537 quo
553 2465 900 2536 cingebatur
931 2469 990 2518 et
1017 2468 1241 2536 spatam
1280 2482 1384 2536 pro
1422 2482 1663 2520 munere
1687 2466 1858 2520 beato

224 2559 506 2614 Germano
537 2557 893 2613 contradidit
921 2575 933 2612 :
959 2559 1114 2629 quod
1145 2559 1266 2630 ipse
1298 2575 1491 2613 comes
1518 2559 1652 2614 dato
1673 2559 1858 2630 pretio

225 2653 346 2722 post
375 2651 648 2706 redemit.
680 2651 741 2705 Id
784 2655 975 2706 actum
1016 2655 1102 2706 est
1143 2655 1205 2706 ut
1233 2652 1388 2723 quod
1419 2652 1576 2723 prius
1605 2652 1856 2706 incarce-

226 2745 356 2798 ratis
379 2745 705 2800 concedere
748 2743 986 2811 distulit,
1021 2744 1111 2799 hic
1143 2745 1434 2816 duplicato
1466 2746 1668 2800 fenore
1699 2744 1856 2799 debi-

227 2841 311 2892 tor
329 2841 758 2910 compensaret,
779 2841 836 2891 et
855 2841 1022 2892 aucta
1043 2838 1177 2892 dote
1199 2838 1412 2893 damna
1433 2839 1686 2904 sarciret,
1706 2838 1861 2909 prius

228 2946 325 3001 pro
364 2932 445 2986 eis
485 2931 784 2999 differens,
818 2933 948 3003 post
980 2934 1040 2985 et
1077 2931 1325 3002 seipsum
1371 2932 1681 2986 redimens.
1714 2933 1861 2984 Ante

232 3040 338 3080 non
371 3023 482 3079 illis
512 3024 663 3096 pius,
691 3025 868 3080 modo
910 3027 969 3078 et
1000 3023 1071 3078 de
1103 3041 1162 3078 se
1192 3024 1469 3096 trepidus,
1504 3024 1700 3079 didicit
1729 3040 1861 3078 casu

230 3118 451 3189 proprio
485 3118 764 3173 aerumnis
794 3134 1123 3174 succurrere
1151 3117 1372 3172 alienis.

1957 1904 2274 2007 sanctiViri
2298 1911 2666 2007 praesentiam
2689 1918 2808 1971 tota
2841 1926 3150 1980 committit
3172 1933 3456 1999 praesidia.
3474 1904 3588 2002 Qui

1958 2013 2062 2065 per
2082 2000 2318 2052 missum
2341 2000 2627 2073 invitatus,
2652 2015 2933 2078 quantum
2953 2019 3103 2072 valet
3123 2021 3194 2075 ad
3216 2000 3588 2085 conclamata:

1958 2089 2162 2191 puellae
2187 2091 2666 2191 cadaver
2691 2101 2883 2168 Codd,
2908 2109 3270 2186 cadaverem]
3291 2128 3583 2191 properat.

1958 2181 2234 2285 Erceptus
2259 2186 2722 2285 multis-fletibus,
2748 2195 3086 2266 deplorante
3114 2181 3351 2277 familia,
3385 2181 3588 2285 appro-

1957 2273 2201 2343 pinquat
2235 2277 2502 2334 subsellio
2543 2299 2656 2352 quo
2682 2285 2805 2354 jam
2843 2291 3069 2362 rigebat
3094 2273 3398 2359 infantul'a.
3420 2273 3584 2362 ⁸(ίοξιιο

1959 2366 2073 2419 vim
2100 2367 2236 2421 facit
2261 2373 2571 2440 questibus.
2606 2377 2742 2432 Fere
2769 2385 3057 2442 transacto
3088 2389 3239 2446 inter
3267 2395 3388 2451 haec
3421 2400 3587 2456 unius

1960 2458 2118 2560 horna
2139 2461 2344 2564 spatio,
2370 2467 2566 2564 mobili
2588 2471 2841 2542 singultu
2861 2477 3029 2534 ﬂatus
3050 2485 3254 2554 puellae
3275 2490 3585 2564 reducitur,

1958 2556 2240 2608 viscerum
2273 2556 2455 2612 vitalis
2484 2562 2642 2617 calor
2665 2582 2770 2635 per
2794 2573 3056 2628 membra
3088 2576 3442 2639 diffunditur.
3479 2556 3587 2642 De;

1960 2642 2093 2739 hinc
2118 2645 2406 2717 [paulatim
2442 2653 2696 2712 animata
2730 2665 2930 2730 potum
2961 2671 3218 2739 poposcit
3247 2678 3309 2728 ut
3345 2675 3586 2735 biberet.

1959 2737 2394 2843 trunca-beato
2435 2747 2565 2802 Viro
2611 2767 2760 2821 pane
2799 2737 3150 2827 signatoivel
3177 2767 3350 2822 calice
3380 2770 3587 2843 degus-

1959 2832 2102 2897 tato,
2133 2831 2431 2891 infantulaa
2465 2847 2746 2900 revocatas
2777 2847 2849 2902 de
2895 2852 3096 2908 funere
3130 2859 3312 2914 totum
3352 2831 3591 2922 vertitur

1961 2921 2020 2975 in
2062 2925 2324 2982 salutem.
2365 2929 2503 2994 Quae
2537 2940 2666 3005 post
2708 2937 2765 2992 in
2806 2949 3159 3003 monasterio
3189 2951 3373 3008 beatae
3400 2956 3587 3013 Rade-

1963 3017 2172 3084 gundis
2201 3019 2469 3078 felicioris
2494 3027 2622 3082 vita:
2655 3033 2964 3091 terminum
2994 3048 3429 3104 consummavit.

2031 3110 2220 3166 XXXV.
2247 3112 2491 3177 Quidam
2519 3121 2755 3178 clericus
2781 3125 2852 3182 de
2877 3129 3040 3199 juxta
3063 3140 3414 3196 monasterio
3435 3142 3592 3201 beati

291 3182 478 3266 XXXII.
507 3213 751 3266 Prorsus
777 3211 916 3265 illud
947 3211 1193 3281 stuporis
1221 3213 1511 3266 retexatur
1529 3211 1586 3265 in
1619 3211 1850 3282 pagina.
1875 3182 1930 3256 C
1957 3201 2226 3305 §Y1V05lri
2265 3206 2323 3261 in
2353 3209 2769 3272 Τθῖηοάθνίηεθ
2801 3182 3039 3291 (0)0011};
3055 3182 3591 3305 (iii-9'

234 3304 406 3359 Eunte
452 3308 656 3359 sancto
700 3304 822 3359 viro
865 3303 939 3358 ad
972 3304 1128 3359 beati
1160 3305 1428 3375 martyris
1458 3303 1864 3376 Symphoriani

235 3412 545 3465 occursum,
579 3397 719 3452 dum
767 3397 838 3452 de
882 3397 1003 3451 vico
1037 3397 1369 3452 Cervedone
1410 3397 1468 3451 in
1507 3398 1759 3452 Murvino
1791 3396 1862 3468 (b)

235 3491 616 3562 progreditur,
639 3490 996 3545 habitatores
1021 3491 1130 3545 loci
1153 3494 1520 3545 occurrentes
1548 3494 1867 3561 suggerunt

238 3586 294 3637 ut
315 3588 570 3655 segetem
598 3583 835 3638 Panitiaa
867 3584 1024 3654 [An.,
1052 3583 1372 3654 Pistoficiaa]
1404 3583 1661 3638 mulieris
1681 3583 1864 3637 viduae

239 3675 366 3731 nihil
394 3677 666 3732 habentis
685 3676 920 3744 residui,
945 3693 1073 3748 qua;
1095 3677 1166 3731 ab
1193 3677 1338 3732 ursis
1361 3677 1710 3743 vastabatur,
1733 3677 1861 3730 visi-

239 3771 348 3823 tare
374 3771 735 3842 preeciperet,
771 3774 828 3824 et
853 3773 1051 3825 sancto
1081 3787 1184 3825 suo
1209 3770 1460 3826 adventu
1488 3771 1866 3842 repelleretur

239 3860 490 3918 incursio.
528 3863 640 3928 Qui
679 3863 936 3918 concitus
971 3863 1247 3918 ministris
1277 3863 1647 3918 irridentibus
1677 3863 1750 3918 ad
1779 3864 1862 3917 lo-

242 3969 359 4009 cum
416 3955 770 4028 perducitur,
819 3959 877 4010 et
930 3956 1192 4012 oratione
1252 3957 1387 4011 data
1436 3956 1684 4028 desuper
1731 3955 1867 4010 fecit

243 4047 610 4118 signaculum.
670 4049 812 4104 Hinc
867 4049 1139 4104 instinctu
1195 4049 1388 4104 divino
1434 4050 1493 4104 in
1538 4049 1864 4121 parentales

243 4138 438 4196 bestias
487 4141 685 4196 feralis
727 4141 815 4196 ira
861 4142 1247 4209 succenditur,
1279 4142 1476 4198 odium
1518 4142 1768 4197 nascitur
1805 4142 1864 4196 in

246 4232 456 4303 affectu,
485 4236 546 4289 in
592 4251 733 4306 pace
766 4252 961 4306 pugna
992 4235 1388 4290 committitur.
1422 4237 1633 4292 Furore
1667 4235 1865 4290 bestiae

244 4324 321 4379 bis
349 4332 668 4396 armantur,
697 4329 891 4384 statim
928 4330 1276 4400 praefocatur
1306 4347 1452 4384 unus
1485 4346 1648 4384 ursus
1679 4329 1750 4384 ab
1782 4329 1861 4383 al-

249 4420 378 4486 tero,
411 4426 468 4476 et
493 4422 616 4494 ipse
643 4421 739 4494 qui
770 4423 1060 4477 restiterat
1089 4422 1227 4477 dum
1254 4424 1426 4478 vellet
1455 4424 1610 4479 foras
1642 4421 1861 4494 egredi,

247 4513 382 4584 sepis
405 4516 536 4586 palo
585 4515 982 4572 transfoditur.
1015 4516 1105 4572 Sic
1136 4517 1365 4589 utrique
1397 4520 1713 4572 vastatores
1747 4532 1863 4570 uno

249 4611 530 4665 momento
575 4609 941 4682 perimuntur
971 4613 1029 4664 et
1066 4609 1172 4682 ipsi
1213 4610 1320 4665 sibi
1359 4609 1662 4666 confestim
1702 4626 1866 4664 arma

247 4701 435 4756 mortis
461 4703 650 4759 effecti
681 4705 832 4758 sunt.
861 4705 996 4759 Post
1023 4703 1130 4775 ipsi
1159 4703 1428 4758 redeunti
1452 4703 1660 4759 mulier
1688 4704 1868 4775 pelles

253 4807 496 4852 ursorum
537 4797 747 4852 obtulit
789 4813 858 4851 ex
889 4796 1099 4866 studio,
1133 4801 1192 4851 et
1221 4797 1383 4868 quasi
1412 4797 1610 4852 victori
1641 4813 1742 4851 suo
1774 4813 1865 4850 re-

253 4891 546 4956 presentat
571 4891 836 4962 spolium,
867 4889 1024 4962 quod
1060 4893 1257 4945 tamen
1289 4890 1526 4946 omnino
1557 4890 1676 4962 ipse
1702 4905 1865 4944 recu-

255 4979 382 5034 savit
410 4983 699 5055 accipere;
731 4988 788 5040 et
827 4984 924 5056 qui
964 4983 1121 5056 prius
1146 4984 1414 5052 riserant,
1448 4984 1726 5056 paenitere
1755 5001 1866 5040 ca:-

255 5079 446 5142 perunt
471 5076 732 5132 videntes
759 5078 1120 5133 miraculum.

316 5167 520 5224 XXXIII.
553 5170 624 5224 Et
650 5171 926 5242 quoniam
953 5171 1024 5226 de
1053 5171 1155 5226 Dei
1193 5170 1347 5228 dono
1384 5187 1500 5227 non
1533 5171 1705 5228 debet
1745 5189 1869 5228 esse

257 5255 550 5331 fastidium,
565 5262 705 5318 illud
724 5263 899 5320 etiam
911 5262 1162 5320 breviter
1173 5265 1434 5320 ducimus
1446 5266 1866 5336 explicandum.

260 5348 562 5410 Beretrudis
609 5357 878 5429 quaedam
923 5358 1131 5413 mulier
1175 5359 1502 5414 Munsunthi
1539 5359 1678 5430 [Al.,
1710 5360 1868 5414 Mun-

263 5540 294 5561 Ἶ
322 5473 391 5546 (a)
422 5477 599 5545 Bacaa,
635 5494 746 5561 seu.
780 5478 990 5561 Baccac,
1026 5477 1170 5534 lauri
1215 5481 1322 5561 vel_
1337 5479 1867 5561 juniperihfru‘ctus,

262 5545 388 5623 item
396 5563 670 5623 gemmas
697 5549 756 5604 et
777 5545 1139 5605 mortubrum
1161 5545 1428 5623 capulum
1450 5545 1752 5622 signiﬁcat,
1779 5545 1870 5608 hic

263 5617 469 5691 insolito
500 5620 733 5691 quidem
766 5625 1103 5677 catenarum
1130 5617 1392 5678 annulos.

346 5685 392 5758 ὁ)
420 5685 670 5766 (ἐθᾲθάο
715 5691 982 5766 (Cervgn),
1010 5693 1180 5766 vicus
1219 5709 1398 5766 prope
1444 5694 1868 5764 Corbiniacum,

268 5761 761 5849 IL‘IEESthv‘OFP'd
775 5763 842 5849 ξιε
857 5761 1154 5849 CFWM:
1167 5761 1428 5849 iambi?
1442 5766 1782 5849 Μοτγίιῖςιῑεί
1803 5761 1872 5849 (ξε

270 5820 512 5906 Novium),
533 5833 629 5904 qui
652 5836 865 5894 tractus
886 5820 1278 5906 Burgundiam
1302 5853 1335 5890 a
1355 5835 1610 5893 Nivernis
1632 5820 1866 5894 dirimit.

1967 3294 2256 3396 loquimur
2281 3317 2347 3355 ex
2377 3309 2810 3380 consuetudine,
2834 3316 3047 3388 caligas
3067 3321 3412 3396 circinasset,
3438 3294 3593 3386 debi-

1965 3387 2185 3481 litatem
2218 3409 2496 3452 manuum
2531 3403 2616 3455 vel
2653 3405 2865 3474 pedum
2899 3387 3152 3469 incurrit.
3185 3417 3296 3472 Sed
3324 3387 3590 3481 de’beato

1967 3479 2251 3584 Sylvestro
2278 3504 2506 3558 gressus
2533 3497 2750 3567 recepit
2781 3501 3062 3573 ofﬁcium;
3085 3525 3190 3579 per
3210 3528 3475 3584 saporem
3498 3479 3594 3573 ad-

1965 3576 2218 3631 monitus
2262 3585 2514 3639 occurrit
2553 3594 2750 3646 sancto
2790 3576 3354 3672 Germanoiposceins
3397 3610 3594 3666 salutis

1965 3672 2392 3773 compendium.
2411 3680 2458 3732 A
2475 3696 2588 3750 quo
2608 3683 3014 3758 interrogatus,
3030 3709 3260 3751 causam
3273 3701 3452 3773 culpa:
3465 3719 3596 3759 con-

1963 3763 2145 3817 fessus
2170 3769 2274 3820 est.
2302 3769 2442 3824 Tum
2473 3772 2721 3844 imperat
2749 3780 2956 3836 clerico
2985 3787 3046 3837 ut
3071 3787 3347 3845 clamaret
3364 3763 3476 3864 per
3494 3812 3594 3868 po-

1965 3858 2184 3925 pulum,
2217 3876 2322 3915 nec
2354 3864 2480 3932 quis
2510 3868 2728 3923 temere
2769 3872 2860 3926 die
2906 3884 3244 3947 operaretur
3271 3858 3589 3946 Dominico.

1968 3949 2111 4017 Quo,
2147 3953 2349 4022 quinto
2391 3956 2483 4011 die
2531 3961 2842 4033 transacto,
2883 3972 3181 4041 superfuso
3223 3977 3350 4034 oleo
3392 3979 3593 4039 debilis

1965 4043 2158 4112 palma
2190 4045 2473 4117 dirigitur,
2506 4056 2564 4106 et
2587 4054 2660 4109 ad
2691 4061 2924 4129 propria
2961 4065 3132 4120 eundi
3165 4084 3294 4125 cum
3330 4072 3591 4132 libertate

1967 4135 2289 4194 dimittitur.

2034 4231 2244 4335 XXXVI.
2279 4235 2338 4335 In
2368 4253 2518 4335 pago
2545 4242 2895 4300 Amoniense
2929 4249 3141 4322 (Mosny
3169 4255 3226 4310 in
3258 4259 3404 4332 Bria)
3439 4262 3592 4335 quod

1967 4328 2305 4421 gestumgest
2328 4331 2655 4400 replicetur.
2692 4337 3002 4411 Rotegiaco
3035 4347 3251 4421 [Ποῖον]
3279 4329 3410 4410 villa
3433 4328 3591 4413 Pari-

1965 4415 2131 4472 siacm
2177 4420 2439 4478 Ecclesia;
2482 4431 2704 4497 septem
2736 4431 2786 4484 ei
2829 4434 2930 4489 viri
2967 4415 3388 4502 debacchantes
3415 4450 3593 4508 oblati

1966 4514 2116 4565 sunt.
2149 4512 2362 4576 Quibus
2407 4520 2616 4574 curatis
2657 4540 2802 4580 unus
2837 4529 2934 4599 qui
2977 4533 3238 4601 graviore
3283 4543 3596 4602 vexabatur

1966 4603 2168 4675 spiritu
2202 4624 2331 4662 cum
2367 4611 2519 4667 exire
2554 4622 2878 4689 cogeretur,
2913 4623 3133 4683 homini
3172 4630 3274 4686 Dei
3303 4637 3594 4705 professus

1967 4701 2072 4765 est,
2105 4702 2336 4771 expulso
2363 4721 2423 4758 se
2463 4705 2534 4761 de
2572 4707 2669 4764 illo
2703 4712 2829 4768 Ioco
2856 4732 3089 4786 gravem
3115 4701 3595 4790 lamentationem

1968 4791 2263 4849 Parisiacis
2301 4797 2511 4854 facere.
2541 4801 2694 4857 Tunc
2723 4805 2924 4877 fugata
2959 4814 3135 4883 pestis
3179 4818 3250 4873 de
3281 4825 3461 4881 sancti
3489 4826 3595 4883 viri

1970 4885 2239 4988 Germani
2293 4889 2537 4988 transitu
2587 4895 2806 4953 famam
2858 4902 3008 4959 fudit
3057 4924 3163 4979 per
3212 4919 3475 4988 populos,
3537 4927 3597 4978 et

1969 4980 2213 5080 pastoris
2258 4999 2362 5054 pro
2407 4986 2564 5041 obitu
2609 5006 2849 5062 gregem
2897 5000 3075 5055 movit
3118 5003 3175 5058 in
3212 4980 3594 5080 —fle-tum.iQui

1969 5076 2167 5128 tamen
2222 5092 2649 5150 energumenus
2697 5087 2801 5142 etsi
2849 5093 3152 5151 seminavit
3203 5076 3591 5179 mendacium,

1971 5167 2234 5239 expulsus
2264 5187 2380 5226 non
2412 5170 2672 5232 defendit
2700 5179 3015 5241 obsessum.

2044 5477 2590 5569 (cznfernojdorenslis‘
2591 5489 2803 5543 tractus
2819 5494 2906 5569 cuj
2915 5511 2978 5549 us
2989 5504 3164 5569 caput
3177 5503 3570 5568 Ternodorum

1971 5550 2495 5641 sguA’I‘qrnoudorum
2521 5556 2857 5641 (T‘onnerre),
2883 5550 2944 5641 in

1971 5619 2299 5724 attending
2322 5639 2500 5724 usqqe
2527 5619 2599 5681 ad
2625 5619 3592 5724 η]ρξιδέίθιιὶυωή-Ῐζςέδῖέῖδξυδῶἓιᾶ

1968 5692 2589 5779 Μοαείἰετ-ξαίητῖζςρη,
2613 5701 2699 5753 cui
2732 5705 2854 5779 tum
2881 5692 3108 5779 sanctus
3121 5692 3405 5771 's'iikiéé'tla?
3421 5692 3594 5779 £1353;

1971 5767 2237 5834 praeerat.
2271 5765 2422 5837 Lege
2452 5767 2638 5824 Vitam
2668 5775 2848 5829 sancti
2875 5777 3111 5837 Joannis
3145 5765 3494 5855 aébﬁa'éxisi;
