  <div class='ocr_page' id='page_1' title='image "/cluster/home/n/w/nwhite01/storage/ocr_20150623/72/uva.x000827084/049.png"; bbox 0 0 4020 6232; ppageno 0'>
   <div class='ocr_carea' id='block_1_1' title="bbox 379 299 3756 378">
    <p class='ocr_par' dir='ltr' id='par_1_1' title="bbox 379 299 3756 378">
     <span class='ocr_line' id='line_1_1' title="bbox 379 299 3756 378; baseline -0.004 -6"><span class='ocrx_word' id='word_1_1' title='bbox 379 319 444 372; x_wconf 74' lang='lat' dir='ltr'><strong>s7</strong></span> <span class='ocrx_word' id='word_1_2' title='bbox 1284 315 1578 372; x_wconf 77' lang='lat' dir='ltr'><strong>SANCTUS</strong></span> <span class='ocrx_word' id='word_1_3' title='bbox 1612 299 1990 378; x_wconf 69' lang='lat' dir='ltr'><strong>GERMANUS,</strong></span> <span class='ocrx_word' id='word_1_4' title='bbox 2031 313 2437 371; x_wconf 79' lang='lat' dir='ltr'><strong>PARISIENSIS</strong></span> <span class='ocrx_word' id='word_1_5' title='bbox 2474 311 2848 370; x_wconf 66' lang='lat' dir='ltr'><strong>msceres.</strong></span> <span class='ocrx_word' id='word_1_6' title='bbox 3683 311 3756 360; x_wconf 68' lang='lat' dir='ltr'><strong>(s8</strong></span> 
     </span>
    </p>
   </div>
   <div class='ocr_carea' id='block_1_2' title="bbox 381 405 3754 510">
    <p class='ocr_par' dir='ltr' id='par_1_2' title="bbox 381 405 3754 510">
     <span class='ocr_line' id='line_1_2' title="bbox 381 405 3754 510; baseline -0.003 -32"><span class='ocrx_word' id='word_1_7' title='bbox 381 440 479 478; x_wconf 89' lang='lat' dir='ltr'><strong>cus</strong></span> <span class='ocrx_word' id='word_1_8' title='bbox 507 421 784 478; x_wconf 85' lang='lat' dir='ltr'><strong>membris</strong></span> <span class='ocrx_word' id='word_1_9' title='bbox 809 422 1135 490; x_wconf 90' lang='lat' dir='ltr'><strong>dissolutus,</strong></span> <span class='ocrx_word' id='word_1_10' title='bbox 1159 428 1436 494; x_wconf 89' lang='lat' dir='ltr'><strong>carpento</strong></span> <span class='ocrx_word' id='word_1_11' title='bbox 1463 423 1780 490; x_wconf 90' lang='lat' dir='ltr'><strong>subvectus,</strong></span> <span class='ocrx_word' id='word_1_12' title='bbox 1810 438 2008 494; x_wconf 87' lang='lat' dir='ltr'><strong>gressu</strong></span> <span class='ocrx_word' id='word_1_13' title='bbox 2033 435 2090 510; x_wconf 78' lang='grc' dir='ltr'><strong>Α</strong></span> <span class='ocrx_word' id='word_1_14' title='bbox 2109 405 2358 495; x_wconf 71' lang='lat' dir='ltr'><strong>pecunia</strong></span> <span class='ocrx_word' id='word_1_15' title='bbox 2398 422 2456 476; x_wconf 90' lang='lat' dir='ltr'><strong>in</strong></span> <span class='ocrx_word' id='word_1_16' title='bbox 2505 422 2678 477; x_wconf 92' lang='lat' dir='ltr'><strong>domo</strong></span> <span class='ocrx_word' id='word_1_17' title='bbox 2709 419 2931 475; x_wconf 90' lang='lat' dir='ltr'><strong>lumina</strong></span> <span class='ocrx_word' id='word_1_18' title='bbox 2960 417 3340 489; x_wconf 89' lang='lat' dir='ltr'><strong>dispensaret.</strong></span> <span class='ocrx_word' id='word_1_19' title='bbox 3379 415 3492 470; x_wconf 88' lang='lat' dir='ltr'><strong>Sed</strong></span> <span class='ocrx_word' id='word_1_20' title='bbox 3535 415 3664 469; x_wconf 71' lang='lat' dir='ltr'><strong>haec</strong></span> <span class='ocrx_word' id='word_1_21' title='bbox 3693 413 3754 468; x_wconf 89' lang='lat' dir='ltr'><strong>in</strong></span> 
     </span>
    </p>
   </div>
   <div class='ocr_carea' id='block_1_3' title="bbox 382 514 3170 587">
    <p class='ocr_par' dir='ltr' id='par_1_3' title="bbox 382 514 3170 587">
     <span class='ocr_line' id='line_1_3' title="bbox 382 514 3170 587; baseline -0.003 -15"><span class='ocrx_word' id='word_1_22' title='bbox 382 517 686 572; x_wconf 86' lang='lat' dir='ltr'><strong>destitutus</strong></span> <span class='ocrx_word' id='word_1_23' title='bbox 740 519 800 570; x_wconf 91' lang='lat' dir='ltr'><strong>et</strong></span> <span class='ocrx_word' id='word_1_24' title='bbox 851 519 1000 570; x_wconf 89' lang='lat' dir='ltr'><strong>actu.</strong></span> <span class='ocrx_word' id='word_1_25' title='bbox 1059 516 1181 580; x_wconf 87' lang='lat' dir='ltr'><strong>Quo</strong></span> <span class='ocrx_word' id='word_1_26' title='bbox 1233 515 1568 570; x_wconf 86' lang='lat' dir='ltr'><strong>sanctiﬁcati</strong></span> <span class='ocrx_word' id='word_1_27' title='bbox 1623 516 1734 570; x_wconf 87' lang='lat' dir='ltr'><strong>olei</strong></span> <span class='ocrx_word' id='word_1_28' title='bbox 1787 515 2008 587; x_wconf 89' lang='lat' dir='ltr'><strong>liquore</strong></span> <span class='ocrx_word' id='word_1_29' title='bbox 2113 516 2372 571; x_wconf 90' lang='lat' dir='ltr'><strong>cubiculo</strong></span> <span class='ocrx_word' id='word_1_30' title='bbox 2403 517 2684 586; x_wconf 72' lang='lat' dir='ltr'><strong>praesente</strong></span> <span class='ocrx_word' id='word_1_31' title='bbox 2711 531 2804 568; x_wconf 92' lang='lat' dir='ltr'><strong>me</strong></span> <span class='ocrx_word' id='word_1_32' title='bbox 2834 516 2995 584; x_wconf 90' lang='lat' dir='ltr'><strong>gesta</strong></span> <span class='ocrx_word' id='word_1_33' title='bbox 3020 514 3170 566; x_wconf 91' lang='lat' dir='ltr'><strong>sunt.</strong></span> 
     </span>
    </p>
   </div>
   <div class='ocr_carea' id='block_1_4' title="bbox 382 608 2012 681">
    <p class='ocr_par' dir='ltr' id='par_1_4' title="bbox 382 608 2012 681">
     <span class='ocr_line' id='line_1_4' title="bbox 382 608 2012 681; baseline -0.001 -17"><span class='ocrx_word' id='word_1_34' title='bbox 382 610 612 681; x_wconf 85' lang='lat' dir='ltr'><strong>perfuso</strong></span> <span class='ocrx_word' id='word_1_35' title='bbox 637 625 770 663; x_wconf 90' lang='lat' dir='ltr'><strong>cum</strong></span> <span class='ocrx_word' id='word_1_36' title='bbox 795 608 938 663; x_wconf 92' lang='lat' dir='ltr'><strong>cutis</strong></span> <span class='ocrx_word' id='word_1_37' title='bbox 958 624 1184 662; x_wconf 88' lang='lat' dir='ltr'><strong>summa</strong></span> <span class='ocrx_word' id='word_1_38' title='bbox 1209 608 1510 678; x_wconf 78' lang='lat' dir='ltr'><strong>tetigisset,</strong></span> <span class='ocrx_word' id='word_1_39' title='bbox 1543 608 1706 678; x_wconf 80' lang='lat' dir='ltr'><strong>vigor</strong></span> <span class='ocrx_word' id='word_1_40' title='bbox 1731 608 2012 662; x_wconf 85' lang='lat' dir='ltr'><strong>medullas</strong></span> 
     </span>
    </p>
   </div>
   <div class='ocr_carea' id='block_1_5' title="bbox 383 699 2012 757">
    <p class='ocr_par' dir='ltr' id='par_1_5' title="bbox 383 699 2012 757">
     <span class='ocr_line' id='line_1_5' title="bbox 383 699 2012 757; baseline -0.001 -1"><span class='ocrx_word' id='word_1_41' title='bbox 383 702 620 757; x_wconf 91' lang='lat' dir='ltr'><strong>introiit.</strong></span> <span class='ocrx_word' id='word_1_42' title='bbox 651 701 868 756; x_wconf 89' lang='lat' dir='ltr'><strong>Dehinc</strong></span> <span class='ocrx_word' id='word_1_43' title='bbox 904 701 1165 756; x_wconf 58' lang='lat' dir='ltr'><strong>redivivas</strong></span> <span class='ocrx_word' id='word_1_44' title='bbox 1196 716 1402 754; x_wconf 88' lang='lat' dir='ltr'><strong>manus</strong></span> <span class='ocrx_word' id='word_1_45' title='bbox 1434 699 1506 753; x_wconf 92' lang='lat' dir='ltr'><strong>ad</strong></span> <span class='ocrx_word' id='word_1_46' title='bbox 1539 717 1705 754; x_wconf 92' lang='lat' dir='ltr'><strong>usum</strong></span> <span class='ocrx_word' id='word_1_47' title='bbox 1737 700 2012 755; x_wconf 91' lang='lat' dir='ltr'><strong>mobilem</strong></span> 
     </span>
    </p>
   </div>
   <div class='ocr_carea' id='block_1_6' title="bbox 349 791 2009 864">
    <p class='ocr_par' dir='ltr' id='par_1_6' title="bbox 349 791 2009 864">
     <span class='ocr_line' id='line_1_6' title="bbox 349 791 2009 864; baseline -0.002 -14"><span class='ocrx_word' id='word_1_48' title='bbox 349 804 351 806; x_wconf 76' lang='grc'><strong><em>’</em></strong></span> <span class='ocrx_word' id='word_1_49' title='bbox 383 795 666 850; x_wconf 89' lang='lat' dir='ltr'><strong>redeunt:</strong></span> <span class='ocrx_word' id='word_1_50' title='bbox 695 795 928 849; x_wconf 81' lang='lat' dir='ltr'><strong>thorace</strong></span> <span class='ocrx_word' id='word_1_51' title='bbox 955 791 1201 864; x_wconf 78' lang='lat' dir='ltr'><strong>pectoris</strong></span> <span class='ocrx_word' id='word_1_52' title='bbox 1225 791 1381 846; x_wconf 80' lang='lat' dir='ltr'><strong>vitali</strong></span> <span class='ocrx_word' id='word_1_53' title='bbox 1409 793 1680 863; x_wconf 92' lang='lat' dir='ltr'><strong>appulsus</strong></span> <span class='ocrx_word' id='word_1_54' title='bbox 1705 793 1769 846; x_wconf 81' lang='lat' dir='ltr'><strong>fit</strong></span> <span class='ocrx_word' id='word_1_55' title='bbox 1787 793 2009 859; x_wconf 80' lang='lat' dir='ltr'><strong>fortior,</strong></span> 
     </span>
    </p>
   </div>
   <div class='ocr_carea' id='block_1_7' title="bbox 386 884 2012 960">
    <p class='ocr_par' dir='ltr' id='par_1_7' title="bbox 386 884 2012 960">
     <span class='ocr_line' id='line_1_7' title="bbox 386 884 2012 960; baseline -0.002 -17"><span class='ocrx_word' id='word_1_56' title='bbox 386 905 576 960; x_wconf 88' lang='lat' dir='ltr'><strong>genua</strong></span> <span class='ocrx_word' id='word_1_57' title='bbox 607 886 953 942; x_wconf 88' lang='lat' dir='ltr'><strong>columnaris</strong></span> <span class='ocrx_word' id='word_1_58' title='bbox 979 884 1338 939; x_wconf 80' lang='lat' dir='ltr'><strong>imbecillitas</strong></span> <span class='ocrx_word' id='word_1_59' title='bbox 1356 885 1665 940; x_wconf 80' lang='lat' dir='ltr'><strong>roboratur</strong></span> <span class='ocrx_word' id='word_1_60' title='bbox 1686 884 1782 956; x_wconf 85' lang='grc' dir='ltr'><strong>(α),</strong></span> <span class='ocrx_word' id='word_1_61' title='bbox 1801 887 2012 956; x_wconf 66' lang='lat' dir='ltr'><strong>planta:</strong></span> 
     </span>
    </p>
   </div>
   <div class='ocr_carea' id='block_1_8' title="bbox 385 977 2014 1047">
    <p class='ocr_par' dir='ltr' id='par_1_8' title="bbox 385 977 2014 1047">
     <span class='ocr_line' id='line_1_8' title="bbox 385 977 2014 1047; baseline -0.001 -13"><span class='ocrx_word' id='word_1_62' title='bbox 385 980 640 1036; x_wconf 88' lang='lat' dir='ltr'><strong>solidatis</strong></span> <span class='ocrx_word' id='word_1_63' title='bbox 664 979 894 1033; x_wconf 89' lang='lat' dir='ltr'><strong>basibus</strong></span> <span class='ocrx_word' id='word_1_64' title='bbox 923 977 1313 1047; x_wconf 75' lang='lat' dir='ltr'><strong>subriguntur.</strong></span> <span class='ocrx_word' id='word_1_65' title='bbox 1349 980 1505 1032; x_wconf 89' lang='lat' dir='ltr'><strong>Inter</strong></span> <span class='ocrx_word' id='word_1_66' title='bbox 1528 978 1651 1031; x_wconf 71' lang='lat' dir='ltr'><strong>haec</strong></span> <span class='ocrx_word' id='word_1_67' title='bbox 1682 981 1803 1031; x_wconf 89' lang='lat' dir='ltr'><strong>tota</strong></span> <span class='ocrx_word' id='word_1_68' title='bbox 1827 995 2014 1032; x_wconf 88' lang='lat' dir='ltr'><strong>mem-</strong></span> 
     </span>
    </p>
   </div>
   <div class='ocr_carea' id='block_1_9' title="bbox 385 1070 2012 1142">
    <p class='ocr_par' dir='ltr' id='par_1_9' title="bbox 385 1070 2012 1142">
     <span class='ocr_line' id='line_1_9' title="bbox 385 1070 2012 1142; baseline -0.002 -14"><span class='ocrx_word' id='word_1_69' title='bbox 385 1074 624 1131; x_wconf 90' lang='lat' dir='ltr'><strong>brorum</strong></span> <span class='ocrx_word' id='word_1_70' title='bbox 669 1071 884 1126; x_wconf 87' lang='lat' dir='ltr'><strong>fabrica</strong></span> <span class='ocrx_word' id='word_1_71' title='bbox 924 1073 1228 1141; x_wconf 80' lang='lat' dir='ltr'><strong>reparatur</strong></span> <span class='ocrx_word' id='word_1_72' title='bbox 1267 1087 1281 1124; x_wconf 90' lang='lat'>:</span> <span class='ocrx_word' id='word_1_73' title='bbox 1325 1070 1421 1140; x_wconf 89' lang='lat' dir='ltr'><strong>qui</strong></span> <span class='ocrx_word' id='word_1_74' title='bbox 1470 1070 1715 1124; x_wconf 87' lang='lat' dir='ltr'><strong>sanitate</strong></span> <span class='ocrx_word' id='word_1_75' title='bbox 1759 1074 2012 1142; x_wconf 89' lang='lat' dir='ltr'><strong>recepta,</strong></span> 
     </span>
    </p>
   </div>
   <div class='ocr_carea' id='block_1_10' title="bbox 385 1162 2015 1234">
    <p class='ocr_par' dir='ltr' id='par_1_10' title="bbox 385 1162 2015 1234">
     <span class='ocr_line' id='line_1_10' title="bbox 385 1162 2015 1234; baseline -0.002 -14"><span class='ocrx_word' id='word_1_76' title='bbox 385 1165 664 1221; x_wconf 86' lang='lat' dir='ltr'><strong>redeunte</strong></span> <span class='ocrx_word' id='word_1_77' title='bbox 690 1167 886 1218; x_wconf 89' lang='lat' dir='ltr'><strong>sancto</strong></span> <span class='ocrx_word' id='word_1_78' title='bbox 913 1163 1033 1218; x_wconf 86' lang='lat' dir='ltr'><strong>viro</strong></span> <span class='ocrx_word' id='word_1_79' title='bbox 1070 1162 1317 1217; x_wconf 91' lang='lat' dir='ltr'><strong>occurrit</strong></span> <span class='ocrx_word' id='word_1_80' title='bbox 1343 1163 1400 1217; x_wconf 91' lang='lat' dir='ltr'><strong>in</strong></span> <span class='ocrx_word' id='word_1_81' title='bbox 1433 1163 1658 1228; x_wconf 83' lang='lat' dir='ltr'><strong>itinere,</strong></span> <span class='ocrx_word' id='word_1_82' title='bbox 1693 1167 2015 1234; x_wconf 67' lang='lat' dir='ltr'><strong>praeparato</strong></span> 
     </span>
    </p>
   </div>
   <div class='ocr_carea' id='block_1_11' title="bbox 388 1255 2012 1328">
    <p class='ocr_par' dir='ltr' id='par_1_11' title="bbox 388 1255 2012 1328">
     <span class='ocr_line' id='line_1_11' title="bbox 388 1255 2012 1328; baseline -0.003 -15"><span class='ocrx_word' id='word_1_83' title='bbox 388 1257 588 1314; x_wconf 84' lang='lat' dir='ltr'><strong>exenio</strong></span> <span class='ocrx_word' id='word_1_84' title='bbox 653 1257 868 1328; x_wconf 82' lang='lat' dir='ltr'><strong>gratias</strong></span> <span class='ocrx_word' id='word_1_85' title='bbox 915 1256 1138 1312; x_wconf 84' lang='lat' dir='ltr'><strong>Christo</strong></span> <span class='ocrx_word' id='word_1_86' title='bbox 1187 1256 1446 1310; x_wconf 84' lang='lat' dir='ltr'><strong>referens</strong></span> <span class='ocrx_word' id='word_1_87' title='bbox 1495 1255 1566 1310; x_wconf 89' lang='lat' dir='ltr'><strong>de</strong></span> <span class='ocrx_word' id='word_1_88' title='bbox 1617 1255 1844 1310; x_wconf 89' lang='lat' dir='ltr'><strong>reddito</strong></span> <span class='ocrx_word' id='word_1_89' title='bbox 1890 1272 2012 1310; x_wconf 90' lang='lat' dir='ltr'><strong>cor-</strong></span> 
     </span>
    </p>
   </div>
   <div class='ocr_carea' id='block_1_12' title="bbox 385 1352 638 1423">
    <p class='ocr_par' dir='ltr' id='par_1_12' title="bbox 385 1352 638 1423">
     <span class='ocr_line' id='line_1_12' title="bbox 385 1352 638 1423; baseline -0.008 -17"><span class='ocrx_word' id='word_1_90' title='bbox 385 1352 638 1423; x_wconf 88' lang='lat' dir='ltr'><strong>pusculo.</strong></span> 
     </span>
    </p>
   </div>
   <div class='ocr_carea' id='block_1_13' title="bbox 2183 601 3760 679">
    <p class='ocr_par' dir='ltr' id='par_1_13' title="bbox 2183 601 3760 679">
     <span class='ocr_line' id='line_1_13' title="bbox 2183 601 3760 679; baseline -0.006 -15"><span class='ocrx_word' id='word_1_91' title='bbox 2183 611 2308 664; x_wconf 85' lang='lat' dir='ltr'><strong>XLI.</strong></span> <span class='ocrx_word' id='word_1_92' title='bbox 2343 610 2484 664; x_wconf 92' lang='lat' dir='ltr'><strong>Cum</strong></span> <span class='ocrx_word' id='word_1_93' title='bbox 2525 608 2598 662; x_wconf 92' lang='lat' dir='ltr'><strong>ad</strong></span> <span class='ocrx_word' id='word_1_94' title='bbox 2639 607 3058 679; x_wconf 81' lang='lat' dir='ltr'><strong>possessionem</strong></span> <span class='ocrx_word' id='word_1_95' title='bbox 3091 604 3346 658; x_wconf 65' lang='lat' dir='ltr'><strong>ecclesim</strong></span> <span class='ocrx_word' id='word_1_96' title='bbox 3383 618 3511 674; x_wconf 75' lang='lat' dir='ltr'><strong>quae</strong></span> <span class='ocrx_word' id='word_1_97' title='bbox 3542 601 3760 656; x_wconf 91' lang='lat' dir='ltr'><strong>dicitur</strong></span> 
     </span>
    </p>
   </div>
   <div class='ocr_carea' id='block_1_14' title="bbox 2113 694 3754 772">
    <p class='ocr_par' dir='ltr' id='par_1_14' title="bbox 2113 694 3754 772">
     <span class='ocr_line' id='line_1_14' title="bbox 2113 694 3754 772; baseline -0.005 -15"><span class='ocrx_word' id='word_1_98' title='bbox 2113 703 2312 757; x_wconf 90' lang='lat' dir='ltr'><strong>Inethe</strong></span> <span class='ocrx_word' id='word_1_99' title='bbox 2344 702 2482 772; x_wconf 80' lang='lat' dir='ltr'><strong>(AL,</strong></span> <span class='ocrx_word' id='word_1_100' title='bbox 2510 701 2568 754; x_wconf 91' lang='lat' dir='ltr'><strong>in</strong></span> <span class='ocrx_word' id='word_1_101' title='bbox 2598 701 2804 771; x_wconf 66' lang='lat' dir='ltr'><strong>Ethe),</strong></span> <span class='ocrx_word' id='word_1_102' title='bbox 2836 698 3114 754; x_wconf 86' lang='lat' dir='ltr'><strong>Sacerdos</strong></span> <span class='ocrx_word' id='word_1_103' title='bbox 3160 697 3477 762; x_wconf 88' lang='lat' dir='ltr'><strong>accederet,</strong></span> <span class='ocrx_word' id='word_1_104' title='bbox 3513 694 3754 766; x_wconf 90' lang='lat' dir='ltr'><strong>quidam</strong></span> 
     </span>
    </p>
   </div>
   <div class='ocr_carea' id='block_1_15' title="bbox 2115 789 3754 864">
    <p class='ocr_par' dir='ltr' id='par_1_15' title="bbox 2115 789 3754 864">
     <span class='ocr_line' id='line_1_15' title="bbox 2115 789 3754 864; baseline -0.005 -14"><span class='ocrx_word' id='word_1_105' title='bbox 2115 795 2165 849; x_wconf 91' lang='lat' dir='ltr'><strong>ei</strong></span> <span class='ocrx_word' id='word_1_106' title='bbox 2192 797 2258 850; x_wconf 88' lang='lat' dir='ltr'><strong>fit</strong></span> <span class='ocrx_word' id='word_1_107' title='bbox 2284 795 2500 860; x_wconf 89' lang='lat' dir='ltr'><strong>obvius,</strong></span> <span class='ocrx_word' id='word_1_108' title='bbox 2533 809 2896 864; x_wconf 86' lang='lat' dir='ltr'><strong>conquerens</strong></span> <span class='ocrx_word' id='word_1_109' title='bbox 2925 792 2995 845; x_wconf 91' lang='lat' dir='ltr'><strong>de</strong></span> <span class='ocrx_word' id='word_1_110' title='bbox 3029 791 3280 862; x_wconf 88' lang='lat' dir='ltr'><strong>quadam</strong></span> <span class='ocrx_word' id='word_1_111' title='bbox 3310 789 3440 851; x_wconf 87' lang='lat' dir='ltr'><strong>villa</strong></span> <span class='ocrx_word' id='word_1_112' title='bbox 3472 805 3530 842; x_wconf 91' lang='lat' dir='ltr'><strong>se</strong></span> <span class='ocrx_word' id='word_1_113' title='bbox 3563 789 3754 842; x_wconf 90' lang='lat' dir='ltr'><strong>solum</strong></span> 
     </span>
    </p>
   </div>
   <div class='ocr_carea' id='block_1_16' title="bbox 2113 872 3754 953">
    <p class='ocr_par' dir='ltr' id='par_1_16' title="bbox 2113 872 3754 953">
     <span class='ocr_line' id='line_1_16' title="bbox 2113 872 3754 953; baseline -0.005 -11"><span class='ocrx_word' id='word_1_114' title='bbox 2113 887 2443 943; x_wconf 89' lang='lat' dir='ltr'><strong>incolumen</strong></span> <span class='ocrx_word' id='word_1_115' title='bbox 2469 872 2614 953; x_wconf 87' lang='lat' dir='ltr'><strong>esse,</strong></span> <span class='ocrx_word' id='word_1_116' title='bbox 2645 886 2938 940; x_wconf 84' lang='lat' dir='ltr'><strong>universos</strong></span> <span class='ocrx_word' id='word_1_117' title='bbox 2967 900 3101 937; x_wconf 86' lang='lat' dir='ltr'><strong>vero</strong></span> <span class='ocrx_word' id='word_1_118' title='bbox 3135 883 3356 937; x_wconf 86' lang='lat' dir='ltr'><strong>accolas</strong></span> <span class='ocrx_word' id='word_1_119' title='bbox 3387 881 3542 953; x_wconf 81' lang='lat' dir='ltr'><strong>gravi</strong></span> <span class='ocrx_word' id='word_1_120' title='bbox 3575 879 3754 934; x_wconf 75' lang='lat' dir='ltr'><strong>taedio</strong></span> 
     </span>
    </p>
   </div>
   <div class='ocr_carea' id='block_1_17' title="bbox 2114 973 3756 1050">
    <p class='ocr_par' dir='ltr' id='par_1_17' title="bbox 2114 973 3756 1050">
     <span class='ocr_line' id='line_1_17' title="bbox 2114 973 3756 1050; baseline -0.005 -16"><span class='ocrx_word' id='word_1_121' title='bbox 2114 981 2399 1034; x_wconf 86' lang='lat' dir='ltr'><strong>laborare.</strong></span> <span class='ocrx_word' id='word_1_122' title='bbox 2427 979 2598 1050; x_wconf 86' lang='lat' dir='ltr'><strong>Cujus</strong></span> <span class='ocrx_word' id='word_1_123' title='bbox 2627 978 2869 1049; x_wconf 90' lang='lat' dir='ltr'><strong>eulogiis</strong></span> <span class='ocrx_word' id='word_1_124' title='bbox 2890 977 2963 1031; x_wconf 90' lang='lat' dir='ltr'><strong>ad</strong></span> <span class='ocrx_word' id='word_1_125' title='bbox 2985 976 3245 1030; x_wconf 85' lang='lat' dir='ltr'><strong>inﬁrmos</strong></span> <span class='ocrx_word' id='word_1_126' title='bbox 3270 974 3529 1046; x_wconf 80' lang='lat' dir='ltr'><strong>portatis,</strong></span> <span class='ocrx_word' id='word_1_127' title='bbox 3553 973 3756 1027; x_wconf 83' lang='lat' dir='ltr'><strong>statim</strong></span> 
     </span>
    </p>
   </div>
   <div class='ocr_carea' id='block_1_18' title="bbox 2116 1067 3757 1144">
    <p class='ocr_par' dir='ltr' id='par_1_18' title="bbox 2116 1067 3757 1144">
     <span class='ocr_line' id='line_1_18' title="bbox 2116 1067 3757 1144; baseline -0.005 -17"><span class='ocrx_word' id='word_1_128' title='bbox 2116 1073 2188 1127; x_wconf 91' lang='lat' dir='ltr'><strong>ab</strong></span> <span class='ocrx_word' id='word_1_129' title='bbox 2209 1073 2440 1144; x_wconf 71' lang='lat' dir='ltr'><strong>aegrotis</strong></span> <span class='ocrx_word' id='word_1_130' title='bbox 2458 1074 2705 1143; x_wconf 85' lang='lat' dir='ltr'><strong>languor</strong></span> <span class='ocrx_word' id='word_1_131' title='bbox 2721 1071 2908 1126; x_wconf 89' lang='lat' dir='ltr'><strong>omnis</strong></span> <span class='ocrx_word' id='word_1_132' title='bbox 2927 1071 3159 1140; x_wconf 89' lang='lat' dir='ltr'><strong>fugatus</strong></span> <span class='ocrx_word' id='word_1_133' title='bbox 3177 1071 3280 1136; x_wconf 87' lang='lat' dir='ltr'><strong>est,</strong></span> <span class='ocrx_word' id='word_1_134' title='bbox 3301 1070 3358 1121; x_wconf 91' lang='lat' dir='ltr'><strong>et</strong></span> <span class='ocrx_word' id='word_1_135' title='bbox 3374 1067 3560 1138; x_wconf 91' lang='lat' dir='ltr'><strong>primo</strong></span> <span class='ocrx_word' id='word_1_136' title='bbox 3581 1069 3757 1137; x_wconf 89' lang='lat' dir='ltr'><strong>gustu</strong></span> 
     </span>
    </p>
   </div>
   <div class='ocr_carea' id='block_1_19' title="bbox 2116 1159 3756 1236">
    <p class='ocr_par' dir='ltr' id='par_1_19' title="bbox 2116 1159 3756 1236">
     <span class='ocr_line' id='line_1_19' title="bbox 2116 1159 3756 1236; baseline -0.004 -18"><span class='ocrx_word' id='word_1_137' title='bbox 2116 1165 2476 1236; x_wconf 90' lang='lat' dir='ltr'><strong>eulogiarum</strong></span> <span class='ocrx_word' id='word_1_138' title='bbox 2517 1165 2753 1220; x_wconf 87' lang='lat' dir='ltr'><strong>morbus</strong></span> <span class='ocrx_word' id='word_1_139' title='bbox 2778 1180 2908 1218; x_wconf 91' lang='lat' dir='ltr'><strong>cum</strong></span> <span class='ocrx_word' id='word_1_140' title='bbox 2940 1179 3089 1234; x_wconf 89' lang='lat' dir='ltr'><strong>pane</strong></span> <span class='ocrx_word' id='word_1_141' title='bbox 3117 1164 3490 1231; x_wconf 89' lang='lat' dir='ltr'><strong>consumptus</strong></span> <span class='ocrx_word' id='word_1_142' title='bbox 3519 1163 3624 1214; x_wconf 89' lang='lat' dir='ltr'><strong>est.</strong></span> <span class='ocrx_word' id='word_1_143' title='bbox 3659 1159 3756 1214; x_wconf 87' lang='lat' dir='ltr'><strong>Sic</strong></span> 
     </span>
    </p>
   </div>
   <div class='ocr_carea' id='block_1_20' title="bbox 2116 1253 3602 1312">
    <p class='ocr_par' dir='ltr' id='par_1_20' title="bbox 2116 1253 3602 1312">
     <span class='ocr_line' id='line_1_20' title="bbox 2116 1253 3602 1312; baseline -0.004 0"><span class='ocrx_word' id='word_1_144' title='bbox 2116 1259 2225 1312; x_wconf 88' lang='lat' dir='ltr'><strong>fuit</strong></span> <span class='ocrx_word' id='word_1_145' title='bbox 2254 1259 2326 1312; x_wconf 88' lang='lat' dir='ltr'><strong>ab</strong></span> <span class='ocrx_word' id='word_1_146' title='bbox 2354 1258 2452 1312; x_wconf 93' lang='lat' dir='ltr'><strong>illa</strong></span> <span class='ocrx_word' id='word_1_147' title='bbox 2477 1258 2646 1312; x_wconf 91' lang='lat' dir='ltr'><strong>turba</strong></span> <span class='ocrx_word' id='word_1_148' title='bbox 2672 1274 2802 1311; x_wconf 92' lang='lat' dir='ltr'><strong>cum</strong></span> <span class='ocrx_word' id='word_1_149' title='bbox 2831 1272 2957 1310; x_wconf 89' lang='lat' dir='ltr'><strong>esca</strong></span> <span class='ocrx_word' id='word_1_150' title='bbox 2986 1256 3200 1310; x_wconf 84' lang='lat' dir='ltr'><strong>sanitas</strong></span> <span class='ocrx_word' id='word_1_151' title='bbox 3226 1253 3602 1308; x_wconf 78' lang='lat' dir='ltr'><strong>manducata!</strong></span> 
     </span>
    </p>
   </div>
   <div class='ocr_carea' id='block_1_21' title="bbox 2187 1347 3756 1406">
    <p class='ocr_par' dir='ltr' id='par_1_21' title="bbox 2187 1347 3756 1406">
     <span class='ocr_line' id='line_1_21' title="bbox 2187 1347 3756 1406; baseline -0.006 0"><span class='ocrx_word' id='word_1_152' title='bbox 2187 1351 2337 1406; x_wconf 89' lang='lat' dir='ltr'><strong>XLII.</strong></span> <span class='ocrx_word' id='word_1_153' title='bbox 2364 1353 2506 1404; x_wconf 87' lang='lat' dir='ltr'><strong>Item</strong></span> <span class='ocrx_word' id='word_1_154' title='bbox 2533 1367 2662 1404; x_wconf 89' lang='lat' dir='ltr'><strong>cum</strong></span> <span class='ocrx_word' id='word_1_155' title='bbox 2693 1349 2939 1404; x_wconf 86' lang='lat' dir='ltr'><strong>Parisios</strong></span> <span class='ocrx_word' id='word_1_156' title='bbox 2971 1349 3044 1403; x_wconf 87' lang='lat' dir='ltr'><strong>ad</strong></span> <span class='ocrx_word' id='word_1_157' title='bbox 3074 1348 3368 1402; x_wconf 84' lang='lat' dir='ltr'><strong>basilicam</strong></span> <span class='ocrx_word' id='word_1_158' title='bbox 3410 1347 3596 1400; x_wconf 66' lang='lat' dir='ltr'><strong>beatae</strong></span> <span class='ocrx_word' id='word_1_159' title='bbox 3623 1361 3756 1399; x_wconf 90' lang='lat' dir='ltr'><strong>cru-</strong></span> 
     </span>
    </p>
   </div>
   <div class='ocr_carea' id='block_1_22' title="bbox 455 1438 3760 1515">
    <p class='ocr_par' dir='ltr' id='par_1_22' title="bbox 455 1438 3760 1515">
     <span class='ocr_line' id='line_1_22' title="bbox 455 1438 3760 1515; baseline -0.002 -16"><span class='ocrx_word' id='word_1_160' title='bbox 455 1446 715 1500; x_wconf 83' lang='lat' dir='ltr'><strong>XXXVIII.</strong></span> <span class='ocrx_word' id='word_1_161' title='bbox 767 1444 879 1497; x_wconf 79' lang='lat' dir='ltr'><strong>Nec</strong></span> <span class='ocrx_word' id='word_1_162' title='bbox 935 1442 1044 1496; x_wconf 90' lang='lat' dir='ltr'><strong>hoc</strong></span> <span class='ocrx_word' id='word_1_163' title='bbox 1098 1441 1566 1514; x_wconf 70' lang='lat' dir='ltr'><strong>praetereundum</strong></span> <span class='ocrx_word' id='word_1_164' title='bbox 1615 1445 1720 1510; x_wconf 89' lang='lat' dir='ltr'><strong>est,</strong></span> <span class='ocrx_word' id='word_1_165' title='bbox 1773 1444 2019 1515; x_wconf 85' lang='lat' dir='ltr'><strong>qualiter</strong></span> <span class='ocrx_word' id='word_1_166' title='bbox 2119 1445 2197 1500; x_wconf 89' lang='lat' dir='ltr'><strong>cis</strong></span> <span class='ocrx_word' id='word_1_167' title='bbox 2222 1445 2287 1515; x_wconf 82' lang='lat' dir='ltr'><strong>(c)</strong></span> <span class='ocrx_word' id='word_1_168' title='bbox 2315 1444 2398 1498; x_wconf 87' lang='lat' dir='ltr'><strong>vir</strong></span> <span class='ocrx_word' id='word_1_169' title='bbox 2424 1443 2522 1498; x_wconf 89' lang='lat' dir='ltr'><strong>Dei</strong></span> <span class='ocrx_word' id='word_1_170' title='bbox 2551 1442 2910 1514; x_wconf 87' lang='lat' dir='ltr'><strong>procederet,</strong></span> <span class='ocrx_word' id='word_1_171' title='bbox 2943 1441 3151 1495; x_wconf 90' lang='lat' dir='ltr'><strong>mulier</strong></span> <span class='ocrx_word' id='word_1_172' title='bbox 3181 1440 3481 1511; x_wconf 88' lang='lat' dir='ltr'><strong>parvulum</strong></span> <span class='ocrx_word' id='word_1_173' title='bbox 3513 1439 3570 1492; x_wconf 92' lang='lat' dir='ltr'><strong>in</strong></span> <span class='ocrx_word' id='word_1_174' title='bbox 3609 1438 3760 1492; x_wconf 89' lang='lat' dir='ltr'><strong>albis</strong></span> 
     </span>
    </p>
   </div>
   <div class='ocr_carea' id='block_1_23' title="bbox 387 1533 3758 1607">
    <p class='ocr_par' dir='ltr' id='par_1_23' title="bbox 387 1533 3758 1607">
     <span class='ocr_line' id='line_1_23' title="bbox 387 1533 3758 1607; baseline -0.002 -16"><span class='ocrx_word' id='word_1_175' title='bbox 387 1536 558 1591; x_wconf 89' lang='lat' dir='ltr'><strong>simili</strong></span> <span class='ocrx_word' id='word_1_176' title='bbox 584 1535 792 1590; x_wconf 92' lang='lat' dir='ltr'><strong>merito</strong></span> <span class='ocrx_word' id='word_1_177' title='bbox 824 1535 1028 1590; x_wconf 89' lang='lat' dir='ltr'><strong>claruit</strong></span> <span class='ocrx_word' id='word_1_178' title='bbox 1054 1535 1232 1590; x_wconf 87' lang='lat' dir='ltr'><strong>virtus</strong></span> <span class='ocrx_word' id='word_1_179' title='bbox 1263 1535 1321 1590; x_wconf 92' lang='lat' dir='ltr'><strong>in</strong></span> <span class='ocrx_word' id='word_1_180' title='bbox 1349 1537 1551 1590; x_wconf 89' lang='lat' dir='ltr'><strong>altero.</strong></span> <span class='ocrx_word' id='word_1_181' title='bbox 1579 1537 1760 1606; x_wconf 85' lang='lat' dir='ltr'><strong>Igitur</strong></span> <span class='ocrx_word' id='word_1_182' title='bbox 1787 1537 2017 1590; x_wconf 87' lang='lat' dir='ltr'><strong>Emme-</strong></span> <span class='ocrx_word' id='word_1_183' title='bbox 2123 1538 2323 1592; x_wconf 86' lang='lat' dir='ltr'><strong>ultimo</strong></span> <span class='ocrx_word' id='word_1_184' title='bbox 2361 1537 2501 1591; x_wconf 91' lang='lat' dir='ltr'><strong>ﬂatu</strong></span> <span class='ocrx_word' id='word_1_185' title='bbox 2538 1537 2916 1607; x_wconf 86' lang='lat' dir='ltr'><strong>palpitantem</strong></span> <span class='ocrx_word' id='word_1_186' title='bbox 2961 1537 3018 1588; x_wconf 91' lang='lat' dir='ltr'><strong>et</strong></span> <span class='ocrx_word' id='word_1_187' title='bbox 3047 1535 3170 1606; x_wconf 90' lang='lat' dir='ltr'><strong>jam</strong></span> <span class='ocrx_word' id='word_1_188' title='bbox 3201 1533 3586 1604; x_wconf 82' lang='lat' dir='ltr'><strong>migraturum</strong></span> <span class='ocrx_word' id='word_1_189' title='bbox 3617 1535 3758 1585; x_wconf 85' lang='lat' dir='ltr'><strong>ante</strong></span> 
     </span>
    </p>
   </div>
   <div class='ocr_carea' id='block_1_24' title="bbox 390 1624 3762 1702">
    <p class='ocr_par' dir='ltr' id='par_1_24' title="bbox 390 1624 3762 1702">
     <span class='ocr_line' id='line_1_24' title="bbox 390 1624 3762 1702; baseline -0.002 -18"><span class='ocrx_word' id='word_1_190' title='bbox 390 1630 600 1702; x_wconf 89' lang='lat' dir='ltr'><strong>gesilus</strong></span> <span class='ocrx_word' id='word_1_191' title='bbox 625 1629 695 1683; x_wconf 91' lang='lat' dir='ltr'><strong>de</strong></span> <span class='ocrx_word' id='word_1_192' title='bbox 727 1628 848 1684; x_wconf 83' lang='lat' dir='ltr'><strong>vico</strong></span> <span class='ocrx_word' id='word_1_193' title='bbox 871 1629 1141 1683; x_wconf 91' lang='lat' dir='ltr'><strong>Bucciaco</strong></span> <span class='ocrx_word' id='word_1_194' title='bbox 1165 1629 1258 1700; x_wconf 86' lang='lat' dir='ltr'><strong>(b),</strong></span> <span class='ocrx_word' id='word_1_195' title='bbox 1283 1629 1518 1700; x_wconf 89' lang='lat' dir='ltr'><strong>quidam</strong></span> <span class='ocrx_word' id='word_1_196' title='bbox 1538 1645 1682 1701; x_wconf 91' lang='lat' dir='ltr'><strong>puer</strong></span> <span class='ocrx_word' id='word_1_197' title='bbox 1702 1629 2018 1684; x_wconf 89' lang='lat' dir='ltr'><strong>admodum</strong></span> <span class='ocrx_word' id='word_1_198' title='bbox 2121 1632 2392 1686; x_wconf 89' lang='lat' dir='ltr'><strong>Sanctum</strong></span> <span class='ocrx_word' id='word_1_199' title='bbox 2425 1629 2686 1701; x_wconf 77' lang='lat' dir='ltr'><strong>exposuit</strong></span> <span class='ocrx_word' id='word_1_200' title='bbox 2711 1627 2907 1683; x_wconf 91' lang='lat' dir='ltr'><strong>dicens</strong></span> <span class='ocrx_word' id='word_1_201' title='bbox 2935 1645 2948 1682; x_wconf 87' lang='lat'>:</span> <span class='ocrx_word' id='word_1_202' title='bbox 2982 1627 3078 1681; x_wconf 90' lang='lat' dir='ltr'><strong>Pie</strong></span> <span class='ocrx_word' id='word_1_203' title='bbox 3103 1629 3292 1694; x_wconf 90' lang='lat' dir='ltr'><strong>Pater,</strong></span> <span class='ocrx_word' id='word_1_204' title='bbox 3317 1626 3361 1680; x_wconf 89' lang='lat' dir='ltr'><strong>si</strong></span> <span class='ocrx_word' id='word_1_205' title='bbox 3385 1626 3557 1679; x_wconf 88' lang='lat' dir='ltr'><strong>velles</strong></span> <span class='ocrx_word' id='word_1_206' title='bbox 3583 1624 3658 1679; x_wconf 90' lang='lat' dir='ltr'><strong>ad</strong></span> <span class='ocrx_word' id='word_1_207' title='bbox 3679 1625 3762 1678; x_wconf 90' lang='lat' dir='ltr'><strong>la-</strong></span> 
     </span>
    </p>
   </div>
   <div class='ocr_carea' id='block_1_25' title="bbox 387 1718 3756 1796">
    <p class='ocr_par' dir='ltr' id='par_1_25' title="bbox 387 1718 3756 1796">
     <span class='ocr_line' id='line_1_25' title="bbox 387 1718 3756 1796; baseline -0.001 -19"><span class='ocrx_word' id='word_1_208' title='bbox 387 1724 655 1796; x_wconf 86' lang='lat' dir='ltr'><strong>parvulus</strong></span> <span class='ocrx_word' id='word_1_209' title='bbox 698 1721 974 1776; x_wconf 89' lang='lat' dir='ltr'><strong>membris</strong></span> <span class='ocrx_word' id='word_1_210' title='bbox 1012 1722 1359 1793; x_wconf 83' lang='lat' dir='ltr'><strong>paralyticus</strong></span> <span class='ocrx_word' id='word_1_211' title='bbox 1401 1722 1458 1775; x_wconf 92' lang='lat' dir='ltr'><strong>in</strong></span> <span class='ocrx_word' id='word_1_212' title='bbox 1501 1723 1640 1776; x_wconf 90' lang='lat' dir='ltr'><strong>sella</strong></span> <span class='ocrx_word' id='word_1_213' title='bbox 1669 1721 1914 1776; x_wconf 89' lang='lat' dir='ltr'><strong>Parisios</strong></span> <span class='ocrx_word' id='word_1_214' title='bbox 1946 1720 2019 1775; x_wconf 91' lang='lat' dir='ltr'><strong>ad</strong></span> <span class='ocrx_word' id='word_1_215' title='bbox 2121 1726 2480 1778; x_wconf 89' lang='lat' dir='ltr'><strong>mentantem</strong></span> <span class='ocrx_word' id='word_1_216' title='bbox 2523 1721 2828 1793; x_wconf 87' lang='lat' dir='ltr'><strong>respicere,</strong></span> <span class='ocrx_word' id='word_1_217' title='bbox 2865 1724 3054 1776; x_wconf 86' lang='lat' dir='ltr'><strong>mater</strong></span> <span class='ocrx_word' id='word_1_218' title='bbox 3094 1719 3298 1774; x_wconf 81' lang='lat' dir='ltr'><strong>flebilis</strong></span> <span class='ocrx_word' id='word_1_219' title='bbox 3335 1735 3450 1774; x_wconf 89' lang='lat' dir='ltr'><strong>non</strong></span> <span class='ocrx_word' id='word_1_220' title='bbox 3494 1718 3756 1772; x_wconf 87' lang='lat' dir='ltr'><strong>orbarer.</strong></span> 
     </span>
    </p>
   </div>
   <div class='ocr_carea' id='block_1_26' title="bbox 391 1802 3758 1886">
    <p class='ocr_par' dir='ltr' id='par_1_26' title="bbox 391 1802 3758 1886">
     <span class='ocr_line' id='line_1_26' title="bbox 391 1802 3758 1886; baseline -0.002 -16"><span class='ocrx_word' id='word_1_221' title='bbox 391 1818 654 1874; x_wconf 86' lang='lat' dir='ltr'><strong>sanctum</strong></span> <span class='ocrx_word' id='word_1_222' title='bbox 679 1815 861 1869; x_wconf 90' lang='lat' dir='ltr'><strong>virum</strong></span> <span class='ocrx_word' id='word_1_223' title='bbox 884 1815 1150 1868; x_wconf 82' lang='lat' dir='ltr'><strong>manibus</strong></span> <span class='ocrx_word' id='word_1_224' title='bbox 1169 1815 1551 1884; x_wconf 87' lang='lat' dir='ltr'><strong>bajulantium</strong></span> <span class='ocrx_word' id='word_1_225' title='bbox 1574 1815 1797 1868; x_wconf 88' lang='lat' dir='ltr'><strong>delatus</strong></span> <span class='ocrx_word' id='word_1_226' title='bbox 1819 1819 1905 1868; x_wconf 90' lang='lat' dir='ltr'><strong>est</strong></span> <span class='ocrx_word' id='word_1_227' title='bbox 1925 1814 2015 1886; x_wconf 86' lang='lat' dir='ltr'><strong>(c).</strong></span> <span class='ocrx_word' id='word_1_228' title='bbox 2040 1802 2096 1872; x_wconf 87' lang='grc' dir='ltr'><strong>Β</strong></span> <span class='ocrx_word' id='word_1_229' title='bbox 2121 1818 2314 1886; x_wconf 74' lang='lat' dir='ltr'><strong>Neque</strong></span> <span class='ocrx_word' id='word_1_230' title='bbox 2341 1815 2473 1870; x_wconf 88' lang='lat' dir='ltr'><strong>hinc</strong></span> <span class='ocrx_word' id='word_1_231' title='bbox 2499 1815 2792 1870; x_wconf 85' lang='lat' dir='ltr'><strong>discedere</strong></span> <span class='ocrx_word' id='word_1_232' title='bbox 2816 1815 3018 1868; x_wconf 86' lang='lat' dir='ltr'><strong>malles</strong></span> <span class='ocrx_word' id='word_1_233' title='bbox 3043 1815 3277 1885; x_wconf 83' lang='lat' dir='ltr'><strong>plenam</strong></span> <span class='ocrx_word' id='word_1_234' title='bbox 3304 1811 3522 1883; x_wconf 88' lang='lat' dir='ltr'><strong>gemitu</strong></span> <span class='ocrx_word' id='word_1_235' title='bbox 3547 1827 3758 1864; x_wconf 87' lang='lat' dir='ltr'><strong>vacua-</strong></span> 
     </span>
    </p>
   </div>
   <div class='ocr_carea' id='block_1_27' title="bbox 391 1900 3756 1978">
    <p class='ocr_par' dir='ltr' id='par_1_27' title="bbox 391 1900 3756 1978">
     <span class='ocr_line' id='line_1_27' title="bbox 391 1900 3756 1978; baseline -0.001 -15"><span class='ocrx_word' id='word_1_236' title='bbox 391 1911 503 1963; x_wconf 72' lang='lat' dir='ltr'><strong>Nec</strong></span> <span class='ocrx_word' id='word_1_237' title='bbox 540 1909 739 1962; x_wconf 82' lang='lat' dir='ltr'><strong>dextra</strong></span> <span class='ocrx_word' id='word_1_238' title='bbox 775 1908 974 1978; x_wconf 88' lang='lat' dir='ltr'><strong>vigens</strong></span> <span class='ocrx_word' id='word_1_239' title='bbox 1005 1907 1222 1974; x_wconf 86' lang='lat' dir='ltr'><strong>mobili,</strong></span> <span class='ocrx_word' id='word_1_240' title='bbox 1257 1924 1362 1961; x_wconf 89' lang='lat' dir='ltr'><strong>nec</strong></span> <span class='ocrx_word' id='word_1_241' title='bbox 1403 1909 1601 1977; x_wconf 86' lang='lat' dir='ltr'><strong>planta</strong></span> <span class='ocrx_word' id='word_1_242' title='bbox 1633 1925 1875 1978; x_wconf 83' lang='lat' dir='ltr'><strong>surgens</strong></span> <span class='ocrx_word' id='word_1_243' title='bbox 1905 1911 2016 1961; x_wconf 90' lang='lat' dir='ltr'><strong>sta-</strong></span> <span class='ocrx_word' id='word_1_244' title='bbox 2122 1900 2239 1963; x_wconf 87' lang='lat' dir='ltr'><strong>tam</strong></span> <span class='ocrx_word' id='word_1_245' title='bbox 2269 1909 2339 1963; x_wconf 90' lang='lat' dir='ltr'><strong>de</strong></span> <span class='ocrx_word' id='word_1_246' title='bbox 2369 1910 2575 1962; x_wconf 86' lang='lat' dir='ltr'><strong>fructu.</strong></span> <span class='ocrx_word' id='word_1_247' title='bbox 2609 1910 2677 1962; x_wconf 91' lang='lat' dir='ltr'><strong>Et</strong></span> <span class='ocrx_word' id='word_1_248' title='bbox 2704 1908 2810 1962; x_wconf 88' lang='lat' dir='ltr'><strong>nisi</strong></span> <span class='ocrx_word' id='word_1_249' title='bbox 2847 1907 3080 1960; x_wconf 86' lang='lat' dir='ltr'><strong>festines</strong></span> <span class='ocrx_word' id='word_1_250' title='bbox 3107 1923 3457 1972; x_wconf 87' lang='lat' dir='ltr'><strong>succurrere,</strong></span> <span class='ocrx_word' id='word_1_251' title='bbox 3483 1905 3641 1958; x_wconf 82' lang='lat' dir='ltr'><strong>vides</strong></span> <span class='ocrx_word' id='word_1_252' title='bbox 3668 1903 3756 1959; x_wconf 85' lang='lat' dir='ltr'><strong>in-</strong></span> 
     </span>
    </p>
   </div>
   <div class='ocr_carea' id='block_1_28' title="bbox 389 1982 3764 2072">
    <p class='ocr_par' dir='ltr' id='par_1_28' title="bbox 389 1982 3764 2072">
     <span class='ocr_line' id='line_1_28' title="bbox 389 1982 3764 2072; baseline -0.001 -16"><span class='ocrx_word' id='word_1_253' title='bbox 389 2001 512 2069; x_wconf 91' lang='lat' dir='ltr'><strong>bili,</strong></span> <span class='ocrx_word' id='word_1_254' title='bbox 555 2019 660 2056; x_wconf 90' lang='lat' dir='ltr'><strong>nec</strong></span> <span class='ocrx_word' id='word_1_255' title='bbox 702 2001 900 2071; x_wconf 88' lang='lat' dir='ltr'><strong>lingua</strong></span> <span class='ocrx_word' id='word_1_256' title='bbox 947 2018 1157 2055; x_wconf 89' lang='lat' dir='ltr'><strong>sonans</strong></span> <span class='ocrx_word' id='word_1_257' title='bbox 1203 1999 1456 2067; x_wconf 87' lang='lat' dir='ltr'><strong>volubili,</strong></span> <span class='ocrx_word' id='word_1_258' title='bbox 1495 2001 1667 2055; x_wconf 88' lang='lat' dir='ltr'><strong>totius</strong></span> <span class='ocrx_word' id='word_1_259' title='bbox 1713 2000 2023 2055; x_wconf 84' lang='lat' dir='ltr'><strong>debilitatis</strong></span> <span class='ocrx_word' id='word_1_260' title='bbox 2121 2001 2344 2056; x_wconf 90' lang='lat' dir='ltr'><strong>felicem</strong></span> <span class='ocrx_word' id='word_1_261' title='bbox 2369 2005 2745 2072; x_wconf 84' lang='lat' dir='ltr'><strong>extorquente</strong></span> <span class='ocrx_word' id='word_1_262' title='bbox 2765 2003 2952 2056; x_wconf 87' lang='lat' dir='ltr'><strong>morte</strong></span> <span class='ocrx_word' id='word_1_263' title='bbox 2975 1982 3098 2072; x_wconf 87' lang='lat' dir='ltr'><strong>rapi</strong></span> <span class='ocrx_word' id='word_1_264' title='bbox 3121 2002 3320 2054; x_wconf 89' lang='lat' dir='ltr'><strong>natum</strong></span> <span class='ocrx_word' id='word_1_265' title='bbox 3342 1999 3414 2053; x_wconf 90' lang='lat' dir='ltr'><strong>ab</strong></span> <span class='ocrx_word' id='word_1_266' title='bbox 3430 1999 3626 2052; x_wconf 90' lang='lat' dir='ltr'><strong>ubere.</strong></span> <span class='ocrx_word' id='word_1_267' title='bbox 3646 1997 3764 2052; x_wconf 83' lang='lat' dir='ltr'><strong>Aut</strong></span> 
     </span>
    </p>
   </div>
   <div class='ocr_carea' id='block_1_29' title="bbox 392 2093 3761 2165">
    <p class='ocr_par' dir='ltr' id='par_1_29' title="bbox 392 2093 3761 2165">
     <span class='ocr_line' id='line_1_29' title="bbox 392 2093 3761 2165; baseline -0.002 -15"><span class='ocrx_word' id='word_1_268' title='bbox 392 2111 651 2150; x_wconf 88' lang='lat' dir='ltr'><strong>marcore</strong></span> <span class='ocrx_word' id='word_1_269' title='bbox 673 2093 945 2164; x_wconf 88' lang='lat' dir='ltr'><strong>captivus,</strong></span> <span class='ocrx_word' id='word_1_270' title='bbox 970 2093 1402 2163; x_wconf 88' lang='lat' dir='ltr'><strong>quodammodo</strong></span> <span class='ocrx_word' id='word_1_271' title='bbox 1427 2093 1548 2147; x_wconf 89' lang='lat' dir='ltr'><strong>sine</strong></span> <span class='ocrx_word' id='word_1_272' title='bbox 1577 2097 1796 2147; x_wconf 66' lang='lat' dir='ltr'><strong>natura?</strong></span> <span class='ocrx_word' id='word_1_273' title='bbox 1819 2093 2020 2148; x_wconf 90' lang='lat' dir='ltr'><strong>ordine</strong></span> <span class='ocrx_word' id='word_1_274' title='bbox 2120 2095 2303 2149; x_wconf 87' lang='lat' dir='ltr'><strong>ﬁlium</strong></span> <span class='ocrx_word' id='word_1_275' title='bbox 2324 2095 2581 2162; x_wconf 88' lang='lat' dir='ltr'><strong>restitue,</strong></span> <span class='ocrx_word' id='word_1_276' title='bbox 2602 2098 2701 2148; x_wconf 92' lang='lat' dir='ltr'><strong>aut</strong></span> <span class='ocrx_word' id='word_1_277' title='bbox 2720 2095 2936 2165; x_wconf 88' lang='lat' dir='ltr'><strong>pariter</strong></span> <span class='ocrx_word' id='word_1_278' title='bbox 2955 2110 3084 2147; x_wconf 91' lang='lat' dir='ltr'><strong>cum</strong></span> <span class='ocrx_word' id='word_1_279' title='bbox 3101 2093 3223 2164; x_wconf 89' lang='lat' dir='ltr'><strong>ipso</strong></span> <span class='ocrx_word' id='word_1_280' title='bbox 3244 2093 3639 2146; x_wconf 88' lang='lat' dir='ltr'><strong>funeraturam</strong></span> <span class='ocrx_word' id='word_1_281' title='bbox 3662 2107 3761 2144; x_wconf 90' lang='lat' dir='ltr'><strong>me</strong></span> 
     </span>
    </p>
   </div>
   <div class='ocr_carea' id='block_1_30' title="bbox 392 2186 2019 2256">
    <p class='ocr_par' dir='ltr' id='par_1_30' title="bbox 392 2186 2019 2256">
     <span class='ocr_line' id='line_1_30' title="bbox 392 2186 2019 2256; baseline -0.001 -14"><span class='ocrx_word' id='word_1_282' title='bbox 392 2188 450 2242; x_wconf 93' lang='lat' dir='ltr'><strong>in</strong></span> <span class='ocrx_word' id='word_1_283' title='bbox 499 2205 693 2242; x_wconf 90' lang='lat' dir='ltr'><strong>rerum</strong></span> <span class='ocrx_word' id='word_1_284' title='bbox 744 2190 952 2240; x_wconf 88' lang='lat' dir='ltr'><strong>natura</strong></span> <span class='ocrx_word' id='word_1_285' title='bbox 992 2186 1290 2256; x_wconf 81' lang='lat' dir='ltr'><strong>praefusus.</strong></span> <span class='ocrx_word' id='word_1_286' title='bbox 1333 2187 1516 2250; x_wconf 87' lang='lat' dir='ltr'><strong>Quem</strong></span> <span class='ocrx_word' id='word_1_287' title='bbox 1558 2187 1800 2242; x_wconf 90' lang='lat' dir='ltr'><strong>Sanctus</strong></span> <span class='ocrx_word' id='word_1_288' title='bbox 1839 2187 2019 2240; x_wconf 80' lang='lat' dir='ltr'><strong>conti-</strong></span> 
     </span>
    </p>
   </div>
   <div class='ocr_carea' id='block_1_31' title="bbox 392 2277 2024 2352">
    <p class='ocr_par' dir='ltr' id='par_1_31' title="bbox 392 2277 2024 2352">
     <span class='ocr_line' id='line_1_31' title="bbox 392 2277 2024 2352; baseline -0.001 -18"><span class='ocrx_word' id='word_1_289' title='bbox 392 2280 614 2335; x_wconf 89' lang='lat' dir='ltr'><strong>nuatim</strong></span> <span class='ocrx_word' id='word_1_290' title='bbox 663 2297 767 2352; x_wconf 91' lang='lat' dir='ltr'><strong>per</strong></span> <span class='ocrx_word' id='word_1_291' title='bbox 825 2277 1079 2333; x_wconf 87' lang='lat' dir='ltr'><strong>triduum</strong></span> <span class='ocrx_word' id='word_1_292' title='bbox 1131 2295 1292 2334; x_wconf 89' lang='lat' dir='ltr'><strong>sacro</strong></span> <span class='ocrx_word' id='word_1_293' title='bbox 1342 2279 1552 2333; x_wconf 84' lang='lat' dir='ltr'><strong>linicns</strong></span> <span class='ocrx_word' id='word_1_294' title='bbox 1595 2281 1744 2346; x_wconf 91' lang='lat' dir='ltr'><strong>oleo,</strong></span> <span class='ocrx_word' id='word_1_295' title='bbox 1793 2279 2024 2334; x_wconf 87' lang='lat' dir='ltr'><strong>sanitati</strong></span> 
     </span>
    </p>
   </div>
   <div class='ocr_carea' id='block_1_32' title="bbox 391 2371 2021 2443">
    <p class='ocr_par' dir='ltr' id='par_1_32' title="bbox 391 2371 2021 2443">
     <span class='ocr_line' id='line_1_32' title="bbox 391 2371 2021 2443; baseline -0.001 -16"><span class='ocrx_word' id='word_1_296' title='bbox 391 2373 699 2428; x_wconf 89' lang='lat' dir='ltr'><strong>restituens</strong></span> <span class='ocrx_word' id='word_1_297' title='bbox 729 2387 840 2426; x_wconf 88' lang='lat' dir='ltr'><strong>uno</strong></span> <span class='ocrx_word' id='word_1_298' title='bbox 882 2371 986 2425; x_wconf 90' lang='lat' dir='ltr'><strong>sub</strong></span> <span class='ocrx_word' id='word_1_299' title='bbox 1014 2375 1311 2426; x_wconf 89' lang='lat' dir='ltr'><strong>momento</strong></span> <span class='ocrx_word' id='word_1_300' title='bbox 1343 2388 1500 2439; x_wconf 92' lang='lat' dir='ltr'><strong>voce,</strong></span> <span class='ocrx_word' id='word_1_301' title='bbox 1535 2389 1733 2440; x_wconf 89' lang='lat' dir='ltr'><strong>manu,</strong></span> <span class='ocrx_word' id='word_1_302' title='bbox 1763 2371 2021 2443; x_wconf 87' lang='lat' dir='ltr'><strong>vestigio.</strong></span> 
     </span>
    </p>
   </div>
   <div class='ocr_carea' id='block_1_33' title="bbox 393 2465 2026 2536">
    <p class='ocr_par' dir='ltr' id='par_1_33' title="bbox 393 2465 2026 2536">
     <span class='ocr_line' id='line_1_33' title="bbox 393 2465 2026 2536; baseline -0.002 -15"><span class='ocrx_word' id='word_1_303' title='bbox 393 2469 639 2522; x_wconf 85' lang='lat' dir='ltr'><strong>Cunctos</strong></span> <span class='ocrx_word' id='word_1_304' title='bbox 669 2469 870 2536; x_wconf 90' lang='lat' dir='ltr'><strong>stupor</strong></span> <span class='ocrx_word' id='word_1_305' title='bbox 899 2465 1284 2535; x_wconf 87' lang='lat' dir='ltr'><strong>amplectitur,</strong></span> <span class='ocrx_word' id='word_1_306' title='bbox 1317 2465 1536 2518; x_wconf 86' lang='lat' dir='ltr'><strong>clamor</strong></span> <span class='ocrx_word' id='word_1_307' title='bbox 1565 2465 1625 2518; x_wconf 90' lang='lat' dir='ltr'><strong>in</strong></span> <span class='ocrx_word' id='word_1_308' title='bbox 1655 2467 1860 2519; x_wconf 82' lang='lat' dir='ltr'><strong>coelum</strong></span> <span class='ocrx_word' id='word_1_309' title='bbox 1893 2465 2026 2519; x_wconf 90' lang='lat' dir='ltr'><strong>edu-</strong></span> 
     </span>
    </p>
   </div>
   <div class='ocr_carea' id='block_1_34' title="bbox 393 2557 2024 2628">
    <p class='ocr_par' dir='ltr' id='par_1_34' title="bbox 393 2557 2024 2628">
     <span class='ocr_line' id='line_1_34' title="bbox 393 2557 2024 2628; baseline -0.001 -14"><span class='ocrx_word' id='word_1_310' title='bbox 393 2560 540 2614; x_wconf 89' lang='lat' dir='ltr'><strong>citur</strong></span> <span class='ocrx_word' id='word_1_311' title='bbox 568 2575 803 2614; x_wconf 90' lang='lat' dir='ltr'><strong>omnem</strong></span> <span class='ocrx_word' id='word_1_312' title='bbox 835 2561 1020 2612; x_wconf 88' lang='lat' dir='ltr'><strong>artem</strong></span> <span class='ocrx_word' id='word_1_313' title='bbox 1049 2557 1406 2612; x_wconf 89' lang='lat' dir='ltr'><strong>medicorum</strong></span> <span class='ocrx_word' id='word_1_314' title='bbox 1439 2560 1698 2612; x_wconf 89' lang='lat' dir='ltr'><strong>sanctum</strong></span> <span class='ocrx_word' id='word_1_315' title='bbox 1727 2575 2024 2628; x_wconf 87' lang='lat' dir='ltr'><strong>superasse</strong></span> 
     </span>
    </p>
   </div>
   <div class='ocr_carea' id='block_1_35' title="bbox 395 2653 769 2709">
    <p class='ocr_par' dir='ltr' id='par_1_35' title="bbox 395 2653 769 2709">
     <span class='ocr_line' id='line_1_35' title="bbox 395 2653 769 2709; baseline -0.005 -3"><span class='ocrx_word' id='word_1_316' title='bbox 395 2653 769 2709; x_wconf 85' lang='lat' dir='ltr'><strong>Germanum.</strong></span> 
     </span>
    </p>
   </div>
   <div class='ocr_carea' id='block_1_36' title="bbox 464 2743 2025 2816">
    <p class='ocr_par' dir='ltr' id='par_1_36' title="bbox 464 2743 2025 2816">
     <span class='ocr_line' id='line_1_36' title="bbox 464 2743 2025 2816; baseline -0.001 -17"><span class='ocrx_word' id='word_1_317' title='bbox 464 2746 672 2799; x_wconf 80' lang='lat' dir='ltr'><strong>XXXIX.</strong></span> <span class='ocrx_word' id='word_1_318' title='bbox 705 2747 848 2798; x_wconf 90' lang='lat' dir='ltr'><strong>Item</strong></span> <span class='ocrx_word' id='word_1_319' title='bbox 901 2744 972 2798; x_wconf 90' lang='lat' dir='ltr'><strong>de</strong></span> <span class='ocrx_word' id='word_1_320' title='bbox 1023 2745 1230 2799; x_wconf 91' lang='lat' dir='ltr'><strong>eodem</strong></span> <span class='ocrx_word' id='word_1_321' title='bbox 1276 2743 1398 2798; x_wconf 88' lang='lat' dir='ltr'><strong>vico</strong></span> <span class='ocrx_word' id='word_1_322' title='bbox 1441 2744 1711 2800; x_wconf 90' lang='lat' dir='ltr'><strong>Bucciaco</strong></span> <span class='ocrx_word' id='word_1_323' title='bbox 1759 2744 2025 2816; x_wconf 63' lang='lat' dir='ltr'><strong>quaedam</strong></span> 
     </span>
    </p>
   </div>
   <div class='ocr_carea' id='block_1_37' title="bbox 396 2837 2024 2910">
    <p class='ocr_par' dir='ltr' id='par_1_37' title="bbox 396 2837 2024 2910">
     <span class='ocr_line' id='line_1_37' title="bbox 396 2837 2024 2910; baseline -0.001 -17"><span class='ocrx_word' id='word_1_324' title='bbox 396 2837 642 2894; x_wconf 87' lang='lat' dir='ltr'><strong>occurrit</strong></span> <span class='ocrx_word' id='word_1_325' title='bbox 683 2837 928 2892; x_wconf 86' lang='lat' dir='ltr'><strong>Parisios</strong></span> <span class='ocrx_word' id='word_1_326' title='bbox 966 2837 1045 2891; x_wconf 91' lang='lat' dir='ltr'><strong>ita</strong></span> <span class='ocrx_word' id='word_1_327' title='bbox 1085 2854 1264 2891; x_wconf 90' lang='lat' dir='ltr'><strong>manu</strong></span> <span class='ocrx_word' id='word_1_328' title='bbox 1303 2840 1616 2906; x_wconf 87' lang='lat' dir='ltr'><strong>contracta,</strong></span> <span class='ocrx_word' id='word_1_329' title='bbox 1649 2841 1712 2892; x_wconf 91' lang='lat' dir='ltr'><strong>ut</strong></span> <span class='ocrx_word' id='word_1_330' title='bbox 1747 2839 2024 2910; x_wconf 90' lang='lat' dir='ltr'><strong>unguium</strong></span> 
     </span>
    </p>
   </div>
   <div class='ocr_carea' id='block_1_38' title="bbox 395 2929 2024 3001">
    <p class='ocr_par' dir='ltr' id='par_1_38' title="bbox 395 2929 2024 3001">
     <span class='ocr_line' id='line_1_38' title="bbox 395 2929 2024 3001; baseline -0.001 -15"><span class='ocrx_word' id='word_1_331' title='bbox 395 2947 638 2986; x_wconf 89' lang='lat' dir='ltr'><strong>acumen</strong></span> <span class='ocrx_word' id='word_1_332' title='bbox 678 2931 936 3001; x_wconf 89' lang='lat' dir='ltr'><strong>palmam</strong></span> <span class='ocrx_word' id='word_1_333' title='bbox 976 2930 1196 2984; x_wconf 88' lang='lat' dir='ltr'><strong>foraret</strong></span> <span class='ocrx_word' id='word_1_334' title='bbox 1231 2929 1289 2984; x_wconf 89' lang='lat' dir='ltr'><strong>in</strong></span> <span class='ocrx_word' id='word_1_335' title='bbox 1329 2930 1613 2985; x_wconf 90' lang='lat' dir='ltr'><strong>intimam.</strong></span> <span class='ocrx_word' id='word_1_336' title='bbox 1650 2931 1756 2995; x_wconf 86' lang='lat' dir='ltr'><strong>Qui</strong></span> <span class='ocrx_word' id='word_1_337' title='bbox 1798 2934 2024 2985; x_wconf 89' lang='lat' dir='ltr'><strong>tantum</strong></span> 
     </span>
    </p>
   </div>
   <div class='ocr_carea' id='block_1_39' title="bbox 397 3023 2022 3094">
    <p class='ocr_par' dir='ltr' id='par_1_39' title="bbox 397 3023 2022 3094">
     <span class='ocr_line' id='line_1_39' title="bbox 397 3023 2022 3094; baseline -0.002 -13"><span class='ocrx_word' id='word_1_338' title='bbox 397 3025 510 3080; x_wconf 89' lang='lat' dir='ltr'><strong>oris</strong></span> <span class='ocrx_word' id='word_1_339' title='bbox 558 3025 643 3077; x_wconf 89' lang='lat' dir='ltr'><strong>sui</strong></span> <span class='ocrx_word' id='word_1_340' title='bbox 687 3023 856 3077; x_wconf 89' lang='lat' dir='ltr'><strong>ducta</strong></span> <span class='ocrx_word' id='word_1_341' title='bbox 899 3023 1074 3078; x_wconf 88' lang='lat' dir='ltr'><strong>saliva</strong></span> <span class='ocrx_word' id='word_1_342' title='bbox 1117 3023 1342 3094; x_wconf 89' lang='lat' dir='ltr'><strong>pollice,</strong></span> <span class='ocrx_word' id='word_1_343' title='bbox 1379 3041 1684 3079; x_wconf 81' lang='lat' dir='ltr'><strong>nervorum</strong></span> <span class='ocrx_word' id='word_1_344' title='bbox 1727 3023 2022 3079; x_wconf 90' lang='lat' dir='ltr'><strong>distentio-</strong></span> 
     </span>
    </p>
   </div>
   <div class='ocr_carea' id='block_1_40' title="bbox 396 3115 1459 3187">
    <p class='ocr_par' dir='ltr' id='par_1_40' title="bbox 396 3115 1459 3187">
     <span class='ocr_line' id='line_1_40' title="bbox 396 3115 1459 3187; baseline -0.003 -14"><span class='ocrx_word' id='word_1_345' title='bbox 396 3134 550 3183; x_wconf 87' lang='lat' dir='ltr'><strong>nem,</strong></span> <span class='ocrx_word' id='word_1_346' title='bbox 580 3133 788 3171; x_wconf 90' lang='lat' dir='ltr'><strong>manus</strong></span> <span class='ocrx_word' id='word_1_347' title='bbox 813 3117 1097 3170; x_wconf 89' lang='lat' dir='ltr'><strong>reformat</strong></span> <span class='ocrx_word' id='word_1_348' title='bbox 1121 3115 1459 3187; x_wconf 88' lang='lat' dir='ltr'><strong>imaginem.</strong></span> 
     </span>
    </p>
   </div>
   <div class='ocr_carea' id='block_1_41' title="bbox 2124 2184 3764 2258">
    <p class='ocr_par' dir='ltr' id='par_1_41' title="bbox 2124 2184 3764 2258">
     <span class='ocr_line' id='line_1_41' title="bbox 2124 2184 3764 2258; baseline -0.003 -16"><span class='ocrx_word' id='word_1_349' title='bbox 2124 2187 2339 2243; x_wconf 90' lang='lat' dir='ltr'><strong>obtine.</strong></span> <span class='ocrx_word' id='word_1_350' title='bbox 2373 2187 2632 2257; x_wconf 88' lang='lat' dir='ltr'><strong>Indulge,</strong></span> <span class='ocrx_word' id='word_1_351' title='bbox 2666 2191 2882 2258; x_wconf 89' lang='lat' dir='ltr'><strong>pastor,</strong></span> <span class='ocrx_word' id='word_1_352' title='bbox 2923 2186 3150 2240; x_wconf 72' lang='lat' dir='ltr'><strong>miseras</strong></span> <span class='ocrx_word' id='word_1_353' title='bbox 3195 2202 3369 2256; x_wconf 87' lang='lat' dir='ltr'><strong>quam</strong></span> <span class='ocrx_word' id='word_1_354' title='bbox 3413 2202 3549 2238; x_wconf 89' lang='lat' dir='ltr'><strong>suus</strong></span> <span class='ocrx_word' id='word_1_355' title='bbox 3593 2184 3764 2238; x_wconf 91' lang='lat' dir='ltr'><strong>dolor</strong></span> 
     </span>
    </p>
   </div>
   <div class='ocr_carea' id='block_1_42' title="bbox 2124 2277 3762 2350">
    <p class='ocr_par' dir='ltr' id='par_1_42' title="bbox 2124 2277 3762 2350">
     <span class='ocr_line' id='line_1_42' title="bbox 2124 2277 3762 2350; baseline -0.003 -15"><span class='ocrx_word' id='word_1_356' title='bbox 2124 2281 2260 2336; x_wconf 86' lang='lat' dir='ltr'><strong>facit</strong></span> <span class='ocrx_word' id='word_1_357' title='bbox 2287 2281 2584 2335; x_wconf 86' lang='lat' dir='ltr'><strong>audacem.</strong></span> <span class='ocrx_word' id='word_1_358' title='bbox 2612 2280 2734 2344; x_wconf 83' lang='lat' dir='ltr'><strong>Qua</strong></span> <span class='ocrx_word' id='word_1_359' title='bbox 2759 2279 3030 2334; x_wconf 89' lang='lat' dir='ltr'><strong>ﬂebiliter</strong></span> <span class='ocrx_word' id='word_1_360' title='bbox 3048 2282 3340 2350; x_wconf 87' lang='lat' dir='ltr'><strong>poscente,</strong></span> <span class='ocrx_word' id='word_1_361' title='bbox 3363 2294 3494 2332; x_wconf 86' lang='lat' dir='ltr'><strong>mox</strong></span> <span class='ocrx_word' id='word_1_362' title='bbox 3519 2279 3581 2331; x_wconf 88' lang='lat' dir='ltr'><strong>ut</strong></span> <span class='ocrx_word' id='word_1_363' title='bbox 3600 2277 3762 2331; x_wconf 89' lang='lat' dir='ltr'><strong>Beati</strong></span> 
     </span>
    </p>
   </div>
   <div class='ocr_carea' id='block_1_43' title="bbox 2126 2362 3760 2445">
    <p class='ocr_par' dir='ltr' id='par_1_43' title="bbox 2126 2362 3760 2445">
     <span class='ocr_line' id='line_1_43' title="bbox 2126 2362 3760 2445; baseline -0.002 -17"><span class='ocrx_word' id='word_1_364' title='bbox 2126 2374 2361 2428; x_wconf 86' lang='lat' dir='ltr'><strong>dextera</strong></span> <span class='ocrx_word' id='word_1_365' title='bbox 2388 2362 2558 2445; x_wconf 78' lang='lat' dir='ltr'><strong>supra</strong></span> <span class='ocrx_word' id='word_1_366' title='bbox 2585 2373 2940 2444; x_wconf 78' lang='lat' dir='ltr'><strong>expirantem</strong></span> <span class='ocrx_word' id='word_1_367' title='bbox 2979 2372 3206 2444; x_wconf 90' lang='lat' dir='ltr'><strong>signum</strong></span> <span class='ocrx_word' id='word_1_368' title='bbox 3240 2371 3422 2426; x_wconf 90' lang='lat' dir='ltr'><strong>crucis</strong></span> <span class='ocrx_word' id='word_1_369' title='bbox 3446 2369 3760 2442; x_wconf 89' lang='lat' dir='ltr'><strong>impressit,</strong></span> 
     </span>
    </p>
   </div>
   <div class='ocr_carea' id='block_1_44' title="bbox 2127 2463 3760 2538">
    <p class='ocr_par' dir='ltr' id='par_1_44' title="bbox 2127 2463 3760 2538">
     <span class='ocr_line' id='line_1_44' title="bbox 2127 2463 3760 2538; baseline -0.002 -18"><span class='ocrx_word' id='word_1_370' title='bbox 2127 2467 2287 2538; x_wconf 89' lang='lat' dir='ltr'><strong>quasi</strong></span> <span class='ocrx_word' id='word_1_371' title='bbox 2323 2467 2454 2538; x_wconf 86' lang='lat' dir='ltr'><strong>vigil</strong></span> <span class='ocrx_word' id='word_1_372' title='bbox 2494 2467 2564 2520; x_wconf 93' lang='lat' dir='ltr'><strong>de</strong></span> <span class='ocrx_word' id='word_1_373' title='bbox 2609 2481 2812 2537; x_wconf 87' lang='lat' dir='ltr'><strong>sopore</strong></span> <span class='ocrx_word' id='word_1_374' title='bbox 2849 2467 2936 2520; x_wconf 91' lang='lat' dir='ltr'><strong>lac</strong></span> <span class='ocrx_word' id='word_1_375' title='bbox 2972 2466 3172 2519; x_wconf 89' lang='lat' dir='ltr'><strong>matris</strong></span> <span class='ocrx_word' id='word_1_376' title='bbox 3211 2463 3464 2536; x_wconf 83' lang='lat' dir='ltr'><strong>expetiit,</strong></span> <span class='ocrx_word' id='word_1_377' title='bbox 3508 2463 3604 2535; x_wconf 91' lang='lat' dir='ltr'><strong>qui</strong></span> <span class='ocrx_word' id='word_1_378' title='bbox 3631 2464 3760 2534; x_wconf 89' lang='lat' dir='ltr'><strong>jam</strong></span> 
     </span>
    </p>
   </div>
   <div class='ocr_carea' id='block_1_45' title="bbox 2124 2556 3762 2631">
    <p class='ocr_par' dir='ltr' id='par_1_45' title="bbox 2124 2556 3762 2631">
     <span class='ocr_line' id='line_1_45' title="bbox 2124 2556 3762 2631; baseline -0.002 -17"><span class='ocrx_word' id='word_1_379' title='bbox 2124 2561 2375 2631; x_wconf 88' lang='lat' dir='ltr'><strong>frigebat</strong></span> <span class='ocrx_word' id='word_1_380' title='bbox 2405 2559 2461 2613; x_wconf 91' lang='lat' dir='ltr'><strong>in</strong></span> <span class='ocrx_word' id='word_1_381' title='bbox 2503 2560 2726 2614; x_wconf 89' lang='lat' dir='ltr'><strong>funere.</strong></span> <span class='ocrx_word' id='word_1_382' title='bbox 2759 2561 2841 2613; x_wconf 91' lang='lat' dir='ltr'><strong>lta</strong></span> <span class='ocrx_word' id='word_1_383' title='bbox 2871 2561 3170 2614; x_wconf 88' lang='lat' dir='ltr'><strong>momento</strong></span> <span class='ocrx_word' id='word_1_384' title='bbox 3207 2556 3484 2628; x_wconf 88' lang='lat' dir='ltr'><strong>temporis</strong></span> <span class='ocrx_word' id='word_1_385' title='bbox 3513 2557 3662 2611; x_wconf 86' lang='lat' dir='ltr'><strong>ﬁlius</strong></span> <span class='ocrx_word' id='word_1_386' title='bbox 3687 2556 3762 2611; x_wconf 91' lang='lat' dir='ltr'><strong>de</strong></span> 
     </span>
    </p>
   </div>
   <div class='ocr_carea' id='block_1_46' title="bbox 2126 2649 3761 2720">
    <p class='ocr_par' dir='ltr' id='par_1_46' title="bbox 2126 2649 3761 2720">
     <span class='ocr_line' id='line_1_46' title="bbox 2126 2649 3761 2720; baseline -0.002 -13"><span class='ocrx_word' id='word_1_387' title='bbox 2126 2653 2328 2708; x_wconf 92' lang='lat' dir='ltr'><strong>mortis</strong></span> <span class='ocrx_word' id='word_1_388' title='bbox 2359 2653 2542 2720; x_wconf 91' lang='lat' dir='ltr'><strong>fauce,</strong></span> <span class='ocrx_word' id='word_1_389' title='bbox 2570 2655 2756 2706; x_wconf 88' lang='lat' dir='ltr'><strong>mater</strong></span> <span class='ocrx_word' id='word_1_390' title='bbox 2795 2652 3016 2706; x_wconf 91' lang='lat' dir='ltr'><strong>tollitur</strong></span> <span class='ocrx_word' id='word_1_391' title='bbox 3057 2652 3126 2706; x_wconf 92' lang='lat' dir='ltr'><strong>de</strong></span> <span class='ocrx_word' id='word_1_392' title='bbox 3160 2667 3426 2706; x_wconf 77' lang='lat' dir='ltr'><strong>moerere.</strong></span> <span class='ocrx_word' id='word_1_393' title='bbox 3463 2649 3603 2704; x_wconf 84' lang='lat' dir='ltr'><strong>Hinc</strong></span> <span class='ocrx_word' id='word_1_394' title='bbox 3649 2649 3761 2704; x_wconf 85' lang='lat' dir='ltr'><strong>cir-</strong></span> 
     </span>
    </p>
   </div>
   <div class='ocr_carea' id='block_1_47' title="bbox 2127 2743 3763 2816">
    <p class='ocr_par' dir='ltr' id='par_1_47' title="bbox 2127 2743 3763 2816">
     <span class='ocr_line' id='line_1_47' title="bbox 2127 2743 3763 2816; baseline -0.002 -16"><span class='ocrx_word' id='word_1_395' title='bbox 2127 2750 2417 2800; x_wconf 87' lang='lat' dir='ltr'><strong>cumstans</strong></span> <span class='ocrx_word' id='word_1_396' title='bbox 2472 2746 2716 2816; x_wconf 91' lang='lat' dir='ltr'><strong>populus</strong></span> <span class='ocrx_word' id='word_1_397' title='bbox 2771 2747 3004 2816; x_wconf 89' lang='lat' dir='ltr'><strong>stupore</strong></span> <span class='ocrx_word' id='word_1_398' title='bbox 3053 2744 3396 2811; x_wconf 90' lang='lat' dir='ltr'><strong>concutitur,</strong></span> <span class='ocrx_word' id='word_1_399' title='bbox 3447 2743 3646 2814; x_wconf 87' lang='lat' dir='ltr'><strong>fragor</strong></span> <span class='ocrx_word' id='word_1_400' title='bbox 3698 2743 3763 2798; x_wconf 88' lang='lat' dir='ltr'><strong>in</strong></span> 
     </span>
    </p>
   </div>
   <div class='ocr_carea' id='block_1_48' title="bbox 2125 2836 3766 2911">
    <p class='ocr_par' dir='ltr' id='par_1_48' title="bbox 2125 2836 3766 2911">
     <span class='ocr_line' id='line_1_48' title="bbox 2125 2836 3766 2911; baseline -0.002 -17"><span class='ocrx_word' id='word_1_401' title='bbox 2125 2843 2318 2911; x_wconf 90' lang='lat' dir='ltr'><strong>partes</strong></span> <span class='ocrx_word' id='word_1_402' title='bbox 2336 2838 2632 2906; x_wconf 89' lang='lat' dir='ltr'><strong>attollitur,</strong></span> <span class='ocrx_word' id='word_1_403' title='bbox 2655 2838 2868 2909; x_wconf 86' lang='lat' dir='ltr'><strong>gratias</strong></span> <span class='ocrx_word' id='word_1_404' title='bbox 2895 2839 3150 2894; x_wconf 88' lang='lat' dir='ltr'><strong>Creatori</strong></span> <span class='ocrx_word' id='word_1_405' title='bbox 3182 2839 3500 2891; x_wconf 88' lang='lat' dir='ltr'><strong>referentes</strong></span> <span class='ocrx_word' id='word_1_406' title='bbox 3525 2836 3596 2891; x_wconf 89' lang='lat' dir='ltr'><strong>de</strong></span> <span class='ocrx_word' id='word_1_407' title='bbox 3617 2852 3766 2908; x_wconf 74' lang='lat' dir='ltr'><strong>prse-</strong></span> 
     </span>
    </p>
   </div>
   <div class='ocr_carea' id='block_1_49' title="bbox 2126 2929 3766 3003">
    <p class='ocr_par' dir='ltr' id='par_1_49' title="bbox 2126 2929 3766 3003">
     <span class='ocr_line' id='line_1_49' title="bbox 2126 2929 3766 3003; baseline -0.001 -17"><span class='ocrx_word' id='word_1_408' title='bbox 2126 2933 2244 2987; x_wconf 92' lang='lat' dir='ltr'><strong>mio</strong></span> <span class='ocrx_word' id='word_1_409' title='bbox 2291 2937 2550 3003; x_wconf 90' lang='lat' dir='ltr'><strong>tempore</strong></span> <span class='ocrx_word' id='word_1_410' title='bbox 2597 2930 2923 2986; x_wconf 88' lang='lat' dir='ltr'><strong>Sacerdotis</strong></span> <span class='ocrx_word' id='word_1_411' title='bbox 2964 2931 3276 3003; x_wconf 61' lang='lat' dir='ltr'><strong>praecipuo,</strong></span> <span class='ocrx_word' id='word_1_412' title='bbox 3321 2947 3354 2985; x_wconf 90' lang='lat' dir='ltr'><strong>a</strong></span> <span class='ocrx_word' id='word_1_413' title='bbox 3395 2946 3507 3001; x_wconf 90' lang='lat' dir='ltr'><strong>quo</strong></span> <span class='ocrx_word' id='word_1_414' title='bbox 3544 2929 3766 2984; x_wconf 83' lang='lat' dir='ltr'><strong>morbis</strong></span> 
     </span>
    </p>
   </div>
   <div class='ocr_carea' id='block_1_50' title="bbox 2119 3022 3098 3096">
    <p class='ocr_par' dir='ltr' id='par_1_50' title="bbox 2119 3022 3098 3096">
     <span class='ocr_line' id='line_1_50' title="bbox 2119 3022 3098 3096; baseline -0.002 -16"><span class='ocrx_word' id='word_1_415' title='bbox 2119 3025 2340 3096; x_wconf 88' lang='lat' dir='ltr'><strong>jugiter</strong></span> <span class='ocrx_word' id='word_1_416' title='bbox 2367 3029 2426 3078; x_wconf 91' lang='lat' dir='ltr'><strong>et</strong></span> <span class='ocrx_word' id='word_1_417' title='bbox 2449 3024 2732 3079; x_wconf 89' lang='lat' dir='ltr'><strong>mortibus</strong></span> <span class='ocrx_word' id='word_1_418' title='bbox 2762 3022 3098 3096; x_wconf 84' lang='lat' dir='ltr'><strong>imperetur.</strong></span> 
     </span>
    </p>
   </div>
   <div class='ocr_carea' id='block_1_51' title="bbox 2195 3116 3767 3188">
    <p class='ocr_par' dir='ltr' id='par_1_51' title="bbox 2195 3116 3767 3188">
     <span class='ocr_line' id='line_1_51' title="bbox 2195 3116 3767 3188; baseline 0 -16"><span class='ocrx_word' id='word_1_419' title='bbox 2195 3119 2368 3172; x_wconf 87' lang='lat' dir='ltr'><strong>XLIII.</strong></span> <span class='ocrx_word' id='word_1_420' title='bbox 2412 3118 2629 3172; x_wconf 89' lang='lat' dir='ltr'><strong>Deinde</strong></span> <span class='ocrx_word' id='word_1_421' title='bbox 2671 3119 2980 3172; x_wconf 89' lang='lat' dir='ltr'><strong>accedente</strong></span> <span class='ocrx_word' id='word_1_422' title='bbox 3021 3119 3079 3172; x_wconf 92' lang='lat' dir='ltr'><strong>in</strong></span> <span class='ocrx_word' id='word_1_423' title='bbox 3129 3117 3368 3172; x_wconf 89' lang='lat' dir='ltr'><strong>Bradeia</strong></span> <span class='ocrx_word' id='word_1_424' title='bbox 3417 3116 3539 3172; x_wconf 88' lang='lat' dir='ltr'><strong>vico</strong></span> <span class='ocrx_word' id='word_1_425' title='bbox 3587 3117 3767 3188; x_wconf 81' lang='lat' dir='ltr'><strong>(Brie-</strong></span> 
     </span>
    </p>
   </div>
   <div class='ocr_carea' id='block_1_52' title="bbox 455 3167 3762 3283">
    <p class='ocr_par' dir='ltr' id='par_1_52' title="bbox 455 3167 3762 3283">
     <span class='ocr_line' id='line_1_52' title="bbox 455 3167 3762 3283; baseline 0 -19"><span class='ocrx_word' id='word_1_426' title='bbox 593 3209 824 3263; x_wconf 85' lang='lat' dir='ltr'><strong>Retinet</strong></span> <span class='ocrx_word' id='word_1_427' title='bbox 848 3209 970 3280; x_wconf 88' lang='lat' dir='ltr'><strong>ejus</strong></span> <span class='ocrx_word' id='word_1_428' title='bbox 998 3210 1224 3263; x_wconf 88' lang='lat' dir='ltr'><strong>laureas</strong></span> <span class='ocrx_word' id='word_1_429' title='bbox 1243 3167 1310 3263; x_wconf 61' lang='grc' dir='ltr'>ξι</span> <span class='ocrx_word' id='word_1_430' title='bbox 1327 3226 1508 3280; x_wconf 86' lang='lat' dir='ltr'><strong>pagus</strong></span> <span class='ocrx_word' id='word_1_431' title='bbox 1531 3209 1825 3265; x_wconf 91' lang='lat' dir='ltr'><strong>Bituricus.</strong></span> <span class='ocrx_word' id='word_1_432' title='bbox 1850 3209 2028 3280; x_wconf 87' lang='lat' dir='ltr'><strong>Igitur</strong></span> <span class='ocrx_word' id='word_1_433' title='bbox 2045 3167 2100 3241; x_wconf 66' lang='grc' dir='ltr'><strong>Ο</strong></span> <span class='ocrx_word' id='word_1_434' title='bbox 2126 3211 2547 3273; x_wconf 82' lang='lat' dir='ltr'><strong>Comte-Robcrt,</strong></span> <span class='ocrx_word' id='word_1_435' title='bbox 2585 3211 2645 3264; x_wconf 90' lang='lat' dir='ltr'><strong>in</strong></span> <span class='ocrx_word' id='word_1_436' title='bbox 2686 3209 2856 3282; x_wconf 90' lang='lat' dir='ltr'><strong>Bria),</strong></span> <span class='ocrx_word' id='word_1_437' title='bbox 2894 3211 3028 3283; x_wconf 90' lang='lat' dir='ltr'><strong>pagi</strong></span> <span class='ocrx_word' id='word_1_438' title='bbox 3068 3210 3356 3279; x_wconf 88' lang='lat' dir='ltr'><strong>Parisiaci,</strong></span> <span class='ocrx_word' id='word_1_439' title='bbox 3398 3211 3571 3265; x_wconf 88' lang='lat' dir='ltr'><strong>missa</strong></span> <span class='ocrx_word' id='word_1_440' title='bbox 3589 3167 3762 3265; x_wconf 51' lang='lat' dir='ltr'><strong>\cele-</strong></span> 
     </span>
    </p>
   </div>
   <div class='ocr_carea' id='block_1_53' title="bbox 397 3301 2027 3374">
    <p class='ocr_par' dir='ltr' id='par_1_53' title="bbox 397 3301 2027 3374">
     <span class='ocr_line' id='line_1_53' title="bbox 397 3301 2027 3374; baseline -0.001 -17"><span class='ocrx_word' id='word_1_441' title='bbox 397 3305 597 3358; x_wconf 87' lang='lat' dir='ltr'><strong>Pastor</strong></span> <span class='ocrx_word' id='word_1_442' title='bbox 623 3303 810 3356; x_wconf 88' lang='lat' dir='ltr'><strong>bonus</strong></span> <span class='ocrx_word' id='word_1_443' title='bbox 840 3319 970 3355; x_wconf 93' lang='lat' dir='ltr'><strong>cum</strong></span> <span class='ocrx_word' id='word_1_444' title='bbox 997 3301 1068 3355; x_wconf 94' lang='lat' dir='ltr'><strong>de</strong></span> <span class='ocrx_word' id='word_1_445' title='bbox 1098 3301 1220 3356; x_wconf 92' lang='lat' dir='ltr'><strong>vico</strong></span> <span class='ocrx_word' id='word_1_446' title='bbox 1249 3303 1565 3374; x_wconf 88' lang='lat' dir='ltr'><strong>Novigcnto</strong></span> <span class='ocrx_word' id='word_1_447' title='bbox 1599 3304 1671 3358; x_wconf 91' lang='lat' dir='ltr'><strong>ad</strong></span> <span class='ocrx_word' id='word_1_448' title='bbox 1698 3303 1892 3357; x_wconf 82' lang='lat' dir='ltr'><strong>Vicum</strong></span> <span class='ocrx_word' id='word_1_449' title='bbox 1923 3303 2027 3356; x_wconf 78' lang='lat' dir='ltr'><strong>No-</strong></span> 
     </span>
    </p>
   </div>
   <div class='ocr_carea' id='block_1_54' title="bbox 397 3393 2025 3466">
    <p class='ocr_par' dir='ltr' id='par_1_54' title="bbox 397 3393 2025 3466">
     <span class='ocr_line' id='line_1_54' title="bbox 397 3393 2025 3466; baseline -0.002 -16"><span class='ocrx_word' id='word_1_450' title='bbox 397 3411 531 3450; x_wconf 90' lang='lat' dir='ltr'><strong>vum</strong></span> <span class='ocrx_word' id='word_1_451' title='bbox 557 3395 635 3466; x_wconf 86' lang='lat' dir='ltr'><strong>(d)</strong></span> <span class='ocrx_word' id='word_1_452' title='bbox 663 3394 927 3450; x_wconf 84' lang='lat' dir='ltr'><strong>visitandi</strong></span> <span class='ocrx_word' id='word_1_453' title='bbox 966 3393 1119 3464; x_wconf 87' lang='lat' dir='ltr'><strong>regis</strong></span> <span class='ocrx_word' id='word_1_454' title='bbox 1157 3411 1294 3450; x_wconf 89' lang='lat' dir='ltr'><strong>cura</strong></span> <span class='ocrx_word' id='word_1_455' title='bbox 1328 3396 1496 3450; x_wconf 87' lang='lat' dir='ltr'><strong>solita</strong></span> <span class='ocrx_word' id='word_1_456' title='bbox 1534 3395 1904 3466; x_wconf 88' lang='lat' dir='ltr'><strong>pervenisset,</strong></span> <span class='ocrx_word' id='word_1_457' title='bbox 1939 3395 2025 3448; x_wconf 81' lang='lat' dir='ltr'><strong>of-</strong></span> 
     </span>
    </p>
   </div>
   <div class='ocr_carea' id='block_1_55' title="bbox 398 3487 2027 3559">
    <p class='ocr_par' dir='ltr' id='par_1_55' title="bbox 398 3487 2027 3559">
     <span class='ocr_line' id='line_1_55' title="bbox 398 3487 2027 3559; baseline -0.003 -15"><span class='ocrx_word' id='word_1_458' title='bbox 398 3489 513 3544; x_wconf 89' lang='lat' dir='ltr'><strong>fert</strong></span> <span class='ocrx_word' id='word_1_459' title='bbox 525 3503 584 3542; x_wconf 91' lang='lat' dir='ltr'><strong>se</strong></span> <span class='ocrx_word' id='word_1_460' title='bbox 609 3487 876 3559; x_wconf 77' lang='lat' dir='ltr'><strong>quaedam</strong></span> <span class='ocrx_word' id='word_1_461' title='bbox 897 3488 1086 3542; x_wconf 87' lang='lat' dir='ltr'><strong>vetula</strong></span> <span class='ocrx_word' id='word_1_462' title='bbox 1106 3503 1391 3543; x_wconf 88' lang='lat' dir='ltr'><strong>annorum</strong></span> <span class='ocrx_word' id='word_1_463' title='bbox 1408 3488 1496 3542; x_wconf 91' lang='lat' dir='ltr'><strong>bis</strong></span> <span class='ocrx_word' id='word_1_464' title='bbox 1519 3492 1798 3559; x_wconf 88' lang='lat' dir='ltr'><strong>quaterna</strong></span> <span class='ocrx_word' id='word_1_465' title='bbox 1821 3503 2027 3558; x_wconf 87' lang='lat' dir='ltr'><strong>gerens</strong></span> 
     </span>
    </p>
   </div>
   <div class='ocr_carea' id='block_1_56' title="bbox 400 3580 2026 3653">
    <p class='ocr_par' dir='ltr' id='par_1_56' title="bbox 400 3580 2026 3653">
     <span class='ocr_line' id='line_1_56' title="bbox 400 3580 2026 3653; baseline -0.002 -16"><span class='ocrx_word' id='word_1_466' title='bbox 400 3583 460 3637; x_wconf 91' lang='lat' dir='ltr'><strong>in</strong></span> <span class='ocrx_word' id='word_1_467' title='bbox 507 3581 761 3636; x_wconf 65' lang='lat' dir='ltr'><strong>caecitate</strong></span> <span class='ocrx_word' id='word_1_468' title='bbox 806 3580 1104 3635; x_wconf 89' lang='lat' dir='ltr'><strong>curricula.</strong></span> <span class='ocrx_word' id='word_1_469' title='bbox 1149 3581 1320 3653; x_wconf 87' lang='lat' dir='ltr'><strong>Cujus</strong></span> <span class='ocrx_word' id='word_1_470' title='bbox 1352 3598 1524 3652; x_wconf 89' lang='lat' dir='ltr'><strong>super</strong></span> <span class='ocrx_word' id='word_1_471' title='bbox 1563 3582 1757 3634; x_wconf 89' lang='lat' dir='ltr'><strong>oculos</strong></span> <span class='ocrx_word' id='word_1_472' title='bbox 1798 3581 2026 3650; x_wconf 89' lang='lat' dir='ltr'><strong>signum</strong></span> 
     </span>
    </p>
   </div>
   <div class='ocr_carea' id='block_1_57' title="bbox 402 3673 2030 3745">
    <p class='ocr_par' dir='ltr' id='par_1_57' title="bbox 402 3673 2030 3745">
     <span class='ocr_line' id='line_1_57' title="bbox 402 3673 2030 3745; baseline -0.002 -15"><span class='ocrx_word' id='word_1_473' title='bbox 402 3678 612 3730; x_wconf 64' lang='lat' dir='ltr'><strong>nostrae</strong></span> <span class='ocrx_word' id='word_1_474' title='bbox 627 3673 1041 3745; x_wconf 87' lang='lat' dir='ltr'><strong>redemptionis</strong></span> <span class='ocrx_word' id='word_1_475' title='bbox 1062 3674 1340 3730; x_wconf 91' lang='lat' dir='ltr'><strong>Sacerdos</strong></span> <span class='ocrx_word' id='word_1_476' title='bbox 1360 3675 1685 3744; x_wconf 90' lang='lat' dir='ltr'><strong>imponens,</strong></span> <span class='ocrx_word' id='word_1_477' title='bbox 1703 3673 1952 3743; x_wconf 89' lang='lat' dir='ltr'><strong>imperat</strong></span> <span class='ocrx_word' id='word_1_478' title='bbox 1967 3676 2030 3726; x_wconf 89' lang='lat' dir='ltr'><strong>ut</strong></span> 
     </span>
    </p>
   </div>
   <div class='ocr_carea' id='block_1_58' title="bbox 401 3767 2027 3841">
    <p class='ocr_par' dir='ltr' id='par_1_58' title="bbox 401 3767 2027 3841">
     <span class='ocr_line' id='line_1_58' title="bbox 401 3767 2027 3841; baseline -0.002 -18"><span class='ocrx_word' id='word_1_479' title='bbox 401 3785 650 3841; x_wconf 89' lang='lat' dir='ltr'><strong>sequens</strong></span> <span class='ocrx_word' id='word_1_480' title='bbox 679 3767 788 3822; x_wconf 89' lang='lat' dir='ltr'><strong>iret</strong></span> <span class='ocrx_word' id='word_1_481' title='bbox 822 3784 938 3839; x_wconf 90' lang='lat' dir='ltr'><strong>qua</strong></span> <span class='ocrx_word' id='word_1_482' title='bbox 963 3769 1225 3823; x_wconf 84' lang='lat' dir='ltr'><strong>Pontifex</strong></span> <span class='ocrx_word' id='word_1_483' title='bbox 1263 3768 1552 3840; x_wconf 91' lang='lat' dir='ltr'><strong>pergeret.</strong></span> <span class='ocrx_word' id='word_1_484' title='bbox 1579 3767 1773 3820; x_wconf 89' lang='lat' dir='ltr'><strong>Altera</strong></span> <span class='ocrx_word' id='word_1_485' title='bbox 1799 3782 2027 3836; x_wconf 90' lang='lat' dir='ltr'><strong>quoque</strong></span> 
     </span>
    </p>
   </div>
   <div class='ocr_carea' id='block_1_59' title="bbox 402 3858 2031 3933">
    <p class='ocr_par' dir='ltr' id='par_1_59' title="bbox 402 3858 2031 3933">
     <span class='ocr_line' id='line_1_59' title="bbox 402 3858 2031 3933; baseline -0.003 -16"><span class='ocrx_word' id='word_1_486' title='bbox 402 3862 496 3918; x_wconf 92' lang='lat' dir='ltr'><strong>die</strong></span> <span class='ocrx_word' id='word_1_487' title='bbox 516 3878 646 3917; x_wconf 91' lang='lat' dir='ltr'><strong>cum</strong></span> <span class='ocrx_word' id='word_1_488' title='bbox 666 3861 937 3933; x_wconf 69' lang='lat' dir='ltr'><strong>pracdicto</strong></span> <span class='ocrx_word' id='word_1_489' title='bbox 955 3865 1282 3916; x_wconf 88' lang='lat' dir='ltr'><strong>occurreret</strong></span> <span class='ocrx_word' id='word_1_490' title='bbox 1301 3861 1352 3914; x_wconf 91' lang='lat' dir='ltr'><strong>ei</strong></span> <span class='ocrx_word' id='word_1_491' title='bbox 1376 3876 1442 3912; x_wconf 89' lang='lat' dir='ltr'><strong>ex</strong></span> <span class='ocrx_word' id='word_1_492' title='bbox 1461 3858 1786 3930; x_wconf 87' lang='lat' dir='ltr'><strong>improviso,</strong></span> <span class='ocrx_word' id='word_1_493' title='bbox 1806 3875 1906 3913; x_wconf 91' lang='lat' dir='ltr'><strong>san</strong></span> <span class='ocrx_word' id='word_1_494' title='bbox 1913 3859 2031 3930; x_wconf 90' lang='lat' dir='ltr'><strong>gui-</strong></span> 
     </span>
    </p>
   </div>
   <div class='ocr_carea' id='block_1_60' title="bbox 403 3953 2029 4022">
    <p class='ocr_par' dir='ltr' id='par_1_60' title="bbox 403 3953 2029 4022">
     <span class='ocr_line' id='line_1_60' title="bbox 403 3953 2029 4022; baseline -0.003 -12"><span class='ocrx_word' id='word_1_495' title='bbox 403 3973 539 4010; x_wconf 91' lang='lat' dir='ltr'><strong>nem</strong></span> <span class='ocrx_word' id='word_1_496' title='bbox 559 3959 896 4009; x_wconf 89' lang='lat' dir='ltr'><strong>manantem</strong></span> <span class='ocrx_word' id='word_1_497' title='bbox 915 3953 986 4008; x_wconf 92' lang='lat' dir='ltr'><strong>de</strong></span> <span class='ocrx_word' id='word_1_498' title='bbox 1007 3955 1223 4008; x_wconf 89' lang='lat' dir='ltr'><strong>lumine</strong></span> <span class='ocrx_word' id='word_1_499' title='bbox 1245 3955 1406 4022; x_wconf 87' lang='lat' dir='ltr'><strong>largo</strong></span> <span class='ocrx_word' id='word_1_500' title='bbox 1429 3953 1588 4007; x_wconf 89' lang='lat' dir='ltr'><strong>fonte</strong></span> <span class='ocrx_word' id='word_1_501' title='bbox 1607 3953 1849 4006; x_wconf 90' lang='lat' dir='ltr'><strong>salutem</strong></span> <span class='ocrx_word' id='word_1_502' title='bbox 1867 3967 2029 4006; x_wconf 90' lang='lat' dir='ltr'><strong>suam</strong></span> 
     </span>
    </p>
   </div>
   <div class='ocr_carea' id='block_1_61' title="bbox 404 4045 2029 4120">
    <p class='ocr_par' dir='ltr' id='par_1_61' title="bbox 404 4045 2029 4120">
     <span class='ocr_line' id='line_1_61' title="bbox 404 4045 2029 4120; baseline -0.003 -15"><span class='ocrx_word' id='word_1_503' title='bbox 404 4048 551 4106; x_wconf 91' lang='lat' dir='ltr'><strong>oculi</strong></span> <span class='ocrx_word' id='word_1_504' title='bbox 573 4047 984 4120; x_wconf 82' lang='lat' dir='ltr'><strong>lacrymabant.</strong></span> <span class='ocrx_word' id='word_1_505' title='bbox 1007 4047 1144 4111; x_wconf 66' lang='lat' dir='ltr'><strong>Quae.</strong></span> <span class='ocrx_word' id='word_1_506' title='bbox 1162 4047 1312 4100; x_wconf 90' lang='lat' dir='ltr'><strong>inter</strong></span> <span class='ocrx_word' id='word_1_507' title='bbox 1325 4045 1577 4116; x_wconf 89' lang='lat' dir='ltr'><strong>reliquos</strong></span> <span class='ocrx_word' id='word_1_508' title='bbox 1594 4048 1816 4100; x_wconf 85' lang='lat' dir='ltr'><strong>astante</strong></span> <span class='ocrx_word' id='word_1_509' title='bbox 1832 4047 2029 4100; x_wconf 91' lang='lat' dir='ltr'><strong>sancto</strong></span> 
     </span>
    </p>
   </div>
   <div class='ocr_carea' id='block_1_62' title="bbox 404 4137 2026 4212">
    <p class='ocr_par' dir='ltr' id='par_1_62' title="bbox 404 4137 2026 4212">
     <span class='ocr_line' id='line_1_62' title="bbox 404 4137 2026 4212; baseline -0.002 -16"><span class='ocrx_word' id='word_1_510' title='bbox 404 4142 524 4197; x_wconf 90' lang='lat' dir='ltr'><strong>viro</strong></span> <span class='ocrx_word' id='word_1_511' title='bbox 551 4140 912 4212; x_wconf 89' lang='lat' dir='ltr'><strong>conspicitur.</strong></span> <span class='ocrx_word' id='word_1_512' title='bbox 939 4139 1046 4204; x_wconf 84' lang='lat' dir='ltr'><strong>Qui</strong></span> <span class='ocrx_word' id='word_1_513' title='bbox 1078 4139 1285 4193; x_wconf 90' lang='lat' dir='ltr'><strong>tollens</strong></span> <span class='ocrx_word' id='word_1_514' title='bbox 1319 4154 1378 4190; x_wconf 92' lang='lat' dir='ltr'><strong>se</strong></span> <span class='ocrx_word' id='word_1_515' title='bbox 1409 4137 1480 4191; x_wconf 91' lang='lat' dir='ltr'><strong>de</strong></span> <span class='ocrx_word' id='word_1_516' title='bbox 1515 4154 1804 4206; x_wconf 88' lang='lat' dir='ltr'><strong>consessu,</strong></span> <span class='ocrx_word' id='word_1_517' title='bbox 1826 4139 2026 4192; x_wconf 90' lang='lat' dir='ltr'><strong>mulie-</strong></span> 
     </span>
    </p>
   </div>
   <div class='ocr_carea' id='block_1_63' title="bbox 403 4229 2030 4306">
    <p class='ocr_par' dir='ltr' id='par_1_63' title="bbox 403 4229 2030 4306">
     <span class='ocr_line' id='line_1_63' title="bbox 403 4229 2030 4306; baseline -0.003 -15"><span class='ocrx_word' id='word_1_518' title='bbox 403 4251 530 4292; x_wconf 90' lang='lat' dir='ltr'><strong>rem</strong></span> <span class='ocrx_word' id='word_1_519' title='bbox 563 4238 626 4288; x_wconf 89' lang='lat' dir='ltr'><strong>ut</strong></span> <span class='ocrx_word' id='word_1_520' title='bbox 649 4237 780 4306; x_wconf 90' lang='lat' dir='ltr'><strong>pote</strong></span> <span class='ocrx_word' id='word_1_521' title='bbox 812 4249 1023 4288; x_wconf 59' lang='lat' dir='ltr'><strong>caecam</strong></span> <span class='ocrx_word' id='word_1_522' title='bbox 1053 4231 1230 4285; x_wconf 87' lang='lat' dir='ltr'><strong>trahit</strong></span> <span class='ocrx_word' id='word_1_523' title='bbox 1257 4230 1315 4284; x_wconf 88' lang='lat' dir='ltr'><strong>in</strong></span> <span class='ocrx_word' id='word_1_524' title='bbox 1353 4229 1747 4297; x_wconf 87' lang='lat' dir='ltr'><strong>diversorium,</strong></span> <span class='ocrx_word' id='word_1_525' title='bbox 1785 4247 1898 4301; x_wconf 93' lang='lat' dir='ltr'><strong>quo</strong></span> <span class='ocrx_word' id='word_1_526' title='bbox 1927 4231 2030 4286; x_wconf 88' lang='lat' dir='ltr'><strong>sibi</strong></span> 
     </span>
    </p>
   </div>
   <div class='ocr_carea' id='block_1_64' title="bbox 407 4323 2028 4396">
    <p class='ocr_par' dir='ltr' id='par_1_64' title="bbox 407 4323 2028 4396">
     <span class='ocr_line' id='line_1_64' title="bbox 407 4323 2028 4396; baseline -0.004 -12"><span class='ocrx_word' id='word_1_527' title='bbox 407 4331 533 4384; x_wconf 90' lang='lat' dir='ltr'><strong>erat</strong></span> <span class='ocrx_word' id='word_1_528' title='bbox 559 4327 901 4383; x_wconf 88' lang='lat' dir='ltr'><strong>cubiculum.</strong></span> <span class='ocrx_word' id='word_1_529' title='bbox 922 4325 1093 4396; x_wconf 88' lang='lat' dir='ltr'><strong>Cujus</strong></span> <span class='ocrx_word' id='word_1_530' title='bbox 1119 4323 1340 4378; x_wconf 90' lang='lat' dir='ltr'><strong>lumina</strong></span> <span class='ocrx_word' id='word_1_531' title='bbox 1366 4339 1517 4394; x_wconf 91' lang='lat' dir='ltr'><strong>aqua</strong></span> <span class='ocrx_word' id='word_1_532' title='bbox 1549 4323 1741 4394; x_wconf 89' lang='lat' dir='ltr'><strong>tepida</strong></span> <span class='ocrx_word' id='word_1_533' title='bbox 1768 4323 1884 4378; x_wconf 87' lang='lat' dir='ltr'><strong>suis</strong></span> <span class='ocrx_word' id='word_1_534' title='bbox 1907 4341 2028 4378; x_wconf 90' lang='lat' dir='ltr'><strong>ma-</strong></span> 
     </span>
    </p>
   </div>
   <div class='ocr_carea' id='block_1_65' title="bbox 405 4415 2030 4488">
    <p class='ocr_par' dir='ltr' id='par_1_65' title="bbox 405 4415 2030 4488">
     <span class='ocr_line' id='line_1_65' title="bbox 405 4415 2030 4488; baseline -0.004 -10"><span class='ocrx_word' id='word_1_535' title='bbox 405 4423 574 4478; x_wconf 90' lang='lat' dir='ltr'><strong>nibus</strong></span> <span class='ocrx_word' id='word_1_536' title='bbox 603 4421 862 4488; x_wconf 88' lang='lat' dir='ltr'><strong>abluens,</strong></span> <span class='ocrx_word' id='word_1_537' title='bbox 889 4419 1042 4474; x_wconf 91' lang='lat' dir='ltr'><strong>diem</strong></span> <span class='ocrx_word' id='word_1_538' title='bbox 1065 4415 1281 4472; x_wconf 85' lang='lat' dir='ltr'><strong>refudit</strong></span> <span class='ocrx_word' id='word_1_539' title='bbox 1303 4416 1363 4470; x_wconf 91' lang='lat' dir='ltr'><strong>in</strong></span> <span class='ocrx_word' id='word_1_540' title='bbox 1398 4415 1592 4470; x_wconf 88' lang='lat' dir='ltr'><strong>oculis.</strong></span> <span class='ocrx_word' id='word_1_541' title='bbox 1623 4415 1761 4480; x_wconf 67' lang='lat' dir='ltr'><strong>Quae</strong></span> <span class='ocrx_word' id='word_1_542' title='bbox 1787 4433 1918 4472; x_wconf 82' lang='lat' dir='ltr'><strong>mox</strong></span> <span class='ocrx_word' id='word_1_543' title='bbox 1944 4420 2030 4472; x_wconf 93' lang='lat' dir='ltr'><strong>lu-</strong></span> 
     </span>
    </p>
   </div>
   <div class='ocr_carea' id='block_1_66' title="bbox 2124 3303 3766 3375">
    <p class='ocr_par' dir='ltr' id='par_1_66' title="bbox 2124 3303 3766 3375">
     <span class='ocr_line' id='line_1_66' title="bbox 2124 3303 3766 3375; baseline 0 -16"><span class='ocrx_word' id='word_1_544' title='bbox 2124 3304 2310 3370; x_wconf 89' lang='lat' dir='ltr'><strong>brata,</strong></span> <span class='ocrx_word' id='word_1_545' title='bbox 2334 3308 2392 3358; x_wconf 89' lang='lat' dir='ltr'><strong>et</strong></span> <span class='ocrx_word' id='word_1_546' title='bbox 2410 3304 2467 3358; x_wconf 90' lang='lat' dir='ltr'><strong>in</strong></span> <span class='ocrx_word' id='word_1_547' title='bbox 2489 3305 2738 3359; x_wconf 89' lang='lat' dir='ltr'><strong>sacrario</strong></span> <span class='ocrx_word' id='word_1_548' title='bbox 2766 3305 3043 3359; x_wconf 88' lang='lat' dir='ltr'><strong>cathedra</strong></span> <span class='ocrx_word' id='word_1_549' title='bbox 3071 3304 3374 3375; x_wconf 89' lang='lat' dir='ltr'><strong>deportata</strong></span> <span class='ocrx_word' id='word_1_550' title='bbox 3395 3303 3634 3359; x_wconf 79' lang='lat' dir='ltr'><strong>offertur</strong></span> <span class='ocrx_word' id='word_1_551' title='bbox 3657 3320 3766 3375; x_wconf 91' lang='lat' dir='ltr'><strong>pa-</strong></span> 
     </span>
    </p>
   </div>
   <div class='ocr_carea' id='block_1_67' title="bbox 2125 3397 3766 3468">
    <p class='ocr_par' dir='ltr' id='par_1_67' title="bbox 2125 3397 3766 3468">
     <span class='ocr_line' id='line_1_67' title="bbox 2125 3397 3766 3468; baseline -0.001 -16"><span class='ocrx_word' id='word_1_552' title='bbox 2125 3398 2363 3468; x_wconf 76' lang='lat' dir='ltr'><strong>ralytica</strong></span> <span class='ocrx_word' id='word_1_553' title='bbox 2391 3398 2785 3454; x_wconf 87' lang='lat' dir='ltr'><strong>universorum</strong></span> <span class='ocrx_word' id='word_1_554' title='bbox 2821 3397 3218 3452; x_wconf 87' lang='lat' dir='ltr'><strong>membrorum</strong></span> <span class='ocrx_word' id='word_1_555' title='bbox 3250 3397 3527 3452; x_wconf 86' lang='lat' dir='ltr'><strong>damnata</strong></span> <span class='ocrx_word' id='word_1_556' title='bbox 3554 3413 3766 3468; x_wconf 81' lang='lat' dir='ltr'><strong>gerens</strong></span> 
     </span>
    </p>
   </div>
   <div class='ocr_carea' id='block_1_68' title="bbox 2128 3488 3760 3562">
    <p class='ocr_par' dir='ltr' id='par_1_68' title="bbox 2128 3488 3760 3562">
     <span class='ocr_line' id='line_1_68' title="bbox 2128 3488 3760 3562; baseline 0 -16"><span class='ocrx_word' id='word_1_557' title='bbox 2128 3490 2336 3558; x_wconf 82' lang='lat' dir='ltr'><strong>ofﬁcia,</strong></span> <span class='ocrx_word' id='word_1_558' title='bbox 2357 3493 2578 3546; x_wconf 88' lang='lat' dir='ltr'><strong>nullum</strong></span> <span class='ocrx_word' id='word_1_559' title='bbox 2598 3489 2855 3562; x_wconf 88' lang='lat' dir='ltr'><strong>vigorem</strong></span> <span class='ocrx_word' id='word_1_560' title='bbox 2874 3491 3130 3545; x_wconf 86' lang='lat' dir='ltr'><strong>retinens</strong></span> <span class='ocrx_word' id='word_1_561' title='bbox 3149 3488 3360 3562; x_wconf 63' lang='lat' dir='ltr'><strong>plantae</strong></span> <span class='ocrx_word' id='word_1_562' title='bbox 3383 3493 3468 3545; x_wconf 88' lang='lat' dir='ltr'><strong>vel</strong></span> <span class='ocrx_word' id='word_1_563' title='bbox 3489 3490 3760 3546; x_wconf 73' lang='lat' dir='ltr'><strong>dexterae.</strong></span> 
     </span>
    </p>
   </div>
   <div class='ocr_carea' id='block_1_69' title="bbox 2126 3584 3767 3656">
    <p class='ocr_par' dir='ltr' id='par_1_69' title="bbox 2126 3584 3767 3656">
     <span class='ocr_line' id='line_1_69' title="bbox 2126 3584 3767 3656; baseline 0.001 -17"><span class='ocrx_word' id='word_1_564' title='bbox 2126 3584 2246 3640; x_wconf 79' lang='lat' dir='ltr'><strong>Mox</strong></span> <span class='ocrx_word' id='word_1_565' title='bbox 2269 3585 2490 3638; x_wconf 86' lang='lat' dir='ltr'><strong>habens</strong></span> <span class='ocrx_word' id='word_1_566' title='bbox 2509 3585 2568 3638; x_wconf 90' lang='lat' dir='ltr'><strong>in</strong></span> <span class='ocrx_word' id='word_1_567' title='bbox 2592 3601 2660 3639; x_wconf 92' lang='lat' dir='ltr'><strong>eo</strong></span> <span class='ocrx_word' id='word_1_568' title='bbox 2681 3585 2970 3652; x_wconf 85' lang='lat' dir='ltr'><strong>fiduciam,</strong></span> <span class='ocrx_word' id='word_1_569' title='bbox 2995 3585 3093 3655; x_wconf 92' lang='lat' dir='ltr'><strong>qui</strong></span> <span class='ocrx_word' id='word_1_570' title='bbox 3115 3585 3269 3639; x_wconf 90' lang='lat' dir='ltr'><strong>dona</strong></span> <span class='ocrx_word' id='word_1_571' title='bbox 3295 3584 3400 3639; x_wconf 88' lang='lat' dir='ltr'><strong>sibi</strong></span> <span class='ocrx_word' id='word_1_572' title='bbox 3431 3585 3592 3656; x_wconf 90' lang='lat' dir='ltr'><strong>larga</strong></span> <span class='ocrx_word' id='word_1_573' title='bbox 3621 3601 3767 3655; x_wconf 72' lang='lat' dir='ltr'><strong>pree-</strong></span> 
     </span>
    </p>
   </div>
   <div class='ocr_carea' id='block_1_70' title="bbox 2129 3677 3761 3750">
    <p class='ocr_par' dir='ltr' id='par_1_70' title="bbox 2129 3677 3761 3750">
     <span class='ocr_line' id='line_1_70' title="bbox 2129 3677 3761 3750; baseline 0.001 -19"><span class='ocrx_word' id='word_1_574' title='bbox 2129 3677 2336 3745; x_wconf 89' lang='lat' dir='ltr'><strong>stabat,</strong></span> <span class='ocrx_word' id='word_1_575' title='bbox 2365 3693 2492 3732; x_wconf 91' lang='lat' dir='ltr'><strong>eam</strong></span> <span class='ocrx_word' id='word_1_576' title='bbox 2517 3680 2579 3732; x_wconf 91' lang='lat' dir='ltr'><strong>ut</strong></span> <span class='ocrx_word' id='word_1_577' title='bbox 2601 3677 2786 3732; x_wconf 89' lang='lat' dir='ltr'><strong>vitalis</strong></span> <span class='ocrx_word' id='word_1_578' title='bbox 2815 3677 2924 3732; x_wconf 91' lang='lat' dir='ltr'><strong>olei</strong></span> <span class='ocrx_word' id='word_1_579' title='bbox 2951 3677 3354 3734; x_wconf 89' lang='lat' dir='ltr'><strong>benedictione</strong></span> <span class='ocrx_word' id='word_1_580' title='bbox 3375 3677 3761 3750; x_wconf 89' lang='lat' dir='ltr'><strong>superlinivit;</strong></span> 
     </span>
    </p>
   </div>
   <div class='ocr_carea' id='block_1_71' title="bbox 2130 3770 3763 3843">
    <p class='ocr_par' dir='ltr' id='par_1_71' title="bbox 2130 3770 3763 3843">
     <span class='ocr_line' id='line_1_71' title="bbox 2130 3770 3763 3843; baseline 0 -19"><span class='ocrx_word' id='word_1_581' title='bbox 2130 3770 2322 3824; x_wconf 89' lang='lat' dir='ltr'><strong>statim</strong></span> <span class='ocrx_word' id='word_1_582' title='bbox 2362 3771 2597 3824; x_wconf 90' lang='lat' dir='ltr'><strong>morbus</strong></span> <span class='ocrx_word' id='word_1_583' title='bbox 2633 3770 2968 3840; x_wconf 82' lang='lat' dir='ltr'><strong>excluditur,</strong></span> <span class='ocrx_word' id='word_1_584' title='bbox 3006 3770 3247 3826; x_wconf 86' lang='lat' dir='ltr'><strong>salubris</strong></span> <span class='ocrx_word' id='word_1_585' title='bbox 3277 3772 3442 3843; x_wconf 87' lang='lat' dir='ltr'><strong>vigor</strong></span> <span class='ocrx_word' id='word_1_586' title='bbox 3471 3771 3763 3839; x_wconf 86' lang='lat' dir='ltr'><strong>illabitur;</strong></span> 
     </span>
    </p>
   </div>
   <div class='ocr_carea' id='block_1_72' title="bbox 2129 3854 3766 3935">
    <p class='ocr_par' dir='ltr' id='par_1_72' title="bbox 2129 3854 3766 3935">
     <span class='ocr_line' id='line_1_72' title="bbox 2129 3854 3766 3935; baseline 0.001 -18"><span class='ocrx_word' id='word_1_587' title='bbox 2129 3861 2513 3934; x_wconf 85' lang='lat' dir='ltr'><strong>recreatisque</strong></span> <span class='ocrx_word' id='word_1_588' title='bbox 2525 3863 2848 3931; x_wconf 88' lang='lat' dir='ltr'><strong>visceribus,</strong></span> <span class='ocrx_word' id='word_1_589' title='bbox 2865 3863 3068 3918; x_wconf 90' lang='lat' dir='ltr'><strong>melius</strong></span> <span class='ocrx_word' id='word_1_590' title='bbox 3081 3863 3398 3919; x_wconf 90' lang='lat' dir='ltr'><strong>renascitur</strong></span> <span class='ocrx_word' id='word_1_591' title='bbox 3409 3863 3574 3918; x_wconf 89' lang='lat' dir='ltr'><strong>saluti</strong></span> <span class='ocrx_word' id='word_1_592' title='bbox 3588 3854 3766 3935; x_wconf 87' lang='lat' dir='ltr'><strong>quam</strong></span> 
     </span>
    </p>
   </div>
   <div class='ocr_carea' id='block_1_73' title="bbox 2131 3955 3765 4029">
    <p class='ocr_par' dir='ltr' id='par_1_73' title="bbox 2131 3955 3765 4029">
     <span class='ocr_line' id='line_1_73' title="bbox 2131 3955 3765 4029; baseline 0 -19"><span class='ocrx_word' id='word_1_593' title='bbox 2131 3955 2399 4026; x_wconf 89' lang='lat' dir='ltr'><strong>germini,</strong></span> <span class='ocrx_word' id='word_1_594' title='bbox 2433 3957 2559 4028; x_wconf 84' lang='lat' dir='ltr'><strong>plus</strong></span> <span class='ocrx_word' id='word_1_595' title='bbox 2589 3957 2892 4028; x_wconf 86' lang='lat' dir='ltr'><strong>acquirens</strong></span> <span class='ocrx_word' id='word_1_596' title='bbox 2918 3975 2982 4010; x_wconf 85' lang='lat' dir='ltr'><strong>ex</strong></span> <span class='ocrx_word' id='word_1_597' title='bbox 3013 3974 3254 4012; x_wconf 89' lang='lat' dir='ltr'><strong>munere</strong></span> <span class='ocrx_word' id='word_1_598' title='bbox 3284 3975 3459 4028; x_wconf 90' lang='lat' dir='ltr'><strong>quam</strong></span> <span class='ocrx_word' id='word_1_599' title='bbox 3489 3956 3765 4029; x_wconf 80' lang='lat' dir='ltr'><strong>sumpsis-</strong></span> 
     </span>
    </p>
   </div>
   <div class='ocr_carea' id='block_1_74' title="bbox 2131 4043 3765 4122">
    <p class='ocr_par' dir='ltr' id='par_1_74' title="bbox 2131 4043 3765 4122">
     <span class='ocr_line' id='line_1_74' title="bbox 2131 4043 3765 4122; baseline 0.001 -20"><span class='ocrx_word' id='word_1_600' title='bbox 2131 4052 2219 4102; x_wconf 89' lang='lat' dir='ltr'><strong>set</strong></span> <span class='ocrx_word' id='word_1_601' title='bbox 2262 4047 2504 4120; x_wconf 90' lang='lat' dir='ltr'><strong>origine.</strong></span> <span class='ocrx_word' id='word_1_602' title='bbox 2550 4053 2634 4104; x_wconf 89' lang='lat' dir='ltr'><strong>lta</strong></span> <span class='ocrx_word' id='word_1_603' title='bbox 2683 4053 2744 4104; x_wconf 94' lang='lat' dir='ltr'><strong>ut</strong></span> <span class='ocrx_word' id='word_1_604' title='bbox 2791 4051 2905 4105; x_wconf 88' lang='lat' dir='ltr'><strong>suis</strong></span> <span class='ocrx_word' id='word_1_605' title='bbox 2950 4043 3150 4122; x_wconf 85' lang='lat' dir='ltr'><strong>postea</strong></span> <span class='ocrx_word' id='word_1_606' title='bbox 3196 4051 3464 4106; x_wconf 90' lang='lat' dir='ltr'><strong>manibus</strong></span> <span class='ocrx_word' id='word_1_607' title='bbox 3508 4050 3765 4106; x_wconf 89' lang='lat' dir='ltr'><strong>tunicam</strong></span> 
     </span>
    </p>
   </div>
   <div class='ocr_carea' id='block_1_75' title="bbox 2132 4143 3761 4214">
    <p class='ocr_par' dir='ltr' id='par_1_75' title="bbox 2132 4143 3761 4214">
     <span class='ocr_line' id='line_1_75' title="bbox 2132 4143 3761 4214; baseline 0.001 -17"><span class='ocrx_word' id='word_1_608' title='bbox 2132 4143 2342 4198; x_wconf 87' lang='lat' dir='ltr'><strong>Sancto</strong></span> <span class='ocrx_word' id='word_1_609' title='bbox 2369 4143 2585 4197; x_wconf 88' lang='lat' dir='ltr'><strong>faceret</strong></span> <span class='ocrx_word' id='word_1_610' title='bbox 2613 4143 2775 4214; x_wconf 87' lang='lat' dir='ltr'><strong>quasi</strong></span> <span class='ocrx_word' id='word_1_611' title='bbox 2796 4143 3088 4214; x_wconf 62' lang='lat' dir='ltr'><strong>acquisita:</strong></span> <span class='ocrx_word' id='word_1_612' title='bbox 3110 4143 3411 4199; x_wconf 88' lang='lat' dir='ltr'><strong>tributaria</strong></span> <span class='ocrx_word' id='word_1_613' title='bbox 3438 4143 3761 4199; x_wconf 64' lang='lat' dir='ltr'><strong>medicina}.</strong></span> 
     </span>
    </p>
   </div>
   <div class='ocr_carea' id='block_1_76' title="bbox 2200 4235 3761 4310">
    <p class='ocr_par' dir='ltr' id='par_1_76' title="bbox 2200 4235 3761 4310">
     <span class='ocr_line' id='line_1_76' title="bbox 2200 4235 3761 4310; baseline 0.001 -20"><span class='ocrx_word' id='word_1_614' title='bbox 2200 4235 2370 4290; x_wconf 85' lang='lat' dir='ltr'><strong>XLIV.</strong></span> <span class='ocrx_word' id='word_1_615' title='bbox 2418 4235 2674 4290; x_wconf 88' lang='lat' dir='ltr'><strong>Tradidit</strong></span> <span class='ocrx_word' id='word_1_616' title='bbox 2716 4237 3012 4291; x_wconf 77' lang='lat' dir='ltr'><strong>memoriae</strong></span> <span class='ocrx_word' id='word_1_617' title='bbox 3062 4238 3216 4310; x_wconf 89' lang='lat' dir='ltr'><strong>quod</strong></span> <span class='ocrx_word' id='word_1_618' title='bbox 3255 4237 3420 4309; x_wconf 90' lang='lat' dir='ltr'><strong>juvat</strong></span> <span class='ocrx_word' id='word_1_619' title='bbox 3461 4237 3520 4292; x_wconf 92' lang='lat' dir='ltr'><strong>in</strong></span> <span class='ocrx_word' id='word_1_620' title='bbox 3569 4236 3761 4292; x_wconf 89' lang='lat' dir='ltr'><strong>laude.</strong></span> 
     </span>
    </p>
   </div>
   <div class='ocr_carea' id='block_1_77' title="bbox 2132 4328 3762 4402">
    <p class='ocr_par' dir='ltr' id='par_1_77' title="bbox 2132 4328 3762 4402">
     <span class='ocr_line' id='line_1_77' title="bbox 2132 4328 3762 4402; baseline 0 -18"><span class='ocrx_word' id='word_1_621' title='bbox 2132 4330 2328 4399; x_wconf 90' lang='lat' dir='ltr'><strong>Itaque</strong></span> <span class='ocrx_word' id='word_1_622' title='bbox 2340 4328 2700 4399; x_wconf 77' lang='lat' dir='ltr'><strong>Audegisilus</strong></span> <span class='ocrx_word' id='word_1_623' title='bbox 2717 4329 2908 4400; x_wconf 88' lang='lat' dir='ltr'><strong>major</strong></span> <span class='ocrx_word' id='word_1_624' title='bbox 2917 4331 3123 4385; x_wconf 91' lang='lat' dir='ltr'><strong>domus</strong></span> <span class='ocrx_word' id='word_1_625' title='bbox 3139 4330 3314 4402; x_wconf 66' lang='lat' dir='ltr'><strong>regiae.</strong></span> <span class='ocrx_word' id='word_1_626' title='bbox 3331 4347 3460 4385; x_wconf 91' lang='lat' dir='ltr'><strong>eum</strong></span> <span class='ocrx_word' id='word_1_627' title='bbox 3478 4332 3762 4402; x_wconf 87' lang='lat' dir='ltr'><strong>quartana</strong></span> 
     </span>
    </p>
   </div>
   <div class='ocr_carea' id='block_1_78' title="bbox 2133 4421 3762 4494">
    <p class='ocr_par' dir='ltr' id='par_1_78' title="bbox 2133 4421 3762 4494">
     <span class='ocr_line' id='line_1_78' title="bbox 2133 4421 3762 4494; baseline 0.001 -18"><span class='ocrx_word' id='word_1_628' title='bbox 2133 4425 2268 4493; x_wconf 83' lang='lat' dir='ltr'><strong>typo</strong></span> <span class='ocrx_word' id='word_1_629' title='bbox 2303 4421 2554 4492; x_wconf 89' lang='lat' dir='ltr'><strong>graviter</strong></span> <span class='ocrx_word' id='word_1_630' title='bbox 2587 4425 2875 4494; x_wconf 87' lang='lat' dir='ltr'><strong>ageretur,</strong></span> <span class='ocrx_word' id='word_1_631' title='bbox 2915 4423 3159 4479; x_wconf 90' lang='lat' dir='ltr'><strong>occurrit</strong></span> <span class='ocrx_word' id='word_1_632' title='bbox 3196 4424 3368 4480; x_wconf 90' lang='lat' dir='ltr'><strong>beato</strong></span> <span class='ocrx_word' id='word_1_633' title='bbox 3409 4425 3549 4492; x_wconf 89' lang='lat' dir='ltr'><strong>viro,</strong></span> <span class='ocrx_word' id='word_1_634' title='bbox 3577 4423 3762 4478; x_wconf 81' lang='lat' dir='ltr'><strong>ﬁdens</strong></span> 
     </span>
    </p>
   </div>
   <div class='ocr_carea' id='block_1_79' title="bbox 407 4508 3764 4608">
    <p class='ocr_par' dir='ltr' id='par_1_79' title="bbox 407 4508 3764 4608">
     <span class='ocr_line' id='line_1_79' title="bbox 407 4508 3764 4608; baseline -0 -35"><span class='ocrx_word' id='word_1_635' title='bbox 407 4532 535 4574; x_wconf 88' lang='lat' dir='ltr'><strong>cem</strong></span> <span class='ocrx_word' id='word_1_636' title='bbox 563 4512 808 4586; x_wconf 86' lang='lat' dir='ltr'><strong>inspicit,</strong></span> <span class='ocrx_word' id='word_1_637' title='bbox 835 4510 1016 4570; x_wconf 88' lang='lat' dir='ltr'><strong>sancti</strong></span> <span class='ocrx_word' id='word_1_638' title='bbox 1042 4509 1145 4564; x_wconf 91' lang='lat' dir='ltr'><strong>viri</strong></span> <span class='ocrx_word' id='word_1_639' title='bbox 1172 4508 1382 4580; x_wconf 90' lang='lat' dir='ltr'><strong>digitos</strong></span> <span class='ocrx_word' id='word_1_640' title='bbox 1400 4508 1669 4564; x_wconf 88' lang='lat' dir='ltr'><strong>insatiata</strong></span> <span class='ocrx_word' id='word_1_641' title='bbox 1690 4509 1900 4581; x_wconf 86' lang='lat' dir='ltr'><strong>gaudio</strong></span> <span class='ocrx_word' id='word_1_642' title='bbox 1920 4510 2034 4566; x_wconf 90' lang='lat' dir='ltr'><strong>suis</strong></span> <span class='ocrx_word' id='word_1_643' title='bbox 2051 4534 2110 4608; x_wconf 79' lang='lat' dir='ltr'><strong>D</strong></span> <span class='ocrx_word' id='word_1_644' title='bbox 2135 4513 2206 4569; x_wconf 91' lang='lat' dir='ltr'><strong>de</strong></span> <span class='ocrx_word' id='word_1_645' title='bbox 2232 4513 2533 4570; x_wconf 83' lang='lat' dir='ltr'><strong>beneficio.</strong></span> <span class='ocrx_word' id='word_1_646' title='bbox 2559 4516 2740 4571; x_wconf 85' lang='lat' dir='ltr'><strong>Homo</strong></span> <span class='ocrx_word' id='word_1_647' title='bbox 2763 4516 2862 4570; x_wconf 89' lang='lat' dir='ltr'><strong>Dei</strong></span> <span class='ocrx_word' id='word_1_648' title='bbox 2897 4517 2956 4572; x_wconf 89' lang='lat' dir='ltr'><strong>in</strong></span> <span class='ocrx_word' id='word_1_649' title='bbox 2983 4534 3084 4572; x_wconf 90' lang='lat' dir='ltr'><strong>sua</strong></span> <span class='ocrx_word' id='word_1_650' title='bbox 3109 4518 3252 4572; x_wconf 91' lang='lat' dir='ltr'><strong>cella</strong></span> <span class='ocrx_word' id='word_1_651' title='bbox 3279 4515 3536 4589; x_wconf 89' lang='lat' dir='ltr'><strong>deputat,</strong></span> <span class='ocrx_word' id='word_1_652' title='bbox 3556 4519 3764 4572; x_wconf 88' lang='lat' dir='ltr'><strong>etcum</strong></span> 
     </span>
    </p>
   </div>
   <div class='ocr_carea' id='block_1_80' title="bbox 405 4601 2030 4676">
    <p class='ocr_par' dir='ltr' id='par_1_80' title="bbox 405 4601 2030 4676">
     <span class='ocr_line' id='line_1_80' title="bbox 405 4601 2030 4676; baseline -0.004 -9"><span class='ocrx_word' id='word_1_653' title='bbox 405 4608 691 4667; x_wconf 88' lang='lat' dir='ltr'><strong>immersit</strong></span> <span class='ocrx_word' id='word_1_654' title='bbox 727 4605 1005 4671; x_wconf 87' lang='lat' dir='ltr'><strong>faucibus,</strong></span> <span class='ocrx_word' id='word_1_655' title='bbox 1045 4601 1374 4674; x_wconf 83' lang='lat' dir='ltr'><strong>pariterque</strong></span> <span class='ocrx_word' id='word_1_656' title='bbox 1410 4601 1686 4657; x_wconf 90' lang='lat' dir='ltr'><strong>ministris</strong></span> <span class='ocrx_word' id='word_1_657' title='bbox 1721 4620 2030 4676; x_wconf 89' lang='lat' dir='ltr'><strong>compunc-</strong></span> 
     </span>
    </p>
   </div>
   <div class='ocr_carea' id='block_1_81' title="bbox 2133 4605 3767 4680">
    <p class='ocr_par' dir='ltr' id='par_1_81' title="bbox 2133 4605 3767 4680">
     <span class='ocr_line' id='line_1_81' title="bbox 2133 4605 3767 4680; baseline 0.002 -19"><span class='ocrx_word' id='word_1_658' title='bbox 2133 4623 2250 4662; x_wconf 91' lang='lat' dir='ltr'><strong>uno</strong></span> <span class='ocrx_word' id='word_1_659' title='bbox 2277 4605 2520 4663; x_wconf 89' lang='lat' dir='ltr'><strong>diacono</strong></span> <span class='ocrx_word' id='word_1_660' title='bbox 2550 4608 2802 4664; x_wconf 79' lang='lat' dir='ltr'><strong>residere</strong></span> <span class='ocrx_word' id='word_1_661' title='bbox 2816 4609 2984 4680; x_wconf 89' lang='lat' dir='ltr'><strong>jubet</strong></span> <span class='ocrx_word' id='word_1_662' title='bbox 3002 4610 3302 4665; x_wconf 90' lang='lat' dir='ltr'><strong>inclusum.</strong></span> <span class='ocrx_word' id='word_1_663' title='bbox 3325 4611 3466 4666; x_wconf 89' lang='lat' dir='ltr'><strong>Tum</strong></span> <span class='ocrx_word' id='word_1_664' title='bbox 3489 4610 3688 4665; x_wconf 84' lang='lat' dir='ltr'><strong>anxius</strong></span> <span class='ocrx_word' id='word_1_665' title='bbox 3710 4615 3767 4665; x_wconf 91' lang='lat' dir='ltr'><strong>et</strong></span> 
     </span>
    </p>
   </div>
   <div class='ocr_carea' id='block_1_82' title="bbox 409 4695 3766 4776">
    <p class='ocr_par' dir='ltr' id='par_1_82' title="bbox 409 4695 3766 4776">
     <span class='ocr_line' id='line_1_82' title="bbox 409 4695 3766 4776; baseline -0.001 -16"><span class='ocrx_word' id='word_1_666' title='bbox 409 4704 565 4760; x_wconf 89' lang='lat' dir='ltr'><strong>tione</strong></span> <span class='ocrx_word' id='word_1_667' title='bbox 593 4697 937 4758; x_wconf 82' lang='lat' dir='ltr'><strong>deflentibus</strong></span> <span class='ocrx_word' id='word_1_668' title='bbox 973 4695 1165 4751; x_wconf 85' lang='lat' dir='ltr'><strong>videre</strong></span> <span class='ocrx_word' id='word_1_669' title='bbox 1194 4712 1254 4752; x_wconf 90' lang='lat' dir='ltr'><strong>se</strong></span> <span class='ocrx_word' id='word_1_670' title='bbox 1285 4695 1583 4752; x_wconf 87' lang='lat' dir='ltr'><strong>hominem</strong></span> <span class='ocrx_word' id='word_1_671' title='bbox 1611 4696 1707 4769; x_wconf 85' lang='lat' dir='ltr'><strong>qui</strong></span> <span class='ocrx_word' id='word_1_672' title='bbox 1739 4698 1900 4754; x_wconf 66' lang='lat' dir='ltr'><strong>caecis</strong></span> <span class='ocrx_word' id='word_1_673' title='bbox 1928 4715 2032 4771; x_wconf 90' lang='lat' dir='ltr'><strong>pro</strong></span> <span class='ocrx_word' id='word_1_674' title='bbox 2127 4699 2400 4771; x_wconf 88' lang='lat' dir='ltr'><strong>jejunans</strong></span> <span class='ocrx_word' id='word_1_675' title='bbox 2436 4701 2718 4770; x_wconf 87' lang='lat' dir='ltr'><strong>minister,</strong></span> <span class='ocrx_word' id='word_1_676' title='bbox 2752 4702 2891 4773; x_wconf 87' lang='lat' dir='ltr'><strong>quid</strong></span> <span class='ocrx_word' id='word_1_677' title='bbox 2937 4703 3153 4758; x_wconf 85' lang='lat' dir='ltr'><strong>faceret</strong></span> <span class='ocrx_word' id='word_1_678' title='bbox 3185 4703 3471 4775; x_wconf 82' lang='lat' dir='ltr'><strong>excogitat</strong></span> <span class='ocrx_word' id='word_1_679' title='bbox 3508 4703 3766 4776; x_wconf 87' lang='lat' dir='ltr'><strong>trepidus</strong></span> 
     </span>
    </p>
   </div>
   <div class='ocr_carea' id='block_1_83' title="bbox 417 4833 2032 4988">
    <p class='ocr_par' dir='ltr' id='par_1_83' title="bbox 417 4833 2032 4988">
     <span class='ocr_line' id='line_1_83' title="bbox 483 4833 2030 4913; baseline -0.003 -17"><span class='ocrx_word' id='word_1_680' title='bbox 483 4841 559 4913; x_wconf 83' lang='grc' dir='ltr'><strong>(α)</strong></span> <span class='ocrx_word' id='word_1_681' title='bbox 601 4841 686 4896; x_wconf 88' lang='lat' dir='ltr'><strong>Ita</strong></span> <span class='ocrx_word' id='word_1_682' title='bbox 725 4837 850 4892; x_wconf 84' lang='lat' dir='ltr'><strong>Mss.</strong></span> <span class='ocrx_word' id='word_1_683' title='bbox 901 4833 1080 4891; x_wconf 86' lang='lat' dir='ltr'><strong>Codd.</strong></span> <span class='ocrx_word' id='word_1_684' title='bbox 1127 4833 1464 4906; x_wconf 90' lang='lat' dir='ltr'><strong>Legendum</strong></span> <span class='ocrx_word' id='word_1_685' title='bbox 1509 4837 1704 4892; x_wconf 88' lang='lat' dir='ltr'><strong>tamen</strong></span> <span class='ocrx_word' id='word_1_686' title='bbox 1751 4835 1976 4893; x_wconf 88' lang='lat' dir='ltr'><strong>videtur</strong></span> <span class='ocrx_word' id='word_1_687' title='bbox 2016 4853 2030 4892; x_wconf 90' lang='lat'><strong>:</strong></span> 
     </span>
     <span class='ocr_line' id='line_1_84' title="bbox 417 4907 2032 4988; baseline -0.005 -19"><span class='ocrx_word' id='word_1_688' title='bbox 417 4912 634 4988; x_wconf 57' lang='lat' dir='ltr'><strong>Therae:</strong></span> <span class='ocrx_word' id='word_1_689' title='bbox 651 4909 887 4988; x_wconf 55' lang='lat' dir='ltr'><strong>pectoris</strong></span> <span class='ocrx_word' id='word_1_690' title='bbox 909 4907 1069 4988; x_wconf 70' lang='lat' dir='ltr'><strong>vitali</strong></span> <span class='ocrx_word' id='word_1_691' title='bbox 1084 4907 1255 4987; x_wconf 70' lang='lat' dir='ltr'><strong>pulsu</strong></span> <span class='ocrx_word' id='word_1_692' title='bbox 1272 4910 1333 4988; x_wconf 55' lang='lat' dir='ltr'><strong>ﬁt</strong></span> <span class='ocrx_word' id='word_1_693' title='bbox 1343 4909 1552 4988; x_wconf 61' lang='lat' dir='ltr'><strong>fortior</strong></span> <span class='ocrx_word' id='word_1_694' title='bbox 1573 4909 2032 4988; x_wconf 41' lang='lat' dir='ltr'><strong>genuum‘coluyn-</strong></span> 
     </span>
    </p>
   </div>
   <div class='ocr_carea' id='block_1_84' title="bbox 411 4977 2032 5050">
    <p class='ocr_par' dir='ltr' id='par_1_84' title="bbox 411 4977 2032 5050">
     <span class='ocr_line' id='line_1_85' title="bbox 411 4977 2032 5050; baseline -0.003 -11"><span class='ocrx_word' id='word_1_695' title='bbox 411 4983 566 5046; x_wconf 76' lang='lat' dir='ltr'><strong>naris</strong></span> <span class='ocrx_word' id='word_1_696' title='bbox 604 4977 964 5042; x_wconf 61' lang='lat' dir='ltr'><strong>imbecillitas,</strong></span> <span class='ocrx_word' id='word_1_697' title='bbox 1001 4981 1110 5032; x_wconf 88' lang='lat' dir='ltr'><strong>etc.</strong></span> <span class='ocrx_word' id='word_1_698' title='bbox 1145 4993 1158 5032; x_wconf 88' lang='lat'><strong>:</strong></span> <span class='ocrx_word' id='word_1_699' title='bbox 1193 4977 1300 5032; x_wconf 83' lang='lat' dir='ltr'><strong>nisi</strong></span> <span class='ocrx_word' id='word_1_700' title='bbox 1337 4977 1486 5034; x_wconf 90' lang='lat' dir='ltr'><strong>forte</strong></span> <span class='ocrx_word' id='word_1_701' title='bbox 1525 4995 1715 5050; x_wconf 89' lang='lat' dir='ltr'><strong>genua</strong></span> <span class='ocrx_word' id='word_1_702' title='bbox 1757 4978 2032 5049; x_wconf 80' lang='lat' dir='ltr'><strong>adjective</strong></span> 
     </span>
    </p>
   </div>
   <div class='ocr_carea' id='block_1_85' title="bbox 411 5054 2030 5204">
    <p class='ocr_par' dir='ltr' id='par_1_85' title="bbox 411 5054 2030 5204">
     <span class='ocr_line' id='line_1_86' title="bbox 411 5054 2030 5204; baseline -0.015 -4"><span class='ocrx_word' id='word_1_703' title='bbox 411 5054 887 5204; x_wconf 49' lang='grc' dir='ltr'><strong>ωῗέῗὲιιῖέεὶαουε</strong></span> <span class='ocrx_word' id='word_1_704' title='bbox 917 5117 1166 5204; x_wconf 46' lang='lat' dir='ltr'><strong>(Paeg).</strong></span> <span class='ocrx_word' id='word_1_705' title='bbox 1199 5118 1369 5191; x_wconf 81' lang='lat' dir='ltr'><strong>paulo</strong></span> <span class='ocrx_word' id='word_1_706' title='bbox 1404 5135 1574 5195; x_wconf 84' lang='lat' dir='ltr'><strong>supra</strong></span> <span class='ocrx_word' id='word_1_707' title='bbox 1607 5119 1912 5190; x_wconf 90' lang='lat' dir='ltr'><strong>Lutetiam,</strong></span> <span class='ocrx_word' id='word_1_708' title='bbox 1945 5119 2030 5178; x_wconf 86' lang='lat' dir='ltr'><strong>in-</strong></span> 
     </span>
    </p>
   </div>
   <div class='ocr_carea' id='block_1_86' title="bbox 413 5191 1668 5274">
    <p class='ocr_par' dir='ltr' id='par_1_86' title="bbox 413 5191 1668 5274">
     <span class='ocr_line' id='line_1_87' title="bbox 413 5191 1668 5274; baseline 0.009 -9"><span class='ocrx_word' id='word_1_709' title='bbox 413 5191 502 5274; x_wconf 71' lang='lat' dir='ltr'><strong>teri</strong></span> <span class='ocrx_word' id='word_1_710' title='bbox 531 5191 863 5274; x_wconf 46' lang='lat' dir='ltr'><strong>Sequanam.</strong></span> <span class='ocrx_word' id='word_1_711' title='bbox 887 5191 945 5248; x_wconf 67' lang='lat' dir='ltr'><strong>et</strong></span> <span class='ocrx_word' id='word_1_712' title='bbox 973 5191 1308 5274; x_wconf 55' lang='lat' dir='ltr'><strong>timeam.-</strong></span> <span class='ocrx_word' id='word_1_713' title='bbox 1470 5191 1489 5195; x_wconf 75' lang='grc'><strong><em>“</em></strong></span> <span class='ocrx_word' id='word_1_714' title='bbox 1525 5266 1534 5274; x_wconf 90' lang='grc'>.</span> <span class='ocrx_word' id='word_1_715' title='bbox 1658 5261 1668 5274; x_wconf 94' lang='grc'><em>.</em></span> 
     </span>
    </p>
   </div>
   <div class='ocr_carea' id='block_1_87' title="bbox 418 5260 2031 5414">
    <p class='ocr_par' dir='ltr' id='par_1_87' title="bbox 418 5260 2031 5414">
     <span class='ocr_line' id='line_1_88' title="bbox 485 5260 2030 5392; baseline -0.005 -66"><span class='ocrx_word' id='word_1_716' title='bbox 485 5271 552 5344; x_wconf 90' lang='lat' dir='ltr'><strong>(c)</strong></span> <span class='ocrx_word' id='word_1_717' title='bbox 588 5260 653 5324; x_wconf 76' lang='lat' dir='ltr'><strong>In</strong></span> <span class='ocrx_word' id='word_1_718' title='bbox 680 5264 954 5392; x_wconf 57' lang='lat' dir='ltr'><strong>(pluribus</strong></span> <span class='ocrx_word' id='word_1_719' title='bbox 989 5263 1114 5319; x_wconf 88' lang='lat' dir='ltr'><strong>Mss.</strong></span> <span class='ocrx_word' id='word_1_720' title='bbox 1151 5261 1242 5316; x_wconf 92' lang='lat' dir='ltr'><strong>hic</strong></span> <span class='ocrx_word' id='word_1_721' title='bbox 1282 5263 1613 5318; x_wconf 89' lang='lat' dir='ltr'><strong>inseruntur</strong></span> <span class='ocrx_word' id='word_1_722' title='bbox 1655 5261 1762 5316; x_wconf 87' lang='lat' dir='ltr'><strong>ista</strong></span> <span class='ocrx_word' id='word_1_723' title='bbox 1804 5260 1978 5318; x_wconf 87' lang='lat' dir='ltr'><strong>verba</strong></span> <span class='ocrx_word' id='word_1_724' title='bbox 2018 5278 2030 5319; x_wconf 89' lang='lat'><strong>:</strong></span> 
     </span>
     <span class='ocr_line' id='line_1_89' title="bbox 418 5333 2031 5414; baseline -0.003 -20"><span class='ocrx_word' id='word_1_725' title='bbox 418 5365 447 5395; x_wconf 74' lang='grc' dir='ltr'><strong>ιι</strong></span> <span class='ocrx_word' id='word_1_726' title='bbox 471 5343 580 5398; x_wconf 90' lang='lat' dir='ltr'><strong>Per</strong></span> <span class='ocrx_word' id='word_1_727' title='bbox 603 5337 673 5392; x_wconf 89' lang='lat' dir='ltr'><strong>tri</strong></span> <span class='ocrx_word' id='word_1_728' title='bbox 721 5352 856 5414; x_wconf 84' lang='lat' dir='ltr'><strong>uum</strong></span> <span class='ocrx_word' id='word_1_729' title='bbox 882 5351 1039 5414; x_wconf 82' lang='lat' dir='ltr'><strong>voce,</strong></span> <span class='ocrx_word' id='word_1_730' title='bbox 1067 5349 1272 5414; x_wconf 59' lang='lat' dir='ltr'><strong>manu,</strong></span> <span class='ocrx_word' id='word_1_731' title='bbox 1295 5335 1556 5414; x_wconf 70' lang='lat' dir='ltr'><strong>vestigio,</strong></span> <span class='ocrx_word' id='word_1_732' title='bbox 1583 5333 1800 5414; x_wconf 82' lang='lat' dir='ltr'><strong>pudore</strong></span> <span class='ocrx_word' id='word_1_733' title='bbox 1825 5350 2031 5414; x_wconf 83' lang='lat' dir='ltr'><strong>concu-</strong></span> 
     </span>
    </p>
   </div>
   <div class='ocr_carea' id='block_1_88' title="bbox 415 5405 2034 5486">
    <p class='ocr_par' dir='ltr' id='par_1_88' title="bbox 415 5405 2034 5486">
     <span class='ocr_line' id='line_1_90' title="bbox 415 5405 2034 5486; baseline -0.007 -16"><span class='ocrx_word' id='word_1_734' title='bbox 415 5415 572 5479; x_wconf 90' lang='lat' dir='ltr'><strong>titur,</strong></span> <span class='ocrx_word' id='word_1_735' title='bbox 589 5423 802 5486; x_wconf 12' lang='lat' dir='ltr'><strong>rrum_or</strong></span> <span class='ocrx_word' id='word_1_736' title='bbox 828 5407 886 5486; x_wconf 79' lang='lat' dir='ltr'><strong>in</strong></span> <span class='ocrx_word' id='word_1_737' title='bbox 919 5409 1110 5478; x_wconf 90' lang='lat' dir='ltr'><strong>partes</strong></span> <span class='ocrx_word' id='word_1_738' title='bbox 1135 5405 1380 5486; x_wconf 59' lang='lat' dir='ltr'><strong>tollitur,</strong></span> <span class='ocrx_word' id='word_1_739' title='bbox 1400 5405 1614 5486; x_wconf 73' lang='lat' dir='ltr'><strong>gratias</strong></span> <span class='ocrx_word' id='word_1_740' title='bbox 1640 5405 2034 5486; x_wconf 51' lang='lat' dir='ltr'><strong>creatorisnre-</strong></span> 
     </span>
    </p>
   </div>
   <div class='ocr_carea' id='block_1_89' title="bbox 412 5476 2036 5548">
    <p class='ocr_par' dir='ltr' id='par_1_89' title="bbox 412 5476 2036 5548">
     <span class='ocr_line' id='line_1_91' title="bbox 412 5476 2036 5548; baseline -0.007 -7"><span class='ocrx_word' id='word_1_741' title='bbox 412 5476 688 5548; x_wconf 85' lang='lat' dir='ltr'><strong>ferentes,</strong></span> <span class='ocrx_word' id='word_1_742' title='bbox 719 5476 1025 5533; x_wconf 76' lang='lat' dir='ltr'><strong>hominem.</strong></span> <span class='ocrx_word' id='word_1_743' title='bbox 1043 5493 1077 5531; x_wconf 91' lang='lat' dir='ltr'><strong>a</strong></span> <span class='ocrx_word' id='word_1_744' title='bbox 1103 5492 1216 5547; x_wconf 89' lang='lat' dir='ltr'><strong>quo</strong></span> <span class='ocrx_word' id='word_1_745' title='bbox 1235 5476 1452 5530; x_wconf 91' lang='lat' dir='ltr'><strong>morbis</strong></span> <span class='ocrx_word' id='word_1_746' title='bbox 1464 5476 1684 5548; x_wconf 86' lang='lat' dir='ltr'><strong>jugiter</strong></span> <span class='ocrx_word' id='word_1_747' title='bbox 1701 5478 1760 5528; x_wconf 88' lang='lat' dir='ltr'><strong>et</strong></span> <span class='ocrx_word' id='word_1_748' title='bbox 1779 5476 2036 5548; x_wconf 86' lang='lat' dir='ltr'><strong>moribus</strong></span> 
     </span>
    </p>
   </div>
   <div class='ocr_carea' id='block_1_90' title="bbox 412 5547 2034 5638">
    <p class='ocr_par' dir='ltr' id='par_1_90' title="bbox 412 5547 2034 5638">
     <span class='ocr_line' id='line_1_92' title="bbox 412 5547 2034 5638; baseline -0.004 -29"><span class='ocrx_word' id='word_1_749' title='bbox 412 5554 752 5638; x_wconf 76' lang='lat' dir='ltr'><strong>imperetur.</strong></span> <span class='ocrx_word' id='word_1_750' title='bbox 791 5571 818 5600; x_wconf 79' lang='grc'><strong>››</strong></span> <span class='ocrx_word' id='word_1_751' title='bbox 862 5548 975 5606; x_wconf 88' lang='lat' dir='ltr'><strong>Sed</strong></span> <span class='ocrx_word' id='word_1_752' title='bbox 1021 5563 1152 5604; x_wconf 91' lang='lat' dir='ltr'><strong>cum</strong></span> <span class='ocrx_word' id='word_1_753' title='bbox 1193 5550 1350 5603; x_wconf 82' lang='lat' dir='ltr'><strong>textu</strong></span> <span class='ocrx_word' id='word_1_754' title='bbox 1393 5561 1511 5601; x_wconf 89' lang='lat' dir='ltr'><strong>non</strong></span> <span class='ocrx_word' id='word_1_755' title='bbox 1553 5547 1700 5601; x_wconf 88' lang='lat' dir='ltr'><strong>bene</strong></span> <span class='ocrx_word' id='word_1_756' title='bbox 1745 5547 2034 5603; x_wconf 78' lang='lat' dir='ltr'><strong>cohaerere</strong></span> 
     </span>
    </p>
   </div>
   <div class='ocr_carea' id='block_1_91' title="bbox 412 5625 2040 5768">
    <p class='ocr_par' dir='ltr' id='par_1_91' title="bbox 412 5625 2040 5768">
     <span class='ocr_line' id='line_1_93' title="bbox 412 5625 2040 5768; baseline -0.003 -17"><span class='ocrx_word' id='word_1_757' title='bbox 412 5625 956 5768; x_wconf 37' lang='lat' dir='ltr'><strong>&#39;lﬁitﬁ‘ldtrtunatus,</strong></span> <span class='ocrx_word' id='word_1_758' title='bbox 983 5704 1187 5768; x_wconf 52' lang='lat' dir='ltr'><strong>supra,</strong></span> <span class='ocrx_word' id='word_1_759' title='bbox 1211 5702 1370 5768; x_wconf 78' lang='lat' dir='ltr'><strong>num.</strong></span> <span class='ocrx_word' id='word_1_760' title='bbox 1401 5689 1488 5768; x_wconf 57' lang='lat' dir='ltr'><strong>2t},</strong></span> <span class='ocrx_word' id='word_1_761' title='bbox 1509 5688 1874 5768; x_wconf 56' lang='lat' dir='ltr'><strong>mentionem</strong></span> <span class='ocrx_word' id='word_1_762' title='bbox 1901 5689 2040 5768; x_wconf 78' lang='lat' dir='ltr'><strong>fecit</strong></span> 
     </span>
    </p>
   </div>
   <div class='ocr_carea' id='block_1_92' title="bbox 410 5756 2036 5840">
    <p class='ocr_par' dir='ltr' id='par_1_92' title="bbox 410 5756 2036 5840">
     <span class='ocr_line' id='line_1_94' title="bbox 410 5756 2036 5840; baseline -0.004 -13"><span class='ocrx_word' id='word_1_763' title='bbox 410 5756 530 5828; x_wconf 70' lang='lat' dir='ltr'><strong>Vici</strong></span> <span class='ocrx_word' id='word_1_764' title='bbox 549 5756 687 5840; x_wconf 70' lang='lat' dir='ltr'><strong>Novi</strong></span> <span class='ocrx_word' id='word_1_765' title='bbox 703 5781 874 5840; x_wconf 82' lang='lat' dir='ltr'><strong>quem</strong></span> <span class='ocrx_word' id='word_1_766' title='bbox 885 5756 1306 5840; x_wconf 52' lang='lat' dir='ltr'><strong>jugtal’arisios</strong></span> <span class='ocrx_word' id='word_1_767' title='bbox 1320 5756 1606 5840; x_wconf 36' lang='lat' dir='ltr'><strong>locatzllic</strong></span> <span class='ocrx_word' id='word_1_768' title='bbox 1621 5757 1778 5840; x_wconf 67' lang='lat' dir='ltr'><strong>idem</strong></span> <span class='ocrx_word' id='word_1_769' title='bbox 1797 5760 2036 5821; x_wconf 86' lang='lat' dir='ltr'><strong>omnino</strong></span> 
     </span>
    </p>
   </div>
   <div class='ocr_carea' id='block_1_93' title="bbox 411 5827 2036 5913">
    <p class='ocr_par' dir='ltr' id='par_1_93' title="bbox 411 5827 2036 5913">
     <span class='ocr_line' id='line_1_95' title="bbox 411 5827 2036 5913; baseline -0.005 -16"><span class='ocrx_word' id='word_1_770' title='bbox 411 5851 538 5912; x_wconf 69' lang='lat' dir='ltr'><strong>esse</strong></span> <span class='ocrx_word' id='word_1_771' title='bbox 568 5827 791 5896; x_wconf 64' lang='lat' dir='ltr'><strong>videtur</strong></span> <span class='ocrx_word' id='word_1_772' title='bbox 815 5827 969 5913; x_wconf 70' lang='lat' dir='ltr'><strong>apud</strong></span> <span class='ocrx_word' id='word_1_773' title='bbox 995 5829 1268 5888; x_wconf 86' lang='lat' dir='ltr'><strong>Bituricas</strong></span> <span class='ocrx_word' id='word_1_774' title='bbox 1294 5845 1330 5887; x_wconf 89' lang='lat' dir='ltr'><strong>a</strong></span> <span class='ocrx_word' id='word_1_775' title='bbox 1352 5827 1605 5907; x_wconf 87' lang='lat' dir='ltr'><strong>quodam</strong></span> <span class='ocrx_word' id='word_1_776' title='bbox 1628 5831 1841 5893; x_wconf 88' lang='lat' dir='ltr'><strong>Gallico</strong></span> <span class='ocrx_word' id='word_1_777' title='bbox 1867 5848 2036 5910; x_wconf 85' lang='lat' dir='ltr'><strong>para-</strong></span> 
     </span>
    </p>
   </div>
   <div class='ocr_carea' id='block_1_94' title="bbox 2134 4836 3764 4922">
    <p class='ocr_par' dir='ltr' id='par_1_94' title="bbox 2134 4836 3764 4922">
     <span class='ocr_line' id='line_1_96' title="bbox 2134 4836 3764 4922; baseline 0.004 -30"><span class='ocrx_word' id='word_1_778' title='bbox 2134 4837 2366 4922; x_wconf 75' lang='lat' dir='ltr'><strong>phraste</strong></span> <span class='ocrx_word' id='word_1_779' title='bbox 2386 4853 2694 4922; x_wconf 73' lang='lat' dir='ltr'><strong>perperam</strong></span> <span class='ocrx_word' id='word_1_780' title='bbox 2713 4836 3003 4922; x_wconf 52' lang='lat' dir='ltr'><strong>quaesitus,</strong></span> <span class='ocrx_word' id='word_1_781' title='bbox 3023 4858 3157 4922; x_wconf 80' lang='lat' dir='ltr'><strong>cum</strong></span> <span class='ocrx_word' id='word_1_782' title='bbox 3173 4837 3341 4922; x_wconf 74' lang='lat' dir='ltr'><strong>solita</strong></span> <span class='ocrx_word' id='word_1_783' title='bbox 3359 4857 3496 4922; x_wconf 83' lang='lat' dir='ltr'><strong>cura</strong></span> <span class='ocrx_word' id='word_1_784' title='bbox 3516 4844 3764 4922; x_wconf 63' lang='lat' dir='ltr'><strong>asanctp</strong></span> 
     </span>
    </p>
   </div>
   <div class='ocr_carea' id='block_1_95' title="bbox 2135 4911 3760 4983">
    <p class='ocr_par' dir='ltr' id='par_1_95' title="bbox 2135 4911 3760 4983">
     <span class='ocr_line' id='line_1_97' title="bbox 2135 4911 3760 4983; baseline 0.003 -20"><span class='ocrx_word' id='word_1_785' title='bbox 2135 4911 2422 4983; x_wconf 82' lang='lat' dir='ltr'><strong>Germano</strong></span> <span class='ocrx_word' id='word_1_786' title='bbox 2448 4911 2789 4983; x_wconf 77' lang='lat' dir='ltr'><strong>visitaretur.</strong></span> <span class='ocrx_word' id='word_1_787' title='bbox 2822 4913 3012 4967; x_wconf 84' lang='lat' dir='ltr'><strong>Fuerit</strong></span> <span class='ocrx_word' id='word_1_788' title='bbox 3035 4911 3278 4983; x_wconf 88' lang='lat' dir='ltr'><strong>proinde</strong></span> <span class='ocrx_word' id='word_1_789' title='bbox 3308 4913 3518 4983; x_wconf 82' lang='lat' dir='ltr'><strong>mulier</strong></span> <span class='ocrx_word' id='word_1_790' title='bbox 3549 4913 3648 4968; x_wconf 90' lang='lat' dir='ltr'><strong>illa</strong></span> <span class='ocrx_word' id='word_1_791' title='bbox 3674 4912 3760 4968; x_wconf 92' lang='lat' dir='ltr'><strong>Bi-</strong></span> 
     </span>
    </p>
   </div>
   <div class='ocr_carea' id='block_1_96' title="bbox 2133 4979 3760 5056">
    <p class='ocr_par' dir='ltr' id='par_1_96' title="bbox 2133 4979 3760 5056">
     <span class='ocr_line' id='line_1_98' title="bbox 2133 4979 3760 5056; baseline 0.002 -21"><span class='ocrx_word' id='word_1_792' title='bbox 2133 4981 2434 5056; x_wconf 66' lang='lat' dir='ltr'><strong>turicensis</strong></span> <span class='ocrx_word' id='word_1_793' title='bbox 2482 4981 2898 5056; x_wconf 36' lang='lat' dir='ltr'><strong>dioecesishsed</strong></span> <span class='ocrx_word' id='word_1_794' title='bbox 2939 4979 3312 5056; x_wconf 78' lang='lat' dir='ltr'><strong>nequaquam</strong></span> <span class='ocrx_word' id='word_1_795' title='bbox 3356 4979 3760 5056; x_wconf 83' lang='lat' dir='ltr'><strong>Novigcntum,</strong></span> 
     </span>
    </p>
   </div>
   <div class='ocr_carea' id='block_1_97' title="bbox 2133 5052 3762 5126">
    <p class='ocr_par' dir='ltr' id='par_1_97' title="bbox 2133 5052 3762 5126">
     <span class='ocr_line' id='line_1_99' title="bbox 2133 5052 3762 5126; baseline 0.002 -20"><span class='ocrx_word' id='word_1_796' title='bbox 2133 5052 2230 5126; x_wconf 71' lang='lat' dir='ltr'><strong>vel</strong></span> <span class='ocrx_word' id='word_1_797' title='bbox 2274 5052 2440 5126; x_wconf 65' lang='lat' dir='ltr'><strong>Vicus</strong></span> <span class='ocrx_word' id='word_1_798' title='bbox 2474 5053 2953 5126; x_wconf 70' lang='lat' dir='ltr'><strong>_Novus.__Sancti</strong></span> <span class='ocrx_word' id='word_1_799' title='bbox 3018 5052 3316 5126; x_wconf 70' lang='lat' dir='ltr'><strong>Clodoaldi</strong></span> <span class='ocrx_word' id='word_1_800' title='bbox 3365 5052 3546 5122; x_wconf 75' lang='lat' dir='ltr'><strong>vicus,</strong></span> <span class='ocrx_word' id='word_1_801' title='bbox 3592 5055 3762 5126; x_wconf 83' lang='lat' dir='ltr'><strong>vulgo</strong></span> 
     </span>
    </p>
   </div>
   <div class='ocr_carea' id='block_1_98' title="bbox 2135 5123 3759 5195">
    <p class='ocr_par' dir='ltr' id='par_1_98' title="bbox 2135 5123 3759 5195">
     <span class='ocr_line' id='line_1_100' title="bbox 2135 5123 3759 5195; baseline 0.002 -18"><span class='ocrx_word' id='word_1_802' title='bbox 2135 5123 2508 5195; x_wconf 73' lang='lat' dir='ltr'><strong>Saint-Cloud,</strong></span> <span class='ocrx_word' id='word_1_803' title='bbox 2542 5123 2678 5179; x_wconf 92' lang='lat' dir='ltr'><strong>olim</strong></span> <span class='ocrx_word' id='word_1_804' title='bbox 2703 5124 3101 5195; x_wconf 12' lang='lat' dir='ltr'><strong>rNovigentum</strong></span> <span class='ocrx_word' id='word_1_805' title='bbox 3141 5124 3455 5195; x_wconf 89' lang='lat' dir='ltr'><strong>dicebatur.</strong></span> <span class='ocrx_word' id='word_1_806' title='bbox 3493 5127 3640 5182; x_wconf 82' lang='lat' dir='ltr'><strong>Vero</strong></span> <span class='ocrx_word' id='word_1_807' title='bbox 3674 5123 3759 5180; x_wconf 79' lang='lat' dir='ltr'><strong>ta-</strong></span> 
     </span>
    </p>
   </div>
   <div class='ocr_carea' id='block_1_99' title="bbox 2135 5193 3762 5268">
    <p class='ocr_par' dir='ltr' id='par_1_99' title="bbox 2135 5193 3762 5268">
     <span class='ocr_line' id='line_1_101' title="bbox 2135 5193 3762 5268; baseline 0.003 -21"><span class='ocrx_word' id='word_1_808' title='bbox 2135 5211 2271 5268; x_wconf 75' lang='lat' dir='ltr'><strong>men</strong></span> <span class='ocrx_word' id='word_1_809' title='bbox 2321 5193 2506 5248; x_wconf 88' lang='lat' dir='ltr'><strong>simile</strong></span> <span class='ocrx_word' id='word_1_810' title='bbox 2527 5197 2644 5268; x_wconf 73' lang='lat' dir='ltr'><strong>__est</strong></span> <span class='ocrx_word' id='word_1_811' title='bbox 2698 5193 3086 5268; x_wconf 48' lang='lat' dir='ltr'><strong>hunc&#39;locum</strong></span> <span class='ocrx_word' id='word_1_812' title='bbox 3137 5194 3640 5268; x_wconf 86' lang='lat' dir='ltr'><strong>interpretandum</strong></span> <span class='ocrx_word' id='word_1_813' title='bbox 3691 5196 3762 5253; x_wconf 88' lang='lat' dir='ltr'><strong>de</strong></span> 
     </span>
    </p>
   </div>
   <div class='ocr_carea' id='block_1_100' title="bbox 2135 5261 3764 5338">
    <p class='ocr_par' dir='ltr' id='par_1_100' title="bbox 2135 5261 3764 5338">
     <span class='ocr_line' id='line_1_102' title="bbox 2135 5261 3764 5338; baseline 0.002 -18"><span class='ocrx_word' id='word_1_814' title='bbox 2135 5261 2648 5338; x_wconf 15' lang='lat' dir='ltr'><strong>Novigcntoisilvaa</strong></span> <span class='ocrx_word' id='word_1_815' title='bbox 2697 5261 3354 5338; x_wconf 54' lang='lat' dir='ltr'><strong>Xincensi___(Vincennés)</strong></span> <span class='ocrx_word' id='word_1_816' title='bbox 3393 5267 3682 5338; x_wconf 82' lang='lat' dir='ltr'><strong>proximo,</strong></span> <span class='ocrx_word' id='word_1_817' title='bbox 3730 5285 3764 5323; x_wconf 89' lang='lat' dir='ltr'><strong>a</strong></span> 
     </span>
    </p>
   </div>
   <div class='ocr_carea' id='block_1_101' title="bbox 2137 5334 3763 5410">
    <p class='ocr_par' dir='ltr' id='par_1_101' title="bbox 2137 5334 3763 5410">
     <span class='ocr_line' id='line_1_103' title="bbox 2137 5334 3763 5410; baseline 0.003 -21"><span class='ocrx_word' id='word_1_818' title='bbox 2137 5353 2250 5406; x_wconf 91' lang='lat' dir='ltr'><strong>quo</strong></span> <span class='ocrx_word' id='word_1_819' title='bbox 2291 5334 2444 5410; x_wconf 37' lang='lat' dir='ltr'><strong>non“</strong></span> <span class='ocrx_word' id='word_1_820' title='bbox 2465 5337 2638 5405; x_wconf 88' lang='lat' dir='ltr'><strong>longe</strong></span> <span class='ocrx_word' id='word_1_821' title='bbox 2681 5334 2854 5410; x_wconf 78' lang='lat' dir='ltr'><strong>distat</strong></span> <span class='ocrx_word' id='word_1_822' title='bbox 2905 5334 3047 5391; x_wconf 82' lang='lat' dir='ltr'><strong>Villa</strong></span> <span class='ocrx_word' id='word_1_823' title='bbox 3095 5338 3252 5392; x_wconf 86' lang='lat' dir='ltr'><strong>Nova</strong></span> <span class='ocrx_word' id='word_1_824' title='bbox 3277 5334 3481 5394; x_wconf 76' lang='lat' dir='ltr'><strong>.sancti</strong></span> <span class='ocrx_word' id='word_1_825' title='bbox 3531 5337 3763 5410; x_wconf 85' lang='lat' dir='ltr'><strong>Georgii</strong></span> 
     </span>
    </p>
   </div>
   <div class='ocr_carea' id='block_1_102' title="bbox 2135 5405 2853 5476">
    <p class='ocr_par' dir='ltr' id='par_1_102' title="bbox 2135 5405 2853 5476">
     <span class='ocr_line' id='line_1_104' title="bbox 2135 5405 2853 5476; baseline -0.003 -13"><span class='ocrx_word' id='word_1_826' title='bbox 2135 5405 2519 5464; x_wconf 76' lang='lat' dir='ltr'><strong>communiter</strong></span> <span class='ocrx_word' id='word_1_827' title='bbox 2547 5405 2853 5476; x_wconf 89' lang='lat' dir='ltr'><strong>appellata.</strong></span> 
     </span>
    </p>
   </div>
   <div class='ocr_carea' id='block_1_103' title="bbox 2207 5477 3762 5550">
    <p class='ocr_par' dir='ltr' id='par_1_103' title="bbox 2207 5477 3762 5550">
     <span class='ocr_line' id='line_1_105' title="bbox 2207 5477 3762 5550; baseline 0.003 -18"><span class='ocrx_word' id='word_1_828' title='bbox 2207 5477 2274 5550; x_wconf 74' lang='grc' dir='ltr'><strong>(ε)</strong></span> <span class='ocrx_word' id='word_1_829' title='bbox 2311 5477 2546 5550; x_wconf 85' lang='lat' dir='ltr'><strong>Basilica</strong></span> <span class='ocrx_word' id='word_1_830' title='bbox 2563 5477 3038 5550; x_wconf 62' lang='lat' dir='ltr'><strong>sanctaaCrucis,</strong></span> <span class='ocrx_word' id='word_1_831' title='bbox 3074 5478 3214 5550; x_wconf 89' lang='lat' dir='ltr'><strong>alias</strong></span> <span class='ocrx_word' id='word_1_832' title='bbox 3244 5478 3425 5534; x_wconf 90' lang='lat' dir='ltr'><strong>sancti</strong></span> <span class='ocrx_word' id='word_1_833' title='bbox 3457 5479 3762 5550; x_wconf 84' lang='lat' dir='ltr'><strong>Vincentii,</strong></span> 
     </span>
    </p>
   </div>
   <div class='ocr_carea' id='block_1_104' title="bbox 2137 5547 3763 5617">
    <p class='ocr_par' dir='ltr' id='par_1_104' title="bbox 2137 5547 3763 5617">
     <span class='ocr_line' id='line_1_106' title="bbox 2137 5547 3763 5617; baseline 0.003 -15"><span class='ocrx_word' id='word_1_834' title='bbox 2137 5547 2288 5603; x_wconf 81' lang='lat' dir='ltr'><strong>nunc</strong></span> <span class='ocrx_word' id='word_1_835' title='bbox 2330 5549 2512 5602; x_wconf 90' lang='lat' dir='ltr'><strong>sancti</strong></span> <span class='ocrx_word' id='word_1_836' title='bbox 2549 5547 2819 5602; x_wconf 87' lang='lat' dir='ltr'><strong>Germani</strong></span> <span class='ocrx_word' id='word_1_837' title='bbox 2860 5549 3167 5617; x_wconf 86' lang='lat' dir='ltr'><strong>Pratensis,</strong></span> <span class='ocrx_word' id='word_1_838' title='bbox 3205 5550 3264 5604; x_wconf 92' lang='lat' dir='ltr'><strong>in</strong></span> <span class='ocrx_word' id='word_1_839' title='bbox 3303 5550 3575 5606; x_wconf 89' lang='lat' dir='ltr'><strong>suburbio</strong></span> <span class='ocrx_word' id='word_1_840' title='bbox 3604 5547 3763 5607; x_wconf 55' lang='lat' dir='ltr'><strong>Pari;</strong></span> 
     </span>
    </p>
   </div>
   <div class='ocr_carea' id='block_1_105' title="bbox 2121 5618 3761 5694">
    <p class='ocr_par' dir='ltr' id='par_1_105' title="bbox 2121 5618 3761 5694">
     <span class='ocr_line' id='line_1_107' title="bbox 2121 5618 3761 5694; baseline 0.002 -20"><span class='ocrx_word' id='word_1_841' title='bbox 2121 5619 2327 5674; x_wconf 32' lang='lat' dir='ltr'><strong>.siensi.</strong></span> <span class='ocrx_word' id='word_1_842' title='bbox 2372 5620 2553 5694; x_wconf 30' lang='lat' dir='ltr'><strong>ALege</strong></span> <span class='ocrx_word' id='word_1_843' title='bbox 2622 5618 2810 5694; x_wconf 85' lang='lat' dir='ltr'><strong>Vitam</strong></span> <span class='ocrx_word' id='word_1_844' title='bbox 2879 5621 3060 5694; x_wconf 85' lang='lat' dir='ltr'><strong>sancti</strong></span> <span class='ocrx_word' id='word_1_845' title='bbox 3122 5621 3450 5694; x_wconf 84' lang='lat' dir='ltr'><strong>Droctrovei</strong></span> <span class='ocrx_word' id='word_1_846' title='bbox 3513 5621 3761 5694; x_wconf 74' lang='lat' dir='ltr'><strong>abbatis,</strong></span> 
     </span>
    </p>
   </div>
   <div class='ocr_carea' id='block_1_106' title="bbox 2137 5691 3766 5766">
    <p class='ocr_par' dir='ltr' id='par_1_106' title="bbox 2137 5691 3766 5766">
     <span class='ocr_line' id='line_1_108' title="bbox 2137 5691 3766 5766; baseline 0.003 -20"><span class='ocrx_word' id='word_1_847' title='bbox 2137 5705 2296 5766; x_wconf 78' lang='lat' dir='ltr'><strong>num.</strong></span> <span class='ocrx_word' id='word_1_848' title='bbox 2334 5691 2910 5766; x_wconf 53' lang='lat' dir='ltr'><strong>l3._.am_anuens_ium</strong></span> <span class='ocrx_word' id='word_1_849' title='bbox 2947 5691 3352 5766; x_wconf 64' lang='lat' dir='ltr'><strong>interpretatio</strong></span> <span class='ocrx_word' id='word_1_850' title='bbox 3364 5695 3474 5766; x_wconf 68' lang='lat' dir='ltr'><strong>est</strong></span> <span class='ocrx_word' id='word_1_851' title='bbox 3509 5691 3570 5766; x_wconf 82' lang='lat' dir='ltr'><strong>id</strong></span> <span class='ocrx_word' id='word_1_852' title='bbox 3608 5691 3766 5766; x_wconf 81' lang='lat' dir='ltr'><strong>quod</strong></span> 
     </span>
    </p>
   </div>
   <div class='ocr_carea' id='block_1_107' title="bbox 2135 5759 3767 5839">
    <p class='ocr_par' dir='ltr' id='par_1_107' title="bbox 2135 5759 3767 5839">
     <span class='ocr_line' id='line_1_109' title="bbox 2135 5759 3767 5839; baseline -0.001 -19"><span class='ocrx_word' id='word_1_853' title='bbox 2135 5761 2198 5820; x_wconf 88' lang='lat' dir='ltr'><strong>in</strong></span> <span class='ocrx_word' id='word_1_854' title='bbox 2211 5761 2524 5839; x_wconf 56' lang='lat' dir='ltr'><strong>nonnullis</strong></span> <span class='ocrx_word' id='word_1_855' title='bbox 2554 5761 3012 5839; x_wconf 68' lang='lat' dir='ltr'><strong>Mss._Editisque</strong></span> <span class='ocrx_word' id='word_1_856' title='bbox 3044 5759 3204 5821; x_wconf 77' lang='lat' dir='ltr'><strong>libris</strong></span> <span class='ocrx_word' id='word_1_857' title='bbox 3241 5761 3493 5838; x_wconf 86' lang='lat' dir='ltr'><strong>additur,</strong></span> <span class='ocrx_word' id='word_1_858' title='bbox 3530 5765 3590 5826; x_wconf 71' lang='lat' dir='ltr'><strong>in</strong></span> <span class='ocrx_word' id='word_1_859' title='bbox 3622 5759 3767 5830; x_wconf 60' lang='lat' dir='ltr'><strong>&#39;sub.</strong></span> 
     </span>
    </p>
   </div>
   <div class='ocr_carea' id='block_1_108' title="bbox 2137 5832 3086 5910">
    <p class='ocr_par' dir='ltr' id='par_1_108' title="bbox 2137 5832 3086 5910">
     <span class='ocr_line' id='line_1_110' title="bbox 2137 5832 3086 5910; baseline -0.004 -16"><span class='ocrx_word' id='word_1_860' title='bbox 2137 5833 2292 5894; x_wconf 67' lang='lat' dir='ltr'><strong>urbio</strong></span> <span class='ocrx_word' id='word_1_861' title='bbox 2313 5832 2551 5910; x_wconf 80' lang='lat' dir='ltr'><strong>ejusdem</strong></span> <span class='ocrx_word' id='word_1_862' title='bbox 2577 5833 2812 5894; x_wconf 74' lang='lat' dir='ltr'><strong>civitatis</strong></span> <span class='ocrx_word' id='word_1_863' title='bbox 2831 5832 3086 5906; x_wconf 66' lang='lat' dir='ltr'><strong>positam.</strong></span> 
     </span>
    </p>
   </div>
  </div>
