  <div class='ocr_page' id='page_1' title='image "/cluster/home/n/w/nwhite01/storage/ocr_20150623/72/uva.x000827084/051.png"; bbox 0 0 4020 6232; ppageno 0'>
   <div class='ocr_carea' id='block_1_1' title="bbox 487 299 2130 366">
    <p class='ocr_par' dir='ltr' id='par_1_1' title="bbox 487 300 2092 366">
     <span class='ocr_line' id='line_1_1' title="bbox 487 300 2092 366; baseline -0.001 -10"><span class='ocrx_word' id='word_1_1' title='bbox 487 303 543 356; x_wconf 77' lang='grc' dir='ltr'>Ἡ</span> <span class='ocrx_word' id='word_1_2' title='bbox 1168 352 1170 354; x_wconf 89' lang='grc'>.</span> <span class='ocrx_word' id='word_1_3' title='bbox 1387 304 1680 358; x_wconf 72' lang='grc' dir='ltr'><strong>8ΑΝΟΤΙῙ8</strong></span> <span class='ocrx_word' id='word_1_4' title='bbox 1716 300 2092 366; x_wconf 69' lang='grc' dir='ltr'><strong>ΟΕΗΜΑΝΕΞ,</strong></span> 
     </span>
    </p>
   </div>
   <div class='ocr_carea' id='block_1_2' title="bbox 2235 299 3866 366">
    <p class='ocr_par' dir='ltr' id='par_1_2' title="bbox 2235 301 3866 360">
     <span class='ocr_line' id='line_1_2' title="bbox 2235 301 3866 360; baseline 0.002 -4"><span class='ocrx_word' id='word_1_5' title='bbox 2235 302 2542 356; x_wconf 73' lang='lat' dir='ltr'><strong>RISIENSIS</strong></span> <span class='ocrx_word' id='word_1_6' title='bbox 2579 301 2954 358; x_wconf 88' lang='lat' dir='ltr'><strong>EPISCOPUS.</strong></span> <span class='ocrx_word' id='word_1_7' title='bbox 3789 307 3866 360; x_wconf 70' lang='lat'><strong>“7&#39;2</strong></span> 
     </span>
    </p>
   </div>
   <div class='ocr_carea' id='block_1_3' title="bbox 471 407 3865 493">
    <p class='ocr_par' dir='ltr' id='par_1_3' title="bbox 471 407 3865 493">
     <span class='ocr_line' id='line_1_3' title="bbox 471 407 3865 493; baseline 0.001 -29"><span class='ocrx_word' id='word_1_8' title='bbox 471 425 576 482; x_wconf 89' lang='lat' dir='ltr'><strong>per</strong></span> <span class='ocrx_word' id='word_1_9' title='bbox 603 408 839 464; x_wconf 88' lang='lat' dir='ltr'><strong>domum</strong></span> <span class='ocrx_word' id='word_1_10' title='bbox 869 407 1192 464; x_wconf 73' lang='lat' dir='ltr'><strong>volitantem</strong></span> <span class='ocrx_word' id='word_1_11' title='bbox 1231 410 1687 482; x_wconf 83' lang='lat' dir='ltr'><strong>insequerentur,</strong></span> <span class='ocrx_word' id='word_1_12' title='bbox 1721 409 1839 480; x_wconf 90' lang='lat' dir='ltr'><strong>ipse</strong></span> <span class='ocrx_word' id='word_1_13' title='bbox 1878 409 2112 464; x_wconf 89' lang='lat' dir='ltr'><strong>Sanctus</strong></span> <span class='ocrx_word' id='word_1_14' title='bbox 2134 410 2396 493; x_wconf 78' lang='lat' dir='ltr'><strong>Apotuit</strong></span> <span class='ocrx_word' id='word_1_15' title='bbox 2431 426 2444 464; x_wconf 89' lang='lat'>:</span> <span class='ocrx_word' id='word_1_16' title='bbox 2485 409 2857 482; x_wconf 82' lang='lat' dir='ltr'><strong>manibusque</strong></span> <span class='ocrx_word' id='word_1_17' title='bbox 2893 411 3191 466; x_wconf 86' lang='lat' dir='ltr'><strong>contractis</strong></span> <span class='ocrx_word' id='word_1_18' title='bbox 3235 411 3306 466; x_wconf 90' lang='lat' dir='ltr'><strong>ad</strong></span> <span class='ocrx_word' id='word_1_19' title='bbox 3348 410 3616 483; x_wconf 85' lang='lat' dir='ltr'><strong>reliquias</strong></span> <span class='ocrx_word' id='word_1_20' title='bbox 3653 413 3865 482; x_wconf 84' lang='lat' dir='ltr'><strong>sancti,</strong></span> 
     </span>
    </p>
   </div>
   <div class='ocr_carea' id='block_1_4' title="bbox 472 502 2110 575">
    <p class='ocr_par' dir='ltr' id='par_1_4' title="bbox 472 502 2110 575">
     <span class='ocr_line' id='line_1_4' title="bbox 472 502 2110 575; baseline -0.001 -17"><span class='ocrx_word' id='word_1_21' title='bbox 472 502 589 558; x_wconf 90' lang='lat' dir='ltr'><strong>suis</strong></span> <span class='ocrx_word' id='word_1_22' title='bbox 631 518 757 558; x_wconf 90' lang='lat' dir='ltr'><strong>eam</strong></span> <span class='ocrx_word' id='word_1_23' title='bbox 792 502 1054 558; x_wconf 82' lang='lat' dir='ltr'><strong>contrivit</strong></span> <span class='ocrx_word' id='word_1_24' title='bbox 1093 503 1339 575; x_wconf 80' lang='lat' dir='ltr'><strong>vestigiis</strong></span> <span class='ocrx_word' id='word_1_25' title='bbox 1372 521 1384 558; x_wconf 91' lang='lat'><strong>:</strong></span> <span class='ocrx_word' id='word_1_26' title='bbox 1417 509 1472 558; x_wconf 89' lang='lat' dir='ltr'><strong>et</strong></span> <span class='ocrx_word' id='word_1_27' title='bbox 1507 520 1637 558; x_wconf 90' lang='lat' dir='ltr'><strong>cum</strong></span> <span class='ocrx_word' id='word_1_28' title='bbox 1676 503 1818 574; x_wconf 89' lang='lat' dir='ltr'><strong>pede</strong></span> <span class='ocrx_word' id='word_1_29' title='bbox 1863 503 2110 574; x_wconf 87' lang='lat' dir='ltr'><strong>compri-</strong></span> 
     </span>
    </p>
   </div>
   <div class='ocr_carea' id='block_1_5' title="bbox 476 596 2110 667">
    <p class='ocr_par' dir='ltr' id='par_1_5' title="bbox 476 596 2110 667">
     <span class='ocr_line' id='line_1_5' title="bbox 476 596 2110 667; baseline -0.001 -16"><span class='ocrx_word' id='word_1_30' title='bbox 476 601 751 663; x_wconf 85' lang='lat' dir='ltr'><strong>meretur,</strong></span> <span class='ocrx_word' id='word_1_31' title='bbox 781 612 1047 650; x_wconf 88' lang='lat' dir='ltr'><strong>conversa</strong></span> <span class='ocrx_word' id='word_1_32' title='bbox 1073 600 1156 650; x_wconf 88' lang='lat' dir='ltr'><strong>est</strong></span> <span class='ocrx_word' id='word_1_33' title='bbox 1189 600 1419 666; x_wconf 90' lang='lat' dir='ltr'><strong>repente</strong></span> <span class='ocrx_word' id='word_1_34' title='bbox 1458 596 1628 649; x_wconf 84' lang='lat' dir='ltr'><strong>fallax</strong></span> <span class='ocrx_word' id='word_1_35' title='bbox 1665 596 1723 650; x_wconf 92' lang='lat' dir='ltr'><strong>in</strong></span> <span class='ocrx_word' id='word_1_36' title='bbox 1755 597 2110 667; x_wconf 88' lang='lat' dir='ltr'><strong>sanguinem,</strong></span> 
     </span>
    </p>
   </div>
   <div class='ocr_carea' id='block_1_6' title="bbox 474 689 2114 761">
    <p class='ocr_par' dir='ltr' id='par_1_6' title="bbox 474 689 2114 761">
     <span class='ocr_line' id='line_1_6' title="bbox 474 689 2114 761; baseline 0.001 -17"><span class='ocrx_word' id='word_1_37' title='bbox 474 689 766 761; x_wconf 85' lang='lat' dir='ltr'><strong>geminato</strong></span> <span class='ocrx_word' id='word_1_38' title='bbox 796 689 1101 760; x_wconf 63' lang='lat' dir='ltr'><strong>praeconio,</strong></span> <span class='ocrx_word' id='word_1_39' title='bbox 1131 694 1195 742; x_wconf 91' lang='lat' dir='ltr'><strong>ut</strong></span> <span class='ocrx_word' id='word_1_40' title='bbox 1234 706 1336 742; x_wconf 92' lang='lat' dir='ltr'><strong>nec</strong></span> <span class='ocrx_word' id='word_1_41' title='bbox 1373 689 1702 758; x_wconf 82' lang='lat' dir='ltr'><strong>calcaretur,</strong></span> <span class='ocrx_word' id='word_1_42' title='bbox 1733 694 1789 744; x_wconf 90' lang='lat' dir='ltr'><strong>et</strong></span> <span class='ocrx_word' id='word_1_43' title='bbox 1825 691 1912 744; x_wconf 92' lang='lat' dir='ltr'><strong>sui</strong></span> <span class='ocrx_word' id='word_1_44' title='bbox 1953 709 2114 746; x_wconf 89' lang='lat' dir='ltr'><strong>casus</strong></span> 
     </span>
    </p>
   </div>
   <div class='ocr_carea' id='block_1_7' title="bbox 473 780 2110 854">
    <p class='ocr_par' dir='ltr' id='par_1_7' title="bbox 473 780 2110 854">
     <span class='ocr_line' id='line_1_7' title="bbox 473 780 2110 854; baseline 0.001 -17"><span class='ocrx_word' id='word_1_45' title='bbox 473 782 680 838; x_wconf 91' lang='lat' dir='ltr'><strong>indicio</strong></span> <span class='ocrx_word' id='word_1_46' title='bbox 717 781 1060 838; x_wconf 86' lang='lat' dir='ltr'><strong>multifarius</strong></span> <span class='ocrx_word' id='word_1_47' title='bbox 1101 781 1301 836; x_wconf 79' lang='lat' dir='ltr'><strong>artifex</strong></span> <span class='ocrx_word' id='word_1_48' title='bbox 1341 780 1502 836; x_wconf 79' lang='lat' dir='ltr'><strong>ﬁeret</strong></span> <span class='ocrx_word' id='word_1_49' title='bbox 1540 783 1786 854; x_wconf 85' lang='lat' dir='ltr'><strong>sanguis,</strong></span> <span class='ocrx_word' id='word_1_50' title='bbox 1820 800 1950 840; x_wconf 90' lang='lat' dir='ltr'><strong>reus</strong></span> <span class='ocrx_word' id='word_1_51' title='bbox 1983 801 2110 839; x_wconf 89' lang='lat' dir='ltr'><strong>san-</strong></span> 
     </span>
    </p>
   </div>
   <div class='ocr_carea' id='block_1_8' title="bbox 477 877 742 948">
    <p class='ocr_par' dir='ltr' id='par_1_8' title="bbox 477 877 742 948">
     <span class='ocr_line' id='line_1_8' title="bbox 477 877 742 948; baseline 0 -17"><span class='ocrx_word' id='word_1_52' title='bbox 477 877 742 948; x_wconf 86' lang='lat' dir='ltr'><strong>guinum.</strong></span> 
     </span>
    </p>
   </div>
   <div class='ocr_carea' id='block_1_9' title="bbox 546 967 2116 1040">
    <p class='ocr_par' dir='ltr' id='par_1_9' title="bbox 546 967 2116 1040">
     <span class='ocr_line' id='line_1_9' title="bbox 546 967 2116 1040; baseline 0 -16"><span class='ocrx_word' id='word_1_53' title='bbox 546 971 674 1024; x_wconf 84' lang='lat' dir='ltr'><strong>LIV.</strong></span> <span class='ocrx_word' id='word_1_54' title='bbox 722 969 998 1024; x_wconf 90' lang='lat' dir='ltr'><strong>Producat</strong></span> <span class='ocrx_word' id='word_1_55' title='bbox 1040 985 1220 1040; x_wconf 81' lang='lat' dir='ltr'><strong>pagus</strong></span> <span class='ocrx_word' id='word_1_56' title='bbox 1263 967 1579 1024; x_wconf 85' lang='lat' dir='ltr'><strong>Oximensis</strong></span> <span class='ocrx_word' id='word_1_57' title='bbox 1619 969 1690 1039; x_wconf 84' lang='lat' dir='ltr'><strong>(a)</strong></span> <span class='ocrx_word' id='word_1_58' title='bbox 1734 969 1884 1024; x_wconf 90' lang='lat' dir='ltr'><strong>inter</strong></span> <span class='ocrx_word' id='word_1_59' title='bbox 1925 975 2116 1024; x_wconf 89' lang='lat' dir='ltr'><strong>nostra</strong></span> 
     </span>
    </p>
   </div>
   <div class='ocr_carea' id='block_1_10' title="bbox 475 1061 2116 1136">
    <p class='ocr_par' dir='ltr' id='par_1_10' title="bbox 475 1061 2116 1136">
     <span class='ocr_line' id='line_1_10' title="bbox 475 1061 2116 1136; baseline -0.001 -17"><span class='ocrx_word' id='word_1_60' title='bbox 475 1063 627 1136; x_wconf 88' lang='lat' dir='ltr'><strong>quod</strong></span> <span class='ocrx_word' id='word_1_61' title='bbox 655 1079 820 1117; x_wconf 93' lang='lat' dir='ltr'><strong>suum</strong></span> <span class='ocrx_word' id='word_1_62' title='bbox 847 1067 948 1130; x_wconf 91' lang='lat' dir='ltr'><strong>est,</strong></span> <span class='ocrx_word' id='word_1_63' title='bbox 971 1078 1042 1115; x_wconf 92' lang='lat' dir='ltr'><strong>ne</strong></span> <span class='ocrx_word' id='word_1_64' title='bbox 1067 1066 1329 1116; x_wconf 86' lang='lat' dir='ltr'><strong>teneatur</strong></span> <span class='ocrx_word' id='word_1_65' title='bbox 1348 1062 1410 1116; x_wconf 92' lang='lat' dir='ltr'><strong>in</strong></span> <span class='ocrx_word' id='word_1_66' title='bbox 1431 1061 1668 1116; x_wconf 89' lang='lat' dir='ltr'><strong>obscuro</strong></span> <span class='ocrx_word' id='word_1_67' title='bbox 1693 1063 2006 1133; x_wconf 83' lang='lat' dir='ltr'><strong>posteritati</strong></span> <span class='ocrx_word' id='word_1_68' title='bbox 2028 1081 2116 1118; x_wconf 89' lang='lat' dir='ltr'><strong>res</strong></span> 
     </span>
    </p>
   </div>
   <div class='ocr_carea' id='block_1_11' title="bbox 477 1153 2112 1225">
    <p class='ocr_par' dir='ltr' id='par_1_11' title="bbox 477 1153 2112 1225">
     <span class='ocr_line' id='line_1_11' title="bbox 477 1153 2112 1225; baseline -0.002 -13"><span class='ocrx_word' id='word_1_69' title='bbox 477 1156 730 1213; x_wconf 91' lang='lat' dir='ltr'><strong>luminis.</strong></span> <span class='ocrx_word' id='word_1_70' title='bbox 762 1153 1051 1225; x_wconf 87' lang='lat' dir='ltr'><strong>Siquidem</strong></span> <span class='ocrx_word' id='word_1_71' title='bbox 1086 1155 1173 1208; x_wconf 89' lang='lat' dir='ltr'><strong>vir</strong></span> <span class='ocrx_word' id='word_1_72' title='bbox 1210 1154 1595 1209; x_wconf 89' lang='lat' dir='ltr'><strong>sanctissimus</strong></span> <span class='ocrx_word' id='word_1_73' title='bbox 1633 1155 1702 1208; x_wconf 91' lang='lat' dir='ltr'><strong>ad</strong></span> <span class='ocrx_word' id='word_1_74' title='bbox 1742 1155 1931 1210; x_wconf 89' lang='lat' dir='ltr'><strong>villam</strong></span> <span class='ocrx_word' id='word_1_75' title='bbox 1959 1157 2112 1210; x_wconf 88' lang='lat' dir='ltr'><strong>Tasi-</strong></span> 
     </span>
    </p>
   </div>
   <div class='ocr_carea' id='block_1_12' title="bbox 475 1247 2114 1318">
    <p class='ocr_par' dir='ltr' id='par_1_12' title="bbox 475 1247 2114 1318">
     <span class='ocr_line' id='line_1_12' title="bbox 475 1247 2114 1318; baseline -0.001 -15"><span class='ocrx_word' id='word_1_76' title='bbox 475 1249 682 1303; x_wconf 88' lang='lat' dir='ltr'><strong>liacum</strong></span> <span class='ocrx_word' id='word_1_77' title='bbox 714 1247 908 1317; x_wconf 73' lang='lat' dir='ltr'><strong>(Villc-</strong></span> <span class='ocrx_word' id='word_1_78' title='bbox 920 1249 1144 1318; x_wconf 78' lang='lat' dir='ltr'><strong>Taillac)</strong></span> <span class='ocrx_word' id='word_1_79' title='bbox 1172 1265 1304 1302; x_wconf 90' lang='lat' dir='ltr'><strong>cum</strong></span> <span class='ocrx_word' id='word_1_80' title='bbox 1331 1247 1664 1302; x_wconf 88' lang='lat' dir='ltr'><strong>declinasset</strong></span> <span class='ocrx_word' id='word_1_81' title='bbox 1690 1247 1914 1314; x_wconf 84' lang='lat' dir='ltr'><strong>itinere,</strong></span> <span class='ocrx_word' id='word_1_82' title='bbox 1946 1248 2114 1303; x_wconf 72' lang='lat' dir='ltr'><strong>offer-</strong></span> 
     </span>
    </p>
   </div>
   <div class='ocr_carea' id='block_1_13' title="bbox 475 1340 2115 1410">
    <p class='ocr_par' dir='ltr' id='par_1_13' title="bbox 475 1340 2115 1410">
     <span class='ocr_line' id='line_1_13' title="bbox 475 1340 2115 1410; baseline 0.001 -15"><span class='ocrx_word' id='word_1_83' title='bbox 475 1345 570 1396; x_wconf 89' lang='lat' dir='ltr'><strong>tur</strong></span> <span class='ocrx_word' id='word_1_84' title='bbox 595 1341 646 1396; x_wconf 93' lang='lat' dir='ltr'><strong>ei</strong></span> <span class='ocrx_word' id='word_1_85' title='bbox 674 1340 882 1395; x_wconf 87' lang='lat' dir='ltr'><strong>mulier</strong></span> <span class='ocrx_word' id='word_1_86' title='bbox 906 1340 997 1394; x_wconf 92' lang='lat' dir='ltr'><strong>cui</strong></span> <span class='ocrx_word' id='word_1_87' title='bbox 1023 1340 1234 1410; x_wconf 81' lang='lat' dir='ltr'><strong>duplex</strong></span> <span class='ocrx_word' id='word_1_88' title='bbox 1261 1340 1491 1394; x_wconf 89' lang='lat' dir='ltr'><strong>morbus</strong></span> <span class='ocrx_word' id='word_1_89' title='bbox 1520 1345 1659 1406; x_wconf 90' lang='lat' dir='ltr'><strong>erat,</strong></span> <span class='ocrx_word' id='word_1_90' title='bbox 1690 1340 1822 1395; x_wconf 90' lang='lat' dir='ltr'><strong>inde</strong></span> <span class='ocrx_word' id='word_1_91' title='bbox 1851 1345 2115 1408; x_wconf 84' lang='lat' dir='ltr'><strong>vetustas,</strong></span> 
     </span>
    </p>
   </div>
   <div class='ocr_carea' id='block_1_14' title="bbox 474 1432 2120 1504">
    <p class='ocr_par' dir='ltr' id='par_1_14' title="bbox 474 1432 2120 1504">
     <span class='ocr_line' id='line_1_14' title="bbox 474 1432 2120 1504; baseline -0.001 -15"><span class='ocrx_word' id='word_1_92' title='bbox 474 1433 608 1490; x_wconf 86' lang='lat' dir='ltr'><strong>hinc</strong></span> <span class='ocrx_word' id='word_1_93' title='bbox 648 1434 886 1488; x_wconf 82' lang='lat' dir='ltr'><strong>caecitas.</strong></span> <span class='ocrx_word' id='word_1_94' title='bbox 925 1433 1175 1488; x_wconf 88' lang='lat' dir='ltr'><strong>Salutem</strong></span> <span class='ocrx_word' id='word_1_95' title='bbox 1204 1433 1495 1504; x_wconf 89' lang='lat' dir='ltr'><strong>deprecari</strong></span> <span class='ocrx_word' id='word_1_96' title='bbox 1522 1432 1704 1487; x_wconf 83' lang='lat' dir='ltr'><strong>verbis</strong></span> <span class='ocrx_word' id='word_1_97' title='bbox 1742 1435 2120 1489; x_wconf 89' lang='lat' dir='ltr'><strong>trementibus</strong></span> 
     </span>
    </p>
   </div>
   <div class='ocr_carea' id='block_1_15' title="bbox 474 1527 2122 1598">
    <p class='ocr_par' dir='ltr' id='par_1_15' title="bbox 474 1527 2122 1598">
     <span class='ocr_line' id='line_1_15' title="bbox 474 1527 2122 1598; baseline 0 -16"><span class='ocrx_word' id='word_1_98' title='bbox 474 1527 708 1598; x_wconf 86' lang='lat' dir='ltr'><strong>incepit.</strong></span> <span class='ocrx_word' id='word_1_99' title='bbox 757 1528 876 1590; x_wconf 89' lang='lat' dir='ltr'><strong>Qua</strong></span> <span class='ocrx_word' id='word_1_100' title='bbox 923 1527 1328 1597; x_wconf 86' lang='lat' dir='ltr'><strong>supplicatione</strong></span> <span class='ocrx_word' id='word_1_101' title='bbox 1368 1530 1554 1580; x_wconf 90' lang='lat' dir='ltr'><strong>motus</strong></span> <span class='ocrx_word' id='word_1_102' title='bbox 1596 1527 1741 1581; x_wconf 89' lang='lat' dir='ltr'><strong>senis</strong></span> <span class='ocrx_word' id='word_1_103' title='bbox 1777 1528 2031 1582; x_wconf 88' lang='lat' dir='ltr'><strong>mulieris</strong></span> <span class='ocrx_word' id='word_1_104' title='bbox 2065 1533 2122 1583; x_wconf 91' lang='lat' dir='ltr'><strong>et</strong></span> 
     </span>
    </p>
   </div>
   <div class='ocr_carea' id='block_1_16' title="bbox 477 1618 2119 1690">
    <p class='ocr_par' dir='ltr' id='par_1_16' title="bbox 477 1618 2119 1690">
     <span class='ocr_line' id='line_1_16' title="bbox 477 1618 2119 1690; baseline 0.001 -16"><span class='ocrx_word' id='word_1_105' title='bbox 477 1619 679 1674; x_wconf 90' lang='lat' dir='ltr'><strong>debilis</strong></span> <span class='ocrx_word' id='word_1_106' title='bbox 705 1618 956 1674; x_wconf 91' lang='lat' dir='ltr'><strong>oratione</strong></span> <span class='ocrx_word' id='word_1_107' title='bbox 982 1619 1337 1690; x_wconf 66' lang='lat' dir='ltr'><strong>praecedente</strong></span> <span class='ocrx_word' id='word_1_108' title='bbox 1371 1618 1494 1674; x_wconf 92' lang='lat' dir='ltr'><strong>oleo</strong></span> <span class='ocrx_word' id='word_1_109' title='bbox 1533 1621 1846 1690; x_wconf 83' lang='lat' dir='ltr'><strong>superfuso,</strong></span> <span class='ocrx_word' id='word_1_110' title='bbox 1873 1621 2119 1675; x_wconf 78' lang='lat' dir='ltr'><strong>lucernae</strong></span> 
     </span>
    </p>
   </div>
   <div class='ocr_carea' id='block_1_17' title="bbox 477 1711 2123 1784">
    <p class='ocr_par' dir='ltr' id='par_1_17' title="bbox 477 1711 2123 1784">
     <span class='ocr_line' id='line_1_17' title="bbox 477 1711 2123 1784; baseline 0.001 -18"><span class='ocrx_word' id='word_1_111' title='bbox 477 1712 774 1766; x_wconf 90' lang='lat' dir='ltr'><strong>oculorum</strong></span> <span class='ocrx_word' id='word_1_112' title='bbox 800 1711 1046 1766; x_wconf 90' lang='lat' dir='ltr'><strong>reddunt</strong></span> <span class='ocrx_word' id='word_1_113' title='bbox 1076 1713 1307 1768; x_wconf 91' lang='lat' dir='ltr'><strong>luminis</strong></span> <span class='ocrx_word' id='word_1_114' title='bbox 1332 1712 1540 1782; x_wconf 89' lang='lat' dir='ltr'><strong>radios,</strong></span> <span class='ocrx_word' id='word_1_115' title='bbox 1574 1717 1629 1767; x_wconf 88' lang='lat' dir='ltr'><strong>et</strong></span> <span class='ocrx_word' id='word_1_116' title='bbox 1655 1713 1796 1767; x_wconf 87' lang='lat' dir='ltr'><strong>datis</strong></span> <span class='ocrx_word' id='word_1_117' title='bbox 1822 1714 2123 1784; x_wconf 90' lang='lat' dir='ltr'><strong>speculari-</strong></span> 
     </span>
    </p>
   </div>
   <div class='ocr_carea' id='block_1_18' title="bbox 2212 503 3866 576">
    <p class='ocr_par' dir='ltr' id='par_1_18' title="bbox 2212 503 3866 576">
     <span class='ocr_line' id='line_1_18' title="bbox 2212 503 3866 576; baseline 0.002 -19"><span class='ocrx_word' id='word_1_118' title='bbox 2212 520 2387 557; x_wconf 89' lang='lat' dir='ltr'><strong>manu</strong></span> <span class='ocrx_word' id='word_1_119' title='bbox 2425 503 2610 558; x_wconf 88' lang='lat' dir='ltr'><strong>mariti</strong></span> <span class='ocrx_word' id='word_1_120' title='bbox 2653 508 2873 574; x_wconf 83' lang='lat' dir='ltr'><strong>portata</strong></span> <span class='ocrx_word' id='word_1_121' title='bbox 2910 509 3012 558; x_wconf 90' lang='lat' dir='ltr'><strong>est.</strong></span> <span class='ocrx_word' id='word_1_122' title='bbox 3046 505 3196 559; x_wconf 90' lang='lat' dir='ltr'><strong>lnter</strong></span> <span class='ocrx_word' id='word_1_123' title='bbox 3232 505 3354 559; x_wconf 66' lang='lat' dir='ltr'><strong>haec</strong></span> <span class='ocrx_word' id='word_1_124' title='bbox 3379 505 3510 560; x_wconf 88' lang='lat' dir='ltr'><strong>dicti</strong></span> <span class='ocrx_word' id='word_1_125' title='bbox 3551 506 3866 576; x_wconf 76' lang='lat' dir='ltr'><strong>pcenitens,</strong></span> 
     </span>
    </p>
   </div>
   <div class='ocr_carea' id='block_1_19' title="bbox 2212 596 3868 671">
    <p class='ocr_par' dir='ltr' id='par_1_19' title="bbox 2212 596 3868 671">
     <span class='ocr_line' id='line_1_19' title="bbox 2212 596 3868 671; baseline 0.001 -21"><span class='ocrx_word' id='word_1_126' title='bbox 2212 596 2514 651; x_wconf 87' lang='lat' dir='ltr'><strong>miserante</strong></span> <span class='ocrx_word' id='word_1_127' title='bbox 2553 596 2646 667; x_wconf 93' lang='lat' dir='ltr'><strong>pio</strong></span> <span class='ocrx_word' id='word_1_128' title='bbox 2676 597 2794 650; x_wconf 88' lang='lat' dir='ltr'><strong>viro</strong></span> <span class='ocrx_word' id='word_1_129' title='bbox 2833 597 2995 651; x_wconf 86' lang='lat' dir='ltr'><strong>saluti</strong></span> <span class='ocrx_word' id='word_1_130' title='bbox 3035 598 3266 652; x_wconf 88' lang='lat' dir='ltr'><strong>reducta</strong></span> <span class='ocrx_word' id='word_1_131' title='bbox 3300 603 3402 668; x_wconf 88' lang='lat' dir='ltr'><strong>est,</strong></span> <span class='ocrx_word' id='word_1_132' title='bbox 3435 599 3709 654; x_wconf 82' lang='lat' dir='ltr'><strong>conﬁtens</strong></span> <span class='ocrx_word' id='word_1_133' title='bbox 3733 600 3868 671; x_wconf 85' lang='lat' dir='ltr'><strong>ejus</strong></span> 
     </span>
    </p>
   </div>
   <div class='ocr_carea' id='block_1_20' title="bbox 2213 689 3681 763">
    <p class='ocr_par' dir='ltr' id='par_1_20' title="bbox 2213 689 3681 763">
     <span class='ocr_line' id='line_1_20' title="bbox 2213 689 3681 763; baseline 0.002 -19"><span class='ocrx_word' id='word_1_134' title='bbox 2213 690 2478 760; x_wconf 82' lang='lat' dir='ltr'><strong>despectu</strong></span> <span class='ocrx_word' id='word_1_135' title='bbox 2507 689 2609 743; x_wconf 91' lang='lat' dir='ltr'>sibi</span> <span class='ocrx_word' id='word_1_136' title='bbox 2637 690 2999 760; x_wconf 88' lang='lat' dir='ltr'><strong>repentinum</strong></span> <span class='ocrx_word' id='word_1_137' title='bbox 3025 691 3317 744; x_wconf 85' lang='lat' dir='ltr'><strong>accessisse</strong></span> <span class='ocrx_word' id='word_1_138' title='bbox 3343 692 3681 763; x_wconf 91' lang='lat' dir='ltr'><strong>periculum.</strong></span> 
     </span>
    </p>
   </div>
   <div class='ocr_carea' id='block_1_21' title="bbox 2284 782 3870 858">
    <p class='ocr_par' dir='ltr' id='par_1_21' title="bbox 2284 782 3870 858">
     <span class='ocr_line' id='line_1_21' title="bbox 2284 782 3870 858; baseline 0.003 -22"><span class='ocrx_word' id='word_1_139' title='bbox 2284 783 2459 836; x_wconf 88' lang='lat' dir='ltr'><strong>LVlll.</strong></span> <span class='ocrx_word' id='word_1_140' title='bbox 2483 782 2556 837; x_wconf 79' lang='lat' dir='ltr'><strong>Et</strong></span> <span class='ocrx_word' id='word_1_141' title='bbox 2596 783 2866 854; x_wconf 90' lang='lat' dir='ltr'><strong>quoniam</strong></span> <span class='ocrx_word' id='word_1_142' title='bbox 2905 800 3006 836; x_wconf 93' lang='lat' dir='ltr'><strong>suo</strong></span> <span class='ocrx_word' id='word_1_143' title='bbox 3044 783 3244 837; x_wconf 82' lang='lat' dir='ltr'><strong>merito</strong></span> <span class='ocrx_word' id='word_1_144' title='bbox 3283 785 3496 838; x_wconf 86' lang='lat' dir='ltr'><strong>semina</strong></span> <span class='ocrx_word' id='word_1_145' title='bbox 3528 786 3728 841; x_wconf 88' lang='lat' dir='ltr'><strong>salutis</strong></span> <span class='ocrx_word' id='word_1_146' title='bbox 3756 802 3870 858; x_wconf 88' lang='lat' dir='ltr'><strong>per</strong></span> 
     </span>
    </p>
   </div>
   <div class='ocr_carea' id='block_1_22' title="bbox 2213 876 3869 948">
    <p class='ocr_par' dir='ltr' id='par_1_22' title="bbox 2213 876 3869 948">
     <span class='ocr_line' id='line_1_22' title="bbox 2213 876 3869 948; baseline 0.002 -20"><span class='ocrx_word' id='word_1_147' title='bbox 2213 891 2456 946; x_wconf 73' lang='lat' dir='ltr'><strong>qumque</strong></span> <span class='ocrx_word' id='word_1_148' title='bbox 2499 877 2621 930; x_wconf 91' lang='lat' dir='ltr'><strong>loca</strong></span> <span class='ocrx_word' id='word_1_149' title='bbox 2661 876 2914 947; x_wconf 89' lang='lat' dir='ltr'><strong>dispersa</strong></span> <span class='ocrx_word' id='word_1_150' title='bbox 2948 881 3098 943; x_wconf 90' lang='lat' dir='ltr'><strong>sunt,</strong></span> <span class='ocrx_word' id='word_1_151' title='bbox 3143 877 3378 948; x_wconf 80' lang='lat' dir='ltr'><strong>contigit</strong></span> <span class='ocrx_word' id='word_1_152' title='bbox 3417 881 3483 931; x_wconf 91' lang='lat' dir='ltr'><strong>ut</strong></span> <span class='ocrx_word' id='word_1_153' title='bbox 3518 879 3869 934; x_wconf 79' lang='lat' dir='ltr'><strong>venerabilis</strong></span> 
     </span>
    </p>
   </div>
   <div class='ocr_carea' id='block_1_23' title="bbox 2215 968 3864 1043">
    <p class='ocr_par' dir='ltr' id='par_1_23' title="bbox 2215 968 3864 1043">
     <span class='ocr_line' id='line_1_23' title="bbox 2215 968 3864 1043; baseline 0.003 -21"><span class='ocrx_word' id='word_1_154' title='bbox 2215 968 2485 1023; x_wconf 86' lang='lat' dir='ltr'><strong>Flameris</strong></span> <span class='ocrx_word' id='word_1_155' title='bbox 2528 969 2669 1023; x_wconf 90' lang='lat' dir='ltr'><strong>abba</strong></span> <span class='ocrx_word' id='word_1_156' title='bbox 2712 969 2779 1024; x_wconf 91' lang='lat' dir='ltr'><strong>de</strong></span> <span class='ocrx_word' id='word_1_157' title='bbox 2820 969 3040 1024; x_wconf 89' lang='lat' dir='ltr'><strong>Cadone</strong></span> <span class='ocrx_word' id='word_1_158' title='bbox 3085 969 3330 1039; x_wconf 77' lang='lat' dir='ltr'><strong>(Chinon,</strong></span> <span class='ocrx_word' id='word_1_159' title='bbox 3375 987 3543 1041; x_wconf 84' lang='lat' dir='ltr'><strong>supra</strong></span> <span class='ocrx_word' id='word_1_160' title='bbox 3588 972 3864 1043; x_wconf 80' lang='lat' dir='ltr'><strong>Ligerim)</strong></span> 
     </span>
    </p>
   </div>
   <div class='ocr_carea' id='block_1_24' title="bbox 2215 1061 3864 1134">
    <p class='ocr_par' dir='ltr' id='par_1_24' title="bbox 2215 1061 3864 1134">
     <span class='ocr_line' id='line_1_24' title="bbox 2215 1061 3864 1134; baseline 0.002 -18"><span class='ocrx_word' id='word_1_161' title='bbox 2215 1061 2510 1128; x_wconf 89' lang='lat' dir='ltr'><strong>Turonico,</strong></span> <span class='ocrx_word' id='word_1_162' title='bbox 2558 1078 2732 1116; x_wconf 90' lang='lat' dir='ltr'><strong>manu</strong></span> <span class='ocrx_word' id='word_1_163' title='bbox 2781 1061 2927 1115; x_wconf 89' lang='lat' dir='ltr'><strong>beati</strong></span> <span class='ocrx_word' id='word_1_164' title='bbox 2975 1063 3236 1116; x_wconf 87' lang='lat' dir='ltr'><strong>Germani</strong></span> <span class='ocrx_word' id='word_1_165' title='bbox 3279 1063 3652 1134; x_wconf 77' lang='lat' dir='ltr'><strong>subscriptam</strong></span> <span class='ocrx_word' id='word_1_166' title='bbox 3695 1081 3864 1119; x_wconf 83' lang='lat' dir='ltr'><strong>acce-</strong></span> 
     </span>
    </p>
   </div>
   <div class='ocr_carea' id='block_1_25' title="bbox 2215 1153 3868 1227">
    <p class='ocr_par' dir='ltr' id='par_1_25' title="bbox 2215 1153 3868 1227">
     <span class='ocr_line' id='line_1_25' title="bbox 2215 1153 3868 1227; baseline 0.002 -20"><span class='ocrx_word' id='word_1_167' title='bbox 2215 1153 2386 1224; x_wconf 90' lang='lat' dir='ltr'><strong>pisset</strong></span> <span class='ocrx_word' id='word_1_168' title='bbox 2414 1154 2728 1225; x_wconf 88' lang='lat' dir='ltr'><strong>epistolam.</strong></span> <span class='ocrx_word' id='word_1_169' title='bbox 2747 1154 2849 1219; x_wconf 86' lang='lat' dir='ltr'><strong>Qui</strong></span> <span class='ocrx_word' id='word_1_170' title='bbox 2873 1171 3002 1209; x_wconf 91' lang='lat' dir='ltr'><strong>cum</strong></span> <span class='ocrx_word' id='word_1_171' title='bbox 3032 1171 3198 1209; x_wconf 90' lang='lat' dir='ltr'><strong>suum</strong></span> <span class='ocrx_word' id='word_1_172' title='bbox 3225 1155 3568 1210; x_wconf 88' lang='lat' dir='ltr'><strong>monachum</strong></span> <span class='ocrx_word' id='word_1_173' title='bbox 3595 1173 3698 1227; x_wconf 91' lang='lat' dir='ltr'><strong>per</strong></span> <span class='ocrx_word' id='word_1_174' title='bbox 3719 1157 3868 1211; x_wconf 89' lang='lat' dir='ltr'><strong>duos</strong></span> 
     </span>
    </p>
   </div>
   <div class='ocr_carea' id='block_1_26' title="bbox 2216 1247 3871 1318">
    <p class='ocr_par' dir='ltr' id='par_1_26' title="bbox 2216 1247 3871 1318">
     <span class='ocr_line' id='line_1_26' title="bbox 2216 1247 3871 1318; baseline 0.003 -18"><span class='ocrx_word' id='word_1_175' title='bbox 2216 1263 2393 1301; x_wconf 89' lang='lat' dir='ltr'><strong>annos</strong></span> <span class='ocrx_word' id='word_1_176' title='bbox 2413 1247 2664 1301; x_wconf 88' lang='lat' dir='ltr'><strong>febribus</strong></span> <span class='ocrx_word' id='word_1_177' title='bbox 2689 1247 3062 1302; x_wconf 89' lang='lat' dir='ltr'><strong>decubantem</strong></span> <span class='ocrx_word' id='word_1_178' title='bbox 3089 1247 3160 1302; x_wconf 91' lang='lat' dir='ltr'><strong>ad</strong></span> <span class='ocrx_word' id='word_1_179' title='bbox 3184 1247 3456 1302; x_wconf 89' lang='lat' dir='ltr'><strong>lectulum</strong></span> <span class='ocrx_word' id='word_1_180' title='bbox 3481 1249 3752 1318; x_wconf 88' lang='lat' dir='ltr'><strong>visitaret,</strong></span> <span class='ocrx_word' id='word_1_181' title='bbox 3776 1266 3871 1305; x_wconf 88' lang='lat' dir='ltr'><strong>re-</strong></span> 
     </span>
    </p>
   </div>
   <div class='ocr_carea' id='block_1_27' title="bbox 2218 1340 3870 1414">
    <p class='ocr_par' dir='ltr' id='par_1_27' title="bbox 2218 1340 3870 1414">
     <span class='ocr_line' id='line_1_27' title="bbox 2218 1340 3870 1414; baseline 0.001 -20"><span class='ocrx_word' id='word_1_182' title='bbox 2218 1340 2392 1412; x_wconf 90' lang='lat' dir='ltr'><strong>quirit</strong></span> <span class='ocrx_word' id='word_1_183' title='bbox 2415 1340 2676 1395; x_wconf 83' lang='lat' dir='ltr'><strong>infirmus</strong></span> <span class='ocrx_word' id='word_1_184' title='bbox 2701 1341 2851 1395; x_wconf 91' lang='lat' dir='ltr'><strong>unde</strong></span> <span class='ocrx_word' id='word_1_185' title='bbox 2877 1340 3119 1394; x_wconf 87' lang='lat' dir='ltr'><strong>venisset</strong></span> <span class='ocrx_word' id='word_1_186' title='bbox 3139 1342 3365 1412; x_wconf 84' lang='lat' dir='ltr'><strong>pagina.</strong></span> <span class='ocrx_word' id='word_1_187' title='bbox 3388 1343 3696 1414; x_wconf 80' lang='lat' dir='ltr'><strong>Respondit</strong></span> <span class='ocrx_word' id='word_1_188' title='bbox 3715 1343 3870 1398; x_wconf 84' lang='lat' dir='ltr'><strong>abba</strong></span> 
     </span>
    </p>
   </div>
   <div class='ocr_carea' id='block_1_28' title="bbox 2218 1433 3869 1507">
    <p class='ocr_par' dir='ltr' id='par_1_28' title="bbox 2218 1433 3869 1507">
     <span class='ocr_line' id='line_1_28' title="bbox 2218 1433 3869 1507; baseline 0.002 -20"><span class='ocrx_word' id='word_1_189' title='bbox 2218 1451 2250 1487; x_wconf 90' lang='lat' dir='ltr'><strong>a</strong></span> <span class='ocrx_word' id='word_1_190' title='bbox 2275 1433 2511 1488; x_wconf 90' lang='lat' dir='ltr'><strong>Domino</strong></span> <span class='ocrx_word' id='word_1_191' title='bbox 2535 1434 2812 1488; x_wconf 87' lang='lat' dir='ltr'><strong>Germano</strong></span> <span class='ocrx_word' id='word_1_192' title='bbox 2839 1433 2942 1487; x_wconf 90' lang='lat' dir='ltr'><strong>sibi</strong></span> <span class='ocrx_word' id='word_1_193' title='bbox 2972 1433 3140 1488; x_wconf 87' lang='lat' dir='ltr'><strong>fuisse</strong></span> <span class='ocrx_word' id='word_1_194' title='bbox 3172 1434 3460 1490; x_wconf 89' lang='lat' dir='ltr'><strong>directam.</strong></span> <span class='ocrx_word' id='word_1_195' title='bbox 3489 1436 3672 1500; x_wconf 89' lang='lat' dir='ltr'><strong>Quam</strong></span> <span class='ocrx_word' id='word_1_196' title='bbox 3697 1436 3869 1507; x_wconf 88' lang='lat' dir='ltr'><strong>petiit</strong></span> 
     </span>
    </p>
   </div>
   <div class='ocr_carea' id='block_1_29' title="bbox 2219 1526 3862 1600">
    <p class='ocr_par' dir='ltr' id='par_1_29' title="bbox 2219 1526 3862 1600">
     <span class='ocr_line' id='line_1_29' title="bbox 2219 1526 3862 1600; baseline 0.002 -19"><span class='ocrx_word' id='word_1_197' title='bbox 2219 1527 2323 1582; x_wconf 89' lang='lat' dir='ltr'><strong>sibi</strong></span> <span class='ocrx_word' id='word_1_198' title='bbox 2361 1526 2595 1597; x_wconf 87' lang='lat' dir='ltr'><strong>porrigi.</strong></span> <span class='ocrx_word' id='word_1_199' title='bbox 2623 1527 2728 1590; x_wconf 88' lang='lat' dir='ltr'><strong>Qui</strong></span> <span class='ocrx_word' id='word_1_200' title='bbox 2767 1527 2834 1581; x_wconf 91' lang='lat' dir='ltr'><strong>de</strong></span> <span class='ocrx_word' id='word_1_201' title='bbox 2863 1526 3269 1597; x_wconf 89' lang='lat' dir='ltr'><strong>subscriptione</strong></span> <span class='ocrx_word' id='word_1_202' title='bbox 3297 1528 3419 1598; x_wconf 86' lang='lat' dir='ltr'><strong>ejus</strong></span> <span class='ocrx_word' id='word_1_203' title='bbox 3445 1528 3643 1600; x_wconf 86' lang='lat' dir='ltr'><strong>lingua</strong></span> <span class='ocrx_word' id='word_1_204' title='bbox 3668 1529 3862 1585; x_wconf 87' lang='lat' dir='ltr'><strong>deter-</strong></span> 
     </span>
    </p>
   </div>
   <div class='ocr_carea' id='block_1_30' title="bbox 2223 1620 3866 1693">
    <p class='ocr_par' dir='ltr' id='par_1_30' title="bbox 2223 1620 3866 1693">
     <span class='ocr_line' id='line_1_30' title="bbox 2223 1620 3866 1693; baseline 0.002 -20"><span class='ocrx_word' id='word_1_205' title='bbox 2223 1637 2361 1693; x_wconf 89' lang='lat' dir='ltr'><strong>gens</strong></span> <span class='ocrx_word' id='word_1_206' title='bbox 2380 1621 2645 1689; x_wconf 88' lang='lat' dir='ltr'><strong>litteram,</strong></span> <span class='ocrx_word' id='word_1_207' title='bbox 2669 1621 2816 1674; x_wconf 89' lang='lat' dir='ltr'><strong>salus</strong></span> <span class='ocrx_word' id='word_1_208' title='bbox 2839 1620 3128 1674; x_wconf 86' lang='lat' dir='ltr'><strong>descendit</strong></span> <span class='ocrx_word' id='word_1_209' title='bbox 3145 1620 3209 1674; x_wconf 92' lang='lat' dir='ltr'><strong>in</strong></span> <span class='ocrx_word' id='word_1_210' title='bbox 3232 1621 3461 1691; x_wconf 87' lang='lat' dir='ltr'><strong>viscera,</strong></span> <span class='ocrx_word' id='word_1_211' title='bbox 3485 1628 3541 1677; x_wconf 92' lang='lat' dir='ltr'><strong>et</strong></span> <span class='ocrx_word' id='word_1_212' title='bbox 3559 1624 3866 1678; x_wconf 84' lang='lat' dir='ltr'><strong>atramenti</strong></span> 
     </span>
    </p>
   </div>
   <div class='ocr_carea' id='block_1_31' title="bbox 2219 1699 3866 1787">
    <p class='ocr_par' dir='ltr' id='par_1_31' title="bbox 2219 1699 3866 1787">
     <span class='ocr_line' id='line_1_31' title="bbox 2219 1699 3866 1787; baseline 0.002 -20"><span class='ocrx_word' id='word_1_213' title='bbox 2219 1714 2439 1784; x_wconf 88' lang='lat' dir='ltr'><strong>pictura</strong></span> <span class='ocrx_word' id='word_1_214' title='bbox 2493 1718 2694 1767; x_wconf 88' lang='lat' dir='ltr'><strong>cuncta</strong></span> <span class='ocrx_word' id='word_1_215' title='bbox 2740 1713 2871 1767; x_wconf 76' lang='lat' dir='ltr'><strong>vicit</strong></span> <span class='ocrx_word' id='word_1_216' title='bbox 2921 1718 3234 1783; x_wconf 84' lang='lat' dir='ltr'><strong>unguenta.</strong></span> <span class='ocrx_word' id='word_1_217' title='bbox 3273 1715 3429 1769; x_wconf 90' lang='lat' dir='ltr'><strong>Unde</strong></span> <span class='ocrx_word' id='word_1_218' title='bbox 3481 1699 3866 1787; x_wconf 83' lang='lat' dir='ltr'><strong>approbatum</strong></span> 
     </span>
    </p>
   </div>
   <div class='ocr_carea' id='block_1_32' title="bbox 481 1794 3869 1879">
    <p class='ocr_par' dir='ltr' id='par_1_32' title="bbox 481 1794 3869 1879">
     <span class='ocr_line' id='line_1_32' title="bbox 481 1794 3869 1879; baseline 0.001 -19"><span class='ocrx_word' id='word_1_219' title='bbox 481 1807 588 1860; x_wconf 88' lang='lat' dir='ltr'><strong>bus</strong></span> <span class='ocrx_word' id='word_1_220' title='bbox 612 1805 860 1860; x_wconf 71' lang='lat' dir='ltr'><strong>tenebrae</strong></span> <span class='ocrx_word' id='word_1_221' title='bbox 884 1805 1176 1876; x_wconf 88' lang='lat' dir='ltr'><strong>fugerunt.</strong></span> <span class='ocrx_word' id='word_1_222' title='bbox 1197 1806 1315 1869; x_wconf 90' lang='lat' dir='ltr'><strong>Qua</strong></span> <span class='ocrx_word' id='word_1_223' title='bbox 1335 1805 1673 1873; x_wconf 85' lang='lat' dir='ltr'><strong>illuminata,</strong></span> <span class='ocrx_word' id='word_1_224' title='bbox 1693 1806 1804 1860; x_wconf 90' lang='lat' dir='ltr'><strong>Deo</strong></span> <span class='ocrx_word' id='word_1_225' title='bbox 1823 1806 2120 1860; x_wconf 90' lang='lat' dir='ltr'><strong>reddentes</strong></span> <span class='ocrx_word' id='word_1_226' title='bbox 2141 1794 2198 1864; x_wconf 85' lang='lat' dir='ltr'><strong>B</strong></span> <span class='ocrx_word' id='word_1_227' title='bbox 2222 1811 2306 1861; x_wconf 91' lang='lat' dir='ltr'><strong>est</strong></span> <span class='ocrx_word' id='word_1_228' title='bbox 2337 1807 2608 1877; x_wconf 89' lang='lat' dir='ltr'><strong>languido</strong></span> <span class='ocrx_word' id='word_1_229' title='bbox 2637 1811 2966 1877; x_wconf 88' lang='lat' dir='ltr'><strong>recuperato</strong></span> <span class='ocrx_word' id='word_1_230' title='bbox 2993 1811 3056 1860; x_wconf 91' lang='lat' dir='ltr'><strong>ut</strong></span> <span class='ocrx_word' id='word_1_231' title='bbox 3082 1806 3336 1861; x_wconf 85' lang='lat' dir='ltr'><strong>dicamus</strong></span> <span class='ocrx_word' id='word_1_232' title='bbox 3362 1810 3761 1879; x_wconf 88' lang='lat' dir='ltr'><strong>communiter,</strong></span> <span class='ocrx_word' id='word_1_233' title='bbox 3791 1810 3869 1863; x_wconf 88' lang='lat' dir='ltr'><strong>de</strong></span> 
     </span>
    </p>
   </div>
   <div class='ocr_carea' id='block_1_33' title="bbox 483 1898 2122 1970">
    <p class='ocr_par' dir='ltr' id='par_1_33' title="bbox 483 1898 2122 1970">
     <span class='ocr_line' id='line_1_33' title="bbox 483 1898 2122 1970; baseline -0.001 -17"><span class='ocrx_word' id='word_1_234' title='bbox 483 1899 722 1970; x_wconf 81' lang='lat' dir='ltr'><strong>gloriam</strong></span> <span class='ocrx_word' id='word_1_235' title='bbox 749 1915 851 1969; x_wconf 90' lang='lat' dir='ltr'><strong>per</strong></span> <span class='ocrx_word' id='word_1_236' title='bbox 875 1915 1048 1969; x_wconf 89' lang='lat' dir='ltr'><strong>quem</strong></span> <span class='ocrx_word' id='word_1_237' title='bbox 1081 1898 1332 1952; x_wconf 89' lang='lat' dir='ltr'><strong>Christus</strong></span> <span class='ocrx_word' id='word_1_238' title='bbox 1358 1904 1644 1970; x_wconf 89' lang='lat' dir='ltr'><strong>operatur,</strong></span> <span class='ocrx_word' id='word_1_239' title='bbox 1675 1903 1920 1954; x_wconf 85' lang='lat' dir='ltr'><strong>astantes</strong></span> <span class='ocrx_word' id='word_1_240' title='bbox 1946 1899 2122 1954; x_wconf 82' lang='lat' dir='ltr'><strong>sancti</strong></span> 
     </span>
    </p>
   </div>
   <div class='ocr_carea' id='block_1_34' title="bbox 484 1991 1498 2062">
    <p class='ocr_par' dir='ltr' id='par_1_34' title="bbox 484 1991 1498 2062">
     <span class='ocr_line' id='line_1_34' title="bbox 484 1991 1498 2062; baseline 0.001 -16"><span class='ocrx_word' id='word_1_241' title='bbox 484 1991 749 2046; x_wconf 88' lang='lat' dir='ltr'><strong>Germani</strong></span> <span class='ocrx_word' id='word_1_242' title='bbox 777 1991 1085 2062; x_wconf 68' lang='lat' dir='ltr'><strong>przeconati</strong></span> <span class='ocrx_word' id='word_1_243' title='bbox 1115 1996 1249 2045; x_wconf 89' lang='lat' dir='ltr'><strong>sunt</strong></span> <span class='ocrx_word' id='word_1_244' title='bbox 1273 1993 1498 2047; x_wconf 87' lang='lat' dir='ltr'><strong>merita.</strong></span> 
     </span>
    </p>
   </div>
   <div class='ocr_carea' id='block_1_35' title="bbox 555 2084 2122 2156">
    <p class='ocr_par' dir='ltr' id='par_1_35' title="bbox 555 2084 2122 2156">
     <span class='ocr_line' id='line_1_35' title="bbox 555 2084 2122 2156; baseline 0.001 -16"><span class='ocrx_word' id='word_1_245' title='bbox 555 2087 660 2140; x_wconf 83' lang='lat' dir='ltr'><strong>LV.</strong></span> <span class='ocrx_word' id='word_1_246' title='bbox 691 2084 1092 2139; x_wconf 89' lang='lat' dir='ltr'><strong>Dinumerandi</strong></span> <span class='ocrx_word' id='word_1_247' title='bbox 1130 2089 1264 2138; x_wconf 90' lang='lat' dir='ltr'><strong>sunt</strong></span> <span class='ocrx_word' id='word_1_248' title='bbox 1300 2085 1503 2155; x_wconf 87' lang='lat' dir='ltr'><strong>morbi,</strong></span> <span class='ocrx_word' id='word_1_249' title='bbox 1528 2090 1591 2140; x_wconf 92' lang='lat' dir='ltr'><strong>ut</strong></span> <span class='ocrx_word' id='word_1_250' title='bbox 1624 2085 1966 2156; x_wconf 80' lang='lat' dir='ltr'><strong>praedicetur</strong></span> <span class='ocrx_word' id='word_1_251' title='bbox 1999 2087 2122 2141; x_wconf 89' lang='lat' dir='ltr'><strong>fons</strong></span> 
     </span>
    </p>
   </div>
   <div class='ocr_carea' id='block_1_36' title="bbox 483 2177 2125 2249">
    <p class='ocr_par' dir='ltr' id='par_1_36' title="bbox 483 2177 2125 2249">
     <span class='ocr_line' id='line_1_36' title="bbox 483 2177 2125 2249; baseline 0.001 -16"><span class='ocrx_word' id='word_1_252' title='bbox 483 2177 706 2233; x_wconf 90' lang='lat' dir='ltr'><strong>medici.</strong></span> <span class='ocrx_word' id='word_1_253' title='bbox 739 2177 1028 2248; x_wconf 89' lang='lat' dir='ltr'><strong>Daningus</strong></span> <span class='ocrx_word' id='word_1_254' title='bbox 1067 2177 1282 2232; x_wconf 81' lang='lat' dir='ltr'><strong>Ardulti</strong></span> <span class='ocrx_word' id='word_1_255' title='bbox 1325 2177 1472 2233; x_wconf 83' lang='lat' dir='ltr'><strong>ﬁlius</strong></span> <span class='ocrx_word' id='word_1_256' title='bbox 1510 2178 1590 2232; x_wconf 86' lang='lat' dir='ltr'><strong>ita</strong></span> <span class='ocrx_word' id='word_1_257' title='bbox 1623 2178 1824 2249; x_wconf 87' lang='lat' dir='ltr'><strong>capite,</strong></span> <span class='ocrx_word' id='word_1_258' title='bbox 1856 2179 2031 2233; x_wconf 90' lang='lat' dir='ltr'><strong>oculis</strong></span> <span class='ocrx_word' id='word_1_259' title='bbox 2069 2185 2125 2234; x_wconf 90' lang='lat' dir='ltr'><strong>et</strong></span> 
     </span>
    </p>
   </div>
   <div class='ocr_carea' id='block_1_37' title="bbox 481 2270 2125 2341">
    <p class='ocr_par' dir='ltr' id='par_1_37' title="bbox 481 2270 2125 2341">
     <span class='ocr_line' id='line_1_37' title="bbox 481 2270 2125 2341; baseline -0.001 -14"><span class='ocrx_word' id='word_1_260' title='bbox 481 2271 613 2327; x_wconf 88' lang='lat' dir='ltr'><strong>totis</strong></span> <span class='ocrx_word' id='word_1_261' title='bbox 655 2270 924 2341; x_wconf 81' lang='lat' dir='ltr'><strong>hydropis</strong></span> <span class='ocrx_word' id='word_1_262' title='bbox 958 2270 1156 2324; x_wconf 87' lang='lat' dir='ltr'><strong>morbo</strong></span> <span class='ocrx_word' id='word_1_263' title='bbox 1192 2274 1388 2326; x_wconf 91' lang='lat' dir='ltr'><strong>tensus</strong></span> <span class='ocrx_word' id='word_1_264' title='bbox 1424 2275 1545 2325; x_wconf 89' lang='lat' dir='ltr'><strong>erat</strong></span> <span class='ocrx_word' id='word_1_265' title='bbox 1582 2271 1908 2341; x_wconf 89' lang='lat' dir='ltr'><strong>visceribus,</strong></span> <span class='ocrx_word' id='word_1_266' title='bbox 1949 2276 2014 2326; x_wconf 92' lang='lat' dir='ltr'><strong>ut</strong></span> <span class='ocrx_word' id='word_1_267' title='bbox 2064 2272 2125 2326; x_wconf 90' lang='lat' dir='ltr'><strong>in</strong></span> 
     </span>
    </p>
   </div>
   <div class='ocr_carea' id='block_1_38' title="bbox 482 2363 2121 2436">
    <p class='ocr_par' dir='ltr' id='par_1_38' title="bbox 482 2363 2121 2436">
     <span class='ocr_line' id='line_1_38' title="bbox 482 2363 2121 2436; baseline 0.001 -17"><span class='ocrx_word' id='word_1_268' title='bbox 482 2365 626 2420; x_wconf 87' lang='lat' dir='ltr'><strong>utris</strong></span> <span class='ocrx_word' id='word_1_269' title='bbox 663 2363 1092 2417; x_wconf 89' lang='lat' dir='ltr'><strong>similitudinem</strong></span> <span class='ocrx_word' id='word_1_270' title='bbox 1134 2363 1295 2434; x_wconf 89' lang='lat' dir='ltr'><strong>quasi</strong></span> <span class='ocrx_word' id='word_1_271' title='bbox 1328 2369 1480 2418; x_wconf 89' lang='lat' dir='ltr'><strong>totus</strong></span> <span class='ocrx_word' id='word_1_272' title='bbox 1517 2369 1713 2418; x_wconf 88' lang='lat' dir='ltr'><strong>venter</strong></span> <span class='ocrx_word' id='word_1_273' title='bbox 1751 2369 1915 2434; x_wconf 89' lang='lat' dir='ltr'><strong>esset,</strong></span> <span class='ocrx_word' id='word_1_274' title='bbox 1946 2381 2121 2436; x_wconf 88' lang='lat' dir='ltr'><strong>pene-</strong></span> 
     </span>
    </p>
   </div>
   <div class='ocr_carea' id='block_1_39' title="bbox 483 2455 2126 2528">
    <p class='ocr_par' dir='ltr' id='par_1_39' title="bbox 483 2455 2126 2528">
     <span class='ocr_line' id='line_1_39' title="bbox 483 2455 2126 2528; baseline 0 -16"><span class='ocrx_word' id='word_1_275' title='bbox 483 2457 642 2513; x_wconf 89' lang='lat' dir='ltr'><strong>tratis</strong></span> <span class='ocrx_word' id='word_1_276' title='bbox 674 2456 936 2510; x_wconf 86' lang='lat' dir='ltr'><strong>vitalibus</strong></span> <span class='ocrx_word' id='word_1_277' title='bbox 960 2455 1115 2510; x_wconf 89' lang='lat' dir='ltr'><strong>velut</strong></span> <span class='ocrx_word' id='word_1_278' title='bbox 1150 2457 1360 2511; x_wconf 90' lang='lat' dir='ltr'><strong>vitrum</strong></span> <span class='ocrx_word' id='word_1_279' title='bbox 1394 2457 1711 2528; x_wconf 89' lang='lat' dir='ltr'><strong>perluceret</strong></span> <span class='ocrx_word' id='word_1_280' title='bbox 1745 2456 1950 2511; x_wconf 85' lang='lat' dir='ltr'><strong>infecta</strong></span> <span class='ocrx_word' id='word_1_281' title='bbox 1984 2459 2126 2512; x_wconf 89' lang='lat' dir='ltr'><strong>cutis</strong></span> 
     </span>
    </p>
   </div>
   <div class='ocr_carea' id='block_1_40' title="bbox 483 2548 2123 2620">
    <p class='ocr_par' dir='ltr' id='par_1_40' title="bbox 483 2548 2123 2620">
     <span class='ocr_line' id='line_1_40' title="bbox 483 2548 2123 2620; baseline 0.001 -16"><span class='ocrx_word' id='word_1_282' title='bbox 483 2549 840 2604; x_wconf 87' lang='lat' dir='ltr'><strong>intrinsecus.</strong></span> <span class='ocrx_word' id='word_1_283' title='bbox 869 2548 974 2612; x_wconf 87' lang='lat' dir='ltr'><strong>Qui</strong></span> <span class='ocrx_word' id='word_1_284' title='bbox 1000 2566 1033 2602; x_wconf 89' lang='lat' dir='ltr'><strong>a</strong></span> <span class='ocrx_word' id='word_1_285' title='bbox 1061 2549 1292 2604; x_wconf 91' lang='lat' dir='ltr'><strong>medicis</strong></span> <span class='ocrx_word' id='word_1_286' title='bbox 1321 2549 1667 2620; x_wconf 88' lang='lat' dir='ltr'><strong>desperatus,</strong></span> <span class='ocrx_word' id='word_1_287' title='bbox 1695 2549 1764 2603; x_wconf 90' lang='lat' dir='ltr'><strong>ad</strong></span> <span class='ocrx_word' id='word_1_288' title='bbox 1805 2550 1959 2604; x_wconf 86' lang='lat' dir='ltr'><strong>Beati</strong></span> <span class='ocrx_word' id='word_1_289' title='bbox 1988 2568 2123 2605; x_wconf 90' lang='lat' dir='ltr'><strong>con-</strong></span> 
     </span>
    </p>
   </div>
   <div class='ocr_carea' id='block_1_41' title="bbox 484 2642 2128 2713">
    <p class='ocr_par' dir='ltr' id='par_1_41' title="bbox 484 2642 2128 2713">
     <span class='ocr_line' id='line_1_41' title="bbox 484 2642 2128 2713; baseline 0.001 -16"><span class='ocrx_word' id='word_1_290' title='bbox 484 2643 634 2713; x_wconf 87' lang='lat' dir='ltr'><strong>fugit</strong></span> <span class='ocrx_word' id='word_1_291' title='bbox 662 2646 915 2695; x_wconf 86' lang='lat' dir='ltr'><strong>extrema</strong></span> <span class='ocrx_word' id='word_1_292' title='bbox 954 2646 1103 2696; x_wconf 87' lang='lat' dir='ltr'><strong>sorte</strong></span> <span class='ocrx_word' id='word_1_293' title='bbox 1139 2642 1475 2697; x_wconf 89' lang='lat' dir='ltr'><strong>remedium.</strong></span> <span class='ocrx_word' id='word_1_294' title='bbox 1503 2643 1684 2706; x_wconf 90' lang='lat' dir='ltr'><strong>Quem</strong></span> <span class='ocrx_word' id='word_1_295' title='bbox 1717 2660 1851 2697; x_wconf 88' lang='lat' dir='ltr'><strong>mox</strong></span> <span class='ocrx_word' id='word_1_296' title='bbox 1876 2645 2128 2699; x_wconf 89' lang='lat' dir='ltr'><strong>vestibus</strong></span> 
     </span>
    </p>
   </div>
   <div class='ocr_carea' id='block_1_42' title="bbox 486 2720 2125 2809">
    <p class='ocr_par' dir='ltr' id='par_1_42' title="bbox 486 2720 2125 2809">
     <span class='ocr_line' id='line_1_42' title="bbox 486 2720 2125 2809; baseline 0.001 -19"><span class='ocrx_word' id='word_1_297' title='bbox 486 2740 724 2790; x_wconf 82' lang='lat' dir='ltr'><strong>exutum</strong></span> <span class='ocrx_word' id='word_1_298' title='bbox 756 2739 812 2788; x_wconf 89' lang='lat' dir='ltr'><strong>et</strong></span> <span class='ocrx_word' id='word_1_299' title='bbox 841 2734 1011 2788; x_wconf 88' lang='lat' dir='ltr'><strong>sacris</strong></span> <span class='ocrx_word' id='word_1_300' title='bbox 1050 2735 1312 2789; x_wconf 90' lang='lat' dir='ltr'><strong>manibus</strong></span> <span class='ocrx_word' id='word_1_301' title='bbox 1341 2741 1704 2806; x_wconf 89' lang='lat' dir='ltr'><strong>perunctum,</strong></span> <span class='ocrx_word' id='word_1_302' title='bbox 1733 2720 2006 2809; x_wconf 80' lang='lat' dir='ltr'><strong>hydropis</strong></span> <span class='ocrx_word' id='word_1_303' title='bbox 2035 2738 2125 2792; x_wconf 91' lang='lat' dir='ltr'><strong>in-</strong></span> 
     </span>
    </p>
   </div>
   <div class='ocr_carea' id='block_1_43' title="bbox 487 2827 2128 2900">
    <p class='ocr_par' dir='ltr' id='par_1_43' title="bbox 487 2827 2128 2900">
     <span class='ocr_line' id='line_1_43' title="bbox 487 2827 2128 2900; baseline 0.002 -18"><span class='ocrx_word' id='word_1_304' title='bbox 487 2827 676 2882; x_wconf 90' lang='lat' dir='ltr'><strong>clusus</strong></span> <span class='ocrx_word' id='word_1_305' title='bbox 707 2828 895 2898; x_wconf 90' lang='lat' dir='ltr'><strong>liquor</strong></span> <span class='ocrx_word' id='word_1_306' title='bbox 930 2827 1148 2899; x_wconf 89' lang='lat' dir='ltr'><strong>liquore</strong></span> <span class='ocrx_word' id='word_1_307' title='bbox 1183 2828 1556 2895; x_wconf 88' lang='lat' dir='ltr'><strong>consumitur,</strong></span> <span class='ocrx_word' id='word_1_308' title='bbox 1589 2833 1646 2882; x_wconf 91' lang='lat' dir='ltr'><strong>et</strong></span> <span class='ocrx_word' id='word_1_309' title='bbox 1678 2846 1823 2900; x_wconf 88' lang='lat' dir='ltr'><strong>aqua</strong></span> <span class='ocrx_word' id='word_1_310' title='bbox 1849 2830 2128 2885; x_wconf 89' lang='lat' dir='ltr'><strong>infusione</strong></span> 
     </span>
    </p>
   </div>
   <div class='ocr_carea' id='block_1_44' title="bbox 487 2920 2128 2978">
    <p class='ocr_par' dir='ltr' id='par_1_44' title="bbox 487 2920 2128 2978">
     <span class='ocr_line' id='line_1_44' title="bbox 487 2920 2128 2978; baseline 0.001 -2"><span class='ocrx_word' id='word_1_311' title='bbox 487 2921 597 2976; x_wconf 91' lang='lat' dir='ltr'><strong>olei</strong></span> <span class='ocrx_word' id='word_1_312' title='bbox 624 2920 951 2976; x_wconf 87' lang='lat' dir='ltr'><strong>desiccatur.</strong></span> <span class='ocrx_word' id='word_1_313' title='bbox 978 2921 1065 2975; x_wconf 90' lang='lat' dir='ltr'><strong>Sic</strong></span> <span class='ocrx_word' id='word_1_314' title='bbox 1091 2921 1258 2975; x_wconf 93' lang='lat' dir='ltr'><strong>modo</strong></span> <span class='ocrx_word' id='word_1_315' title='bbox 1284 2921 1603 2976; x_wconf 86' lang='lat' dir='ltr'><strong>admirabili</strong></span> <span class='ocrx_word' id='word_1_316' title='bbox 1629 2939 1731 2976; x_wconf 93' lang='lat' dir='ltr'><strong>nec</strong></span> <span class='ocrx_word' id='word_1_317' title='bbox 1758 2923 1967 2978; x_wconf 90' lang='lat' dir='ltr'><strong>humor</strong></span> <span class='ocrx_word' id='word_1_318' title='bbox 1992 2924 2128 2978; x_wconf 90' lang='lat' dir='ltr'><strong>foris</strong></span> 
     </span>
    </p>
   </div>
   <div class='ocr_carea' id='block_1_45' title="bbox 487 3013 2129 3086">
    <p class='ocr_par' dir='ltr' id='par_1_45' title="bbox 487 3013 2129 3086">
     <span class='ocr_line' id='line_1_45' title="bbox 487 3013 2129 3086; baseline 0.001 -16"><span class='ocrx_word' id='word_1_319' title='bbox 487 3030 746 3086; x_wconf 86' lang='lat' dir='ltr'><strong>egressus</strong></span> <span class='ocrx_word' id='word_1_320' title='bbox 798 3017 902 3083; x_wconf 88' lang='lat' dir='ltr'><strong>est,</strong></span> <span class='ocrx_word' id='word_1_321' title='bbox 939 3030 1044 3068; x_wconf 90' lang='lat' dir='ltr'><strong>nec</strong></span> <span class='ocrx_word' id='word_1_322' title='bbox 1087 3013 1240 3069; x_wconf 91' lang='lat' dir='ltr'><strong>intus</strong></span> <span class='ocrx_word' id='word_1_323' title='bbox 1283 3015 1527 3086; x_wconf 87' lang='lat' dir='ltr'><strong>languor</strong></span> <span class='ocrx_word' id='word_1_324' title='bbox 1571 3020 1824 3072; x_wconf 88' lang='lat' dir='ltr'><strong>retentus</strong></span> <span class='ocrx_word' id='word_1_325' title='bbox 1869 3023 1971 3085; x_wconf 88' lang='lat' dir='ltr'><strong>est,</strong></span> <span class='ocrx_word' id='word_1_326' title='bbox 2009 3022 2129 3072; x_wconf 86' lang='lat' dir='ltr'><strong>arte</strong></span> 
     </span>
    </p>
   </div>
   <div class='ocr_carea' id='block_1_46' title="bbox 486 3107 1786 3179">
    <p class='ocr_par' dir='ltr' id='par_1_46' title="bbox 486 3107 1786 3179">
     <span class='ocr_line' id='line_1_46' title="bbox 486 3107 1786 3179; baseline 0.002 -17"><span class='ocrx_word' id='word_1_327' title='bbox 486 3107 836 3179; x_wconf 70' lang='lat' dir='ltr'><strong>praedicabili</strong></span> <span class='ocrx_word' id='word_1_328' title='bbox 859 3107 1160 3163; x_wconf 87' lang='lat' dir='ltr'><strong>humorem</strong></span> <span class='ocrx_word' id='word_1_329' title='bbox 1191 3124 1260 3162; x_wconf 86' lang='lat' dir='ltr'><strong>ex</strong></span> <span class='ocrx_word' id='word_1_330' title='bbox 1297 3107 1539 3164; x_wconf 90' lang='lat' dir='ltr'><strong>humore</strong></span> <span class='ocrx_word' id='word_1_331' title='bbox 1571 3109 1786 3164; x_wconf 89' lang='lat' dir='ltr'><strong>siccari.</strong></span> 
     </span>
    </p>
   </div>
   <div class='ocr_carea' id='block_1_47' title="bbox 561 3159 2203 3258">
    <p class='ocr_par' dir='ltr' id='par_1_47' title="bbox 561 3159 2203 3258">
     <span class='ocr_line' id='line_1_47' title="bbox 561 3159 2203 3258; baseline 0.002 -3"><span class='ocrx_word' id='word_1_332' title='bbox 561 3159 693 3255; x_wconf 61' lang='lat' dir='ltr'><strong>£th</strong></span> <span class='ocrx_word' id='word_1_333' title='bbox 709 3159 1160 3256; x_wconf 58' lang='grc' dir='ltr'><strong>ἠεηιῖιιιιῖᾆιῖ</strong></span> <span class='ocrx_word' id='word_1_334' title='bbox 1171 3159 1468 3256; x_wconf 49' lang='lat' dir='ltr'><strong>tanta;</strong></span> <span class='ocrx_word' id='word_1_335' title='bbox 1480 3159 1947 3256; x_wconf 64' lang='lat' dir='ltr'><strong>beatissimorum</strong></span> <span class='ocrx_word' id='word_1_336' title='bbox 1988 3204 2124 3258; x_wconf 88' lang='lat' dir='ltr'><strong>Ger-</strong></span> <span class='ocrx_word' id='word_1_337' title='bbox 2149 3159 2203 3232; x_wconf 63' lang='grc' dir='ltr'>(ἶ</span> 
     </span>
    </p>
   </div>
   <div class='ocr_carea' id='block_1_48' title="bbox 487 3294 2124 3367">
    <p class='ocr_par' dir='ltr' id='par_1_48' title="bbox 487 3294 2124 3367">
     <span class='ocr_line' id='line_1_48' title="bbox 487 3294 2124 3367; baseline -0.001 -16"><span class='ocrx_word' id='word_1_338' title='bbox 487 3294 625 3351; x_wconf 81' lang='lat' dir='ltr'><strong>vasii</strong></span> <span class='ocrx_word' id='word_1_339' title='bbox 672 3300 728 3350; x_wconf 90' lang='lat' dir='ltr'><strong>et</strong></span> <span class='ocrx_word' id='word_1_340' title='bbox 759 3294 993 3349; x_wconf 86' lang='lat' dir='ltr'><strong>Protasii</strong></span> <span class='ocrx_word' id='word_1_341' title='bbox 1033 3294 1362 3365; x_wconf 89' lang='lat' dir='ltr'><strong>vigilaturus</strong></span> <span class='ocrx_word' id='word_1_342' title='bbox 1402 3295 1712 3362; x_wconf 89' lang='lat' dir='ltr'><strong>accederet,</strong></span> <span class='ocrx_word' id='word_1_343' title='bbox 1739 3295 1972 3367; x_wconf 90' lang='lat' dir='ltr'><strong>quidam</strong></span> <span class='ocrx_word' id='word_1_344' title='bbox 2015 3312 2124 3349; x_wconf 66' lang='lat' dir='ltr'><strong>ca:-</strong></span> 
     </span>
    </p>
   </div>
   <div class='ocr_carea' id='block_1_49' title="bbox 490 3386 2129 3460">
    <p class='ocr_par' dir='ltr' id='par_1_49' title="bbox 490 3386 2129 3460">
     <span class='ocr_line' id='line_1_49' title="bbox 490 3386 2129 3460; baseline -0.001 -16"><span class='ocrx_word' id='word_1_345' title='bbox 490 3405 588 3444; x_wconf 90' lang='lat' dir='ltr'><strong>cus</strong></span> <span class='ocrx_word' id='word_1_346' title='bbox 638 3387 844 3442; x_wconf 87' lang='lat' dir='ltr'><strong>institit</strong></span> <span class='ocrx_word' id='word_1_347' title='bbox 887 3386 1329 3442; x_wconf 84' lang='lat' dir='ltr'><strong>misericordiam</strong></span> <span class='ocrx_word' id='word_1_348' title='bbox 1382 3389 1694 3460; x_wconf 90' lang='lat' dir='ltr'><strong>postulans.</strong></span> <span class='ocrx_word' id='word_1_349' title='bbox 1749 3388 1850 3442; x_wconf 88' lang='lat' dir='ltr'><strong>Cui</strong></span> <span class='ocrx_word' id='word_1_350' title='bbox 1899 3389 1984 3442; x_wconf 85' lang='lat' dir='ltr'><strong>vir</strong></span> <span class='ocrx_word' id='word_1_351' title='bbox 2031 3389 2129 3443; x_wconf 90' lang='lat' dir='ltr'><strong>Dei</strong></span> 
     </span>
    </p>
   </div>
   <div class='ocr_carea' id='block_1_50' title="bbox 489 3480 2126 3554">
    <p class='ocr_par' dir='ltr' id='par_1_50' title="bbox 489 3480 2126 3554">
     <span class='ocr_line' id='line_1_50' title="bbox 489 3480 2126 3554; baseline 0 -18"><span class='ocrx_word' id='word_1_352' title='bbox 489 3481 764 3554; x_wconf 71' lang='lat' dir='ltr'><strong>praecepit</strong></span> <span class='ocrx_word' id='word_1_353' title='bbox 790 3481 940 3535; x_wconf 90' lang='lat' dir='ltr'><strong>inter</strong></span> <span class='ocrx_word' id='word_1_354' title='bbox 964 3480 1140 3535; x_wconf 89' lang='lat' dir='ltr'><strong>altare</strong></span> <span class='ocrx_word' id='word_1_355' title='bbox 1166 3485 1222 3535; x_wconf 91' lang='lat' dir='ltr'><strong>et</strong></span> <span class='ocrx_word' id='word_1_356' title='bbox 1247 3487 1570 3537; x_wconf 90' lang='lat' dir='ltr'><strong>sanctorum</strong></span> <span class='ocrx_word' id='word_1_357' title='bbox 1599 3481 1862 3552; x_wconf 89' lang='lat' dir='ltr'><strong>reliquias</strong></span> <span class='ocrx_word' id='word_1_358' title='bbox 1885 3485 1951 3535; x_wconf 91' lang='lat' dir='ltr'><strong>ut</strong></span> <span class='ocrx_word' id='word_1_359' title='bbox 1971 3481 2126 3552; x_wconf 84' lang='lat' dir='ltr'><strong>jace-</strong></span> 
     </span>
    </p>
   </div>
   <div class='ocr_carea' id='block_1_51' title="bbox 488 3573 2131 3645">
    <p class='ocr_par' dir='ltr' id='par_1_51' title="bbox 488 3573 2131 3645">
     <span class='ocr_line' id='line_1_51' title="bbox 488 3573 2131 3645; baseline -0.001 -15"><span class='ocrx_word' id='word_1_360' title='bbox 488 3579 596 3630; x_wconf 88' lang='lat' dir='ltr'><strong>ret.</strong></span> <span class='ocrx_word' id='word_1_361' title='bbox 626 3575 745 3638; x_wconf 86' lang='lat' dir='ltr'><strong>Quo</strong></span> <span class='ocrx_word' id='word_1_362' title='bbox 783 3577 1008 3645; x_wconf 89' lang='lat' dir='ltr'><strong>peracto</strong></span> <span class='ocrx_word' id='word_1_363' title='bbox 1041 3573 1226 3645; x_wconf 90' lang='lat' dir='ltr'><strong>primo</strong></span> <span class='ocrx_word' id='word_1_364' title='bbox 1267 3574 1533 3644; x_wconf 91' lang='lat' dir='ltr'><strong>diluculo,</strong></span> <span class='ocrx_word' id='word_1_365' title='bbox 1569 3591 1700 3628; x_wconf 85' lang='lat' dir='ltr'><strong>mox</strong></span> <span class='ocrx_word' id='word_1_366' title='bbox 1737 3590 1908 3644; x_wconf 90' lang='lat' dir='ltr'><strong>super</strong></span> <span class='ocrx_word' id='word_1_367' title='bbox 1943 3575 2131 3629; x_wconf 89' lang='lat' dir='ltr'><strong>oculos</strong></span> 
     </span>
    </p>
   </div>
   <div class='ocr_carea' id='block_1_52' title="bbox 491 3667 2132 3740">
    <p class='ocr_par' dir='ltr' id='par_1_52' title="bbox 491 3667 2132 3740">
     <span class='ocr_line' id='line_1_52' title="bbox 491 3667 2132 3740; baseline -0.001 -18"><span class='ocrx_word' id='word_1_368' title='bbox 491 3669 720 3740; x_wconf 87' lang='lat' dir='ltr'><strong>signum</strong></span> <span class='ocrx_word' id='word_1_369' title='bbox 763 3667 944 3722; x_wconf 88' lang='lat' dir='ltr'><strong>crucis</strong></span> <span class='ocrx_word' id='word_1_370' title='bbox 989 3667 1196 3737; x_wconf 89' lang='lat' dir='ltr'><strong>intulit,</strong></span> <span class='ocrx_word' id='word_1_371' title='bbox 1240 3667 1339 3722; x_wconf 90' lang='lat' dir='ltr'><strong>lux</strong></span> <span class='ocrx_word' id='word_1_372' title='bbox 1389 3667 1614 3722; x_wconf 78' lang='lat' dir='ltr'><strong>etfnlsit.</strong></span> <span class='ocrx_word' id='word_1_373' title='bbox 1657 3668 1724 3721; x_wconf 87' lang='lat' dir='ltr'><strong>Et</strong></span> <span class='ocrx_word' id='word_1_374' title='bbox 1776 3671 1924 3721; x_wconf 90' lang='lat' dir='ltr'><strong>totus</strong></span> <span class='ocrx_word' id='word_1_375' title='bbox 1974 3668 2132 3722; x_wconf 88' lang='lat' dir='ltr'><strong>labor</strong></span> 
     </span>
    </p>
   </div>
   <div class='ocr_carea' id='block_1_53' title="bbox 491 3760 1666 3833">
    <p class='ocr_par' dir='ltr' id='par_1_53' title="bbox 491 3760 1666 3833">
     <span class='ocr_line' id='line_1_53' title="bbox 491 3760 1666 3833; baseline -0.003 -15"><span class='ocrx_word' id='word_1_376' title='bbox 491 3761 700 3818; x_wconf 84' lang='lat' dir='ltr'><strong>medici</strong></span> <span class='ocrx_word' id='word_1_377' title='bbox 718 3777 913 3815; x_wconf 88' lang='lat' dir='ltr'><strong>curam</strong></span> <span class='ocrx_word' id='word_1_378' title='bbox 937 3761 1144 3817; x_wconf 89' lang='lat' dir='ltr'><strong>virtute</strong></span> <span class='ocrx_word' id='word_1_379' title='bbox 1171 3761 1353 3816; x_wconf 89' lang='lat' dir='ltr'><strong>crucis</strong></span> <span class='ocrx_word' id='word_1_380' title='bbox 1369 3760 1666 3833; x_wconf 89' lang='lat' dir='ltr'><strong>impendit.</strong></span> 
     </span>
    </p>
   </div>
   <div class='ocr_carea' id='block_1_54' title="bbox 565 3853 2132 3926">
    <p class='ocr_par' dir='ltr' id='par_1_54' title="bbox 565 3853 2132 3926">
     <span class='ocr_line' id='line_1_54' title="bbox 565 3853 2132 3926; baseline 0 -18"><span class='ocrx_word' id='word_1_381' title='bbox 565 3856 718 3910; x_wconf 80' lang='lat' dir='ltr'><strong>LVll.</strong></span> <span class='ocrx_word' id='word_1_382' title='bbox 751 3854 947 3911; x_wconf 83' lang='lat' dir='ltr'><strong>Mulier</strong></span> <span class='ocrx_word' id='word_1_383' title='bbox 974 3855 1042 3910; x_wconf 90' lang='lat' dir='ltr'><strong>de</strong></span> <span class='ocrx_word' id='word_1_384' title='bbox 1071 3855 1370 3910; x_wconf 87' lang='lat' dir='ltr'><strong>Oximense</strong></span> <span class='ocrx_word' id='word_1_385' title='bbox 1396 3858 1594 3926; x_wconf 88' lang='lat' dir='ltr'><strong>petens</strong></span> <span class='ocrx_word' id='word_1_386' title='bbox 1620 3853 2072 3925; x_wconf 89' lang='lat' dir='ltr'><strong>redemptionem</strong></span> <span class='ocrx_word' id='word_1_387' title='bbox 2099 3871 2132 3908; x_wconf 90' lang='lat' dir='ltr'><strong>a</strong></span> 
     </span>
    </p>
   </div>
   <div class='ocr_carea' id='block_1_55' title="bbox 495 3947 2131 4020">
    <p class='ocr_par' dir='ltr' id='par_1_55' title="bbox 495 3947 2131 4020">
     <span class='ocr_line' id='line_1_55' title="bbox 495 3947 2131 4020; baseline -0.002 -15"><span class='ocrx_word' id='word_1_388' title='bbox 495 3954 686 4005; x_wconf 88' lang='lat' dir='ltr'><strong>sancto</strong></span> <span class='ocrx_word' id='word_1_389' title='bbox 715 3949 854 4018; x_wconf 93' lang='lat' dir='ltr'><strong>viro,</strong></span> <span class='ocrx_word' id='word_1_390' title='bbox 876 3965 988 4020; x_wconf 90' lang='lat' dir='ltr'><strong>qua</strong></span> <span class='ocrx_word' id='word_1_391' title='bbox 1015 3954 1184 4019; x_wconf 89' lang='lat' dir='ltr'><strong>sorte,</strong></span> <span class='ocrx_word' id='word_1_392' title='bbox 1211 3948 1355 4003; x_wconf 90' lang='lat' dir='ltr'><strong>nihil</strong></span> <span class='ocrx_word' id='word_1_393' title='bbox 1385 3947 1639 4020; x_wconf 87' lang='lat' dir='ltr'><strong>accipere</strong></span> <span class='ocrx_word' id='word_1_394' title='bbox 1667 3947 1894 4003; x_wconf 89' lang='lat' dir='ltr'><strong>meruit.</strong></span> <span class='ocrx_word' id='word_1_395' title='bbox 1924 3948 2131 4002; x_wconf 90' lang='lat' dir='ltr'><strong>Dehinc</strong></span> 
     </span>
    </p>
   </div>
   <div class='ocr_carea' id='block_1_56' title="bbox 495 4041 2134 4113">
    <p class='ocr_par' dir='ltr' id='par_1_56' title="bbox 495 4041 2134 4113">
     <span class='ocr_line' id='line_1_56' title="bbox 495 4041 2134 4113; baseline -0.002 -15"><span class='ocrx_word' id='word_1_396' title='bbox 495 4043 830 4098; x_wconf 86' lang='lat' dir='ltr'><strong>Britannum</strong></span> <span class='ocrx_word' id='word_1_397' title='bbox 850 4043 1247 4113; x_wconf 86' lang='lat' dir='ltr'><strong>presbyterum</strong></span> <span class='ocrx_word' id='word_1_398' title='bbox 1279 4058 1382 4112; x_wconf 91' lang='lat' dir='ltr'><strong>pro</strong></span> <span class='ocrx_word' id='word_1_399' title='bbox 1407 4041 1737 4098; x_wconf 84' lang='lat' dir='ltr'><strong>infirmitate</strong></span> <span class='ocrx_word' id='word_1_400' title='bbox 1773 4041 2004 4096; x_wconf 88' lang='lat' dir='ltr'><strong>rectoris</strong></span> <span class='ocrx_word' id='word_1_401' title='bbox 2040 4058 2134 4112; x_wconf 89' lang='lat' dir='ltr'><strong>pa-</strong></span> 
     </span>
    </p>
   </div>
   <div class='ocr_carea' id='block_1_57' title="bbox 496 4134 2136 4206">
    <p class='ocr_par' dir='ltr' id='par_1_57' title="bbox 496 4134 2136 4206">
     <span class='ocr_line' id='line_1_57' title="bbox 496 4134 2136 4206; baseline -0.001 -15"><span class='ocrx_word' id='word_1_402' title='bbox 496 4137 619 4191; x_wconf 60' lang='lat' dir='ltr'><strong>tria</strong></span> <span class='ocrx_word' id='word_1_403' title='bbox 648 4152 766 4190; x_wconf 67' lang='lat' dir='ltr'><strong>suae</strong></span> <span class='ocrx_word' id='word_1_404' title='bbox 801 4135 1253 4190; x_wconf 89' lang='lat' dir='ltr'><strong>benedictionem</strong></span> <span class='ocrx_word' id='word_1_405' title='bbox 1283 4134 1540 4204; x_wconf 73' lang='lat' dir='ltr'><strong>praedicti</strong></span> <span class='ocrx_word' id='word_1_406' title='bbox 1579 4140 1635 4189; x_wconf 89' lang='lat' dir='ltr'><strong>et</strong></span> <span class='ocrx_word' id='word_1_407' title='bbox 1675 4135 1944 4206; x_wconf 87' lang='lat' dir='ltr'><strong>reliquias</strong></span> <span class='ocrx_word' id='word_1_408' title='bbox 1970 4151 2136 4206; x_wconf 87' lang='lat' dir='ltr'><strong>expe-</strong></span> 
     </span>
    </p>
   </div>
   <div class='ocr_carea' id='block_1_58' title="bbox 495 4227 2136 4300">
    <p class='ocr_par' dir='ltr' id='par_1_58' title="bbox 495 4227 2136 4300">
     <span class='ocr_line' id='line_1_58' title="bbox 495 4227 2136 4300; baseline -0.002 -15"><span class='ocrx_word' id='word_1_409' title='bbox 495 4229 605 4285; x_wconf 88' lang='lat' dir='ltr'><strong>tiit.</strong></span> <span class='ocrx_word' id='word_1_410' title='bbox 627 4229 732 4294; x_wconf 89' lang='lat' dir='ltr'><strong>Qui</strong></span> <span class='ocrx_word' id='word_1_411' title='bbox 756 4229 864 4284; x_wconf 90' lang='lat' dir='ltr'><strong>iter</strong></span> <span class='ocrx_word' id='word_1_412' title='bbox 889 4246 1055 4284; x_wconf 90' lang='lat' dir='ltr'><strong>suum</strong></span> <span class='ocrx_word' id='word_1_413' title='bbox 1083 4227 1398 4299; x_wconf 88' lang='lat' dir='ltr'><strong>egrediens,</strong></span> <span class='ocrx_word' id='word_1_414' title='bbox 1419 4228 1772 4282; x_wconf 85' lang='lat' dir='ltr'><strong>mansionem</strong></span> <span class='ocrx_word' id='word_1_415' title='bbox 1792 4228 1851 4282; x_wconf 91' lang='lat' dir='ltr'><strong>in</strong></span> <span class='ocrx_word' id='word_1_416' title='bbox 1877 4228 2004 4282; x_wconf 91' lang='lat' dir='ltr'><strong>villa</strong></span> <span class='ocrx_word' id='word_1_417' title='bbox 2023 4245 2136 4300; x_wconf 90' lang='lat' dir='ltr'><strong>qua</strong></span> 
     </span>
    </p>
   </div>
   <div class='ocr_carea' id='block_1_59' title="bbox 496 4320 2136 4396">
    <p class='ocr_par' dir='ltr' id='par_1_59' title="bbox 496 4320 2136 4396">
     <span class='ocr_line' id='line_1_59' title="bbox 496 4320 2136 4396; baseline -0.001 -18"><span class='ocrx_word' id='word_1_418' title='bbox 496 4322 763 4396; x_wconf 75' lang='lat' dir='ltr'><strong>praedicta</strong></span> <span class='ocrx_word' id='word_1_419' title='bbox 800 4323 1006 4378; x_wconf 91' lang='lat' dir='ltr'><strong>mulier</strong></span> <span class='ocrx_word' id='word_1_420' title='bbox 1044 4320 1333 4376; x_wconf 86' lang='lat' dir='ltr'><strong>habitabat</strong></span> <span class='ocrx_word' id='word_1_421' title='bbox 1371 4321 1632 4376; x_wconf 88' lang='lat' dir='ltr'><strong>obtinuit.</strong></span> <span class='ocrx_word' id='word_1_422' title='bbox 1675 4321 1856 4385; x_wconf 91' lang='lat' dir='ltr'><strong>Quam</strong></span> <span class='ocrx_word' id='word_1_423' title='bbox 1899 4322 2136 4376; x_wconf 88' lang='lat' dir='ltr'><strong>maritus</strong></span> 
     </span>
    </p>
   </div>
   <div class='ocr_carea' id='block_1_60' title="bbox 496 4413 2134 4485">
    <p class='ocr_par' dir='ltr' id='par_1_60' title="bbox 496 4413 2134 4485">
     <span class='ocr_line' id='line_1_60' title="bbox 496 4413 2134 4485; baseline -0.001 -13"><span class='ocrx_word' id='word_1_424' title='bbox 496 4417 770 4472; x_wconf 86' lang='lat' dir='ltr'><strong>allocutus</strong></span> <span class='ocrx_word' id='word_1_425' title='bbox 794 4421 859 4471; x_wconf 91' lang='lat' dir='ltr'><strong>ut</strong></span> <span class='ocrx_word' id='word_1_426' title='bbox 887 4416 1030 4470; x_wconf 91' lang='lat' dir='ltr'><strong>sicut</strong></span> <span class='ocrx_word' id='word_1_427' title='bbox 1055 4413 1150 4469; x_wconf 92' lang='lat' dir='ltr'><strong>alii</strong></span> <span class='ocrx_word' id='word_1_428' title='bbox 1173 4418 1229 4468; x_wconf 91' lang='lat' dir='ltr'><strong>et</strong></span> <span class='ocrx_word' id='word_1_429' title='bbox 1252 4413 1360 4485; x_wconf 92' lang='lat' dir='ltr'><strong>ipsi</strong></span> <span class='ocrx_word' id='word_1_430' title='bbox 1385 4414 1456 4469; x_wconf 89' lang='lat' dir='ltr'><strong>ad</strong></span> <span class='ocrx_word' id='word_1_431' title='bbox 1484 4414 1750 4485; x_wconf 90' lang='lat' dir='ltr'><strong>reliquias</strong></span> <span class='ocrx_word' id='word_1_432' title='bbox 1776 4415 1972 4470; x_wconf 89' lang='lat' dir='ltr'><strong>domni</strong></span> <span class='ocrx_word' id='word_1_433' title='bbox 1997 4416 2134 4470; x_wconf 89' lang='lat' dir='ltr'><strong>Ger-</strong></span> 
     </span>
    </p>
   </div>
   <div class='ocr_carea' id='block_1_61' title="bbox 2221 1899 3514 1970">
    <p class='ocr_par' dir='ltr' id='par_1_61' title="bbox 2221 1899 3514 1970">
     <span class='ocr_line' id='line_1_61' title="bbox 2221 1899 3514 1970; baseline 0.001 -15"><span class='ocrx_word' id='word_1_434' title='bbox 2221 1900 2405 1955; x_wconf 88' lang='lat' dir='ltr'><strong>Sancti</strong></span> <span class='ocrx_word' id='word_1_435' title='bbox 2431 1899 2840 1970; x_wconf 90' lang='lat' dir='ltr'><strong>subscriptione</strong></span> <span class='ocrx_word' id='word_1_436' title='bbox 2870 1899 2973 1952; x_wconf 88' lang='lat' dir='ltr'><strong>sibi</strong></span> <span class='ocrx_word' id='word_1_437' title='bbox 3001 1899 3240 1954; x_wconf 88' lang='lat' dir='ltr'><strong>salutem</strong></span> <span class='ocrx_word' id='word_1_438' title='bbox 3266 1901 3514 1956; x_wconf 83' lang='lat' dir='ltr'><strong>linxisse.</strong></span> 
     </span>
    </p>
   </div>
   <div class='ocr_carea' id='block_1_62' title="bbox 2295 1992 3870 2064">
    <p class='ocr_par' dir='ltr' id='par_1_62' title="bbox 2295 1992 3870 2064">
     <span class='ocr_line' id='line_1_62' title="bbox 2295 1992 3870 2064; baseline 0.001 -17"><span class='ocrx_word' id='word_1_439' title='bbox 2295 1994 2420 2047; x_wconf 80' lang='lat' dir='ltr'><strong>LIX.</strong></span> <span class='ocrx_word' id='word_1_440' title='bbox 2450 1992 2660 2046; x_wconf 91' lang='lat' dir='ltr'><strong>Dehinc</strong></span> <span class='ocrx_word' id='word_1_441' title='bbox 2689 2009 2820 2048; x_wconf 91' lang='lat' dir='ltr'><strong>cum</strong></span> <span class='ocrx_word' id='word_1_442' title='bbox 2856 1992 2927 2047; x_wconf 89' lang='lat' dir='ltr'><strong>ad</strong></span> <span class='ocrx_word' id='word_1_443' title='bbox 2961 1993 3279 2048; x_wconf 89' lang='lat' dir='ltr'><strong>Carnonam</strong></span> <span class='ocrx_word' id='word_1_444' title='bbox 3317 1994 3567 2064; x_wconf 82' lang='lat' dir='ltr'><strong>(Charoy,</strong></span> <span class='ocrx_word' id='word_1_445' title='bbox 3594 1996 3652 2048; x_wconf 92' lang='lat' dir='ltr'><strong>in</strong></span> <span class='ocrx_word' id='word_1_446' title='bbox 3679 1999 3870 2049; x_wconf 87' lang='lat' dir='ltr'><strong>tractu</strong></span> 
     </span>
    </p>
   </div>
   <div class='ocr_carea' id='block_1_63' title="bbox 2223 2086 3868 2158">
    <p class='ocr_par' dir='ltr' id='par_1_63' title="bbox 2223 2086 3868 2158">
     <span class='ocr_line' id='line_1_63' title="bbox 2223 2086 3868 2158; baseline 0.001 -19"><span class='ocrx_word' id='word_1_447' title='bbox 2223 2086 2580 2156; x_wconf 81' lang='lat' dir='ltr'><strong>Wastinensi)</strong></span> <span class='ocrx_word' id='word_1_448' title='bbox 2619 2086 2912 2140; x_wconf 89' lang='lat' dir='ltr'><strong>castellum</strong></span> <span class='ocrx_word' id='word_1_449' title='bbox 2949 2086 3267 2155; x_wconf 83' lang='lat' dir='ltr'><strong>accederet;</strong></span> <span class='ocrx_word' id='word_1_450' title='bbox 3309 2087 3536 2158; x_wconf 88' lang='lat' dir='ltr'><strong>quidam</strong></span> <span class='ocrx_word' id='word_1_451' title='bbox 3580 2104 3636 2142; x_wconf 92' lang='lat' dir='ltr'><strong>se</strong></span> <span class='ocrx_word' id='word_1_452' title='bbox 3674 2088 3722 2142; x_wconf 92' lang='lat' dir='ltr'><strong>ei</strong></span> <span class='ocrx_word' id='word_1_453' title='bbox 3771 2089 3868 2142; x_wconf 87' lang='lat' dir='ltr'><strong>in-</strong></span> 
     </span>
    </p>
   </div>
   <div class='ocr_carea' id='block_1_64' title="bbox 2225 2179 3876 2251">
    <p class='ocr_par' dir='ltr' id='par_1_64' title="bbox 2225 2179 3876 2251">
     <span class='ocr_line' id='line_1_64' title="bbox 2225 2179 3876 2251; baseline 0 -17"><span class='ocrx_word' id='word_1_454' title='bbox 2225 2181 2371 2250; x_wconf 83' lang='lat' dir='ltr'><strong>gerit</strong></span> <span class='ocrx_word' id='word_1_455' title='bbox 2407 2196 2580 2234; x_wconf 87' lang='lat' dir='ltr'><strong>manu</strong></span> <span class='ocrx_word' id='word_1_456' title='bbox 2615 2183 2900 2234; x_wconf 88' lang='lat' dir='ltr'><strong>contracta</strong></span> <span class='ocrx_word' id='word_1_457' title='bbox 2927 2179 3122 2234; x_wconf 88' lang='lat' dir='ltr'><strong>debilis</strong></span> <span class='ocrx_word' id='word_1_458' title='bbox 3149 2196 3252 2250; x_wconf 90' lang='lat' dir='ltr'><strong>pro</strong></span> <span class='ocrx_word' id='word_1_459' title='bbox 3285 2196 3352 2234; x_wconf 92' lang='lat' dir='ltr'><strong>eo</strong></span> <span class='ocrx_word' id='word_1_460' title='bbox 3381 2181 3530 2251; x_wconf 88' lang='lat' dir='ltr'><strong>quod</strong></span> <span class='ocrx_word' id='word_1_461' title='bbox 3563 2181 3652 2236; x_wconf 89' lang='lat' dir='ltr'><strong>die</strong></span> <span class='ocrx_word' id='word_1_462' title='bbox 3681 2181 3876 2235; x_wconf 90' lang='lat' dir='ltr'><strong>Domi-</strong></span> 
     </span>
    </p>
   </div>
   <div class='ocr_carea' id='block_1_65' title="bbox 2223 2272 3875 2344">
    <p class='ocr_par' dir='ltr' id='par_1_65' title="bbox 2223 2272 3875 2344">
     <span class='ocr_line' id='line_1_65' title="bbox 2223 2272 3875 2344; baseline 0.001 -17"><span class='ocrx_word' id='word_1_463' title='bbox 2223 2273 2349 2327; x_wconf 89' lang='lat' dir='ltr'><strong>nico</strong></span> <span class='ocrx_word' id='word_1_464' title='bbox 2389 2273 2603 2344; x_wconf 86' lang='lat' dir='ltr'><strong>aliquid</strong></span> <span class='ocrx_word' id='word_1_465' title='bbox 2652 2277 2917 2344; x_wconf 89' lang='lat' dir='ltr'><strong>operatus</strong></span> <span class='ocrx_word' id='word_1_466' title='bbox 2960 2272 3050 2326; x_wconf 89' lang='lat' dir='ltr'><strong>sit.</strong></span> <span class='ocrx_word' id='word_1_467' title='bbox 3095 2273 3274 2335; x_wconf 90' lang='lat' dir='ltr'><strong>Quem</strong></span> <span class='ocrx_word' id='word_1_468' title='bbox 3318 2273 3589 2344; x_wconf 81' lang='lat' dir='ltr'><strong>praecepit</strong></span> <span class='ocrx_word' id='word_1_469' title='bbox 3635 2274 3694 2328; x_wconf 91' lang='lat' dir='ltr'><strong>in</strong></span> <span class='ocrx_word' id='word_1_470' title='bbox 3733 2274 3875 2328; x_wconf 84' lang='lat' dir='ltr'><strong>villa</strong></span> 
     </span>
    </p>
   </div>
   <div class='ocr_carea' id='block_1_66' title="bbox 2223 2365 3874 2436">
    <p class='ocr_par' dir='ltr' id='par_1_66' title="bbox 2223 2365 3874 2436">
     <span class='ocr_line' id='line_1_66' title="bbox 2223 2365 3874 2436; baseline 0.001 -16"><span class='ocrx_word' id='word_1_471' title='bbox 2223 2365 2447 2420; x_wconf 89' lang='lat' dir='ltr'><strong>Cariaco</strong></span> <span class='ocrx_word' id='word_1_472' title='bbox 2495 2366 2740 2436; x_wconf 78' lang='lat' dir='ltr'><strong>(Chevry)</strong></span> <span class='ocrx_word' id='word_1_473' title='bbox 2785 2371 2910 2436; x_wconf 90' lang='lat' dir='ltr'><strong>post</strong></span> <span class='ocrx_word' id='word_1_474' title='bbox 2958 2381 3016 2420; x_wconf 90' lang='lat' dir='ltr'><strong>se</strong></span> <span class='ocrx_word' id='word_1_475' title='bbox 3070 2365 3341 2420; x_wconf 85' lang='lat' dir='ltr'><strong>festiuum</strong></span> <span class='ocrx_word' id='word_1_476' title='bbox 3391 2382 3705 2421; x_wconf 89' lang='lat' dir='ltr'><strong>occurrere.</strong></span> <span class='ocrx_word' id='word_1_477' title='bbox 3743 2367 3874 2431; x_wconf 92' lang='lat' dir='ltr'><strong>Quo</strong></span> 
     </span>
    </p>
   </div>
   <div class='ocr_carea' id='block_1_67' title="bbox 2226 2458 3873 2530">
    <p class='ocr_par' dir='ltr' id='par_1_67' title="bbox 2226 2458 3873 2530">
     <span class='ocr_line' id='line_1_67' title="bbox 2226 2458 3873 2530; baseline 0.001 -17"><span class='ocrx_word' id='word_1_478' title='bbox 2226 2459 2544 2528; x_wconf 90' lang='lat' dir='ltr'><strong>accedente,</strong></span> <span class='ocrx_word' id='word_1_479' title='bbox 2575 2458 2712 2512; x_wconf 91' lang='lat' dir='ltr'><strong>dum</strong></span> <span class='ocrx_word' id='word_1_480' title='bbox 2751 2458 2957 2528; x_wconf 89' lang='lat' dir='ltr'><strong>digitos</strong></span> <span class='ocrx_word' id='word_1_481' title='bbox 2993 2458 3114 2528; x_wconf 90' lang='lat' dir='ltr'><strong>ejus</strong></span> <span class='ocrx_word' id='word_1_482' title='bbox 3155 2475 3311 2512; x_wconf 88' lang='lat' dir='ltr'><strong>sacro</strong></span> <span class='ocrx_word' id='word_1_483' title='bbox 3338 2465 3686 2530; x_wconf 89' lang='lat' dir='ltr'><strong>perungeret</strong></span> <span class='ocrx_word' id='word_1_484' title='bbox 3719 2461 3873 2527; x_wconf 92' lang='lat' dir='ltr'><strong>oleo,</strong></span> 
     </span>
    </p>
   </div>
   <div class='ocr_carea' id='block_1_68' title="bbox 2226 2551 3876 2622">
    <p class='ocr_par' dir='ltr' id='par_1_68' title="bbox 2226 2551 3876 2622">
     <span class='ocr_line' id='line_1_68' title="bbox 2226 2551 3876 2622; baseline 0.002 -17"><span class='ocrx_word' id='word_1_485' title='bbox 2226 2551 2411 2606; x_wconf 90' lang='lat' dir='ltr'><strong>subito</strong></span> <span class='ocrx_word' id='word_1_486' title='bbox 2439 2551 2581 2606; x_wconf 91' lang='lat' dir='ltr'><strong>sicca</strong></span> <span class='ocrx_word' id='word_1_487' title='bbox 2606 2551 2792 2622; x_wconf 88' lang='lat' dir='ltr'><strong>palma</strong></span> <span class='ocrx_word' id='word_1_488' title='bbox 2822 2551 3106 2606; x_wconf 87' lang='lat' dir='ltr'><strong>revirescit</strong></span> <span class='ocrx_word' id='word_1_489' title='bbox 3141 2568 3208 2606; x_wconf 88' lang='lat' dir='ltr'><strong>ex</strong></span> <span class='ocrx_word' id='word_1_490' title='bbox 3234 2553 3426 2606; x_wconf 89' lang='lat' dir='ltr'><strong>altera.</strong></span> <span class='ocrx_word' id='word_1_491' title='bbox 3456 2552 3694 2607; x_wconf 81' lang='lat' dir='ltr'><strong>Astricta</strong></span> <span class='ocrx_word' id='word_1_492' title='bbox 3723 2555 3876 2608; x_wconf 87' lang='lat' dir='ltr'><strong>cutis</strong></span> 
     </span>
    </p>
   </div>
   <div class='ocr_carea' id='block_1_69' title="bbox 2227 2645 3873 2702">
    <p class='ocr_par' dir='ltr' id='par_1_69' title="bbox 2227 2645 3873 2702">
     <span class='ocr_line' id='line_1_69' title="bbox 2227 2645 3873 2702; baseline 0.001 -3"><span class='ocrx_word' id='word_1_493' title='bbox 2227 2645 2442 2699; x_wconf 86' lang='lat' dir='ltr'><strong>ossibus</strong></span> <span class='ocrx_word' id='word_1_494' title='bbox 2495 2645 2905 2698; x_wconf 87' lang='lat' dir='ltr'><strong>intercurrente</strong></span> <span class='ocrx_word' id='word_1_495' title='bbox 2966 2645 3206 2699; x_wconf 90' lang='lat' dir='ltr'><strong>humore</strong></span> <span class='ocrx_word' id='word_1_496' title='bbox 3263 2645 3532 2699; x_wconf 84' lang='lat' dir='ltr'><strong>relaxavit</strong></span> <span class='ocrx_word' id='word_1_497' title='bbox 3577 2645 3873 2702; x_wconf 84' lang='lat' dir='ltr'><strong>articulos.</strong></span> 
     </span>
    </p>
   </div>
   <div class='ocr_carea' id='block_1_70' title="bbox 2227 2736 3873 2810">
    <p class='ocr_par' dir='ltr' id='par_1_70' title="bbox 2227 2736 3873 2810">
     <span class='ocr_line' id='line_1_70' title="bbox 2227 2736 3873 2810; baseline 0.001 -18"><span class='ocrx_word' id='word_1_498' title='bbox 2227 2739 2511 2792; x_wconf 68' lang='lat' dir='ltr'><strong>Juncturze</strong></span> <span class='ocrx_word' id='word_1_499' title='bbox 2560 2753 2706 2808; x_wconf 85' lang='lat' dir='ltr'><strong>pene</strong></span> <span class='ocrx_word' id='word_1_500' title='bbox 2755 2736 3050 2807; x_wconf 68' lang='lat' dir='ltr'><strong>disjunctze</strong></span> <span class='ocrx_word' id='word_1_501' title='bbox 3102 2738 3474 2793; x_wconf 86' lang='lat' dir='ltr'><strong>retenduntur</strong></span> <span class='ocrx_word' id='word_1_502' title='bbox 3524 2738 3583 2792; x_wconf 91' lang='lat' dir='ltr'><strong>in</strong></span> <span class='ocrx_word' id='word_1_503' title='bbox 3635 2738 3873 2810; x_wconf 86' lang='lat' dir='ltr'><strong>digitos,</strong></span> 
     </span>
    </p>
   </div>
   <div class='ocr_carea' id='block_1_71' title="bbox 2229 2829 3880 2900">
    <p class='ocr_par' dir='ltr' id='par_1_71' title="bbox 2229 2829 3880 2900">
     <span class='ocr_line' id='line_1_71' title="bbox 2229 2829 3880 2900; baseline 0.001 -17"><span class='ocrx_word' id='word_1_504' title='bbox 2229 2830 2455 2885; x_wconf 87' lang='lat' dir='ltr'><strong>ariditas</strong></span> <span class='ocrx_word' id='word_1_505' title='bbox 2481 2830 2748 2884; x_wconf 90' lang='lat' dir='ltr'><strong>diuturna</strong></span> <span class='ocrx_word' id='word_1_506' title='bbox 2786 2829 2996 2884; x_wconf 70' lang='lat' dir='ltr'><strong>suffusa</strong></span> <span class='ocrx_word' id='word_1_507' title='bbox 3033 2830 3339 2885; x_wconf 86' lang='lat' dir='ltr'><strong>reﬂorescit</strong></span> <span class='ocrx_word' id='word_1_508' title='bbox 3379 2831 3436 2885; x_wconf 91' lang='lat' dir='ltr'><strong>in</strong></span> <span class='ocrx_word' id='word_1_509' title='bbox 3464 2847 3624 2900; x_wconf 89' lang='lat' dir='ltr'><strong>vena,</strong></span> <span class='ocrx_word' id='word_1_510' title='bbox 3654 2832 3880 2886; x_wconf 88' lang='lat' dir='ltr'><strong>statim-</strong></span> 
     </span>
    </p>
   </div>
   <div class='ocr_carea' id='block_1_72' title="bbox 2227 2923 3878 2994">
    <p class='ocr_par' dir='ltr' id='par_1_72' title="bbox 2227 2923 3878 2994">
     <span class='ocr_line' id='line_1_72' title="bbox 2227 2923 3878 2994; baseline 0.003 -18"><span class='ocrx_word' id='word_1_511' title='bbox 2227 2939 2338 2994; x_wconf 85' lang='lat' dir='ltr'><strong>que</strong></span> <span class='ocrx_word' id='word_1_512' title='bbox 2361 2923 2592 2977; x_wconf 86' lang='lat' dir='ltr'><strong>vulnere</strong></span> <span class='ocrx_word' id='word_1_513' title='bbox 2621 2923 2810 2978; x_wconf 88' lang='lat' dir='ltr'><strong>clausa</strong></span> <span class='ocrx_word' id='word_1_514' title='bbox 2844 2923 3075 2978; x_wconf 87' lang='lat' dir='ltr'><strong>dextera</strong></span> <span class='ocrx_word' id='word_1_515' title='bbox 3100 2923 3248 2979; x_wconf 87' lang='lat' dir='ltr'><strong>inter</strong></span> <span class='ocrx_word' id='word_1_516' title='bbox 3273 2941 3474 2980; x_wconf 90' lang='lat' dir='ltr'><strong>manus</strong></span> <span class='ocrx_word' id='word_1_517' title='bbox 3505 2925 3706 2980; x_wconf 88' lang='lat' dir='ltr'><strong>medici</strong></span> <span class='ocrx_word' id='word_1_518' title='bbox 3733 2943 3878 2981; x_wconf 86' lang='lat' dir='ltr'><strong>sana</strong></span> 
     </span>
    </p>
   </div>
   <div class='ocr_carea' id='block_1_73' title="bbox 2227 3016 2854 3072">
    <p class='ocr_par' dir='ltr' id='par_1_73' title="bbox 2227 3016 2854 3072">
     <span class='ocr_line' id='line_1_73' title="bbox 2227 3016 2854 3072; baseline 0 -2"><span class='ocrx_word' id='word_1_519' title='bbox 2227 3016 2484 3072; x_wconf 90' lang='lat' dir='ltr'><strong>redditur</strong></span> <span class='ocrx_word' id='word_1_520' title='bbox 2509 3022 2565 3071; x_wconf 92' lang='lat' dir='ltr'><strong>et</strong></span> <span class='ocrx_word' id='word_1_521' title='bbox 2590 3016 2854 3072; x_wconf 86' lang='lat' dir='ltr'><strong>distensa.</strong></span> 
     </span>
    </p>
   </div>
   <div class='ocr_carea' id='block_1_74' title="bbox 2300 3109 3875 3185">
    <p class='ocr_par' dir='ltr' id='par_1_74' title="bbox 2300 3109 3875 3185">
     <span class='ocr_line' id='line_1_74' title="bbox 2300 3109 3875 3185; baseline 0.004 -23"><span class='ocrx_word' id='word_1_522' title='bbox 2300 3109 2400 3164; x_wconf 86' lang='lat' dir='ltr'><strong>LX.</strong></span> <span class='ocrx_word' id='word_1_523' title='bbox 2434 3111 2649 3165; x_wconf 82' lang='lat' dir='ltr'><strong>Accidit</strong></span> <span class='ocrx_word' id='word_1_524' title='bbox 2683 3115 2747 3164; x_wconf 91' lang='lat' dir='ltr'><strong>ut</strong></span> <span class='ocrx_word' id='word_1_525' title='bbox 2771 3113 2994 3164; x_wconf 90' lang='lat' dir='ltr'><strong>sanctus</strong></span> <span class='ocrx_word' id='word_1_526' title='bbox 3021 3109 3106 3164; x_wconf 90' lang='lat' dir='ltr'><strong>vir</strong></span> <span class='ocrx_word' id='word_1_527' title='bbox 3133 3127 3391 3166; x_wconf 86' lang='lat' dir='ltr'><strong>remeans</strong></span> <span class='ocrx_word' id='word_1_528' title='bbox 3418 3112 3486 3166; x_wconf 92' lang='lat' dir='ltr'><strong>de</strong></span> <span class='ocrx_word' id='word_1_529' title='bbox 3518 3113 3875 3185; x_wconf 83' lang='lat' dir='ltr'><strong>Namnetico,</strong></span> 
     </span>
    </p>
   </div>
   <div class='ocr_carea' id='block_1_75' title="bbox 2229 3201 3882 3278">
    <p class='ocr_par' dir='ltr' id='par_1_75' title="bbox 2229 3201 3882 3278">
     <span class='ocr_line' id='line_1_75' title="bbox 2229 3201 3882 3278; baseline 0.004 -22"><span class='ocrx_word' id='word_1_530' title='bbox 2229 3201 2461 3256; x_wconf 90' lang='lat' dir='ltr'><strong>domum</strong></span> <span class='ocrx_word' id='word_1_531' title='bbox 2490 3203 2770 3258; x_wconf 87' lang='lat' dir='ltr'><strong>Nunnichi</strong></span> <span class='ocrx_word' id='word_1_532' title='bbox 2811 3203 3042 3258; x_wconf 88' lang='lat' dir='ltr'><strong>illustris</strong></span> <span class='ocrx_word' id='word_1_533' title='bbox 3074 3201 3184 3275; x_wconf 78' lang='grc' dir='ltr'><strong>[ΑΙ.</strong></span> <span class='ocrx_word' id='word_1_534' title='bbox 3215 3204 3447 3278; x_wconf 86' lang='lat' dir='ltr'><strong>illuster]</strong></span> <span class='ocrx_word' id='word_1_535' title='bbox 3481 3206 3789 3262; x_wconf 88' lang='lat' dir='ltr'><strong>illustraret</strong></span> <span class='ocrx_word' id='word_1_536' title='bbox 3817 3215 3882 3263; x_wconf 89' lang='lat' dir='ltr'><strong>et</strong></span> 
     </span>
    </p>
   </div>
   <div class='ocr_carea' id='block_1_76' title="bbox 2227 3295 3882 3370">
    <p class='ocr_par' dir='ltr' id='par_1_76' title="bbox 2227 3295 3882 3370">
     <span class='ocr_line' id='line_1_76' title="bbox 2227 3295 3882 3370; baseline 0.004 -23"><span class='ocrx_word' id='word_1_537' title='bbox 2227 3295 2480 3367; x_wconf 86' lang='lat' dir='ltr'><strong>vestigia.</strong></span> <span class='ocrx_word' id='word_1_538' title='bbox 2537 3297 2612 3351; x_wconf 88' lang='lat' dir='ltr'><strong>De</strong></span> <span class='ocrx_word' id='word_1_539' title='bbox 2663 3296 2822 3366; x_wconf 86' lang='lat' dir='ltr'><strong>cujus</strong></span> <span class='ocrx_word' id='word_1_540' title='bbox 2874 3301 3024 3351; x_wconf 83' lang='lat' dir='ltr'><strong>veste</strong></span> <span class='ocrx_word' id='word_1_541' title='bbox 3076 3301 3362 3365; x_wconf 89' lang='lat' dir='ltr'><strong>matrona,</strong></span> <span class='ocrx_word' id='word_1_542' title='bbox 3417 3303 3577 3370; x_wconf 89' lang='lat' dir='ltr'><strong>rapto</strong></span> <span class='ocrx_word' id='word_1_543' title='bbox 3631 3299 3882 3356; x_wconf 83' lang='lat' dir='ltr'><strong>ﬁdeliter</strong></span> 
     </span>
    </p>
   </div>
   <div class='ocr_carea' id='block_1_77' title="bbox 2229 3388 3880 3460">
    <p class='ocr_par' dir='ltr' id='par_1_77' title="bbox 2229 3388 3880 3460">
     <span class='ocr_line' id='line_1_77' title="bbox 2229 3388 3880 3460; baseline 0.004 -18"><span class='ocrx_word' id='word_1_544' title='bbox 2229 3388 2342 3458; x_wconf 86' lang='lat' dir='ltr'><strong>ﬁlo,</strong></span> <span class='ocrx_word' id='word_1_545' title='bbox 2374 3389 2626 3443; x_wconf 89' lang='lat' dir='ltr'><strong>recondit</strong></span> <span class='ocrx_word' id='word_1_546' title='bbox 2667 3388 2724 3442; x_wconf 92' lang='lat' dir='ltr'><strong>in</strong></span> <span class='ocrx_word' id='word_1_547' title='bbox 2762 3389 3034 3458; x_wconf 86' lang='lat' dir='ltr'><strong>oratorio;</strong></span> <span class='ocrx_word' id='word_1_548' title='bbox 3074 3405 3202 3460; x_wconf 62' lang='lat' dir='ltr'><strong>quia</strong></span> <span class='ocrx_word' id='word_1_549' title='bbox 3231 3390 3610 3446; x_wconf 89' lang='lat' dir='ltr'><strong>valetudinem</strong></span> <span class='ocrx_word' id='word_1_550' title='bbox 3648 3391 3880 3448; x_wconf 86' lang='lat' dir='ltr'><strong>irruens</strong></span> 
     </span>
    </p>
   </div>
   <div class='ocr_carea' id='block_1_78' title="bbox 2237 3479 3883 3554">
    <p class='ocr_par' dir='ltr' id='par_1_78' title="bbox 2237 3479 3883 3554">
     <span class='ocr_line' id='line_1_78' title="bbox 2237 3479 3883 3554; baseline 0.004 -19"><span class='ocrx_word' id='word_1_551' title='bbox 2237 3479 2606 3554; x_wconf 87' lang='lat' dir='ltr'><strong>[incurrens],</strong></span> <span class='ocrx_word' id='word_1_552' title='bbox 2657 3481 2863 3553; x_wconf 87' lang='lat' dir='ltr'><strong>vigiliis</strong></span> <span class='ocrx_word' id='word_1_553' title='bbox 2925 3482 2982 3536; x_wconf 90' lang='lat' dir='ltr'><strong>in</strong></span> <span class='ocrx_word' id='word_1_554' title='bbox 3041 3482 3257 3538; x_wconf 90' lang='lat' dir='ltr'><strong>honore</strong></span> <span class='ocrx_word' id='word_1_555' title='bbox 3315 3484 3493 3539; x_wconf 88' lang='lat' dir='ltr'><strong>sancti</strong></span> <span class='ocrx_word' id='word_1_556' title='bbox 3543 3485 3883 3541; x_wconf 91' lang='lat' dir='ltr'><strong>solemniter</strong></span> 
     </span>
    </p>
   </div>
   <div class='ocr_carea' id='block_1_79' title="bbox 2231 3575 3881 3648">
    <p class='ocr_par' dir='ltr' id='par_1_79' title="bbox 2231 3575 3881 3648">
     <span class='ocr_line' id='line_1_79' title="bbox 2231 3575 3881 3648; baseline 0.003 -20"><span class='ocrx_word' id='word_1_557' title='bbox 2231 3575 2522 3630; x_wconf 90' lang='lat' dir='ltr'><strong>celebratis</strong></span> <span class='ocrx_word' id='word_1_558' title='bbox 2557 3591 2622 3629; x_wconf 89' lang='lat' dir='ltr'><strong>ac</strong></span> <span class='ocrx_word' id='word_1_559' title='bbox 2655 3575 2825 3630; x_wconf 92' lang='lat' dir='ltr'><strong>missa</strong></span> <span class='ocrx_word' id='word_1_560' title='bbox 2863 3579 3116 3631; x_wconf 85' lang='lat' dir='ltr'><strong>revocata</strong></span> <span class='ocrx_word' id='word_1_561' title='bbox 3158 3577 3228 3648; x_wconf 88' lang='lat' dir='ltr'><strong>(b)</strong></span> <span class='ocrx_word' id='word_1_562' title='bbox 3266 3577 3334 3632; x_wconf 91' lang='lat' dir='ltr'><strong>de</strong></span> <span class='ocrx_word' id='word_1_563' title='bbox 3373 3578 3640 3648; x_wconf 78' lang='lat' dir='ltr'><strong>praesenti</strong></span> <span class='ocrx_word' id='word_1_564' title='bbox 3677 3583 3881 3634; x_wconf 79' lang='lat' dir='ltr'><strong>curata</strong></span> 
     </span>
    </p>
   </div>
   <div class='ocr_carea' id='block_1_80' title="bbox 2232 3668 3879 3744">
    <p class='ocr_par' dir='ltr' id='par_1_80' title="bbox 2232 3668 3879 3744">
     <span class='ocr_line' id='line_1_80' title="bbox 2232 3668 3879 3744; baseline 0.004 -22"><span class='ocrx_word' id='word_1_565' title='bbox 2232 3672 2335 3723; x_wconf 89' lang='lat' dir='ltr'><strong>est.</strong></span> <span class='ocrx_word' id='word_1_566' title='bbox 2369 3669 2445 3723; x_wconf 90' lang='lat' dir='ltr'><strong>lta</strong></span> <span class='ocrx_word' id='word_1_567' title='bbox 2483 3668 2840 3723; x_wconf 88' lang='lat' dir='ltr'><strong>Beatissimus</strong></span> <span class='ocrx_word' id='word_1_568' title='bbox 2876 3686 2993 3724; x_wconf 89' lang='lat' dir='ltr'><strong>non</strong></span> <span class='ocrx_word' id='word_1_569' title='bbox 3033 3669 3216 3725; x_wconf 90' lang='lat' dir='ltr'><strong>solum</strong></span> <span class='ocrx_word' id='word_1_570' title='bbox 3254 3687 3430 3726; x_wconf 90' lang='lat' dir='ltr'><strong>manu</strong></span> <span class='ocrx_word' id='word_1_571' title='bbox 3471 3672 3685 3728; x_wconf 89' lang='lat' dir='ltr'><strong>sanavit</strong></span> <span class='ocrx_word' id='word_1_572' title='bbox 3719 3673 3879 3744; x_wconf 85' lang='lat' dir='ltr'><strong>quod</strong></span> 
     </span>
    </p>
   </div>
   <div class='ocr_carea' id='block_1_81' title="bbox 2231 3761 3356 3835">
    <p class='ocr_par' dir='ltr' id='par_1_81' title="bbox 2231 3761 3356 3835">
     <span class='ocr_line' id='line_1_81' title="bbox 2231 3761 3356 3835; baseline 0.004 -20"><span class='ocrx_word' id='word_1_573' title='bbox 2231 3761 2438 3831; x_wconf 87' lang='lat' dir='ltr'><strong>tetigit,</strong></span> <span class='ocrx_word' id='word_1_574' title='bbox 2467 3761 2565 3816; x_wconf 87' lang='lat' dir='ltr'><strong>sed</strong></span> <span class='ocrx_word' id='word_1_575' title='bbox 2591 3762 2915 3818; x_wconf 90' lang='lat' dir='ltr'><strong>nominatus</strong></span> <span class='ocrx_word' id='word_1_576' title='bbox 2942 3780 3104 3818; x_wconf 82' lang='lat' dir='ltr'><strong>curas</strong></span> <span class='ocrx_word' id='word_1_577' title='bbox 3134 3764 3356 3835; x_wconf 87' lang='lat' dir='ltr'><strong>sparsit.</strong></span> 
     </span>
    </p>
   </div>
   <div class='ocr_carea' id='block_1_82' title="bbox 2303 3854 3874 3932">
    <p class='ocr_par' dir='ltr' id='par_1_82' title="bbox 2303 3854 3874 3932">
     <span class='ocr_line' id='line_1_82' title="bbox 2303 3854 3874 3932; baseline 0.004 -24"><span class='ocrx_word' id='word_1_578' title='bbox 2303 3855 2429 3909; x_wconf 85' lang='lat' dir='ltr'><strong>LXI.</strong></span> <span class='ocrx_word' id='word_1_579' title='bbox 2459 3854 2628 3909; x_wconf 88' lang='lat' dir='ltr'><strong>Attila</strong></span> <span class='ocrx_word' id='word_1_580' title='bbox 2655 3855 2740 3909; x_wconf 91' lang='lat' dir='ltr'><strong>vir</strong></span> <span class='ocrx_word' id='word_1_581' title='bbox 2764 3856 2981 3911; x_wconf 91' lang='lat' dir='ltr'><strong>illuster</strong></span> <span class='ocrx_word' id='word_1_582' title='bbox 3009 3873 3071 3911; x_wconf 88' lang='lat' dir='ltr'><strong>ac</strong></span> <span class='ocrx_word' id='word_1_583' title='bbox 3101 3858 3305 3929; x_wconf 88' lang='lat' dir='ltr'><strong>regalis</strong></span> <span class='ocrx_word' id='word_1_584' title='bbox 3335 3859 3477 3913; x_wconf 80' lang='lat' dir='ltr'><strong>aulae</strong></span> <span class='ocrx_word' id='word_1_585' title='bbox 3509 3859 3874 3932; x_wconf 84' lang='lat' dir='ltr'><strong>domesticus,</strong></span> 
     </span>
    </p>
   </div>
   <div class='ocr_carea' id='block_1_83' title="bbox 2233 3948 3877 4024">
    <p class='ocr_par' dir='ltr' id='par_1_83' title="bbox 2233 3948 3877 4024">
     <span class='ocr_line' id='line_1_83' title="bbox 2233 3948 3877 4024; baseline 0.003 -22"><span class='ocrx_word' id='word_1_586' title='bbox 2233 3964 2500 4003; x_wconf 89' lang='lat' dir='ltr'><strong>corruens</strong></span> <span class='ocrx_word' id='word_1_587' title='bbox 2537 3948 2596 4002; x_wconf 92' lang='lat' dir='ltr'><strong>in</strong></span> <span class='ocrx_word' id='word_1_588' title='bbox 2632 3948 2856 4019; x_wconf 84' lang='lat' dir='ltr'><strong>balneo,</strong></span> <span class='ocrx_word' id='word_1_589' title='bbox 2887 3948 3020 4003; x_wconf 59' lang='lat' dir='ltr'><strong>lasso</strong></span> <span class='ocrx_word' id='word_1_590' title='bbox 3061 3950 3306 4022; x_wconf 86' lang='lat' dir='ltr'><strong>graviter</strong></span> <span class='ocrx_word' id='word_1_591' title='bbox 3344 3951 3602 4022; x_wconf 89' lang='lat' dir='ltr'><strong>brachio,</strong></span> <span class='ocrx_word' id='word_1_592' title='bbox 3633 3969 3877 4024; x_wconf 86' lang='lat' dir='ltr'><strong>compu-</strong></span> 
     </span>
    </p>
   </div>
   <div class='ocr_carea' id='block_1_84' title="bbox 2232 4041 3882 4113">
    <p class='ocr_par' dir='ltr' id='par_1_84' title="bbox 2232 4041 3882 4113">
     <span class='ocr_line' id='line_1_84' title="bbox 2232 4041 3882 4113; baseline 0.004 -17"><span class='ocrx_word' id='word_1_593' title='bbox 2232 4046 2448 4096; x_wconf 88' lang='lat' dir='ltr'><strong>truerat</strong></span> <span class='ocrx_word' id='word_1_594' title='bbox 2491 4041 2612 4113; x_wconf 89' lang='lat' dir='ltr'><strong>ipsa</strong></span> <span class='ocrx_word' id='word_1_595' title='bbox 2655 4046 2771 4096; x_wconf 80' lang='lat' dir='ltr'><strong>tata</strong></span> <span class='ocrx_word' id='word_1_596' title='bbox 2817 4059 3020 4097; x_wconf 89' lang='lat' dir='ltr'><strong>manus</strong></span> <span class='ocrx_word' id='word_1_597' title='bbox 3068 4043 3137 4098; x_wconf 88' lang='lat' dir='ltr'><strong>ab</strong></span> <span class='ocrx_word' id='word_1_598' title='bbox 3190 4044 3450 4100; x_wconf 87' lang='lat' dir='ltr'><strong>humero.</strong></span> <span class='ocrx_word' id='word_1_599' title='bbox 3499 4045 3605 4110; x_wconf 90' lang='lat' dir='ltr'><strong>Qui</strong></span> <span class='ocrx_word' id='word_1_600' title='bbox 3654 4047 3882 4103; x_wconf 89' lang='lat' dir='ltr'><strong>medico</strong></span> 
     </span>
    </p>
   </div>
   <div class='ocr_carea' id='block_1_85' title="bbox 2233 4135 3885 4210">
    <p class='ocr_par' dir='ltr' id='par_1_85' title="bbox 2233 4135 3885 4210">
     <span class='ocr_line' id='line_1_85' title="bbox 2233 4135 3885 4210; baseline 0.005 -22"><span class='ocrx_word' id='word_1_601' title='bbox 2233 4135 2484 4190; x_wconf 88' lang='lat' dir='ltr'><strong>adhibito</strong></span> <span class='ocrx_word' id='word_1_602' title='bbox 2523 4135 2662 4189; x_wconf 89' lang='lat' dir='ltr'><strong>dum</strong></span> <span class='ocrx_word' id='word_1_603' title='bbox 2701 4151 2896 4190; x_wconf 89' lang='lat' dir='ltr'><strong>curam</strong></span> <span class='ocrx_word' id='word_1_604' title='bbox 2943 4136 3088 4191; x_wconf 87' lang='lat' dir='ltr'><strong>velet</strong></span> <span class='ocrx_word' id='word_1_605' title='bbox 3136 4137 3488 4209; x_wconf 89' lang='lat' dir='ltr'><strong>impendere,</strong></span> <span class='ocrx_word' id='word_1_606' title='bbox 3525 4145 3691 4210; x_wconf 89' lang='lat' dir='ltr'><strong>rupta</strong></span> <span class='ocrx_word' id='word_1_607' title='bbox 3733 4157 3885 4196; x_wconf 86' lang='lat' dir='ltr'><strong>vena</strong></span> 
     </span>
    </p>
   </div>
   <div class='ocr_carea' id='block_1_86' title="bbox 2233 4229 3883 4306">
    <p class='ocr_par' dir='ltr' id='par_1_86' title="bbox 2233 4229 3883 4306">
     <span class='ocr_line' id='line_1_86' title="bbox 2233 4229 3883 4306; baseline 0.004 -23"><span class='ocrx_word' id='word_1_608' title='bbox 2233 4229 2511 4284; x_wconf 87' lang='lat' dir='ltr'><strong>viscerum</strong></span> <span class='ocrx_word' id='word_1_609' title='bbox 2561 4245 2708 4301; x_wconf 91' lang='lat' dir='ltr'><strong>pene</strong></span> <span class='ocrx_word' id='word_1_610' title='bbox 2762 4229 2946 4283; x_wconf 90' lang='lat' dir='ltr'><strong>omnis</strong></span> <span class='ocrx_word' id='word_1_611' title='bbox 2999 4230 3056 4284; x_wconf 89' lang='lat' dir='ltr'><strong>in</strong></span> <span class='ocrx_word' id='word_1_612' title='bbox 3101 4235 3392 4286; x_wconf 87' lang='lat' dir='ltr'><strong>momento</strong></span> <span class='ocrx_word' id='word_1_613' title='bbox 3457 4231 3584 4286; x_wconf 71' lang='lat' dir='ltr'><strong>vita:</strong></span> <span class='ocrx_word' id='word_1_614' title='bbox 3643 4235 3883 4306; x_wconf 89' lang='lat' dir='ltr'><strong>sanguis</strong></span> 
     </span>
    </p>
   </div>
   <div class='ocr_carea' id='block_1_87' title="bbox 2237 4322 3882 4383">
    <p class='ocr_par' dir='ltr' id='par_1_87' title="bbox 2237 4322 3882 4383">
     <span class='ocr_line' id='line_1_87' title="bbox 2237 4322 3882 4383; baseline 0.004 -6"><span class='ocrx_word' id='word_1_615' title='bbox 2237 4322 2442 4377; x_wconf 81' lang='lat' dir='ltr'><strong>effusus</strong></span> <span class='ocrx_word' id='word_1_616' title='bbox 2485 4326 2586 4377; x_wconf 88' lang='lat' dir='ltr'><strong>est.</strong></span> <span class='ocrx_word' id='word_1_617' title='bbox 2644 4323 2942 4378; x_wconf 84' lang='lat' dir='ltr'><strong>Nuntiatur</strong></span> <span class='ocrx_word' id='word_1_618' title='bbox 2991 4324 3245 4378; x_wconf 81' lang='lat' dir='ltr'><strong>Pontiﬁci</strong></span> <span class='ocrx_word' id='word_1_619' title='bbox 3299 4325 3591 4380; x_wconf 89' lang='lat' dir='ltr'><strong>hominem</strong></span> <span class='ocrx_word' id='word_1_620' title='bbox 3643 4343 3762 4382; x_wconf 90' lang='lat' dir='ltr'><strong>esse</strong></span> <span class='ocrx_word' id='word_1_621' title='bbox 3819 4329 3882 4383; x_wconf 90' lang='lat' dir='ltr'><strong>in</strong></span> 
     </span>
    </p>
   </div>
   <div class='ocr_carea' id='block_1_88' title="bbox 2234 4416 3879 4488">
    <p class='ocr_par' dir='ltr' id='par_1_88' title="bbox 2234 4416 3879 4488">
     <span class='ocr_line' id='line_1_88' title="bbox 2234 4416 3879 4488; baseline 0.003 -18"><span class='ocrx_word' id='word_1_622' title='bbox 2234 4417 2455 4470; x_wconf 86' lang='lat' dir='ltr'><strong>funere.</strong></span> <span class='ocrx_word' id='word_1_623' title='bbox 2484 4416 2713 4470; x_wconf 88' lang='lat' dir='ltr'><strong>Pietatis</strong></span> <span class='ocrx_word' id='word_1_624' title='bbox 2758 4416 3024 4488; x_wconf 87' lang='lat' dir='ltr'><strong>impulsu,</strong></span> <span class='ocrx_word' id='word_1_625' title='bbox 3058 4418 3302 4472; x_wconf 91' lang='lat' dir='ltr'><strong>occurrit</strong></span> <span class='ocrx_word' id='word_1_626' title='bbox 3338 4419 3545 4474; x_wconf 89' lang='lat' dir='ltr'><strong>senior.</strong></span> <span class='ocrx_word' id='word_1_627' title='bbox 3577 4420 3755 4484; x_wconf 91' lang='lat' dir='ltr'><strong>Quem</strong></span> <span class='ocrx_word' id='word_1_628' title='bbox 3792 4421 3879 4476; x_wconf 89' lang='lat' dir='ltr'><strong>la-</strong></span> 
     </span>
    </p>
   </div>
   <div class='ocr_carea' id='block_1_89' title="bbox 497 4506 3885 4605">
    <p class='ocr_par' dir='ltr' id='par_1_89' title="bbox 497 4506 3885 4605">
     <span class='ocr_line' id='line_1_89' title="bbox 497 4506 3885 4605; baseline 0.001 -39"><span class='ocrx_word' id='word_1_629' title='bbox 497 4510 652 4566; x_wconf 86' lang='lat' dir='ltr'><strong>mani</strong></span> <span class='ocrx_word' id='word_1_630' title='bbox 677 4513 1058 4566; x_wconf 89' lang='lat' dir='ltr'><strong>occurrerent.</strong></span> <span class='ocrx_word' id='word_1_631' title='bbox 1086 4508 1222 4570; x_wconf 81' lang='lat' dir='ltr'><strong>Quae</strong></span> <span class='ocrx_word' id='word_1_632' title='bbox 1249 4506 1504 4578; x_wconf 81' lang='lat' dir='ltr'><strong>despexit</strong></span> <span class='ocrx_word' id='word_1_633' title='bbox 1527 4523 1631 4578; x_wconf 93' lang='lat' dir='ltr'><strong>pro</strong></span> <span class='ocrx_word' id='word_1_634' title='bbox 1657 4524 1723 4562; x_wconf 91' lang='lat' dir='ltr'><strong>eo</strong></span> <span class='ocrx_word' id='word_1_635' title='bbox 1751 4509 1904 4580; x_wconf 92' lang='lat' dir='ltr'><strong>quod</strong></span> <span class='ocrx_word' id='word_1_636' title='bbox 1929 4509 1981 4564; x_wconf 93' lang='lat' dir='ltr'><strong>ei</strong></span> <span class='ocrx_word' id='word_1_637' title='bbox 2006 4527 2135 4564; x_wconf 88' lang='lat' dir='ltr'><strong>san-</strong></span> <span class='ocrx_word' id='word_1_638' title='bbox 2158 4533 2216 4605; x_wconf 85' lang='lat' dir='ltr'><strong>D</strong></span> <span class='ocrx_word' id='word_1_639' title='bbox 2240 4509 2446 4581; x_wconf 78' lang='lat' dir='ltr'><strong>crymis</strong></span> <span class='ocrx_word' id='word_1_640' title='bbox 2491 4509 2946 4564; x_wconf 86' lang='lat' dir='ltr'><strong>conclamantum</strong></span> <span class='ocrx_word' id='word_1_641' title='bbox 2987 4511 3106 4566; x_wconf 89' lang='lat' dir='ltr'><strong>sine</strong></span> <span class='ocrx_word' id='word_1_642' title='bbox 3150 4511 3264 4566; x_wconf 89' lang='lat' dir='ltr'><strong>ulla</strong></span> <span class='ocrx_word' id='word_1_643' title='bbox 3309 4529 3407 4584; x_wconf 90' lang='lat' dir='ltr'><strong>spe</strong></span> <span class='ocrx_word' id='word_1_644' title='bbox 3459 4513 3634 4568; x_wconf 90' lang='lat' dir='ltr'><strong>oculis</strong></span> <span class='ocrx_word' id='word_1_645' title='bbox 3681 4515 3885 4570; x_wconf 89' lang='lat' dir='ltr'><strong>clausis</strong></span> 
     </span>
    </p>
   </div>
   <div class='ocr_carea' id='block_1_90' title="bbox 497 4601 2140 4673">
    <p class='ocr_par' dir='ltr' id='par_1_90' title="bbox 497 4601 2140 4673">
     <span class='ocr_line' id='line_1_90' title="bbox 497 4601 2140 4673; baseline -0.002 -12"><span class='ocrx_word' id='word_1_646' title='bbox 497 4609 620 4661; x_wconf 89' lang='lat' dir='ltr'><strong>ctus</strong></span> <span class='ocrx_word' id='word_1_647' title='bbox 657 4604 742 4659; x_wconf 89' lang='lat' dir='ltr'><strong>vir</strong></span> <span class='ocrx_word' id='word_1_648' title='bbox 778 4601 1228 4673; x_wconf 87' lang='lat' dir='ltr'><strong>redemptionem</strong></span> <span class='ocrx_word' id='word_1_649' title='bbox 1267 4617 1382 4654; x_wconf 91' lang='lat' dir='ltr'><strong>non</strong></span> <span class='ocrx_word' id='word_1_650' title='bbox 1421 4601 1671 4656; x_wconf 90' lang='lat' dir='ltr'><strong>dederat.</strong></span> <span class='ocrx_word' id='word_1_651' title='bbox 1708 4602 1814 4657; x_wconf 92' lang='lat' dir='ltr'><strong>Sed</strong></span> <span class='ocrx_word' id='word_1_652' title='bbox 1854 4603 2042 4658; x_wconf 87' lang='lat' dir='ltr'><strong>statim</strong></span> <span class='ocrx_word' id='word_1_653' title='bbox 2079 4604 2140 4658; x_wconf 90' lang='lat' dir='ltr'><strong>in</strong></span> 
     </span>
    </p>
   </div>
   <div class='ocr_carea' id='block_1_91' title="bbox 495 4693 2141 4771">
    <p class='ocr_par' dir='ltr' id='par_1_91' title="bbox 495 4693 2141 4771">
     <span class='ocr_line' id='line_1_91' title="bbox 495 4693 2141 4771; baseline -0.002 -15"><span class='ocrx_word' id='word_1_654' title='bbox 495 4700 620 4757; x_wconf 91' lang='lat' dir='ltr'><strong>loco</strong></span> <span class='ocrx_word' id='word_1_655' title='bbox 645 4714 759 4771; x_wconf 91' lang='lat' dir='ltr'><strong>quo</strong></span> <span class='ocrx_word' id='word_1_656' title='bbox 785 4696 937 4752; x_wconf 88' lang='lat' dir='ltr'><strong>stetit</strong></span> <span class='ocrx_word' id='word_1_657' title='bbox 962 4693 1116 4749; x_wconf 90' lang='lat' dir='ltr'><strong>velut</strong></span> <span class='ocrx_word' id='word_1_658' title='bbox 1140 4693 1253 4749; x_wconf 79' lang='lat' dir='ltr'><strong>fixa</strong></span> <span class='ocrx_word' id='word_1_659' title='bbox 1277 4693 1468 4766; x_wconf 89' lang='lat' dir='ltr'><strong>stipite</strong></span> <span class='ocrx_word' id='word_1_660' title='bbox 1489 4711 1746 4766; x_wconf 86' lang='lat' dir='ltr'><strong>gressum</strong></span> <span class='ocrx_word' id='word_1_661' title='bbox 1771 4713 1998 4752; x_wconf 90' lang='lat' dir='ltr'><strong>movere</strong></span> <span class='ocrx_word' id='word_1_662' title='bbox 2026 4714 2141 4752; x_wconf 90' lang='lat' dir='ltr'><strong>non</strong></span> 
     </span>
    </p>
   </div>
   <div class='ocr_carea' id='block_1_92' title="bbox 572 4819 2139 4902">
    <p class='ocr_par' dir='ltr' id='par_1_92' title="bbox 572 4819 2139 4902">
     <span class='ocr_line' id='line_1_92' title="bbox 572 4819 2139 4902; baseline -0.002 -22"><span class='ocrx_word' id='word_1_663' title='bbox 572 4819 1206 4902; x_wconf 76' lang='lat' dir='ltr'><strong>(a)_V_icus_9ximens_is</strong></span> <span class='ocrx_word' id='word_1_664' title='bbox 1235 4820 1531 4902; x_wconf 70' lang='lat' dir='ltr'><strong>(Hyesme),</strong></span> <span class='ocrx_word' id='word_1_665' title='bbox 1580 4819 1639 4875; x_wconf 92' lang='lat' dir='ltr'><strong>in</strong></span> <span class='ocrx_word' id='word_1_666' title='bbox 1672 4821 2034 4902; x_wconf 72' lang='lat' dir='ltr'><strong>Normannia,</strong></span> <span class='ocrx_word' id='word_1_667' title='bbox 2073 4838 2139 4902; x_wconf 83' lang='lat' dir='ltr'><strong>ex</strong></span> 
     </span>
    </p>
   </div>
   <div class='ocr_carea' id='block_1_93' title="bbox 499 4893 2141 4966">
    <p class='ocr_par' dir='ltr' id='par_1_93' title="bbox 499 4893 2141 4966">
     <span class='ocr_line' id='line_1_93' title="bbox 499 4893 2141 4966; baseline -0.002 -16"><span class='ocrx_word' id='word_1_668' title='bbox 499 4893 676 4955; x_wconf 82' lang='lat' dir='ltr'><strong>sancti</strong></span> <span class='ocrx_word' id='word_1_669' title='bbox 715 4893 924 4947; x_wconf 87' lang='lat' dir='ltr'><strong>Ebrulﬁ</strong></span> <span class='ocrx_word' id='word_1_670' title='bbox 958 4893 1296 4949; x_wconf 89' lang='lat' dir='ltr'><strong>monasterio</strong></span> <span class='ocrx_word' id='word_1_671' title='bbox 1332 4909 1541 4948; x_wconf 88' lang='lat' dir='ltr'><strong>nomen</strong></span> <span class='ocrx_word' id='word_1_672' title='bbox 1580 4894 1814 4966; x_wconf 89' lang='lat' dir='ltr'><strong>accepit,</strong></span> <span class='ocrx_word' id='word_1_673' title='bbox 1843 4895 2141 4949; x_wconf 89' lang='lat' dir='ltr'><strong>vernacule</strong></span> 
     </span>
    </p>
   </div>
   <div class='ocr_carea' id='block_1_94' title="bbox 496 4966 920 5027">
    <p class='ocr_par' dir='ltr' id='par_1_94' title="bbox 496 4966 920 5027">
     <span class='ocr_line' id='line_1_94' title="bbox 496 4966 920 5027; baseline -0.019 -1"><span class='ocrx_word' id='word_1_674' title='bbox 496 4966 920 5027; x_wconf 77' lang='lat' dir='ltr'><strong>Saint-Euroul.</strong></span> 
     </span>
    </p>
   </div>
   <div class='ocr_carea' id='block_1_95' title="bbox 575 5034 2142 5108">
    <p class='ocr_par' dir='ltr' id='par_1_95' title="bbox 575 5034 2142 5108">
     <span class='ocr_line' id='line_1_95' title="bbox 575 5034 2142 5108; baseline -0.001 -17"><span class='ocrx_word' id='word_1_675' title='bbox 575 5038 642 5108; x_wconf 83' lang='lat' dir='ltr'><strong>(b)</strong></span> <span class='ocrx_word' id='word_1_676' title='bbox 671 5035 895 5108; x_wconf 75' lang='lat' dir='ltr'><strong>Phrasis</strong></span> <span class='ocrx_word' id='word_1_677' title='bbox 915 5034 1182 5108; x_wconf 81' lang='lat' dir='ltr'><strong>inusitata</strong></span> <span class='ocrx_word' id='word_1_678' title='bbox 1211 5039 1268 5090; x_wconf 88' lang='lat' dir='ltr'><strong>et</strong></span> <span class='ocrx_word' id='word_1_679' title='bbox 1303 5034 1606 5108; x_wconf 84' lang='lat' dir='ltr'><strong>Fortunato</strong></span> <span class='ocrx_word' id='word_1_680' title='bbox 1632 5036 1948 5108; x_wconf 85' lang='lat' dir='ltr'><strong>peculiaris,</strong></span> <span class='ocrx_word' id='word_1_681' title='bbox 1979 5036 2050 5090; x_wconf 88' lang='lat' dir='ltr'><strong>ab</strong></span> <span class='ocrx_word' id='word_1_682' title='bbox 2077 5053 2142 5090; x_wconf 92' lang='lat' dir='ltr'><strong>eo</strong></span> 
     </span>
    </p>
   </div>
   <div class='ocr_carea' id='block_1_96' title="bbox 500 5105 2139 5178">
    <p class='ocr_par' dir='ltr' id='par_1_96' title="bbox 500 5105 2139 5178">
     <span class='ocr_line' id='line_1_96' title="bbox 500 5105 2139 5178; baseline -0.002 -12"><span class='ocrx_word' id='word_1_683' title='bbox 500 5105 710 5166; x_wconf 81' lang='lat' dir='ltr'><strong>iterum</strong></span> <span class='ocrx_word' id='word_1_684' title='bbox 745 5106 804 5160; x_wconf 92' lang='lat' dir='ltr'><strong>in</strong></span> <span class='ocrx_word' id='word_1_685' title='bbox 839 5106 939 5161; x_wconf 91' lang='lat' dir='ltr'><strong>lib.</strong></span> <span class='ocrx_word' id='word_1_686' title='bbox 969 5123 986 5160; x_wconf 85' lang='lat'>1</span> <span class='ocrx_word' id='word_1_687' title='bbox 1013 5105 1163 5178; x_wconf 53' lang='lat' dir='ltr'><strong>Vita;</strong></span> <span class='ocrx_word' id='word_1_688' title='bbox 1186 5110 1392 5178; x_wconf 80' lang='lat' dir='ltr'><strong>sanctae</strong></span> <span class='ocrx_word' id='word_1_689' title='bbox 1431 5105 1823 5178; x_wconf 68' lang='lat' dir='ltr'><strong>Badegundis,</strong></span> <span class='ocrx_word' id='word_1_690' title='bbox 1852 5123 2016 5161; x_wconf 89' lang='lat' dir='ltr'><strong>num.</strong></span> <span class='ocrx_word' id='word_1_691' title='bbox 2055 5109 2139 5176; x_wconf 73' lang='grc'><strong>14,</strong></span> 
     </span>
    </p>
   </div>
   <div class='ocr_carea' id='block_1_97' title="bbox 501 5176 2145 5250">
    <p class='ocr_par' dir='ltr' id='par_1_97' title="bbox 501 5176 2145 5250">
     <span class='ocr_line' id='line_1_97' title="bbox 501 5176 2145 5250; baseline -0.002 -15"><span class='ocrx_word' id='word_1_692' title='bbox 501 5180 794 5250; x_wconf 72' lang='lat' dir='ltr'><strong>usurpata,</strong></span> <span class='ocrx_word' id='word_1_693' title='bbox 839 5178 937 5232; x_wconf 91' lang='lat' dir='ltr'><strong>sed</strong></span> <span class='ocrx_word' id='word_1_694' title='bbox 978 5176 1283 5250; x_wconf 78' lang='lat' dir='ltr'><strong>utrobique</strong></span> <span class='ocrx_word' id='word_1_695' title='bbox 1304 5176 1384 5250; x_wconf 71' lang='lat' dir='ltr'><strong>_in</strong></span> <span class='ocrx_word' id='word_1_696' title='bbox 1410 5176 1612 5250; x_wconf 62' lang='lat' dir='ltr'><strong>libris</strong></span> <span class='ocrx_word' id='word_1_697' title='bbox 1636 5179 1801 5233; x_wconf 90' lang='lat' dir='ltr'><strong>editis</strong></span> <span class='ocrx_word' id='word_1_698' title='bbox 1845 5179 2145 5250; x_wconf 81' lang='lat' dir='ltr'><strong>depravata</strong></span> 
     </span>
    </p>
   </div>
   <div class='ocr_carea' id='block_1_98' title="bbox 497 5244 2140 5309">
    <p class='ocr_par' dir='ltr' id='par_1_98' title="bbox 497 5244 2140 5309">
     <span class='ocr_line' id='line_1_98' title="bbox 497 5244 2140 5309; baseline -0.004 0"><span class='ocrx_word' id='word_1_699' title='bbox 497 5244 829 5309; x_wconf 67' lang='lat' dir='ltr'><strong>foedissime.</strong></span> <span class='ocrx_word' id='word_1_700' title='bbox 870 5250 1030 5302; x_wconf 86' lang='lat' dir='ltr'><strong>Hunc</strong></span> <span class='ocrx_word' id='word_1_701' title='bbox 1067 5244 1255 5301; x_wconf 75' lang='lat' dir='ltr'><strong>locum</strong></span> <span class='ocrx_word' id='word_1_702' title='bbox 1287 5247 1491 5302; x_wconf 88' lang='lat' dir='ltr'><strong>Surius</strong></span> <span class='ocrx_word' id='word_1_703' title='bbox 1528 5244 2140 5303; x_wconf 49' lang='lat' dir='ltr'><strong>recentiorum—extem—</strong></span> 
     </span>
    </p>
   </div>
   <div class='ocr_carea' id='block_1_99' title="bbox 501 5319 2143 5396">
    <p class='ocr_par' dir='ltr' id='par_1_99' title="bbox 501 5319 2143 5396">
     <span class='ocr_line' id='line_1_99' title="bbox 501 5319 2143 5396; baseline -0.001 -20"><span class='ocrx_word' id='word_1_704' title='bbox 501 5321 750 5396; x_wconf 82' lang='lat' dir='ltr'><strong>plarium</strong></span> <span class='ocrx_word' id='word_1_705' title='bbox 768 5319 939 5396; x_wconf 70' lang='lat' dir='ltr'><strong>fidem</strong></span> <span class='ocrx_word' id='word_1_706' title='bbox 951 5323 1179 5396; x_wconf 82' lang='lat' dir='ltr'><strong>secutus</strong></span> <span class='ocrx_word' id='word_1_707' title='bbox 1197 5319 1276 5396; x_wconf 80' lang='lat' dir='ltr'><strong>ita</strong></span> <span class='ocrx_word' id='word_1_708' title='bbox 1296 5319 1544 5396; x_wconf 73' lang='lat' dir='ltr'><strong>exhibet,</strong></span> <span class='ocrx_word' id='word_1_709' title='bbox 1566 5319 1826 5396; x_wconf 77' lang='lat' dir='ltr'><strong>«_Vi_giliis</strong></span> <span class='ocrx_word' id='word_1_710' title='bbox 1847 5319 1908 5373; x_wconf 91' lang='lat' dir='ltr'><strong>in</strong></span> <span class='ocrx_word' id='word_1_711' title='bbox 1928 5319 2143 5396; x_wconf 81' lang='lat' dir='ltr'><strong>honore</strong></span> 
     </span>
    </p>
   </div>
   <div class='ocr_carea' id='block_1_100' title="bbox 503 5389 2140 5456">
    <p class='ocr_par' dir='ltr' id='par_1_100' title="bbox 503 5389 2140 5456">
     <span class='ocr_line' id='line_1_100' title="bbox 503 5389 2140 5456; baseline -0.003 -7"><span class='ocrx_word' id='word_1_712' title='bbox 503 5389 681 5449; x_wconf 74' lang='lat' dir='ltr'><strong>sancti</strong></span> <span class='ocrx_word' id='word_1_713' title='bbox 715 5391 914 5446; x_wconf 91' lang='lat' dir='ltr'><strong>eodem</strong></span> <span class='ocrx_word' id='word_1_714' title='bbox 946 5391 1008 5444; x_wconf 87' lang='lat' dir='ltr'><strong>in</strong></span> <span class='ocrx_word' id='word_1_715' title='bbox 1045 5389 1288 5444; x_wconf 89' lang='lat' dir='ltr'><strong>oratorio</strong></span> <span class='ocrx_word' id='word_1_716' title='bbox 1314 5391 1510 5445; x_wconf 91' lang='lat' dir='ltr'><strong>devote</strong></span> <span class='ocrx_word' id='word_1_717' title='bbox 1541 5389 1835 5444; x_wconf 85' lang='lat' dir='ltr'><strong>celebratis</strong></span> <span class='ocrx_word' id='word_1_718' title='bbox 1862 5406 1925 5443; x_wconf 88' lang='lat' dir='ltr'><strong>ac</strong></span> <span class='ocrx_word' id='word_1_719' title='bbox 1955 5391 2140 5456; x_wconf 90' lang='lat' dir='ltr'><strong>missa,</strong></span> 
     </span>
    </p>
   </div>
   <div class='ocr_carea' id='block_1_101' title="bbox 503 5460 2146 5533">
    <p class='ocr_par' dir='ltr' id='par_1_101' title="bbox 503 5460 2146 5533">
     <span class='ocr_line' id='line_1_101' title="bbox 503 5460 2146 5533; baseline -0.002 -14"><span class='ocrx_word' id='word_1_720' title='bbox 503 5465 574 5519; x_wconf 89' lang='lat' dir='ltr'><strong>de</strong></span> <span class='ocrx_word' id='word_1_721' title='bbox 598 5462 864 5533; x_wconf 60' lang='lat' dir='ltr'><strong>presenti</strong></span> <span class='ocrx_word' id='word_1_722' title='bbox 891 5466 1085 5516; x_wconf 90' lang='lat' dir='ltr'><strong>curata</strong></span> <span class='ocrx_word' id='word_1_723' title='bbox 1119 5465 1222 5515; x_wconf 91' lang='lat' dir='ltr'><strong>est.</strong></span> <span class='ocrx_word' id='word_1_724' title='bbox 1248 5481 1277 5510; x_wconf 88' lang='lat'>»</span> <span class='ocrx_word' id='word_1_725' title='bbox 1305 5460 1548 5516; x_wconf 90' lang='lat' dir='ltr'><strong>Omnino</strong></span> <span class='ocrx_word' id='word_1_726' title='bbox 1573 5476 1706 5514; x_wconf 88' lang='lat' dir='ltr'><strong>vero</strong></span> <span class='ocrx_word' id='word_1_727' title='bbox 1731 5461 2146 5533; x_wconf 80' lang='lat' dir='ltr'><strong>exemplaribus</strong></span> 
     </span>
    </p>
   </div>
   <div class='ocr_carea' id='block_1_102' title="bbox 501 5531 2141 5588">
    <p class='ocr_par' dir='ltr' id='par_1_102' title="bbox 501 5531 2141 5588">
     <span class='ocr_line' id='line_1_102' title="bbox 501 5531 2141 5588; baseline -0.001 0"><span class='ocrx_word' id='word_1_728' title='bbox 501 5531 822 5588; x_wconf 79' lang='lat' dir='ltr'><strong>veterrimis</strong></span> <span class='ocrx_word' id='word_1_729' title='bbox 847 5533 906 5587; x_wconf 93' lang='lat' dir='ltr'><strong>in</strong></span> <span class='ocrx_word' id='word_1_730' title='bbox 935 5540 1188 5587; x_wconf 89' lang='lat' dir='ltr'><strong>nostram</strong></span> <span class='ocrx_word' id='word_1_731' title='bbox 1213 5533 1513 5586; x_wconf 85' lang='lat' dir='ltr'><strong>lectionem</strong></span> <span class='ocrx_word' id='word_1_732' title='bbox 1541 5531 1871 5586; x_wconf 88' lang='lat' dir='ltr'><strong>coeuntibus</strong></span> <span class='ocrx_word' id='word_1_733' title='bbox 1897 5531 2141 5587; x_wconf 81' lang='lat' dir='ltr'><strong>subscri-</strong></span> 
     </span>
    </p>
   </div>
   <div class='ocr_carea' id='block_1_103' title="bbox 502 5602 2146 5675">
    <p class='ocr_par' dir='ltr' id='par_1_103' title="bbox 502 5602 2146 5675">
     <span class='ocr_line' id='line_1_103' title="bbox 502 5602 2146 5675; baseline -0.001 -15"><span class='ocrx_word' id='word_1_734' title='bbox 502 5604 774 5660; x_wconf 87' lang='lat' dir='ltr'><strong>bendum.</strong></span> <span class='ocrx_word' id='word_1_735' title='bbox 829 5603 973 5668; x_wconf 88' lang='lat' dir='ltr'><strong>Quid</strong></span> <span class='ocrx_word' id='word_1_736' title='bbox 1015 5620 1153 5675; x_wconf 87' lang='lat' dir='ltr'><strong>ergo</strong></span> <span class='ocrx_word' id='word_1_737' title='bbox 1203 5606 1368 5658; x_wconf 78' lang='lat' dir='ltr'><strong>missa</strong></span> <span class='ocrx_word' id='word_1_738' title='bbox 1414 5603 1711 5675; x_wconf 54' lang='lat' dir='ltr'><strong>revocata}</strong></span> <span class='ocrx_word' id='word_1_739' title='bbox 1762 5602 1975 5674; x_wconf 87' lang='lat' dir='ltr'><strong>Nempe</strong></span> <span class='ocrx_word' id='word_1_740' title='bbox 2026 5603 2146 5660; x_wconf 89' lang='lat' dir='ltr'><strong>dies</strong></span> 
     </span>
    </p>
   </div>
   <div class='ocr_carea' id='block_1_104' title="bbox 503 5672 2143 5746">
    <p class='ocr_par' dir='ltr' id='par_1_104' title="bbox 503 5672 2143 5746">
     <span class='ocr_line' id='line_1_104' title="bbox 503 5672 2143 5746; baseline -0.001 -14"><span class='ocrx_word' id='word_1_741' title='bbox 503 5677 680 5732; x_wconf 87' lang='lat' dir='ltr'><strong>festus</strong></span> <span class='ocrx_word' id='word_1_742' title='bbox 719 5691 908 5730; x_wconf 85' lang='lat' dir='ltr'><strong>annua</strong></span> <span class='ocrx_word' id='word_1_743' title='bbox 957 5672 1233 5746; x_wconf 79' lang='lat' dir='ltr'><strong>vertigine</strong></span> <span class='ocrx_word' id='word_1_744' title='bbox 1287 5687 1606 5746; x_wconf 79' lang='lat' dir='ltr'><strong>recurrens.</strong></span> <span class='ocrx_word' id='word_1_745' title='bbox 1659 5672 1816 5746; x_wconf 85' lang='lat' dir='ltr'><strong>Patet</strong></span> <span class='ocrx_word' id='word_1_746' title='bbox 1869 5672 1938 5730; x_wconf 74' lang='lat' dir='ltr'><strong>ex</strong></span> <span class='ocrx_word' id='word_1_747' title='bbox 1985 5691 2143 5730; x_wconf 91' lang='lat' dir='ltr'><strong>conc.</strong></span> 
     </span>
    </p>
   </div>
   <div class='ocr_carea' id='block_1_105' title="bbox 501 5741 2148 5820">
    <p class='ocr_par' dir='ltr' id='par_1_105' title="bbox 501 5741 2148 5820">
     <span class='ocr_line' id='line_1_105' title="bbox 501 5741 2148 5820; baseline -0.001 -16"><span class='ocrx_word' id='word_1_748' title='bbox 501 5746 921 5820; x_wconf 13' lang='lat' dir='ltr'><strong>Pistensisgcap.</strong></span> <span class='ocrx_word' id='word_1_749' title='bbox 945 5749 976 5804; x_wconf 85' lang='lat'><strong>3</strong></span> <span class='ocrx_word' id='word_1_750' title='bbox 1000 5762 1014 5800; x_wconf 89' lang='lat'><strong>:</strong></span> <span class='ocrx_word' id='word_1_751' title='bbox 1037 5765 1065 5795; x_wconf 85' lang='lat'><strong>«</strong></span> <span class='ocrx_word' id='word_1_752' title='bbox 1088 5741 1387 5820; x_wconf 75' lang='lat' dir='ltr'><strong>Communi</strong></span> <span class='ocrx_word' id='word_1_753' title='bbox 1412 5741 1615 5820; x_wconf 74' lang='lat' dir='ltr'><strong>placito</strong></span> <span class='ocrx_word' id='word_1_754' title='bbox 1644 5745 2148 5820; x_wconf 78' lang='lat' dir='ltr'><strong>constituimus,_ut</strong></span> 
     </span>
    </p>
   </div>
   <div class='ocr_carea' id='block_1_106' title="bbox 499 5812 2148 5894">
    <p class='ocr_par' dir='ltr' id='par_1_106' title="bbox 499 5812 2148 5894">
     <span class='ocr_line' id='line_1_106' title="bbox 499 5812 2148 5894; baseline -0.001 -21"><span class='ocrx_word' id='word_1_755' title='bbox 499 5832 681 5894; x_wconf 66' lang='lat' dir='ltr'><strong>usque</strong></span> <span class='ocrx_word' id='word_1_756' title='bbox 728 5818 798 5878; x_wconf 88' lang='lat' dir='ltr'><strong>ad</strong></span> <span class='ocrx_word' id='word_1_757' title='bbox 829 5812 1058 5875; x_wconf 78' lang='lat' dir='ltr'><strong>missam</strong></span> <span class='ocrx_word' id='word_1_758' title='bbox 1105 5813 1301 5890; x_wconf 85' lang='lat' dir='ltr'><strong>(sancti</strong></span> <span class='ocrx_word' id='word_1_759' title='bbox 1331 5812 1614 5890; x_wconf 75' lang='lat' dir='ltr'><strong>Remigii),</strong></span> <span class='ocrx_word' id='word_1_760' title='bbox 1651 5815 1757 5874; x_wconf 89' lang='lat' dir='ltr'><strong>hoc</strong></span> <span class='ocrx_word' id='word_1_761' title='bbox 1797 5822 1853 5874; x_wconf 89' lang='lat' dir='ltr'><strong>et</strong></span> <span class='ocrx_word' id='word_1_762' title='bbox 1879 5812 2148 5874; x_wconf 83' lang='lat' dir='ltr'><strong>kalendas</strong></span> 
     </span>
    </p>
   </div>
   <div class='ocr_carea' id='block_1_107' title="bbox 2241 4603 3892 4679">
    <p class='ocr_par' dir='ltr' id='par_1_107' title="bbox 2241 4603 3892 4679">
     <span class='ocr_line' id='line_1_107' title="bbox 2241 4603 3892 4679; baseline 0.002 -21"><span class='ocrx_word' id='word_1_763' title='bbox 2241 4620 2571 4676; x_wconf 89' lang='lat' dir='ltr'><strong>oppressum</strong></span> <span class='ocrx_word' id='word_1_764' title='bbox 2617 4603 2829 4657; x_wconf 87' lang='lat' dir='ltr'><strong>invenit</strong></span> <span class='ocrx_word' id='word_1_765' title='bbox 2883 4603 3224 4675; x_wconf 84' lang='lat' dir='ltr'><strong>expositum.</strong></span> <span class='ocrx_word' id='word_1_766' title='bbox 3269 4605 3439 4676; x_wconf 88' lang='lat' dir='ltr'><strong>Cujus</strong></span> <span class='ocrx_word' id='word_1_767' title='bbox 3491 4608 3581 4662; x_wconf 85' lang='lat' dir='ltr'><strong>vix</strong></span> <span class='ocrx_word' id='word_1_768' title='bbox 3630 4607 3892 4679; x_wconf 87' lang='lat' dir='ltr'><strong>adaperit</strong></span> 
     </span>
    </p>
   </div>
   <div class='ocr_carea' id='block_1_108' title="bbox 2239 4694 3887 4772">
    <p class='ocr_par' dir='ltr' id='par_1_108' title="bbox 2239 4694 3887 4772">
     <span class='ocr_line' id='line_1_108' title="bbox 2239 4694 3887 4772; baseline 0.004 -22"><span class='ocrx_word' id='word_1_769' title='bbox 2239 4697 2426 4750; x_wconf 88' lang='lat' dir='ltr'><strong>fauces</strong></span> <span class='ocrx_word' id='word_1_770' title='bbox 2461 4713 2592 4750; x_wconf 91' lang='lat' dir='ltr'><strong>cum</strong></span> <span class='ocrx_word' id='word_1_771' title='bbox 2633 4694 2841 4751; x_wconf 90' lang='lat' dir='ltr'><strong>cultelli</strong></span> <span class='ocrx_word' id='word_1_772' title='bbox 2886 4697 3209 4765; x_wconf 87' lang='lat' dir='ltr'><strong>manubrio,</strong></span> <span class='ocrx_word' id='word_1_773' title='bbox 3237 4699 3491 4755; x_wconf 90' lang='lat' dir='ltr'><strong>oratione</strong></span> <span class='ocrx_word' id='word_1_774' title='bbox 3535 4700 3692 4772; x_wconf 90' lang='lat' dir='ltr'><strong>prius</strong></span> <span class='ocrx_word' id='word_1_775' title='bbox 3732 4701 3887 4771; x_wconf 86' lang='lat' dir='ltr'><strong>data,</strong></span> 
     </span>
    </p>
   </div>
   <div class='ocr_carea' id='block_1_109' title="bbox 2243 4818 3893 4896">
    <p class='ocr_par' dir='ltr' id='par_1_109' title="bbox 2243 4818 3893 4896">
     <span class='ocr_line' id='line_1_109' title="bbox 2243 4818 3893 4896; baseline 0.004 -23"><span class='ocrx_word' id='word_1_776' title='bbox 2243 4818 2462 4896; x_wconf 39' lang='lat' dir='ltr'><strong>Octob”</strong></span> <span class='ocrx_word' id='word_1_777' title='bbox 2495 4818 2741 4896; x_wconf 80' lang='lat' dir='ltr'><strong>spatium</strong></span> <span class='ocrx_word' id='word_1_778' title='bbox 2778 4820 3028 4896; x_wconf 84' lang='lat' dir='ltr'><strong>habeant</strong></span> <span class='ocrx_word' id='word_1_779' title='bbox 3055 4822 3136 4878; x_wconf 93' lang='lat' dir='ltr'><strong>illi</strong></span> <span class='ocrx_word' id='word_1_780' title='bbox 3161 4823 3256 4896; x_wconf 92' lang='lat' dir='ltr'><strong>qui</strong></span> <span class='ocrx_word' id='word_1_781' title='bbox 3288 4824 3346 4878; x_wconf 89' lang='lat' dir='ltr'><strong>in</strong></span> <span class='ocrx_word' id='word_1_782' title='bbox 3374 4824 3492 4879; x_wconf 89' lang='lat' dir='ltr'><strong>istis</strong></span> <span class='ocrx_word' id='word_1_783' title='bbox 3533 4824 3893 4896; x_wconf 86' lang='lat' dir='ltr'><strong>temporibus</strong></span> 
     </span>
    </p>
   </div>
   <div class='ocr_carea' id='block_1_110' title="bbox 2243 4891 3892 4963">
    <p class='ocr_par' dir='ltr' id='par_1_110' title="bbox 2243 4891 3892 4963">
     <span class='ocr_line' id='line_1_110' title="bbox 2243 4891 3892 4963; baseline 0.004 -19"><span class='ocrx_word' id='word_1_784' title='bbox 2243 4891 2851 4963; x_wconf 78' lang='lat' dir='ltr'><strong>istasdepraedationes</strong></span> <span class='ocrx_word' id='word_1_785' title='bbox 2869 4898 2926 4948; x_wconf 91' lang='lat' dir='ltr'><strong>et</strong></span> <span class='ocrx_word' id='word_1_786' title='bbox 2952 4895 3060 4950; x_wconf 89' lang='lat' dir='ltr'><strong>alia</strong></span> <span class='ocrx_word' id='word_1_787' title='bbox 3085 4891 3233 4950; x_wconf 84' lang='lat' dir='ltr'><strong>male</strong></span> <span class='ocrx_word' id='word_1_788' title='bbox 3257 4897 3406 4950; x_wconf 88' lang='lat' dir='ltr'><strong>facta</strong></span> <span class='ocrx_word' id='word_1_789' title='bbox 3431 4891 3801 4951; x_wconf 66' lang='lat' dir='ltr'><strong>crimina-{liter</strong></span> <span class='ocrx_word' id='word_1_790' title='bbox 3831 4902 3892 4952; x_wconf 90' lang='lat' dir='ltr'><strong>et</strong></span> 
     </span>
    </p>
   </div>
   <div class='ocr_carea' id='block_1_111' title="bbox 2241 4961 3891 5039">
    <p class='ocr_par' dir='ltr' id='par_1_111' title="bbox 2241 4961 3891 5039">
     <span class='ocr_line' id='line_1_111' title="bbox 2241 4961 3891 5039; baseline 0.004 -24"><span class='ocrx_word' id='word_1_791' title='bbox 2241 4961 2768 5039; x_wconf 32' lang='lat' dir='ltr'><strong>publiceffecerunt,</strong></span> <span class='ocrx_word' id='word_1_792' title='bbox 2792 4968 2855 5017; x_wconf 88' lang='lat' dir='ltr'><strong>ut</strong></span> <span class='ocrx_word' id='word_1_793' title='bbox 2879 4965 3011 5020; x_wconf 89' lang='lat' dir='ltr'><strong>inde</strong></span> <span class='ocrx_word' id='word_1_794' title='bbox 3027 4967 3177 5038; x_wconf 92' lang='lat' dir='ltr'><strong>apud</strong></span> <span class='ocrx_word' id='word_1_795' title='bbox 3193 4967 3505 5039; x_wconf 71' lang='lat' dir='ltr'><strong>Dominum</strong></span> <span class='ocrx_word' id='word_1_796' title='bbox 3528 4971 3585 5022; x_wconf 88' lang='lat' dir='ltr'><strong>et</strong></span> <span class='ocrx_word' id='word_1_797' title='bbox 3610 4968 3760 5039; x_wconf 89' lang='lat' dir='ltr'><strong>apud</strong></span> <span class='ocrx_word' id='word_1_798' title='bbox 3779 4965 3891 5022; x_wconf 80' lang='lat' dir='ltr'><strong>eos</strong></span> 
     </span>
    </p>
   </div>
   <div class='ocr_carea' id='block_1_112' title="bbox 2245 5035 3885 5110">
    <p class='ocr_par' dir='ltr' id='par_1_112' title="bbox 2245 5035 3885 5110">
     <span class='ocr_line' id='line_1_112' title="bbox 2245 5035 3885 5110; baseline 0.003 -22"><span class='ocrx_word' id='word_1_799' title='bbox 2245 5035 2485 5110; x_wconf 53' lang='lat' dir='ltr'><strong>(quibus)</strong></span> <span class='ocrx_word' id='word_1_800' title='bbox 2538 5036 2922 5110; x_wconf 72' lang='lat' dir='ltr'><strong>malefecerunt</strong></span> <span class='ocrx_word' id='word_1_801' title='bbox 2973 5053 3031 5110; x_wconf 75' lang='lat' dir='ltr'><strong>se</strong></span> <span class='ocrx_word' id='word_1_802' title='bbox 3061 5035 3399 5108; x_wconf 48' lang='lat' dir='ltr'><strong>_paciﬁcent.</strong></span> <span class='ocrx_word' id='word_1_803' title='bbox 3451 5057 3479 5090; x_wconf 72' lang='lat' dir='ltr'><strong>in</strong></span> <span class='ocrx_word' id='word_1_804' title='bbox 3535 5040 3596 5092; x_wconf 86' lang='lat' dir='ltr'><strong>In</strong></span> <span class='ocrx_word' id='word_1_805' title='bbox 3645 5035 3885 5110; x_wconf 73' lang='lat' dir='ltr'><strong>capitul.</strong></span> 
     </span>
    </p>
   </div>
   <div class='ocr_carea' id='block_1_113' title="bbox 2241 5105 3888 5177">
    <p class='ocr_par' dir='ltr' id='par_1_113' title="bbox 2241 5105 3888 5177">
     <span class='ocr_line' id='line_1_113' title="bbox 2241 5105 3888 5177; baseline 0.004 -18"><span class='ocrx_word' id='word_1_806' title='bbox 2241 5105 2341 5160; x_wconf 91' lang='lat' dir='ltr'><strong>lib.</strong></span> <span class='ocrx_word' id='word_1_807' title='bbox 2373 5121 2444 5177; x_wconf 73' lang='lat' dir='ltr'><strong>n,</strong></span> <span class='ocrx_word' id='word_1_808' title='bbox 2460 5121 2583 5177; x_wconf 89' lang='lat' dir='ltr'><strong>cap.</strong></span> <span class='ocrx_word' id='word_1_809' title='bbox 2618 5109 2702 5175; x_wconf 81' lang='grc'><strong>10,</strong></span> <span class='ocrx_word' id='word_1_810' title='bbox 2731 5108 2957 5161; x_wconf 88' lang='lat' dir='ltr'><strong>Carolus</strong></span> <span class='ocrx_word' id='word_1_811' title='bbox 2986 5105 3217 5177; x_wconf 77' lang='lat' dir='ltr'><strong>Magnus</strong></span> <span class='ocrx_word' id='word_1_812' title='bbox 3241 5112 3486 5164; x_wconf 75' lang='lat' dir='ltr'><strong>monetae</strong></span> <span class='ocrx_word' id='word_1_813' title='bbox 3513 5105 3888 5165; x_wconf 71' lang='lat' dir='ltr'><strong>emendanda:</strong></span> 
     </span>
    </p>
   </div>
   <div class='ocr_carea' id='block_1_114' title="bbox 2243 5176 3882 5249">
    <p class='ocr_par' dir='ltr' id='par_1_114' title="bbox 2243 5176 3882 5249">
     <span class='ocr_line' id='line_1_114' title="bbox 2243 5176 3882 5249; baseline 0.003 -19"><span class='ocrx_word' id='word_1_814' title='bbox 2243 5176 2499 5230; x_wconf 91' lang='lat' dir='ltr'><strong>concedit</strong></span> <span class='ocrx_word' id='word_1_815' title='bbox 2527 5176 2784 5249; x_wconf 84' lang='lat' dir='ltr'><strong>spatium</strong></span> <span class='ocrx_word' id='word_1_816' title='bbox 2821 5193 2996 5249; x_wconf 89' lang='lat' dir='ltr'><strong>usque</strong></span> <span class='ocrx_word' id='word_1_817' title='bbox 3031 5176 3102 5232; x_wconf 88' lang='lat' dir='ltr'><strong>ad</strong></span> <span class='ocrx_word' id='word_1_818' title='bbox 3139 5179 3373 5234; x_wconf 89' lang='lat' dir='ltr'><strong>missam</strong></span> <span class='ocrx_word' id='word_1_819' title='bbox 3407 5181 3583 5234; x_wconf 89' lang='lat' dir='ltr'><strong>sancti</strong></span> <span class='ocrx_word' id='word_1_820' title='bbox 3621 5181 3882 5249; x_wconf 81' lang='lat' dir='ltr'><strong>Martini;</strong></span> 
     </span>
    </p>
   </div>
   <div class='ocr_carea' id='block_1_115' title="bbox 2244 5248 3886 5318">
    <p class='ocr_par' dir='ltr' id='par_1_115' title="bbox 2244 5248 3886 5318">
     <span class='ocr_line' id='line_1_115' title="bbox 2244 5248 3886 5318; baseline 0.003 -16"><span class='ocrx_word' id='word_1_821' title='bbox 2244 5251 2301 5302; x_wconf 90' lang='lat' dir='ltr'><strong>et</strong></span> <span class='ocrx_word' id='word_1_822' title='bbox 2337 5263 2460 5318; x_wconf 90' lang='lat' dir='ltr'><strong>cap.</strong></span> <span class='ocrx_word' id='word_1_823' title='bbox 2488 5251 2577 5315; x_wconf 70' lang='lat'><strong>‘20,</strong></span> <span class='ocrx_word' id='word_1_824' title='bbox 2610 5248 2877 5318; x_wconf 89' lang='lat' dir='ltr'><strong>pontibus</strong></span> <span class='ocrx_word' id='word_1_825' title='bbox 2907 5248 3287 5306; x_wconf 38' lang='lat' dir='ltr'><strong>&#39;resarciendis</strong></span> <span class='ocrx_word' id='word_1_826' title='bbox 3330 5251 3402 5306; x_wconf 87' lang='lat' dir='ltr'><strong>ad</strong></span> <span class='ocrx_word' id='word_1_827' title='bbox 3439 5253 3672 5306; x_wconf 87' lang='lat' dir='ltr'><strong>missam</strong></span> <span class='ocrx_word' id='word_1_828' title='bbox 3707 5248 3886 5307; x_wconf 84' lang='lat' dir='ltr'><strong>sancti</strong></span> 
     </span>
    </p>
   </div>
   <div class='ocr_carea' id='block_1_116' title="bbox 2243 5318 3883 5393">
    <p class='ocr_par' dir='ltr' id='par_1_116' title="bbox 2243 5318 3883 5393">
     <span class='ocr_line' id='line_1_116' title="bbox 2243 5318 3883 5393; baseline 0.004 -21"><span class='ocrx_word' id='word_1_829' title='bbox 2243 5319 2502 5393; x_wconf 60' lang='lat' dir='ltr'><strong>Andreae.</strong></span> <span class='ocrx_word' id='word_1_830' title='bbox 2533 5319 2586 5393; x_wconf 91' lang='lat' dir='ltr'><strong>S_i</strong></span> <span class='ocrx_word' id='word_1_831' title='bbox 2623 5318 2796 5393; x_wconf 72' lang='lat' dir='ltr'><strong>igitur</strong></span> <span class='ocrx_word' id='word_1_832' title='bbox 2825 5319 3210 5393; x_wconf 26' lang='lat' dir='ltr'><strong>missausancti</strong></span> <span class='ocrx_word' id='word_1_833' title='bbox 3242 5322 3507 5393; x_wconf 80' lang='lat' dir='ltr'><strong>Remigii,</strong></span> <span class='ocrx_word' id='word_1_834' title='bbox 3535 5323 3711 5377; x_wconf 89' lang='lat' dir='ltr'><strong>sancti</strong></span> <span class='ocrx_word' id='word_1_835' title='bbox 3738 5324 3883 5379; x_wconf 83' lang='lat' dir='ltr'><strong>Mar-</strong></span> 
     </span>
    </p>
   </div>
   <div class='ocr_carea' id='block_1_117' title="bbox 2245 5388 3888 5463">
    <p class='ocr_par' dir='ltr' id='par_1_117' title="bbox 2245 5388 3888 5463">
     <span class='ocr_line' id='line_1_117' title="bbox 2245 5388 3888 5463; baseline 0.004 -21"><span class='ocrx_word' id='word_1_836' title='bbox 2245 5388 2369 5463; x_wconf 80' lang='lat' dir='ltr'><strong>tini,</strong></span> <span class='ocrx_word' id='word_1_837' title='bbox 2389 5389 2561 5463; x_wconf 89' lang='lat' dir='ltr'><strong>sancti</strong></span> <span class='ocrx_word' id='word_1_838' title='bbox 2583 5390 2823 5463; x_wconf 72' lang='lat' dir='ltr'><strong>Andreze</strong></span> <span class='ocrx_word' id='word_1_839' title='bbox 2847 5407 2950 5463; x_wconf 83' lang='lat' dir='ltr'><strong>pro</strong></span> <span class='ocrx_word' id='word_1_840' title='bbox 2973 5391 3062 5446; x_wconf 91' lang='lat' dir='ltr'><strong>die</strong></span> <span class='ocrx_word' id='word_1_841' title='bbox 3089 5391 3223 5463; x_wconf 89' lang='lat' dir='ltr'><strong>ipsis</strong></span> <span class='ocrx_word' id='word_1_842' title='bbox 3243 5388 3710 5462; x_wconf 66' lang='lat' dir='ltr'><strong>dicatdsumitur,</strong></span> <span class='ocrx_word' id='word_1_843' title='bbox 3734 5398 3798 5447; x_wconf 86' lang='lat' dir='ltr'><strong>ut</strong></span> <span class='ocrx_word' id='word_1_844' title='bbox 3817 5411 3888 5450; x_wconf 83' lang='lat' dir='ltr'><strong>ex</strong></span> 
     </span>
    </p>
   </div>
   <div class='ocr_carea' id='block_1_118' title="bbox 2244 5459 3886 5532">
    <p class='ocr_par' dir='ltr' id='par_1_118' title="bbox 2244 5459 3886 5532">
     <span class='ocr_line' id='line_1_118' title="bbox 2244 5459 3886 5532; baseline 0.004 -18"><span class='ocrx_word' id='word_1_845' title='bbox 2244 5460 2377 5514; x_wconf 92' lang='lat' dir='ltr'><strong>locis</strong></span> <span class='ocrx_word' id='word_1_846' title='bbox 2415 5459 2668 5532; x_wconf 83' lang='lat' dir='ltr'><strong>adductis</strong></span> <span class='ocrx_word' id='word_1_847' title='bbox 2716 5459 3078 5516; x_wconf 86' lang='lat' dir='ltr'><strong>manifestum</strong></span> <span class='ocrx_word' id='word_1_848' title='bbox 3110 5459 3232 5532; x_wconf 51' lang='lat' dir='ltr'><strong>—est,</strong></span> <span class='ocrx_word' id='word_1_849' title='bbox 3265 5468 3414 5518; x_wconf 88' lang='lat' dir='ltr'><strong>recte</strong></span> <span class='ocrx_word' id='word_1_850' title='bbox 3451 5469 3508 5518; x_wconf 92' lang='lat' dir='ltr'><strong>et</strong></span> <span class='ocrx_word' id='word_1_851' title='bbox 3549 5465 3621 5520; x_wconf 91' lang='lat' dir='ltr'><strong>ad</strong></span> <span class='ocrx_word' id='word_1_852' title='bbox 3663 5459 3886 5520; x_wconf 86' lang='lat' dir='ltr'><strong>textum</strong></span> 
     </span>
    </p>
   </div>
   <div class='ocr_carea' id='block_1_119' title="bbox 2244 5530 3885 5607">
    <p class='ocr_par' dir='ltr' id='par_1_119' title="bbox 2244 5530 3885 5607">
     <span class='ocr_line' id='line_1_119' title="bbox 2244 5530 3885 5607; baseline 0.005 -24"><span class='ocrx_word' id='word_1_853' title='bbox 2244 5530 2507 5607; x_wconf 75' lang='lat' dir='ltr'><strong>apposite</strong></span> <span class='ocrx_word' id='word_1_854' title='bbox 2523 5532 2561 5585; x_wconf 90' lang='lat' dir='ltr'><strong>F</strong></span> <span class='ocrx_word' id='word_1_855' title='bbox 2565 5534 2892 5607; x_wconf 69' lang='lat' dir='ltr'><strong>ortunatum</strong></span> <span class='ocrx_word' id='word_1_856' title='bbox 2922 5533 3097 5607; x_wconf 86' lang='lat' dir='ltr'><strong>hicde</strong></span> <span class='ocrx_word' id='word_1_857' title='bbox 3123 5530 3523 5607; x_wconf 83' lang='lat' dir='ltr'><strong>anniversario,</strong></span> <span class='ocrx_word' id='word_1_858' title='bbox 3546 5539 3606 5589; x_wconf 90' lang='lat' dir='ltr'><strong>ut</strong></span> <span class='ocrx_word' id='word_1_859' title='bbox 3637 5537 3885 5607; x_wconf 89' lang='lat' dir='ltr'><strong>loquun-</strong></span> 
     </span>
    </p>
   </div>
   <div class='ocr_carea' id='block_1_120' title="bbox 2246 5601 3886 5678">
    <p class='ocr_par' dir='ltr' id='par_1_120' title="bbox 2246 5601 3886 5678">
     <span class='ocr_line' id='line_1_120' title="bbox 2246 5601 3886 5678; baseline 0.004 -22"><span class='ocrx_word' id='word_1_860' title='bbox 2246 5601 2358 5671; x_wconf 88' lang='lat' dir='ltr'><strong>tur,</strong></span> <span class='ocrx_word' id='word_1_861' title='bbox 2385 5601 2510 5678; x_wconf 79' lang='lat' dir='ltr'><strong>festi</strong></span> <span class='ocrx_word' id='word_1_862' title='bbox 2548 5602 2724 5678; x_wconf 78' lang='lat' dir='ltr'><strong>sancti</strong></span> <span class='ocrx_word' id='word_1_863' title='bbox 2765 5603 3297 5678; x_wconf 18' lang='lat' dir='ltr'><strong>Germaniirecursu</strong></span> <span class='ocrx_word' id='word_1_864' title='bbox 3337 5601 3696 5678; x_wconf 84' lang='lat' dir='ltr'><strong>interpretari</strong></span> <span class='ocrx_word' id='word_1_865' title='bbox 3712 5601 3886 5672; x_wconf 43' lang='lat' dir='ltr'><strong>licet,</strong></span> 
     </span>
    </p>
   </div>
   <div class='ocr_carea' id='block_1_121' title="bbox 2244 5673 3889 5736">
    <p class='ocr_par' dir='ltr' id='par_1_121' title="bbox 2244 5673 3889 5736">
     <span class='ocr_line' id='line_1_121' title="bbox 2244 5673 3889 5736; baseline 0.005 -8"><span class='ocrx_word' id='word_1_866' title='bbox 2244 5688 2351 5728; x_wconf 90' lang='lat' dir='ltr'><strong>nec</strong></span> <span class='ocrx_word' id='word_1_867' title='bbox 2382 5673 2545 5728; x_wconf 86' lang='lat' dir='ltr'><strong>aliter</strong></span> <span class='ocrx_word' id='word_1_868' title='bbox 2575 5675 2809 5729; x_wconf 85' lang='lat' dir='ltr'><strong>fortasse</strong></span> <span class='ocrx_word' id='word_1_869' title='bbox 2847 5676 2998 5731; x_wconf 89' lang='lat' dir='ltr'><strong>licet.</strong></span> <span class='ocrx_word' id='word_1_870' title='bbox 3030 5677 3169 5731; x_wconf 91' lang='lat' dir='ltr'><strong>Cum</strong></span> <span class='ocrx_word' id='word_1_871' title='bbox 3210 5677 3363 5731; x_wconf 90' lang='lat' dir='ltr'><strong>enim</strong></span> <span class='ocrx_word' id='word_1_872' title='bbox 3405 5677 3474 5733; x_wconf 88' lang='lat' dir='ltr'><strong>de</strong></span> <span class='ocrx_word' id='word_1_873' title='bbox 3487 5673 3664 5734; x_wconf 63' lang='lat' dir='ltr'><strong>&#39;sacro</strong></span> <span class='ocrx_word' id='word_1_874' title='bbox 3694 5683 3889 5736; x_wconf 86' lang='lat' dir='ltr'><strong>sancto</strong></span> 
     </span>
    </p>
   </div>
   <div class='ocr_carea' id='block_1_122' title="bbox 2245 5744 3890 5824">
    <p class='ocr_par' dir='ltr' id='par_1_122' title="bbox 2245 5744 3890 5824">
     <span class='ocr_line' id='line_1_122' title="bbox 2245 5744 3890 5824; baseline 0.006 -27"><span class='ocrx_word' id='word_1_875' title='bbox 2245 5744 2431 5824; x_wconf 76' lang='lat' dir='ltr'><strong>missae</strong></span> <span class='ocrx_word' id='word_1_876' title='bbox 2459 5745 2728 5824; x_wconf 77' lang='lat' dir='ltr'><strong>sacrificio</strong></span> <span class='ocrx_word' id='word_1_877' title='bbox 2753 5745 2800 5801; x_wconf 90' lang='lat' dir='ltr'><strong>is</strong></span> <span class='ocrx_word' id='word_1_878' title='bbox 2824 5751 3020 5802; x_wconf 89' lang='lat' dir='ltr'><strong>auctor</strong></span> <span class='ocrx_word' id='word_1_879' title='bbox 3043 5747 3186 5824; x_wconf 78' lang='lat' dir='ltr'><strong>agit,</strong></span> <span class='ocrx_word' id='word_1_880' title='bbox 3203 5760 3331 5824; x_wconf 77' lang='lat' dir='ltr'><strong>non&quot;</strong></span> <span class='ocrx_word' id='word_1_881' title='bbox 3343 5749 3556 5806; x_wconf 86' lang='lat' dir='ltr'><strong>recedit</strong></span> <span class='ocrx_word' id='word_1_882' title='bbox 3580 5749 3650 5805; x_wconf 87' lang='lat' dir='ltr'><strong>ab</strong></span> <span class='ocrx_word' id='word_1_883' title='bbox 3683 5750 3890 5824; x_wconf 75' lang='lat' dir='ltr'><strong>usitato</strong></span> 
     </span>
    </p>
   </div>
   <div class='ocr_carea' id='block_1_123' title="bbox 2245 5815 3253 5894">
    <p class='ocr_par' dir='ltr' id='par_1_123' title="bbox 2245 5815 3253 5894">
     <span class='ocr_line' id='line_1_123' title="bbox 2245 5815 3253 5894; baseline 0.005 -22"><span class='ocrx_word' id='word_1_884' title='bbox 2245 5815 2515 5892; x_wconf 85' lang='lat' dir='ltr'><strong>loquendi</strong></span> <span class='ocrx_word' id='word_1_885' title='bbox 2542 5832 2724 5886; x_wconf 90' lang='lat' dir='ltr'><strong>more,</strong></span> <span class='ocrx_word' id='word_1_886' title='bbox 2756 5834 2946 5894; x_wconf 88' lang='lat' dir='ltr'><strong>supra,</strong></span> <span class='ocrx_word' id='word_1_887' title='bbox 2973 5815 3134 5874; x_wconf 76' lang='lat' dir='ltr'><strong>num.</strong></span> <span class='ocrx_word' id='word_1_888' title='bbox 3164 5815 3253 5877; x_wconf 80' lang='grc'><strong>43.</strong></span> 
     </span>
    </p>
   </div>
  </div>
