4020 6232
153 303 200 353 73
1716 301 1750 355 ν

1857 331 1886 353 ι.
3412 302 3476 357 74

149 406 301 461 intulit
328 406 374 459 ei
401 405 461 460 in
487 422 587 462 ore
614 405 918 479 paululum
958 420 1122 479 aqua:
1163 407 1387 479 frigidae
1424 408 1619 478 semel,
1651 425 1740 463 se-
1767 408 2087 492 Aclamore
2130 409 2514 479 prosequitur,
2573 406 2754 463 multa
2787 408 2907 480 ipse
2951 408 3359 481 concrepitans,
3411 418 3476 465 ut

146 500 297 554 cundo
316 499 400 553 vel
438 501 629 556 tertio.
670 500 903 555 Interim
940 505 1268 572 exspectans
1306 502 1432 574 quis
1472 507 1619 558 esset
1660 503 1740 557 rei

146 594 313 661 exitus,
338 592 545 648 assedit
579 594 730 648 circa
770 594 1063 649 lectulum.
1095 596 1392 651 Transacta
1425 596 1544 651 fere
1580 597 1740 665 hora,

145 686 352 740 redivivo
388 686 645 759 singultu
683 688 1038 742 exanimatus
1074 689 1414 758 concutitur,
1455 706 1517 743 ac
1561 689 1744 744 mollis

142 784 273 834 motu
298 780 575 836 anhelitus
602 785 862 836 evocatus
887 780 1199 837 reducitur.
1232 783 1499 837 Faucium
1528 786 1745 837 meatus

142 873 367 927 relaxatis
393 874 703 929 visceribus
738 873 940 945 spiritu
980 874 1394 930 intercurrente
1434 876 1742 945 reducitur,

140 966 378 1038 paulatim
431 967 848 1037 convalescens,
904 967 1019 1021 vita
1067 967 1137 1023 de
1189 973 1371 1023 morte
1422 970 1742 1024 revertitur.

142 1059 323 1113 Dehinc
350 1058 509 1131 quasi
543 1060 615 1115 de
642 1077 841 1131 sopore
870 1062 1317 1133 expergefactus,
1339 1062 1653 1134 interrogat
1676 1062 1747 1117 ad

140 1156 279 1223 caput
317 1152 433 1223 ejus
475 1154 605 1225 quis
643 1154 771 1209 fuit.
802 1153 1007 1209 Adesse
1036 1154 1313 1210 domuum
1341 1157 1687 1211 Germanum
1715 1172 1747 1209 a

139 1245 602 1301 circumstantibus
655 1246 881 1302 dicitur.
949 1248 1199 1302 Postulat
1271 1265 1507 1303 manum
1561 1248 1745 1304 Sancti

142 1338 225 1392 sibi
247 1338 541 1410 dignanter
564 1340 804 1411 porrigi,
834 1340 913 1393 ita
934 1339 1210 1412 incipiens
1227 1342 1435 1413 alloqui
1466 1359 1479 1396 :
1510 1343 1743 1411 Domne,

142 1435 191 1484 tu
234 1448 317 1486 me
366 1433 639 1487 revocasti
693 1434 865 1504 longo
922 1437 1157 1489 euntem
1223 1434 1444 1489 itinere.
1516 1435 1743 1490 Statim-

142 1541 232 1596 que
266 1525 461 1580 obtulit
508 1527 794 1581 sacculum
841 1527 1079 1598 plenum
1114 1528 1354 1599 pecunia
1397 1532 1453 1583 et
1495 1528 1747 1583 balteum

140 1618 286 1689 ampli
303 1619 589 1690 ponderis,
617 1636 758 1692 quos
775 1620 1122 1692 pauperibus
1141 1623 1403 1693 erogaret
1427 1622 1746 1678 mercedem

143 1710 247 1765 vitae
271 1712 351 1766 vel
379 1713 600 1784 gratim.

1844 502 1998 573 loqui
2024 503 2166 557 solet
2190 502 2495 556 calamitas.
2524 503 2678 556 Tunc
2705 503 2884 557 sancti
2903 503 3166 557 Germani
3190 519 3365 558 manu
3394 505 3476 558 lu-

1844 611 1976 649 men
2004 596 2062 649 in
2100 595 2284 649 locum
2325 595 2635 663 reducitur,
2664 600 2721 650 et
2756 596 2827 650 ab
2854 612 2921 650 eo
2958 596 3027 650 ad
3058 596 3285 651 beatum
3312 597 3474 667 Sym-

1843 688 2185 760 phorianum
2240 688 2525 757 dirigitur.
2572 688 2677 752 Qui
2718 705 2821 759 pro
2869 689 2990 759 ipso
3031 690 3228 743 tandiu
3272 689 3478 761 vigiliis

1846 782 2068 848 institit,
2099 781 2273 836 donec
2299 782 2538 835 amissus
2563 782 2759 835 oculus
2800 787 3045 853 purgata
3077 783 3316 853 pristina
3352 800 3474 837 ma-

1847 875 1972 929 cula
2014 875 2202 929 addito
2241 874 2513 928 beneﬁcio
2545 874 2824 945 integrior
2868 876 3143 945 redditur,
3184 880 3240 931 et
3276 876 3478 935 melius

1846 970 1993 1025 redit
2018 971 2146 1039 post
2176 968 2431 1035 vulnera,
2464 984 2636 1038 quam
2665 969 2816 1038 quod
2840 972 3006 1022 natus
3032 973 3151 1023 erat
3178 986 3281 1040 per
3307 975 3476 1024 natu-

1846 1080 1990 1118 ram.
2030 1061 2131 1127 Qui
2169 1060 2524 1115 Florentinus
2562 1062 2924 1129 (Florentinus
2949 1065 3110 1131 episc.
3140 1065 3471 1133 Matiscon.),

1847 1156 2109 1227 deinceps
2135 1154 2432 1209 Matiscone
2462 1153 2690 1224 (Mdcon)
2722 1155 3011 1209 ordinatus
3038 1159 3122 1210 est
3160 1156 3472 1228 episcopus.

1920 1251 2065 1303 LXV.
2111 1250 2328 1312 Quanta
2379 1263 2510 1301 vero
2559 1246 2731 1300 fuerit
2775 1247 2949 1301 virtus
3001 1248 3122 1318 ejus
3177 1249 3472 1320 signaculi,

1846 1344 2005 1398 adest
2030 1343 2178 1396 inter
2206 1340 2421 1411 reliqua
2439 1355 2528 1393 res
2542 1339 2648 1393 ista
2674 1340 2977 1394 testimonii
3005 1357 3132 1411 qua:
3148 1343 3479 1412 producitur

1847 1438 1907 1492 in
1934 1435 2211 1508 sequenti.
2235 1435 2375 1488 Cum
2401 1433 2468 1487 de
2495 1432 2723 1487 basilica
2747 1434 2923 1488 sancti
2948 1434 3165 1488 Martini
3191 1436 3263 1489 ad
3288 1435 3477 1490 villam

1848 1533 2052 1585 sanctas
2080 1527 2325 1583 ecclesia:
2352 1526 2639 1581 Severiaco
2668 1526 2883 1595 (Sivray
2912 1527 3063 1597 apud
3090 1528 3355 1599 Turones)
3384 1545 3474 1584 re-

1848 1626 2119 1692 curreret,
2145 1620 2406 1692 adjungit
2418 1620 2479 1674 in
2504 1619 2705 1675 itinere
2726 1622 3031 1692 quemdam
3051 1624 3375 1679 Amantium
3389 1625 3480 1695 ju-

1848 1734 2067 1787 venem,
2093 1731 2264 1788 quem
2295 1713 2670 1785 deprehendit
2711 1731 2743 1768 a
2781 1715 2989 1769 Iudaeis
3015 1715 3143 1770 duci
3179 1734 3393 1772 nexum
3418 1717 3479 1772 in

198 1806 333 1860 LXII.
369 1807 621 1877 Pergens
658 1807 1133 1879 Augustodunum
1185 1808 1269 1863 vir
1303 1810 1528 1864 sanctus
1577 1809 1743 1863 Rota-
1766 1792 1822 1864 Β
1847 1811 2062 1866 ferreis.
2090 1808 2415 1881 Bequiritur
2445 1808 2581 1880 quid
2631 1807 2844 1863 fecerit.
2885 1810 3031 1863 Puer
3067 1811 3355 1882 respondit
3382 1827 3476 1866 ve-

144 1897 274 1968 giaco
305 1900 515 1969 (Κοίου,
565 1900 627 1954 in
664 1901 807 1971 Bria)
858 1901 997 1955 dum
1043 1902 1323 1973 pervenit,
1373 1902 1651 1974 comperit
1676 1901 1745 1956 ab

141 1990 338 2047 Abbone
380 1994 660 2064 quosdam
711 1998 961 2049 retrusos
1006 1994 1067 2048 in
1111 2011 1356 2051 carcere.
1408 1996 1586 2067 Igitur
1640 2012 1745 2067 pro

140 2083 459 2140 absolvendis
483 2087 725 2158 supplex
749 2087 982 2142 tribuno
1009 2089 1304 2159 suggerit;
1335 2089 1433 2144 sed
1458 2089 1547 2144 ille
1569 2089 1745 2144 durus

142 2193 237 2232 non
260 2179 471 2235 annuit.
516 2180 657 2235 Hinc
696 2180 816 2252 ipse
859 2185 1022 2235 cauto
1056 2182 1286 2236 consilio
1327 2182 1465 2237 dum
1512 2181 1647 2236 dicit
1688 2197 1745 2237 se

142 2286 374 2343 campum
401 2273 731 2341 circumire,
755 2275 936 2330 currit
961 2275 1196 2330 devotus
1219 2276 1291 2329 ad
1317 2291 1620 2330 carcerem.
1646 2276 1747 2330 Ita-

142 2381 233 2435 que
277 2366 344 2420 ad
397 2367 752 2422 exorandum
800 2368 1131 2439 provolutus
1193 2368 1496 2435 sternitur,
1555 2368 1746 2439 ibique

144 2460 366 2530 tempore
412 2464 696 2515 nocturno
744 2465 958 2517 catenas
1018 2462 1283 2517 discussa:
1327 2465 1478 2530 sunt,
1532 2461 1748 2516 validus

142 2553 377 2607 tormenti
421 2554 582 2625 rigor
619 2555 691 2609 ad
735 2555 1056 2627 fragmenta
1095 2555 1376 2627 redigitur
1402 2572 1529 2611 sera
1564 2554 1747 2627 gravis

142 2641 365 2717 illiditur,
389 2649 569 2718 postis
584 2648 810 2703 cardine
836 2648 1083 2717 vellitur,
1116 2648 1305 2703 feralis
1330 2665 1522 2703 carcer
1559 2648 1745 2703 reclu-

145 2738 290 2808 ditur,
329 2740 584 2796 damnati
635 2742 705 2797 ad
750 2743 945 2798 vitales
987 2759 1153 2797 auras
1194 2742 1353 2814 quasi
1397 2742 1637 2798 redeunt
1679 2734 1786 2796 de~

143 2832 388 2903 sepulcro.
422 2836 504 2889 Ita
534 2835 599 2889 fit
635 2839 701 2889 ut
737 2836 789 2891 ei
831 2835 1134 2908 Rotagiaco
1171 2836 1451 2892 matutino
1492 2839 1748 2907 tempore

144 2924 355 2996 ingressi
392 2933 758 2984 occurrerent
797 2946 811 2983 :
856 2931 912 2983 et
951 2930 1052 3001 qui
1093 2930 1296 2985 Sancto
1334 2946 1451 2984 non
1489 2928 1750 3000 prastitit

144 3034 230 3088 pro
252 3020 514 3075 absolutis
542 3021 673 3091 reis,
705 3021 969 3076 tribunus
997 3039 1129 3077 reus
1158 3022 1387 3078 effectus
1413 3026 1515 3078 est.

200 3113 356 3168 LXIII.
382 3115 569 3186 Igitur
593 3118 929 3171 cunctorum
958 3116 1125 3172 saluti
1149 3133 1375 3189 semper
1403 3117 1619 3172 instans
1637 3116 1747 3171 sol-

144 3202 322 3277 licitus,
350 3223 482 3262 cum
513 3208 787 3263 Bituricas
829 3209 1101 3281 (Bourges)
1147 3210 1467 3265 accessisset
1507 3227 1610 3281 pro
1655 3227 1747 3265 or-

148 3297 404 3356 dinatione
458 3301 660 3357 Felicis
708 3302 987 3374 episcopi,
1058 3303 1400 3373 praedicante
1466 3304 1751 3359 sacerdote

147 3390 363 3462 Sigerius
399 3395 638 3466 quidam
676 3396 886 3450 Judeus
924 3395 1058 3451 fidei
1097 3401 1447 3452 sacramento
1485 3400 1752 3468 percepto

146 3501 412 3542 conversus
436 3494 525 3543 est
555 3529 569 3557 ,
598 3488 813 3543 habens
838 3489 898 3544 in
920 3489 1205 3544 Judaismo
1243 3491 1619 3545 Mammonam
1654 3507 1753 3545 no-

147 3578 276 3634 mine
300 3582 621 3653 conjugem.
654 3582 789 3645 Quae
818 3598 947 3637 cum
974 3582 1043 3637 de
1072 3583 1430 3639 conversione
1465 3598 1571 3639 nec
1596 3600 1753 3639 men-

147 3670 331 3730 tionem
352 3675 650 3748 reciperet,
682 3678 738 3730 et
762 3692 867 3747 per
894 3675 1095 3730 missos
1139 3676 1294 3731 Beati
1330 3677 1620 3732 admonita
1656 3694 1749 3733 re-

147 3765 359 3838 fugeret,
386 3770 533 3824 facta
556 3769 627 3823 ab
653 3783 719 3824 eo
751 3769 945 3840 vigilia
970 3770 1174 3824 Doctor
1189 3769 1309 3841 ipse
1333 3770 1618 3841 profectus
1646 3774 1748 3826 est.

146 3860 260 3922 Quae
283 3878 406 3916 cum
429 3862 667 3916 beatum
698 3862 886 3917 virum
922 3879 1027 3917 nec
1065 3862 1188 3917 visu
1226 3863 1395 3919 vellet
1432 3865 1748 3935 intendere,

146 3956 338 4008 cantato
365 3971 535 4010 cursu
562 3954 765 4022 tertiae,
794 3972 1030 4010 manum
1062 3972 1223 4011 suam
1250 3956 1506 4013 Pontifex
1531 3958 1603 4013 ad
1628 3974 1752 4012 mu-

146 4043 275 4101 lieris
296 4047 541 4103 frontem
577 4047 880 4119 dignanter
907 4049 1174 4117 admovit,
1204 4049 1429 4121 pietatis
1457 4068 1526 4106 ex
1555 4068 1749 4123 opere.

149 4136 319 4195 Statim
338 4158 371 4195 a
397 4140 893 4196 circumstantibus
931 4141 1000 4197 de
1038 4142 1293 4198 mulieris
1339 4143 1567 4199 naribus
1600 4145 1748 4199 scin-

149 4228 333 4288 tillante
358 4233 492 4305 igne
516 4234 711 4289 fumus
736 4233 931 4306 egredi
954 4235 1107 4290 visus
1126 4238 1231 4303 est,
1258 4239 1324 4291 ut
1341 4237 1556 4292 cunctis
1581 4239 1753 4294 clare-

146 4322 300 4394 ﬂeret,
326 4326 499 4397 ejecta
526 4326 854 4382 insidiatore
875 4327 1177 4384 mulierem
1207 4346 1389 4402 usque
1415 4336 1549 4385 tunc
1593 4330 1753 4386 illum

147 4416 290 4473 saluti
315 4436 427 4476 suae
452 4437 802 4494 repugnasse
828 4438 931 4493 per
967 4422 1241 4478 obsidem.
1270 4423 1424 4478 Tunc
1452 4429 1753 4480 exonerata

1771 3163 1826 3236 C

1845 1905 2048 1959 raciter
2073 1904 2142 1958 ob
2168 1904 2273 1957 hoc
2301 1903 2429 1957 duci
2455 1902 2516 1956 in
2542 1900 2799 1971 vinculis,
2829 1902 2964 1973 quia
2992 1919 3050 1957 se
3078 1910 3361 1959 recusaret
3392 1904 3476 1959 le-

1848 1997 2012 2069 gibus
2037 1996 2200 2052 subdi
2230 1995 2492 2052 Judaicis.
2523 1996 2676 2049 Tunc
2715 1994 3143 2052 dissimulabant
3166 2013 3296 2051 cum
3326 1998 3479 2053 clave

1844 2091 2019 2147 Judaei
2062 2090 2284 2145 vincula
2333 2088 2467 2143 ferri
2520 2103 2791 2143 reserare.
2841 2088 3003 2142 Facto
3048 2106 3081 2142 a
3126 2094 3316 2145 sancto
3357 2091 3475 2145 viro
3554 2118 3563 2137 κ

1846 2184 2089 2255 desuper
2111 2182 2291 2237 crucis
2320 2180 2631 2252 signaculo,
2666 2197 2798 2235 mox
2823 2180 2959 2234 ferri
3000 2197 3121 2235 sera
3166 2184 3473 2240 revellitur.

1918 2278 2089 2332 LXVI.
2134 2276 2332 2332 Itidem
2374 2291 2506 2330 cum
2546 2274 2784 2329 Parisios
2828 2273 2897 2329 ad
2938 2273 3224 2329 basilicam
3251 2282 3471 2332 sancto-

1847 2387 1977 2425 rum
2014 2370 2259 2424 Gervasii
2315 2373 2371 2424 et
2407 2367 2643 2423 Protasii
2678 2367 2876 2422 orandi
2914 2384 3082 2422 causa
3123 2370 3474 2440 procederet,

1840 2464 2033 2535 januis
2063 2462 2334 2517 obseratis
2360 2461 2645 2533 ingressus
2674 2460 2753 2515 illi
2779 2465 3022 2532 negatus
3047 2465 3147 2516 est.
3185 2464 3339 2518 Tunc
3384 2480 3474 2519 re-

1847 2556 2067 2628 quisitis
2108 2556 2374 2623 clavibus,
2407 2571 2511 2610 nec
2548 2554 2683 2625 ipsis
2719 2554 3122 2625 aperientibus,
3161 2556 3238 2610 sic
3260 2572 3477 2613 resera-

1846 2650 1930 2704 vit
1954 2649 2264 2721 pessulum,
2293 2648 2441 2703 facto
2466 2648 2646 2703 crucis
2673 2646 2986 2718 signaculo.
3027 2648 3235 2719 Stupor
3256 2650 3477 2706 animos

1847 2743 2049 2798 invasit
2084 2741 2349 2814 praesenti
2386 2741 2679 2810 miraculo,
2709 2739 2918 2811 aperiri
2960 2740 3028 2795 de
3071 2740 3278 2797 virtute
3328 2744 3479 2815 quod

1849 2837 1998 2892 clave
2025 2836 2168 2891 duce
2203 2851 2319 2889 non
2342 2834 2548 2906 potuit.
2580 2835 2708 2888 Haec
2742 2849 2969 2905 quoque
3007 2835 3323 2890 veneranda
3340 2853 3484 2908 prae-

1849 2934 2006 2985 sente
2034 2945 2127 2983 me
2156 2932 2313 3000 gesta
2338 2932 2490 2982 sunt.

1919 3022 2112 3077 LXVII.
2146 3023 2214 3076 Et
2242 3021 2377 3093 quia
2412 3021 2577 3075 beato
2613 3019 2733 3073 viro
2774 3019 2997 3073 nullum
3041 3018 3254 3074 obstitit
3287 3022 3482 3076 metal-

1850 3116 1991 3185 lum,
2021 3131 2152 3170 cum
2175 3115 2350 3185 ligna,
2379 3130 2530 3184 saxa,
2562 3113 2903 3167 ferramenta
2929 3114 3059 3166 ante
3084 3111 3275 3183 ipsum
3300 3115 3479 3169 soluta

1852 3214 2003 3279 sunt,
2056 3207 2255 3263 accidit
2307 3224 2417 3262 una
2466 3205 2689 3261 dierum
2733 3204 2958 3260 Parisiis
2987 3205 3304 3262 orationem
3348 3224 3480 3264 cum

1851 3304 2011 3358 daret
2037 3302 2107 3357 ad
2136 3301 2343 3356 ostium
2368 3299 2624 3369 carceris,
2641 3298 2900 3370 sequenti
2926 3303 3089 3353 nocte
3118 3299 3286 3354 trusis
3313 3319 3484 3374 appa-

1852 3399 1940 3451 ret
1962 3396 2157 3450 lumen
2192 3395 2252 3449 in
2299 3410 2541 3448 carcere.
2573 3392 2731 3446 Visus
2770 3395 2855 3446 est
2895 3391 2975 3447 eis
3000 3392 3303 3449 admonere
3330 3398 3483 3468 quod

1850 3490 2108 3545 foderent
2132 3492 2197 3543 ut
2222 3488 2357 3542 foris
2382 3486 2775 3559 procederent.
2805 3485 2911 3550 Qui
2952 3485 3199 3541 dicentes
3234 3488 3306 3542 ad
3344 3489 3484 3546 invio

1852 3600 1976 3639 cem
2001 3584 2275 3639 domuum
2303 3582 2645 3636 Germanum
2666 3596 2724 3634 se
2752 3579 2974 3648 vidisse,
3004 3584 3061 3634 et
3085 3580 3247 3653 signa
3272 3582 3485 3654 singuli

1850 3677 2123 3732 referunt.
2151 3678 2381 3730 Inventa
2401 3678 2552 3728 costa
2576 3674 2644 3728 de
2670 3673 2905 3744 pecude,
2923 3673 3199 3729 fodientes
3218 3684 3482 3733 amovent

1850 3769 2116 3843 lapidem,
2144 3773 2199 3824 et
2226 3767 2495 3839 praedicto
2520 3766 2700 3820 amico
2733 3766 2831 3821 Dei
2873 3771 3178 3822 occurrunt
3202 3768 3272 3822 ad
3302 3769 3479 3826 eccle-

1852 3864 1993 3919 siam
2039 3860 2317 3917 matutino
2356 3863 2630 3931 tempore,
2660 3875 2791 3913 cum
2833 3858 3044 3913 rediret
3082 3860 3153 3914 ad
3198 3863 3477 3933 requiem.

1852 3957 1940 4012 Sic
1970 3956 2163 4011 multis
2189 3970 2355 4010 causa
2380 3952 2570 4007 salutis
2619 3951 2728 4007 fuit
2765 3951 2954 4022 imago
2997 3953 3299 4024 Pontiﬁcis,
3328 3960 3386 4012 et
3411 3957 3483 4013 ad

1852 4050 2030 4105 vicem
2058 4047 2205 4104 beati
2231 4046 2381 4103 Petri
2408 4046 2563 4101 dedit
2592 4044 2770 4101 nostri
2795 4045 3106 4101 Sacerdotis
3140 4046 3261 4118 ipsa
3298 4048 3483 4122 ﬁgura

1851 4143 2117 4198 remedia.

1923 4237 2139 4293 LXVIII.
2198 4233 2409 4289 Dehinc
2462 4233 2574 4288 illis
2627 4231 2854 4303 ereptis,
2909 4231 3171 4287 tribunus
3245 4235 3481 4294 civitatis

1851 4330 2046 4386 saevire
2072 4328 2241 4400 caapit
2272 4328 2331 4382 in
2372 4326 2600 4395 milites,
2638 4326 2914 4396 deputans
2940 4341 3137 4380 eorum
3175 4326 3346 4386 fuisse
3385 4348 3481 4388 ne-

1853 4423 2206 4496 gligentiam,
2237 4421 2392 4494 quod
2417 4420 2537 4475 viro
2563 4418 2910 4473 sanctissimo
2936 4418 3237 4489 deputatur
3254 4422 3326 4477 ad
3356 4424 3478 4496 glo.

148 4508 337 4567 inimici
379 4515 551 4586 fasce,
598 4514 884 4587 respirans
928 4516 1178 4572 confessa
1223 4521 1307 4571 est
1347 4532 1644 4589 nunquam
1695 4534 1752 4574 se
1773 4535 1831 4607 D
1853 4519 2017 4574 riam.
2069 4518 2348 4572 Conversa
2379 4514 2440 4569 in
2477 4512 2735 4568 custodes
2775 4511 3067 4567 iracundia
3106 4513 3335 4586 judicis,
3380 4516 3481 4589 qui

147 4604 284 4675 prius
298 4606 498 4663 faciem
523 4608 673 4664 beati
707 4608 815 4664 viri
847 4609 1093 4681 potuisse
1126 4610 1465 4681 conspicere.
1508 4612 1627 4675 Qua
1649 4628 1751 4683 pe-

150 4700 281 4754 tente
324 4718 385 4757 ac
436 4706 724 4774 precante,
781 4702 927 4758 effici
975 4702 1292 4759 Christiana
1340 4719 1471 4758 cum
1526 4705 1756 4777 propria

151 4789 294 4848 domo
316 4796 651 4867 promeruit,
705 4799 762 4851 et
803 4796 964 4868 quasi
1006 4796 1190 4869 capite
1232 4798 1455 4855 subdito
1496 4799 1771 4870 exemplo.

153 4885 254 4954 ejus
273 4889 433 4944 multi
457 4890 788 4945 Iudaeorum
813 4891 1066 4945 conversi
1095 4894 1247 4947 sunt.

208 4977 360 5038 LXIV.
391 4984 563 5039 Decet
585 4983 678 5038 hic
701 4982 844 5039 illud
868 4983 1063 5056 inseri,
1105 4984 1352 5056 qualiter
1389 4984 1757 5057 pereg'rinula

152 5067 212 5126 sit
228 5072 469 5131 revocata
485 5076 588 5131 lux
601 5076 771 5132 oculi.
796 5077 989 5150 Itaque
1010 5094 1257 5150 pergens
1280 5079 1757 5150 Augustodunum

151 5177 239 5235 pro
260 5168 605 5225 ordinatione
635 5169 856 5242 Syagrii
892 5171 1163 5243 episcopi,
1195 5170 1309 5226 huc
1334 5170 1484 5227 inter
1511 5172 1758 5244 reliquos

154 5256 276 5315 cives
313 5262 672 5319 Florentinus
707 5263 926 5320 illuster
962 5280 1066 5337 pro
1100 5280 1374 5320 consensu
1420 5263 1638 5320 delatus
1675 5269 1760 5322 est

154 5347 339 5410 habens
378 5371 611 5412 naevum
646 5355 708 5412 in
752 5356 915 5411 oculo
953 5356 1291 5429 speciositati
1334 5357 1615 5430 derogans
1652 5357 1755 5412 ali-

154 5450 470 5517 quantulum
477 5466 553 5506 ne
567 5450 776 5506 florens
789 5450 1096 5507 haberetur
1110 5451 1171 5506 in
1185 5451 1366 5507 vultu.
1383 5452 1601 5507 Interea
1620 5451 1757 5507 dum

153 5535 321 5598 laudes
343 5544 727 5601 acclamantur
738 5543 1017 5617 episcopo,
1039 5561 1073 5599 a
1098 5544 1343 5617 quodam
1366 5543 1662 5618 ignorante
1690 5561 1760 5600 ex

156 5631 430 5706 improviso
456 5638 776 5711 percutitur
799 5637 1001 5695 eodem
1047 5637 1104 5692 in
1150 5638 1331 5710 oculo,
1363 5639 1664 5712 evulsoque
1691 5639 1760 5695 de

159 5722 261 5781 loco
287 5730 452 5803 coepit
473 5748 645 5805 supra
669 5732 955 5788 maxillam
980 5731 1152 5788 dubio
1175 5733 1427 5805 pendere
1456 5749 1588 5790 cum
1614 5733 1758 5790 visu.

161 5819 249 5885 Qui
272 5840 433 5881 cursu
476 5841 843 5900 prmpropero
879 5825 950 5881 ad
984 5823 1215 5883 beatum
1250 5826 1595 5884 Germanum
1631 5844 1762 5884 cum

500 5921 773 5989 PATROL.
819 5921 1056 5991 LXXII.

1855 4612 2111 4668 solebant
2136 4624 2439 4678 asservare,
2465 4605 2696 4662 tradidit
2728 4605 3026 4660 servandos
3068 4606 3127 4661 in
3152 4624 3393 4683 carcere,
3427 4617 3485 4669 et

1854 4704 2051 4761 ablatis
2079 4703 2323 4759 clavibus
2351 4700 2530 4772 judex
2556 4699 2622 4753 ﬁt
2646 4703 2831 4753 custos
2857 4699 3202 4758 custodibus.
3251 4704 3482 4761 Interim

1854 4800 1943 4854 vir
1985 4799 2181 4853 beatus
2219 4795 2513 4850 tribunum
2553 4795 2712 4847 vocat
2762 4792 2833 4846 ad
2877 4793 3201 4863 prandium.
3228 4799 3305 4852 Ac
3344 4799 3481 4855 dum

1854 4891 2069 4964 pariter
2090 4890 2349 4945 sederent
2372 4887 2434 4941 in
2458 4886 2658 4943 eodem
2685 4884 2959 4956 convivio,
2982 4886 3053 4941 ad
3079 4904 3335 4946 mensam
3362 4909 3486 4948 san-

1857 4986 1931 5041 cti
1960 4984 2065 5039 viri
2088 4984 2393 5039 occurrunt
2415 4984 2472 5035 et
2488 4979 2595 5051 ipsi
2620 4978 2720 5051 qui
2734 4978 2962 5035 fuerant
2982 4980 3141 5037 missi
3165 5000 3269 5054 pro
3293 4986 3405 5041 reis
3423 4986 3485 5042 in

1856 5078 2146 5150 compede.
2175 5075 2364 5132 Claves
2390 5074 2604 5129 habens
2646 5073 2707 5128 in
2749 5073 3012 5129 manibus
3056 5092 3187 5132 cum
3225 5078 3486 5135 tribunus

1857 5173 1927 5228 de
1955 5170 2163 5243 ereptis
2195 5169 2290 5224 vix
2329 5168 2584 5223 crederet
2616 5166 2771 5238 quod
2805 5167 3040 5237 videret,
3069 5186 3378 5242 agnoscens
3426 5188 3486 5228 se

1858 5265 1935 5321 sic
1979 5262 2280 5320 custodisse
2318 5260 2578 5316 similiter
2629 5250 2778 5315 sicut
2820 5266 2877 5317 et
2927 5261 3131 5318 milites
3180 5280 3482 5338 carcerem,

1859 5358 1989 5414 data
2012 5354 2257 5412 vicissim
2279 5355 2465 5427 venia,
2499 5355 2666 5425 culpa
2690 5354 2893 5410 transit
2917 5354 2979 5409 in
3002 5352 3266 5427 gratiam.

1929 5452 2095 5506 LXIX.
2155 5448 2361 5505 Inferat
2423 5447 2739 5504 Aurelianis
2800 5447 3063 5520 (Orléans)
3133 5450 3321 5509 nobile
3384 5449 3489 5511 viri

1858 5544 2227 5620 praeconium.
2255 5543 2375 5609 Qua
2401 5543 2471 5600 de
2496 5542 2718 5598 civitate
2744 5541 2828 5597 vir
2863 5545 3085 5596 sanctus
3120 5547 3489 5618 progrediens

1861 5640 2258 5697 damnatorum
2297 5652 2456 5692 voces
2491 5634 2774 5690 exaudivit
2808 5634 2868 5689 in
2911 5651 3154 5706 carcere,
3187 5656 3301 5711 quo
3340 5644 3490 5699 certe

1860 5734 2293 5791 subterraneum
2345 5726 2661 5785 habebatur
2719 5716 3089 5800 ergastulum.
3145 5734 3265 5798 Quo
3323 5748 3492 5806 super

1862 5825 2166 5885 ascendens
2207 5829 2263 5881 et
2300 5824 2612 5896 prostratus
2655 5820 2929 5879 accubans
2982 5814 3295 5882 orationem
3339 5826 3492 5887 dedit

3137 5927 3172 5985 3
