4020 6232
522 284 587 337 73
1431 277 1725 339 SANCTUS
1761 283 2138 349 GERMANUS,
2182 283 2588 339 PARISIISNSIS
2626 283 2999 340 EPISCOPL'S.
3838 276 3897 331 ’ἴό

518 390 733 445 amicus
760 390 966 446 Christi
991 406 1122 445 cum
1149 390 1432 462 lacrymis.
1472 394 1703 445 Prorsus
1746 391 1980 444 obtentu
2023 408 2148 444 ora-
2175 406 2233 477 Α
2254 391 2438 461 digus,
2470 391 2734 460 explicari
2758 408 2873 444 non
2904 389 3132 461 poterit,
3161 405 3266 445 nec
3295 389 3340 444 si
3367 390 3536 445 totius
3562 390 3767 462 populi
3796 408 3897 446 vox

518 484 628 539 culi
656 483 976 556 insequenti
1001 488 1167 540 nocte
1191 500 1412 539 carcere
1438 484 1712 556 patefacto
1753 483 1824 538 ab
1863 484 2154 539 basilicam

517 578 693 632 sancti
743 578 945 633 Aniani
996 577 1349 649 confugiunt.
1396 579 1462 631 Et
1511 577 1592 631 ita
1642 576 1838 631 beatus
1892 577 2152 632 Pontifex

518 670 776 743 quamvis
798 673 1194 743 praetereundo
1217 675 1343 742 post
1367 686 1424 724 se
1453 669 1684 742 reliquit
1724 670 2080 742 suffragium.

592 766 734 819 LXX.
790 766 911 820 Non
957 765 1250 820 fastidium
1317 763 1390 817 sit
1451 763 1647 818 audire
1700 764 1852 835 quod
1905 764 2153 819 Christus

477 873 480 877 '
516 862 751 930 praestat
795 858 1073 928 fidelibus,
1126 858 1264 912 dum
1313 840 1721 912 miraculorum
1762 857 1933 912 simul
1974 858 2152 912 virtus

518 952 717 1007 crescit
739 954 794 1006 et
820 968 1110 1007 numerus.
1146 952 1338 1023 Itaque
1368 951 1730 1006 Sanctissiino
1751 950 1995 1006 occurrit
2022 950 2149 1021 qui-

517 1044 648 1099 dam
698 1045 963 1113 Parisius,
1019 1045 1180 1115 cujus
1231 1044 1392 1116 quasi
1442 1061 1697 1116 pugnus.
1725 1044 2154 1100 extuberaverat

516 1138 729 1207 oculus,
758 1143 822 1192 ut
845 1138 1013 1192 etiam
1041 1137 1223 1193 dictus
1249 1142 1511 1209 vergeret
1553 1137 1613 1192 in
1642 1137 1808 1192 ruina
1850 1142 1981 1209 post
2023 1138 2149 1191 vul-

514 1248 670 1286 nera.
703 1232 822 1296 Quo
846 1234 1125 1304 regnante
1148 1231 1233 1284 vir
1258 1231 1354 1285 Dei
1380 1231 1449 1286 de
1480 1230 1654 1286 saliva
1671 1231 1783 1286 oris
1810 1231 1899 1285 sui
1924 1230 2153 1285 oculum

512 1325 782 1395 illiniens,
812 1325 1095 1380 medelam
1122 1323 1328 1378 lumini
1356 1324 1633 1378 revocavit
1662 1329 1719 1379 et
1742 1324 2005 1396 gratiam.

584 1419 750 1473 LXXI.
807 1419 1050 1473 Moverta
1109 1416 1222 1489 [AL
1275 1417 1540 1488 Noverca]
1609 1419 1872 1489 quaedam
1931 1418 2154 1473 Parisiis

511 1512 800 1582 pustulam
825 1511 1040 1566 habens
1066 1511 1128 1565 in
1151 1511 1404 1579 brachio,
1435 1511 1682 1566 cruciata
1708 1511 2017 1582 doloribus,
2057 1528 2151 1565 oc-

512 1621 745 1660 currens
792 1605 954 1660 beato
1008 1604 1150 1675 viro,
1191 1604 1314 1676 pari
1354 1604 1729 1660 medicamine
1765 1609 1920 1661 tactu
1967 1604 2154 1672 saliva;

515 1701 708 1752 curata
733 1702 837 1753 est.

2251 484 2311 538 in
2339 500 2450 539 uno
2479 500 2537 539 se
2570 484 2832 555 glutinet.
2860 484 2965 549 Qui
3000 484 3328 555 frequenter
3379 486 3682 538 contentus
3711 486 3898 540 casula

2252 578 2337 631 vel
2364 578 2572 646 tunica,
2607 576 2880 649 quidquid
2909 581 3032 631 erat
3070 577 3301 647 residui,
3329 577 3550 632 nudum
3583 595 3898 649 pauperem

2252 671 2543 740 vestiebat,
2567 670 2801 741 utinops
2821 670 3103 725 calefieret
3123 671 3394 741 largitore
3408 670 3654 742 algente.
3678 672 3899 736 Quanta

2253 764 2423 818 etiam
2448 762 2619 819 fuerit
2638 764 3048 834 redemptionis
3063 764 3281 833 effusio,
3304 764 3629 819 nullatenus
3656 765 3901 836 explica-

2252 857 2407 911 bitur
2426 858 2512 912 vel
2537 857 2659 911 loco
2685 858 2769 912 vel
2798 874 3059 912 numero.
3090 859 3246 913 Unde
3278 861 3409 912 sunt
3437 858 3725 930 contiguae
3755 875 3895 928 gen-

2252 954 2337 1005 tes
2360 951 2420 1005 in
2445 952 2856 1021 testimonium,
2887 952 3163 1023 Hispanus
3210 952 3427 1021 Scotus,
3470 951 3642 1021 Brito,
3673 953 3896 1019 Wasco,

2255 1043 2417 1111 Saxo,
2443 1044 2790 1115 Burgundio,
2810 1061 2940 1099 cum
2966 1045 3037 1099 ad
3065 1061 3280 1100 nomen
3311 1045 3464 1099 Beati
3491 1044 3897 1099 concurrerent

2253 1136 2503 1207 undique
2523 1136 2801 1192 liberandi
2812 1138 2955 1209 jugo
2982 1138 3213 1193 servitii.
3232 1139 3369 1193 Cum
3394 1154 3525 1192 vero
3541 1137 3899 1209 aliquatenus

2251 1229 2396 1284 nihil
2437 1234 2583 1285 esset
2620 1247 2739 1302 prae
2783 1232 3065 1300 manibus,
3119 1232 3292 1286 tristis
3348 1232 3547 1286 sedens
3595 1234 3652 1285 et
3696 1231 3899 1286 anxius

2255 1323 2580 1378 severiorin
2635 1325 2812 1392 vultu,
2858 1329 3115 1380 austerus
3161 1328 3283 1380 erat
3332 1325 3600 1396 alloquio.
3648 1326 3806 1380 Tunc
3855 1325 3899 1378 si

2252 1417 2507 1471 fortassis
2530 1417 2600 1471 ab
2619 1418 2809 1489 aliquo
2837 1418 3174 1473 invitaretur
3197 1419 3268 1473 ad
3292 1418 3618 1489 prandium,
3649 1418 3898 1489 compel—

2252 1511 2403 1566 lebat
2428 1511 2689 1565 convivas
2713 1515 2812 1566 aut
2838 1512 3132 1567 ministros
3158 1512 3434 1583 proprios,
3460 1514 3522 1565 ut
3543 1512 3899 1567 conferentes

2254 1604 2466 1675 pariter
2494 1605 2642 1660 unde
2668 1606 2754 1661 vel
2780 1623 2959 1660 unum
2989 1606 3272 1677 captivum
3314 1604 3539 1660 servitio
3563 1605 3897 1671 liberarent,

2255 1701 2312 1752 et
2338 1698 2416 1752 sic
2439 1698 2857 1770 aliquantulum
2887 1699 3199 1754 Sacerdotis
3240 1699 3546 1770 respiraret
3570 1699 3805 1753 animus
3832 1715 3899 1753 ex

586 1792 779 1846 LXXII.
822 1791 932 1846 Sed
976 1792 1024 1846 si
1049 1808 1428 1864 exsequamur
1478 1791 1887 1847 miraculorum
1934 1791 2156 1865 singula
2176 1778 2230 1849 B
2255 1808 2518 1847 moerere.
2550 1793 2708 1856 Quod
2736 1792 2782 1847 si
2808 1793 3079 1847 Dominus
3110 1791 3321 1864 aliquid
3344 1809 3447 1863 per
3474 1809 3679 1846 manus
3708 1792 3901 1846 Sancti

514 1899 643 1955 quae
666 1884 781 1939 suis
809 1885 980 1956 gestis
1005 1886 1273 1957 praesenti
1292 1886 1610 1941 floruerunt
1628 1885 1686 1940 in
1712 1885 1844 1955 vita,
1877 1887 1999 1941 haec
2028 1886 2148 1941 sine

514 1977 628 2032 fine
663 1981 797 2033 sunt
837 1983 1036 2049 coepta,
1082 1995 1203 2033 non
1246 1979 1354 2034 erit
1404 1979 1607 2033 modus
1636 1978 1695 2033 in
1740 1980 1971 2050 pagina.
2010 1979 2150 2043 Quia

514 2086 887 2142 quascumque
922 2071 1207 2126 Pontificis
1234 2089 1291 2127 se
1322 2073 1597 2127 convertit
1643 2072 1968 2143 praesentia,
1997 2073 2151 2128 nulla

513 2163 843 2219 morborum
870 2165 1172 2235 generibus
1210 2165 1392 2220 defuit
1427 2165 1712 2221 medicina
1753 2170 1810 2221 et
1852 2169 2063 2237 quanta
2093 2183 2151 2223 se

511 2257 841 2313 obtulerunt
868 2259 1265 2331 languentium
1290 2260 1545 2327 vulnera,
1575 2259 1773 2315 salutis
1789 2260 1941 2314 fudit
1960 2265 2044 2316 tot
2070 2277 2152 2316 se-

513 2352 689 2407 mina.
717 2352 969 2423 Namque
998 2352 1184 2424 prima
1221 2352 1509 2407 Pontificis
1548 2369 1930 2425 exsequamur
1958 2355 2041 2408 vel
2072 2355 2153 2409 ul-

512 2444 674 2513 tima,
713 2461 845 2500 cum
870 2461 974 2517 per
999 2446 1228 2501 salivam
1253 2446 1369 2501 oris
1394 2446 1476 2500 sui
1516 2446 1698 2502 multa
1724 2451 1917 2502 curata
1940 2447 2154 2503 fuerint

513 2538 725 2609 ulcera,
755 2542 994 2610 purgata
1017 2539 1131 2594 sint
1166 2556 1572 2611 energumena.
1589 2543 1733 2596 Ante
1760 2557 1932 2612 quem
1957 2557 2154 2613 quam-

514 2632 596 2687 vis
617 2633 833 2689 occulte
867 2632 1111 2688 venisset
1146 2633 1322 2688 hostis
1360 2633 1635 2705 nequitia,
1664 2634 1853 2689 statim
1891 2651 1950 2690 se
1976 2636 2154 2690 mani-

512 2726 735 2782 festavit
763 2726 1123 2782 fraudulenta
1148 2727 1368 2783 fallacia
1396 2745 1409 2783 :
1440 2744 1504 2783 ac
1531 2728 1600 2782 de
1636 2733 1941 2800 conspectu
1975 2729 2151 2784 sancti

513 2820 618 2874 viri
642 2819 776 2891 quia
800 2820 968 2875 celari
993 2836 1110 2876 non
1134 2824 1415 2893 poterant,
1440 2837 1545 2876 nec
1564 2821 1883 2878 tolerabant
1906 2838 2154 2895 praesen-

511 2913 672 2984 tiam,
701 2913 939 2969 terribili
966 2913 1190 2969 ululatu
1218 2931 1318 2969 sua
1362 2915 1667 2986 gemebant
1709 2915 1992 2987 incendia,
2020 2934 2150 2988 pas-

516 3007 623 3061 sim
652 3023 757 3079 per
782 3006 903 3061 loca
940 3008 1232 3063 volitantia
1257 3009 1617 3081 exponebant
1646 3014 1703 3065 et
1737 3009 1994 3077 crimina,
2027 3026 2151 3065 sus-

514 3100 678 3172 pensi
696 3117 798 3171 per
815 3116 945 3155 aera
968 3117 981 3155 :
1000 3101 1329 3174 frequenter
1341 3119 1445 3157 nec
1461 3103 1796 3174 interrogati
1815 3103 2155 3158 conﬁteban-

515 3290 775 3341 sanctum
809 3287 994 3341 virum
1035 3289 1336 3344 crueianda
1360 3289 1661 3345 daemonia.
1690 3290 1861 3360 Cujus
1889 3290 2153 3347 minister

518 3396 630 3452 quo
654 3380 776 3434 loco
799 3380 986 3435 Sancti
1015 3383 1242 3437 tenebat
1266 3382 1553 3451 baculum,
1587 3383 1701 3437 illic
1728 3398 2152 3454 energumenus

517 3474 802 3544 pendebat
838 3474 1110 3546 religatus
1150 3492 1282 3532 aero
1313 3477 1552 3548 vinculo,
1582 3480 1639 3531 et
1684 3475 1846 3548 quasi
1870 3476 2041 3532 clavis
2065 3478 2149 3532 af—

517 3566 630 3621 fixo
658 3568 955 3624 tenebatur
978 3569 1235 3642 vestigio.
1920 3634 1927 3641 ,

588 3662 802 3717 LXXIII.
833 3664 899 3717 Et
927 3663 1060 3735 quia
1103 3667 1292 3719 sancto
1337 3664 1456 3719 viro
1501 3679 1651 3734 saepe
1692 3662 1912 3717 inimici
1952 3663 2150 3719 tende-

516 3753 725 3809 bantur
745 3755 985 3827 insidiae,
1027 3760 1089 3811 ut
1120 3761 1221 3812 aut
1244 3774 1424 3830 equus
1450 3756 1673 3828 lapsum
1700 3756 2035 3813 incurreret.
2068 3757 2155 3813 vel

520 3864 713 3903 ramus
735 3850 953 3905 arboris
990 3854 1267 3923 tangeret,
1311 3853 1411 3905 aut
1448 3867 1596 3923 aqua
1631 3850 1790 3905 vallis
1830 3851 1917 3906 vel
1948 3850 2154 3922 glacies

516 3941 833 4012 periculum
857 3946 1183 4015 generaret;
1214 3959 1349 3998 mox
1374 3943 1473 4016 qui
1497 3948 1595 3999 aut
1619 3943 1821 4016 quanti
1850 3947 1949 3999 aut
1975 3944 2154 4016 quali—

520 4038 605 4090 ter
632 4038 812 4092 totum
852 4037 1228 4108 energumina
1267 4036 1479 4091 factum
1523 4054 1694 4092 omne
1737 4038 2156 4093 confitebantur

523 4131 580 4183 et
606 4145 931 4184 numerum.
967 4131 1107 4184 Cum
1133 4145 1265 4183 vero
1290 4130 1494 4200 pedem
1522 4130 1747 4185 efferret
1776 4131 1844 4186 de
1873 4131 2043 4186 domo
2072 4131 2157 4186 vel

524 4222 774 4293 ecclesia,
805 4223 1022 4278 videres
1046 4224 1262 4293 strages
1287 4222 1615 4277 daemonum
1641 4226 1771 4277 ante
1797 4224 1940 4278 tanti
1962 4224 2156 4279 Ponti-

522 4315 642 4370 ﬂcis
657 4334 719 4371 ac
739 4315 1169 4387 triumphatoris
1187 4315 1469 4370 obtutum.
1492 4316 1779 4372 Cadebant
1801 4316 1947 4371 circa
1970 4317 2158 4373 Sancti

522 4411 848 4465 catervatim
873 4408 1108 4480 vestigia
1131 4408 1366 4463 diversis
1391 4408 1575 4464 modis
1600 4408 1810 4465 effusa:
1834 4410 1956 4465 haec
1972 4414 2152 4480 muta,

2249 1885 2690 1956 dispensandum
2704 1885 2965 1941 alicunde
2984 1886 3275 1958 dirigeret,
3304 1902 3442 1941 mox
3460 1886 3520 1940 in
3535 1885 3743 1956 spiritu
3758 1902 3901 1955 pra:-

2250 1980 2445 2034 videns
2470 1979 2664 2034 solitus
2704 1983 2826 2034 erat
2870 1980 3057 2035 dicere
3097 1997 3110 2034 :
3144 1979 3360 2033 Gratias
3407 1996 3645 2051 agamus
3691 1979 3900 2033 divinae

2249 2073 2599 2142 Clementiae,
2625 2090 2762 2128 nam
2806 2073 2954 2128 unde
2997 2073 3096 2126 ﬁat
3124 2072 3442 2143 redemptio
3468 2072 3899 2143 appropinqua-

2250 2167 2349 2220 vit.
2380 2166 2658 2222 Continuo
2689 2166 2809 2221 sine
2843 2166 3216 2238 ambiguitate
3255 2182 3507 2238 praesens
3548 2165 3899 2235 probabatur

2252 2260 2503 2316 effectus.
2534 2262 2693 2325 Quod
2724 2261 2861 2315 dum
2900 2260 3206 2331 accepisset
3249 2260 3310 2315 in
3335 2258 3619 2328 manibus,
3649 2259 3903 2314 resoluta

2253 2371 2397 2426 ruga
2419 2354 2623 2409 frontis
2659 2355 2817 2409 vultu
2857 2354 3101 2409 ﬂorebat
3138 2353 3348 2423 senior,
3381 2370 3576 2423 gressu
3618 2352 3899 2423 pergebat

2252 2448 2509 2517 alacrior,
2537 2448 2731 2519 lingua
2758 2448 2969 2504 fluebat
2986 2447 3293 2519 jucundior
3313 2451 3405 2502 :ut
3434 2447 3695 2501 crederes
3720 2445 3906 2500 homi-

2253 2558 2387 2599 nem
2416 2558 2516 2612 pro
2547 2541 2893 2597 redimendis
2915 2542 3037 2597 aliis
3064 2558 3120 2596 se
3147 2541 3334 2613 ipsum
3361 2540 3649 2597 servitutis
3674 2539 3901 2595 vinculo

2253 2635 2634 2691 liberandum.

2325 2761 2513 2814 LXXV.
2537 2758 2670 2823 Quis
2686 2776 2817 2814 vero
2833 2759 3006 2829 digne
3022 2763 3244 2830 repetat
3263 2761 3473 2831 quanta
3501 2756 3680 2812 virtus
3709 2756 3907 2812 verbo-

2253 2870 2381 2907 rum
2404 2853 2474 2907 ab
2494 2868 2590 2907 ore
2611 2853 2903 2907 rotabatur
2928 2869 3055 2907 cum
3080 2853 3415 2923 praedicaret
3432 2852 3491 2906 in
3514 2851 3818 2921 populum,
3844 2854 3905 2904 ut

2254 2946 2409 3000 omni
2432 2946 2766 3001 litteraturae
2783 2949 3110 3001 nasceretur
3135 2949 3349 3017 stupor,
3381 2948 3437 3000 et
3464 2944 3624 2999 ﬁeret
3648 2945 3711 2998 in
3753 2960 3907 2997 com-

2253 3056 2426 3096 mune
2455 3039 2734 3112 generalis
2771 3040 3151 3111 compunctio,
3179 3042 3349 3110 atque
3396 3054 3465 3092 ex
3509 3054 3604 3091 ore
3659 3037 3904 3092 dicentis

858 3130 945 3204 ’5'“
968 3130 1445 3220 ’ξδῚυυωδτυυυ
1462 3130 1796 3220 ιξηδτξυὸδυ
1815 3130 2155 3220 υυυῖωῗωξ
2174 3145 2229 3220 C
2254 3134 2511 3189 crederes
2539 3136 2600 3187 ut
2627 3134 2795 3188 verba
2818 3134 3203 3187 formarentur
3228 3133 3297 3186 ab
3333 3132 3558 3203 angelo,
3592 3130 3732 3184 dum
3773 3131 3902 3201 plus

516 3196 610 3247 tur
634 3197 692 3249 et
715 3194 971 3249 nomina.
996 3194 1138 3249 Cum
1168 3212 1317 3266 saepe
1348 3212 1448 3251 suo
1475 3196 1725 3267 impulsu
1752 3196 2058 3251 currebant
2081 3197 2152 3251 ad
2176 3194 2228 3249 ‘1

2253 3244 2423 3300 quam
2451 3228 2623 3282 homo
2646 3227 2975 3298 loqueretur
3001 3225 3307 3280 translatus
3326 3225 3386 3280 in
3406 3227 3617 3281 mentis
3640 3243 3901 3293 excessu,

2253 3337 2384 3376 cum
2434 3320 2646 3375 abrasis
2699 3320 2936 3374 maculis
2982 3320 3305 3374 sinceritate
3341 3319 3625 3391 dogmatis
3670 3324 3905 3391 pectora

2254 3413 2452 3486 plebis,
2483 3416 2709 3485 cogeret
2737 3413 2943 3467 divinis
2967 3413 3271 3485 effragrare
3299 3412 3629 3485 pigmentis.

2324 3545 2539 3600 LXXVI.
2570 3545 2675 3608 Qui
2699 3543 2959 3616 equitans
3003 3542 3066 3597 in
3107 3542 3332 3609 itinere,
3379 3559 3605 3614 semper
3643 3544 3758 3598 Deo
3806 3543 3907 3598 ali-

2255 3638 2394 3710 quid
2420 3640 2519 3693 aut
2540 3638 2708 3693 verbo
2736 3636 2975 3692 contulit
2990 3638 3088 3691 aut
3106 3635 3375 3705 cantavit,
3397 3652 3629 3691 cursum
3658 3636 3729 3707 (a)
3748 3638 3907 3692 nudo

2255 3731 2436 3803 capite
2462 3731 2673 3802 dicens,
2705 3731 2809 3786 etsi
2835 3731 2935 3785 nix
2960 3734 3058 3784 aut
3100 3729 3285 3784 imber
3323 3733 3574 3801 urgeret.
3597 3730 3738 3784 Cum
3772 3747 3907 3785 vero

2259 3825 2413 3880 venit
2436 3824 2507 3879 ad
2522 3840 2779 3880 mensam
2804 3823 3101 3879 confestim
3129 3822 3371 3877 recitans
3418 3823 3598 3878 adfuit
3636 3823 3910 3879 minister

2261 3918 2447 3974 divina
2472 3917 2772 3990 colloquia,
2804 3921 2866 3972 ut
2893 3917 3044 3972 inter
3089 3915 3201 3970 cibi
3243 3917 3454 3972 fercula
3496 3917 3676 3971 animi
3707 3920 3909 3988 pastus

2258 4012 2529 4067 alimento
2564 4012 2693 4083 plus
2736 4011 3083 4066 saturaretur
3119 4010 3368 4066 conviva.
3398 4011 3634 4065 Nullum
3676 4013 3908 4082 tempus

2257 4104 2609 4177 interpolans
2636 4121 2747 4178 quo
2765 4120 2882 4159 non
2909 4106 3007 4158 aut
3030 4102 3157 4158 aliis
3184 4104 3497 4175 prodesset,
3520 4107 3617 4159 aut
3644 4120 3765 4160 non
3780 4103 3908 4177 ipse

2258 4199 2582 4271 proficeret.

2327 4318 2564 4372 LXXVII.
2606 4319 2885 4383 Quantam
2918 4333 3050 4372 vero
3089 4315 3413 4389 vigiliarum
3449 4332 3644 4371 curam
3673 4333 3910 4390 semper

2255 4408 2614 4482 impenderet
2638 4410 2764 4483 quis
2790 4412 3062 4466 enarret?
3101 4413 3210 4465 Aut
3249 4409 3517 4466 toleratos
3554 4411 3777 4481 algores
3807 4428 3906 4466 ar-

523 4503 618 4558 illa
642 4502 979 4572 clamantia;
1034 4502 1126 4556 illa
1153 4501 1285 4572 fixa,
1318 4502 1443 4557 haec
1492 4501 1730 4559 lubrica.
1784 4505 1854 4558 Et
1896 4505 2048 4560 velut
2090 4506 2160 4561 ad
2178 4516 2239 4590 D
2261 4504 2397 4561 dore
2423 4504 2558 4560 ﬁdei
2581 4504 2889 4576 praedicet?
2918 4521 3048 4560 cum
3073 4505 3404 4577 frequenter
3426 4504 3487 4559 in
3512 4504 3718 4559 lectulo
3745 4507 3911 4561 ante-

518 4596 773 4668 judicem
801 4597 939 4650 dum
976 4598 1135 4666 gesta
1173 4594 1455 4655 referrent
1491 4596 1741 4668 propria,
1788 4614 1906 4653 non
1931 4598 2163 4670 effugie-

524 4690 663 4745 bant
689 4692 993 4744 tormenta.
1020 4688 1129 4745 Sed
1152 4690 1225 4745 ad
1251 4689 1443 4745 Sancti
1461 4690 1813 4761 praeconium
1839 4696 2050 4764 quanta
2077 4696 2163 4749 est

525 4783 649 4839 haec
667 4781 933 4851 laudatio,
958 4799 1088 4838 cum
1114 4783 1478 4839 ineffabiliter
1497 4785 1677 4840 multa
1701 4788 1759 4840 et
1787 4787 2065 4858 stupenda
2087 4787 2159 4841 ab

529 4893 595 4933 eo
618 4876 820 4931 fierent
843 4876 945 4930 sub
972 4880 1266 4933 momento
1284 4878 1313 4932 Ἰ

601 4971 815 5025 LXXIV.
846 4970 1127 5026 Caeterum
1158 4971 1529 5044 eleemosynis
1554 4975 1831 5045 quantum
1848 4973 2024 5030 fuerit
2036 4992 2163 5047 pro-

604 5086 674 5158 (a)
704 5086 1030 5159 Scriptores
1047 5087 1267 5159 antiqui
1296 5104 1486 5144 cursus
1515 5106 1612 5145 seu
1641 5091 1900 5146 decursus
1927 5092 2161 5147 nomine

531 5158 718 5215 divina
744 5158 948 5228 officia,
991 5157 1105 5214 sive
1148 5157 1335 5229 horas,
1378 5165 1441 5215 ut
1481 5165 1701 5229 vocant,
1757 5162 2055 5217 canonicas
2078 5163 2163 5218 in-

531 5229 882 5304 telligebant,
913 5230 1064 5301 quod
1086 5232 1473 5304 persolvantur
1495 5232 1745 5304 quotidie
1770 5250 1834 5287 ac
1863 5233 2162 5289 decurran-

531 5304 644 5355 tur.
690 5301 906 5373 Regula
947 5301 1133 5373 sancti
1162 5303 1403 5373 Macarii,
1431 5301 1552 5373 cap.
1580 5306 1610 5356 9
1642 5319 1655 5356 :
1693 5324 1721 5351 ‹‹
1747 5304 1986 5358 Cursum
2035 5322 2159 5359 mo-

531 5371 765 5453 nasterii
790 5372 1171 5453 superomnia
1196 5371 1429 5453 diliges;
1471 5371 1571 5453 qui
1604 5374 1971 5453 vero_ssepiu_s
1999 5392 2161 5453 orare

532 5442 792 5509 voluerit,
822 5441 1139 5498 uberiorem
1155 5441 1404 5499 inveniet
1428 5441 1877 5499 misericordiam
1892 5446 2156 5501 Christi.»

535 5514 596 5589 _In
624 5513 744 5589 Vita
772 5530 879 5589 ms.
910 5514 1095 5589 sancti
1113 5515 1359 5589 Serenici
1373 5513 1590 5589 abbatis
1618 5515 1830 5589 (scacqu
1848 5532 1919 5570 v11
1937 5518 2159 5589 Bcned.)

532 5584 656 5637 haec
686 5585 982 5654 leguntur:
1022 5606 1049 5634 ‹‹
1080 5587 1139 5639 In
1165 5584 1434 5640 orationis
1457 5587 1648 5638 autem
1677 5587 1863 5641 studio
1890 5590 2079 5642 tantus
2098 5584 2162 5642 il-

531 5654 651 5730 lum
693 5656 877 5730 fervor
900 5656 1250 5728 accenderat,
1293 5658 1357 5730 u_t
1381 5654 1604 5730 absque
1644 5658 1913 5729 peculiari
1953 5659 2161 5730 suppli-

532 5725 750 5797 catione
794 5725 1116 5797 Rom—anum
1161 5742 1257 5797 seu
1302 5725 1670 5797 Gallicanum}
1727 5732 1783 5786 et
1838 5725 2159 5787 sanctorum

532 5795 761 5859 Patrum
790 5796 1074 5856 Benedicti
1102 5812 1198 5852 seu
1233 5796 1565 5855 Columbani
1600 5795 1827 5859 cursum
1865 5801 2021 5858 horis
2050 5800 2160 5859 sin-

2262 4614 2434 4670 quam
2446 4598 2695 4670 reliquos
2706 4599 2775 4654 de
2798 4614 2997 4669 sopore
3014 4600 3406 4654 commoneret
3427 4614 3744 4670 assurgere,
3760 4598 3907 4669 quin

2262 4691 2537 4763 quaginta
2557 4692 2806 4764 psalmos
2831 4693 2919 4749 vel
2945 4692 3210 4763 amplius,
3241 4691 3553 4747 indefessus
3577 4692 3639 4747 in
3678 4691 3905 4763 templo

2225 4842 2248 4862 ,
2264 4785 2351 4839 sui
2377 4785 2619 4856 pectoris
2644 4785 2879 4841 Domino
2906 4786 3249 4842 decantaret.
3276 4786 3383 4841 Sed
3417 4785 3543 4856 quis
3586 4785 3729 4839 illud
3773 4785 3903 4840 fur-

2262 4882 2387 4934 tum
2411 4878 2545 4934 felix
2569 4879 2712 4951 ]Al.,
2739 4880 2981 4951 felicem]
3026 4880 3112 4935 vel
3146 4879 3343 4934 auditu
3391 4878 3633 4934 senserit
3658 4877 3747 4933 vel
3772 4877 3907 4934 visu

2262 4972 2719 5046 deprehenderit,
2745 4992 2876 5030 cum
2902 4975 3024 5046 ipse
3063 4974 3133 5030 de
3173 4973 3376 5029 lectulo
3412 4972 3743 5045 frequenter
3774 4971 3904 5029 sine

2343 5089 2412 5145 lis
2454 5090 2693 5146 Domino
2735 5092 3076 5148 decantaret.
3108 5110 3134 5144 ››
3184 5090 3289 5147 Ubi
3327 5062 3601 5148 particula
3624 5103 3719 5143 seu
3746 5090 3907 5143 utro-

2300 5162 2431 5234 ique
2455 5162 2771 5232 copulativa
2811 5166 2915 5230 est,
2960 5179 3063 5217 nec
3088 5179 3285 5243 cursus
3322 5159 3610 5216 Romanus
3637 5159 3731 5213 hic
3756 5160 3905 5215 alius

2300 5237 2348 5288 st
2374 5252 2408 5287 a
2431 5233 2733 5288 Gallicano.
2757 5234 2897 5288 Nam
2922 5234 3102 5289 Gallos
3116 5234 3254 5289 ohm
3280 5234 3564 5287 Romanos
3587 5232 3904 5289 appellatos

2262 5247 2348 5288 est
2374 5252 2408 5287 a
2431 5247 2733 5288 uamcano.
2757 5247 2897 5288 Nam
2922 5247 3102 5289 uanos
3116 5247 3254 5289 enm
3280 5247 3564 5287 homanos
3587 5247 3900 5302 appeuatos

2260 5303 2322 5375 in
2346 5305 2485 5359 Vitae
2530 5305 2721 5375 sancti
2746 5304 3032 5359 Samsonis
3076 5305 3271 5375 episc.,
3300 5302 3567 5375 praefat”
3588 5318 3755 5375 gpag.
3774 5306 3900 5373 165,

2262 5374 2679 5430 observavimus
2707 5374 2785 5446 (in
2817 5375 2971 5430 Actis
3008 5373 3182 5430 sanct.
3212 5374 3542 5446 metamur-ti
3576 5373 3900 5446 Benedicti).

2261 5446 2339 5499 De
2368 5463 2533 5501 cursu
2559 5444 2764 5500 GalliCo
2790 5446 2998 5500 iterum
3017 5445 3235 5502 mentio
3251 5446 3316 5498 tit
3336 5444 3399 5498 in
3422 5444 3547 5498 Vita
3572 5445 3752 5498 sancti
3778 5446 3904 5500 Wa~

2262 5515 2418 5588 larici
2444 5517 2597 5585 abb.,
2625 5516 2776 5588 apud
2812 5517 3061 5588 Surium,
3106 5522 3125 5572 I
3171 5515 3370 5588 April.,
3397 5532 3576 5588 num1
3610 5515 3697 5571 14.
3727 5517 3905 5572 Porro

2260 5587 2403 5660 nihil
2428 5588 2532 5642 hac
2557 5586 2688 5643 voce
2714 5587 2971 5660 usitatius
2999 5588 3147 5659 apud
3171 5586 3513 5660 Gregorium
3538 5586 3775 5655 Turon.,
3804 5588 3904 5660 qui

2230 5657 2472 5735 .librum
2489 5676 2668 5735 unum
2694 5657 3050 5735 decursibus
3074 5657 3459 5735 ecclesiasticis
3499 5674 3533 5714 a
3574 5673 3635 5717 se
3664 5657 3903 5735 compo-

2259 5728 2432 5787 situm
2455 5730 2517 5788 in
2539 5730 2641 5790 lib.
2671 5747 2703 5790 ι
2730 5731 2869 5789 Hist.
2898 5732 3329 5788 commemorat.
