4020 6232
1685 311 1856 365 VITA.
3384 315 3448 366 78

120 422 298 494 caligis,
313 439 379 476 ne
395 419 794 476 sentireturab
809 420 1015 492 aliquo,
1031 419 1281 491 perrexit
1295 419 1356 474 in
1381 419 1710 490 oratorium,
1737 434 1795 505 Α
1815 421 2100 489 premeret
2128 416 2281 472 illata
2308 415 2632 473 necessitas.
2666 417 2897 473 Paratus
2916 431 3021 489 pro
3040 417 3447 488 misericordia,

118 517 302 571 nullum
313 515 413 568 sibi
431 515 673 585 cupiens
687 519 890 569 testem
903 515 958 568 in
972 513 1112 568 illud
1137 513 1246 584 [AL
1257 557 1272 577 ,
1297 512 1475 585 illum]
1500 513 1716 567 furtum

116 615 289 681 praeter
309 608 592 663 Christum
619 623 936 662 occurrere.
966 608 1070 671 Qui
1100 607 1382 662 celebrata
1409 606 1596 678 vigilia
1623 622 1712 660 re-

117 718 280 756 means
307 701 372 754 ad
396 700 672 755 lectulum
703 700 867 772 quasi
897 699 1040 754 nihil
1071 700 1272 772 egerit,
1305 705 1440 754 tunc
1464 699 1711 770 primum

117 795 332 865 reliquos
358 794 651 849 excitaret.
684 795 903 858 Quanta
937 809 1068 848 vero
1107 793 1177 847 ad
1211 793 1565 864 psallendum
1608 791 1714 846 fuit

112 887 403 953 constantia,
436 887 577 940 dum
606 887 762 942 velut
801 885 934 941 ferri
971 886 1158 958 rigore
1193 885 1394 940 induta
1424 902 1552 940 caro
1578 885 1710 939 sub-

111 981 316 1049 sisteret,
356 997 484 1034 cum
527 997 667 1033 saxa
706 977 890 1050 frigus
931 979 1299 1048 decrustaret,
1348 984 1403 1033 et
1446 995 1620 1050 aquas
1655 979 1714 1032 in

112 1077 320 1127 crustam
345 1075 630 1128 verteret?
657 1072 764 1136 Qui
789 1089 920 1127 cum
947 1072 1060 1127 suis
1087 1071 1395 1127 visceribus
1423 1072 1715 1127 dimicaret

111 1173 154 1221 et
179 1167 420 1233 vinceret,
450 1182 601 1238 pene
641 1166 893 1238 scipsum
927 1165 1280 1236 obliviscens,
1308 1170 1373 1220 ut
1409 1165 1713 1220 domestico

114 1265 359 1314 tormento
383 1264 652 1331 superato
681 1276 915 1331 corpore
937 1261 1005 1315 de
1026 1276 1084 1315 se
1111 1259 1468 1330 triumphum
1493 1260 1553 1313 in
1576 1275 1712 1329 pace

109 1353 259 1408 factus
283 1357 494 1424 martyr
512 1353 836 1424 acquireret
865 1370 878 1407 :
907 1357 992 1422 ut,
1014 1370 1071 1407 se
1100 1352 1450 1407 mutantibus
1475 1351 1709 1421 clericis,

110 1447 210 1500 sine
235 1446 605 1502 vicissitudine
645 1447 766 1517 ipse
797 1447 1128 1502 decantandi
1171 1446 1557 1502 modulamina
1597 1462 1713 1500 non

110 1539 285 1594 ﬁniret.
311 1541 446 1594 Cum
474 1555 628 1611 pene
658 1539 764 1594 hoc
790 1539 1195 1594 incredibiliter
1213 1539 1422 1595 dicitur
1442 1539 1595 1610 quod
1613 1539 1714 1593 sci-

110 1637 218 1686 tur:
245 1632 366 1703 quia
389 1633 556 1686 tertia
586 1632 765 1687 noctis
792 1633 932 1687 hora
954 1632 1282 1703 ingrediens
1307 1632 1365 1686 in
1398 1632 1710 1701 ecclesiam,

111 1741 202 1778 non
226 1731 300 1779 est
328 1741 589 1796 egressus
616 1725 856 1780 ulterius
881 1725 1249 1796 psallentium
1275 1726 1345 1779 ab
1375 1725 1593 1793 ordine,
1622 1725 1714 1780 do-

1816 527 2040 582 semper
2067 528 2302 566 currens
2336 528 2440 582 pro
2465 511 2647 580 venia,
2677 515 2837 582 pater
2869 515 2924 565 et
2950 515 3136 581 pastor
3159 512 3355 584 populi
3380 512 3451 566 ad

1816 621 1873 658 se
1911 604 2118 658 alienas
2161 621 2354 660 causas
2391 605 2737 660 transferens
2774 609 2830 658 et
2869 605 3146 676 querelas,
3190 609 3288 659 aut
3347 622 3451 676 pro

1813 701 1973 768 parte
2017 697 2331 768 mitigabat,
2362 697 2582 752 dolores
2621 697 2968 768 compatiens
3015 702 3112 751 aut
3171 702 3449 768 quantum

1814 798 2001 864 posset
2028 810 2096 846 ex
2122 797 2238 847 toto
2268 793 2499 848 curabat
2530 794 2696 848 corde
2727 793 3084 848 subveniens.

1885 887 2151 940 LXXVIII.
2201 888 2262 940 In
2309 891 2533 941 tantum
2583 903 2809 959 quoque
2855 886 3023 940 sacris
3077 885 3448 957 amplificatus

1814 979 2189 1052 provectibus,
2223 979 2393 1035 etiam
2419 981 2570 1034 diem
2599 980 2750 1034 beati
2776 979 2865 1033 sui
2891 979 3161 1034 transitus
3193 981 3273 1035 ita
3298 997 3444 1051 prae-

1814 1073 1955 1128 dixit
1976 1078 2040 1128 ut
2071 1073 2385 1128 subdimus.
2415 1075 2559 1128 Ante
2585 1073 2801 1144 aliquos
2829 1073 2948 1127 dies
2974 1091 3107 1128 nam
3137 1090 3339 1128 vocans
3378 1075 3447 1128 ad

1812 1183 1872 1220 se
1927 1166 2212 1221 notarium
2268 1183 2455 1235 suum,
2510 1165 2755 1236 imperat
2803 1165 2862 1219 in
2912 1166 3234 1221 cubiculum
3277 1183 3448 1238 supra

1812 1259 2021 1314 lectum
2077 1275 2245 1313 suum
2294 1259 2535 1313 scribere
2583 1258 2689 1312 hoc
2737 1260 3147 1330 tantummodo,
3205 1260 3300 1315 sed
3341 1276 3443 1314 ne-

1814 1352 2117 1407 scientibus
2172 1353 2220 1422 (v
2268 1351 2544 1406 Kalendas
2588 1349 2799 1417 lunias)
2853 1351 3114 1407 omnibus
3161 1353 3298 1424 quid
3340 1354 3445 1408 hoc

1814 1450 1992 1515 esset;
2038 1449 2162 1516 post
2206 1444 2327 1516 ejus
2368 1445 2600 1500 Sanctus
2638 1444 2910 1499 discessus
2954 1446 3328 1502 manifestavit
3378 1449 3445 1503 de

1813 1539 2048 1607 sacculo;
2080 1555 2212 1592 nam
2255 1555 2442 1610 neque
2479 1540 2585 1593 hoc
2625 1537 2898 1592 Dominus
2938 1539 3202 1593 familiari
3241 1540 3446 1596 anima:

1812 1632 2158 1686 abscondere
2198 1633 2454 1703 pertulit.
2493 1631 2745 1702 Denique
2777 1631 2974 1686 eadem
3009 1632 3251 1704 dietpost
3278 1650 3444 1705 pera-

1814 1729 1968 1779 ctum
1993 1725 2253 1795 praelium
2292 1727 2493 1780 Beatus
2525 1725 2788 1796 migravit
2825 1726 2896 1780 ad
2925 1726 3228 1781 Christum.
3263 1727 3356 1782 His
3393 1734 3448 1783 et

111 1833 195 1871 nec
236 1819 562 1873 clarescente
615 1819 726 1886 die,
784 1819 1109 1873 decantatus
1154 1818 1480 1872 solemniter
1518 1809 1790 1879 cursusB
1814 1818 2196 1872 consimilibus
2243 1818 2442 1872 studiis
2483 1823 2784 1890 occupatus
2825 1836 2887 1873 ac
2937 1836 3162 1890 semper
3196 1820 3447 1876 intentus

110 1910 366 1966 universus
391 1915 888 1966 consummaretur
914 1928 981 1965 ex
1012 1928 1246 1966 canone.
1277 1913 1418 1966 Cum
1443 1920 1575 1966 vero
1610 1912 1710 1965 do-

110 2019 243 2058 mum
270 2005 664 2075 regrederetur
684 2005 954 2076 fatigatus
979 2010 1142 2059 aetate
1163 2004 1249 2059 vel
1277 2005 1509 2077 frigore,
1537 2009 1635 2059 aut
1652 2005 1714 2058 il—

110 2095 202 2151 lata
237 2097 580 2152 diversorum
622 2097 972 2168 inquietabat
997 2098 1306 2169 suggestio,
1339 2102 1436 2152 aut
1482 2098 1550 2151 ab
1593 2098 1714 2168 ipso

110 2190 467 2260 requirebatur
496 2190 596 2244 ubi
625 2190 904 2261 praeberet
934 2190 1272 2262 suffragium
1303 2207 1316 2244 :
1346 2195 1411 2245 ut
1437 2190 1606 2245 etiam
1645 2191 1716 2245 ad

110 2283 329 2354 requiem
382 2283 706 2353 reclinanti,
731 2283 816 2338 vel
842 2284 1139 2354 paululum
1165 2285 1233 2339 de
1261 2284 1506 2356 querelis
1526 2301 1716 2338 occur-

111 2376 323 2429 rentium
343 2377 691 2432 afﬂictarum
712 2378 799 2431 vel
822 2393 1161 2448 pauperum,
1184 2393 1322 2432 crux
1341 2381 1637 2448 pararetur
1656 2376 1714 2430 in

109 2466 310 2538 lectulo;
337 2474 686 2542 postponens
724 2486 852 2524 suas
891 2470 1146 2540 injurias,
1197 2486 1270 2524 ne
1312 2474 1715 2542 suggerentem

168 2626 227 2695 (a)
252 2626 321 2680 De
357 2627 834 2708 sanctiﬁermani
878 2628 1038 2708 obitu
1063 2626 1372 2708 Gregorius
1393 2628 1627 2708 Turon_.,
1657 2628 1716 2682 in

215 2714 262 2765 v,
292 2714 410 2768 cap.
442 2700 497 2767 8,
532 2699 617 2752 ita
645 2698 869 2752 scribit:
904 2720 932 2750 ((
973 2700 1048 2752 Eo
1083 2693 1231 2751 anno
1269 2698 1474 2768 (primo
1507 2693 1718 2753 scilicet

112 2767 696 2839 Childebertijunioris,
717 2769 922 2823 Christi
940 2772 1083 2839 526),
1108 2774 1164 2823 et
1179 2767 1379 2823 beatus
1403 2770 1717 2824 Germanus

112 2836 757 2912 Parisiorum'episcopus
798 2841 1018 2912 transiit
1046 2836 1077 2894 'i
1124 2840 1184 2892 in
1229 2841 1390 2910 cujus
1433 2841 1716 2912 exsequiis

112 2910 272 2991 multis
292 2910 617 2991 virtutibus,
648 2927 786 2991 quas
811 2910 870 2964 in
898 2927 1142 2991 corpore
1171 2916 1440 2980 gesserat,
1470 2910 1713 2991 hoc—mi-

113 2981 329 3034 raculum
369 2982 866 3035 conﬁrmationem
904 2981 1053 3036 fecit.
1100 2982 1241 3035 Nam
1270 2983 1593 3036 carcerariis
1631 3000 1716 3037 ac-

116 3051 466 3124 clamantibus,
497 3069 712 3124 corpus
741 3052 800 3105 in
829 3053 1012 3123 platea
1038 3059 1410 3124 aggravatum
1437 3058 1539 3120 est,
1569 3055 1716 3108 solu-

114 3121 280 3196 tisqne»
297 3123 370 3178 eis
404 3121 623 3196 rursus
651 3124 773 3196 sine
818 3121 1008 3196 labore
1047 3121 1306 3196 levatur:
1341 3124 1448 3194 ipsi
1488 3142 1713 3196 quoque

1815 1911 1931 1965 fere
1960 1911 2352 1982 octogenarius
2381 1928 2484 1983 per
2509 1911 2704 1966 orbem
2729 1912 3002 1966 mirandis
3031 1913 3248 1968 actibus
3276 1915 3444 1969 ascis-

1815 2004 2025 2058 candus
2075 2004 2438 2075 martyribus,
2471 2005 2733 2075 apostolis
2775 2005 3191 2076 aggregandus,
3238 2008 3448 2077 glorifi-

1817 2097 2025 2151 candus
2052 2096 2287 2166 meritis,
2317 2098 2671 2152 coronandus
2697 2098 2756 2151 in
2784 2098 3029 2169 populis,
3060 2103 3286 2170 ereptus
3323 2117 3445 2155 cor-

1816 2206 1988 2260 poreo
2007 2190 2246 2257 vinculo,
2272 2190 2632 2244 immaculato
2657 2190 2860 2262 spiritu
2879 2190 3056 2244 beatis
3078 2192 3208 2245 fidei
3226 2192 3447 2248 dotibus

1815 2283 2219 2352 perpetualiter
2248 2284 2518 2353 victurus,
2558 2284 2737 2338 victor
2775 2283 3009 2338 evolavit
3044 2285 3113 2339 ad
3158 2285 3343 2354 caelos,
3375 2287 3445 2358 (a)

1816 2380 2090 2446 regnante
2120 2376 2356 2430 Domino
2383 2381 2575 2432 nostro
2601 2378 2731 2432 Jesu
2755 2377 2995 2446 Christo,
3020 2378 3111 2432 cui
3140 2383 3226 2433 est
3247 2379 3444 2450 gloria,

1816 2467 2001 2522 honor
2029 2473 2084 2524 et
2108 2475 2353 2541 potestas
2389 2470 2448 2524 in
2475 2471 2679 2525 szecula
2707 2471 3064 2525 saeculorum.
3098 2473 3298 2527 Amen.

1815 2625 1930 2680 ticu
1955 2625 2406 2699 basilicaesancti
2435 2627 2732 2697 Vincentii,
2765 2627 2825 2682 in
2855 2645 2967 2699 qua
2989 2627 3188 2684 beatus
3227 2629 3451 2684 Germa-

1817 2713 1925 2771 nus
1950 2697 2252 2771 requiescit
2278 2698 2339 2771 in
2364 2715 2617 2771 corpore,
2645 2697 2943 2768 residebat,
2967 2699 3253 2771 dirigitur.
3285 2723 3312 2750 n
3345 2703 3451 2756 Ad-

1817 2768 1902 2822 dit
1943 2769 2239 2843 Airnoiiius
2278 2769 2339 2843 in
2372 2768 2480 2823 lib.—
2513 2787 2570 2843 in
2611 2771 2680 2824 de
2724 2771 2870 2843 Gest.
2912 2768 3131 2840 Franci,
3186 2788 3310 2843 cap.
3362 2776 3446 2840 16,

1819 2858 1853 2912 ‹‹Δ
1879 2839 2185 2912 quodcum
2210 2841 2680 2912 reginuntiatum
2712 2842 2857 2895 foret
2885 2857 3092 2911 magna
3120 2839 3452 2898 eum—devo-

1815 2909 1970 2984 tione
1996 2909 2129 2984 illuc
2158 2909 2481 2984 adveniens,
2512 2917 2568 2984 et
2591 2917 2747 2966 tanto
2776 2909 3008 2983 gavisus
3028 2913 3301 2967 miraculo
3328 2915 3451 2984 ejus

1817 2980 2169 3055 epitaphium
2211 2983 2298 3036 his
2341 2983 2592 3055 distichis
2630 2980 2906 3054 rhytmice
2941 2985 3275 3055 composuit,
3309 2980 3449 3040 n'ab

1817 3053 2078 3106 Aimoino
2105 3053 2338 3108 fortasse
2366 3053 2644 3125 expolitis.

1871 3149 2210 3214 Epitaphium
2239 3152 2405 3200 sancti
2429 3152 2672 3200 Germani
2708 3165 2802 3214 per
2830 3149 3179 3215 Chilperz'cum
3206 3168 3393 3218 regem.

113 3195 191 3266 qui
215 3192 367 3248 soluti
389 3195 624 3249 fuerant
650 3195 709 3249 id
728 3195 1063 3266 obsequium
1093 3195 1307 3249 funeris
1332 3192 1597 3266 usque—ad
1619 3192 1715 3250 ba-

113 3263 291 3348 silicam
321 3266 378 3319 in
412 3282 525 3348 qua
565 3266 824 3346 sepultus
861 3263 966 3348 est,
995 3265 1156 3348 liberi
1197 3263 1712 3348 pervenerunt.Ad

114 3337 390 3404 sepulcrum
417 3343 616 3392 autem
657 3337 779 3407 ejus
799 3337 1017 3417 'multas
1057 3338 1291 3418 virtutes
1330 3338 1581 3418 Domino
1609 3339 1710 3393 tri-

113 3402 596 3486 buentecredentes
618 3413 992 3486 experiuntur
1016 3425 1028 3462 :
1053 3414 1133 3486 ita
1148 3413 1212 3486 ut
1230 3409 1472 3486 quisque
1492 3426 1536 3486 si
1559 3414 1715 3479 justa

113 3479 304 3544 petierit
340 3479 608 3534 velociter
639 3484 901 3550 exoptata
938 3483 1206 3550 reportet.
1248 3479 1314 3534 ’Si
1357 3479 1482 3550 quis
1521 3484 1712 3534 tamen

115 3552 330 3622 strenuas
353 3550 598 3622 virtutes
616 3549 772 3622 illius
797 3566 936 3622 quas
962 3549 1022 3604 in
1042 3566 1285 3622 corpore
1305 3549 1452 3619 fecit,
1481 3551 1712 3606 sollicite

114 3618 533 3692 vultginquirere,
585 3621 801 3675 librum
813 3618 963 3676 “vitae
1001 3618 1160 3676 illius
1194 3621 1293 3692 qui
1335 3639 1366 3676 a
1408 3618 1713 3678 Fortunato

146 3690 397 3765 rest)me
414 3690 766 3765 compositus
788 3697 890 3763 est,
919 3693 1135 3765 legens,
1160 3690 1362 3765 cuncta
1386 3693 1650 3765 reperiet.
1682 3713 1709 3746 »

150 3760 265 3835 illi).
285 3763 348 3835 de
363 3765 511 3819 Glor.
531 3760 711 3830 conf,
743 3760 1008 3834 cap.'90':
1043 3785 1070 3816 «
1097 3760 1473 3835 Ingrediente,
1504 3764 1710 3835 inquit,

116 3829 386 3912 Chilperico
404 3851 541 3907 rege
561 3835 626 3912 in
651 3829 852 3912 urbem
870 3829 1229 3912 Parisiacam,
1250 3829 1520 3912 postridie
1541 3829 1714 3906 quam

116 3914 195 3956 rex
225 3905 497 3977 ingressus
524 3911 613 3962 est
657 3905 961 3978 civitatem,
994 3905 1335 3980 paralyticus
1362 3906 1461 3979 qui
1485 3906 1545 3961 in
1560 3905 1710 3979 ipor-

1939 3229 2186 3296 Ecclesia;
2209 3233 2501 3296 speculum,
2527 3232 2707 3295 patriae
2735 3231 2902 3296 vigor,
2927 3246 3016 3281 ara
3041 3244 3250 3283 reorum

2000 3291 2063 3340 Et
2086 3291 2308 3359 pater—et
2333 3291 2586 3359 medicus,
2615 3291 3073 3359 pastor'amorque
3102 3297 3296 3359 gregis,

1937 3354 2224 3420 Germanus
2249 3356 2436 3407 virtute
2456 3355 2580 3417 ﬁde,
2605 3354 2785 3417 corde,
2816 3371 2906 3407 ore
2929 3354 3131 3420 be’atus‘,

2001 3418 2165 3484 Carne
2187 3422 2335 3484 tenet
2357 3421 2634 3484 tumulum,
2661 3420 2849 3484 mentis
2877 3420 3077 3484 honore
3106 3418 3307 3484 polum,

1939 3477 2140 3546 Vir__cui
2169 3480 2298 3546 dura
2322 3481 2450 3530 nihil
2476 3477 2772 3532 nocuerunt
2793 3477 3151 3546 fatasepulcri
3183 3498 3196 3531 :

2001 3540 2139 3608 Vivit
2162 3543 2321 3608 enim,
2347 3557 2468 3608 nam
2496 3557 2636 3608 more
2661 3558 2818 3608 quem
2844 3545 2960 3608 tulit
2981 3540 3095 3608 ipsa
3119 3545 3284 3597 timet.

1936 3603 2507 3673 Crevitadhuc'potius
2525 3603 2694 3670 justus
2719 3611 2836 3671 post
2859 3603 3078 3673 funera;
3099 3621 3221 3658 nam
3247 3609 3338 3673 qui

2000 3665 2176 3733 Fictile
2199 3682 2292 3717 vas
2317 3665 2499 3730 fuerat,
2524 3665 2737 3732 gemma
2760 3669 2985 3733 superba
3009 3665 3187 3733 micat.

1937 3727 2104 3797 Hujus
2120 3743 2276 3797 opem
2295 3744 2356 3779 ac
2375 3727 2616 3780 meritum
2645 3732 2806 3797 muris
2823 3727 3132 3797 dataverba
3151 3734 3449 3797 loquuntur,

2000 3790 2248 3856 Redditus
2278 3797 2330 3841 et
2352 3807 2504 3842 033018
2527 3794 2778 3856 praadicat
2800 3807 2891 3844 ore
2917 3793 3044 3843 dies.

1938 3852 2086 3922 Nunc
2115 3854 2206 3922 vir_
2220 3852 2546 3922 apostolicus
2563 3856 2772 3922 rapiens
2798 3857 2862 3906 de
2893 3870 3048 3922 carne
3079 3861 3352 3922 trOpteum,

1997 3915 2023 3964 J
2030 3928 2118 3966 ure
2143 3915 2445 3981 triumphali
2470 3915 2698 3970 conﬁdet
2717 3933 2840 3971 arce
2859 3919 2984 3984 poli.

961 4299 1597 4436 SANCTI
1721 4303 2577 4467 GERMANI,

1252 4537 1802 4624 PARISIENSIS
1855 4539 2288 4633 EPISCOPI,

733 4718 1219 4858 EPISTOLA
1302 4729 1422 4856 All
1479 4728 2236 4869 BBUNICHILDEM
2323 4722 2795 4860 REGINAM.

1305 4959 2206 4998 ψ

167 5099 390 5162 Dominae
438 5108 901 5166 clementissimae
940 5113 1110 5183 atque
1155 5109 1708 5184 przecellentissimae,
1731 5124 1790 5198 D
1812 5110 1952 5169 nunc
1977 5118 2182 5184 tempus
2208 5113 2552 5184 acceptabile,
2583 5128 2692 5168 ecce
2718 5127 2859 5168 nunc
2894 5108 3009 5169 dies
3041 5113 3258 5168 salutis.
3290 5109 3446 5168 Nunc

113 5198 155 5246 et
178 5199 319 5254 nobis
337 5218 564 5275 semper
588 5204 858 5276 piissimae
886 5205 1131 5260 dominae
1164 5209 1219 5260 et
1243 5205 1304 5260 in
1329 5205 1548 5262 Christo
1578 5223 1707 5262 san-
1814 5223 1844 5262 e
1881 5207 2162 5262 contrario
2215 5212 2332 5262 tam
2370 5207 2622 5264 funestos
2665 5211 2720 5262 et
2761 5207 3047 5263 luctuosos
3086 5211 3217 5263 ante
3259 5206 3447 5262 oculos

114 5291 195 5340 ctae
216 5292 456 5351 Ecclesia:
482 5297 618 5353 ﬁlia:
646 5297 996 5354 Brunichildi
1016 5297 1231 5371 reginae
1249 5299 1560 5356 Germanus
1585 5318 1711 5373 pec-
1810 5301 2082 5357 habentes
2111 5301 2247 5372 dies,
2277 5301 2480 5357 ﬂenter
2509 5301 2748 5356 dicimus
2782 5319 2795 5356 :
2829 5303 2967 5357 Ecce
2996 5301 3114 5356 dies
3139 5299 3449 5356 tribulatio-

112 5385 250 5439 cator.
292 5388 428 5452 Quia
470 5391 718 5446 Charitas
771 5393 1088 5464 congaudet
1138 5393 1360 5449 veritati
1414 5399 1470 5449 et
1520 5395 1711 5449 omnia
1809 5394 1897 5449 nis
1926 5399 1982 5450 et
2007 5395 2342 5468 perditionis
2377 5401 2583 5451 nostrae
2621 5395 2947 5451 adveniunt.
2986 5395 3078 5450 Vae
3115 5393 3276 5448 nobis
3313 5393 3445 5467 quia

112 5477 310 5535 sustinet
345 5488 399 5538 et
443 5501 747 5557 nunquam
790 5487 1026 5556 excedit,
1059 5492 1359 5558 propterea
1387 5504 1455 5543 ex
1499 5488 1706 5543 contri-
1808 5489 2183 5560 peccavimus.
2217 5488 2272 5544 Si
2297 5505 2399 5544 nos
2426 5490 2548 5545 ista:
2588 5489 2998 5546 conteruissent
3040 5487 3445 5543 amaritudines

113 5562 266 5626 bulato
289 5577 449 5633 corde
481 5584 540 5634 et
564 5595 636 5634 ex
663 5579 865 5635 intima
891 5580 1068 5635 animi
1101 5581 1398 5636 dilectione
1435 5582 1711 5637 audemus
1810 5587 1865 5637 et
1876 5582 2282 5652 tribulationes,
2313 5587 2370 5639 et
2390 5584 2611 5658 corpori
2623 5583 3010 5640 exhibuissent
3030 5581 3443 5645 inﬁrmitatem,

115 5660 237 5716 vobis
259 5683 582 5742 suggerere.
601 5673 743 5737 Quia
763 5690 828 5728 eo
856 5677 1110 5746 tempore
1137 5675 1362 5747 quando
1382 5676 1572 5731 minor
1592 5680 1711 5732 erat
1809 5692 1913 5748 per
1935 5677 2309 5749 nosmetipsos
2334 5683 2531 5734 vestra:
2558 5678 2856 5734 debuimus
2895 5691 3190 5730 occurrere
3225 5672 3442 5747 pietati.

118 5765 346 5845 numerus
370 5765 572 5838 populi
596 5766 917 5838 Christiani,
945 5773 1002 5824 et
1026 5784 1157 5824 cum
1190 5769 1289 5824 Dei
1326 5770 1535 5826 auxilio
1573 5770 1708 5826 lice-
1808 5771 1948 5837 Quia
1976 5771 2022 5826 si
2049 5773 2132 5828 fas
2158 5772 2270 5829 dici
2297 5778 2378 5829 est
2408 5772 2768 5845 singulariter
2793 5773 2849 5826 et
2874 5768 3045 5824 vestri
3087 5769 3442 5825 dilectionem

115 5841 190 5901 bat
209 5854 436 5915 residere
473 5859 754 5932 quietum,
792 5877 922 5919 cum
962 5862 1199 5939 apostoli
1241 5863 1501 5922 dicebant
1531 5881 1544 5925 :
1585 5868 1713 5923 Ecce
1809 5865 1871 5922 in
1896 5871 2088 5923 nostro
2115 5870 2402 5940 gestamus
2429 5841 2674 5942 pectore,
2705 5869 2760 5923 et
2789 5863 2951 5922 unice
2983 5863 3052 5918 de
3081 5867 3263 5918 vestra
3293 5875 3440 5934 prae-
