4020 6232
536 320 601 375 79
2138 316 2160 369 l

2259 320 2309 371 Α.
3840 316 3907 367 80

534 430 711 486 sentia
735 428 1015 501 spirituali
1061 426 1339 484 desiderio
1365 427 1634 495 sitientes,
1665 425 1807 480 sicut
1840 423 2083 479 cultores
2110 428 2165 478 et
2186 437 2245 508 Α
2265 424 2582 494 sustinebit,
2615 440 2785 496 quam
2815 439 2931 478 suae
2958 423 3277 503 cupiditatis
3312 421 3685 476 consuluisset
3717 421 3903 475 avidi-

534 524 843 596 peculiares
882 523 983 577 ﬁlii
1008 522 1125 591 Dei,
1164 520 1605 577 ambientissime
1640 535 1735 573 vos
1766 518 1953 573 vivere
1993 522 2162 588 atque

533 617 805 688 proficere
842 616 902 670 in
940 615 1203 670 omnibus
1240 615 1331 685 pie
1371 618 1650 685 optamus.
1691 612 1799 667 Sed
1838 612 2163 685 quicunque

533 710 827 765 hominem
846 710 905 764 in
922 709 1109 763 anima
1125 707 1327 779 diligit,
1357 707 1401 760 si
1424 707 1613 760 minus
1638 706 1812 760 oculis
1847 704 2163 759 carnalibus

534 820 667 858 eum
703 803 849 857 valet
897 801 1125 867 intueri,
1168 816 1296 870 quae
1338 800 1407 854 ad
1438 798 1644 853 animae
1682 803 1739 853 et
1780 797 2028 870 corporis
2073 796 2162 850 vel

532 896 963 969 prosperitatem
982 894 1271 965 pertinent
1289 896 1345 948 et
1369 894 1630 961 salutem,
1654 891 1993 947 omnimodis
2018 890 2163 944 litte-

532 988 680 1044 rario
706 988 887 1043 ofﬁcio
917 985 1139 1041 reticeri
1165 1002 1280 1039 non
1298 985 1483 1040 debet.
1504 985 1670 1057 Vulgi
1700 985 1869 1039 verba
1894 984 2163 1039 iterantes

533 1099 661 1155 qua:
688 1099 789 1136 nos
814 1081 1060 1136 maxime
1085 1083 1317 1147 terrent,
1346 1082 1545 1132 vestrae
1581 1078 1779 1150 pietati
1804 1078 1865 1131 in
1900 1077 2161 1131 notitiam

532 1175 890 1247 deponimus,
935 1191 1064 1245 quae
1110 1175 1187 1229 ita
1234 1173 1577 1243 disseminat,
1632 1170 2022 1243 eloquentium
2064 1186 2162 1224 ora

530 1269 924 1337 detrahuntur,
960 1267 1122 1337 quasi
1156 1272 1341 1321 vestro
1375 1270 1522 1334 voto,
1562 1264 1792 1319 consilio
1835 1267 1891 1318 et
1932 1262 2163 1334 instiga-

526 1364 678 1417 tione
706 1361 976 1415 Dominus
1004 1342 1438 1430 gloriosissimus
1469 1358 1781 1429 Sigibertus
1811 1348 1906 1412 rex
1934 1361 2053 1411 tam
2077 1372 2162 1409 ar-

530 1457 640 1512 due
668 1456 813 1509 hanc
834 1453 966 1507 velit
992 1454 1227 1524 perdere
1244 1452 1555 1523 regionem.
1582 1451 1702 1505 Non
1722 1455 2020 1522 propterea
2040 1450 2161 1503 hinc

531 1550 791 1616 dicimus,
830 1546 990 1617 quasi
1022 1563 1056 1600 a
1095 1547 1255 1601 nobis
1291 1546 1593 1599 credatur:
1630 1544 1723 1599 sed
1759 1544 2158 1615 supplicamus.

528 1646 596 1697 ut
618 1641 775 1695 nulla
809 1638 1022 1694 occasio
1058 1640 1341 1693 tribuatur
1383 1637 1623 1707 dicendi,
1663 1637 1815 1691 unde
1850 1636 2004 1690 vobis
2043 1638 2161 1689 tam

530 1735 846 1790 maximum
883 1735 940 1787 et
966 1731 1345 1803 periculosum
1380 1733 1685 1801 generetur
1722 1728 2158 1801 blasphemium.

2262 520 2381 576 tati.
2426 519 2545 589 Ipse
2580 519 2762 573 Iudex
2800 520 3046 571 aeternus
3083 533 3236 571 nunc
3275 516 3514 586 judicat,
3558 516 3903 587 perpetuam

2253 611 2615 684 judiciariam
2657 610 2904 682 possidet
2940 613 3278 681 potestatem
3311 626 3324 663 :
3353 626 3469 663 non
3508 608 3906 678 corrumpitur

2260 706 2532 778 praemiis,
2561 709 2658 759 aut
2683 703 2879 774 aspicit
2904 703 2974 756 ad
2999 706 3128 757 vota
3152 702 3482 773 impiorum,
3512 702 3610 757 sed
3635 700 3901 755 conside-

2260 805 2348 853 rat
2367 797 2735 870 cogitationes
2758 795 3035 861 cordium,
3059 799 3115 850 et
3140 795 3340 850 reddet
3366 794 3675 865 unicuique
3701 809 3905 847 secun—

2262 892 2399 947 dum
2422 907 2593 963 opera
2623 907 2742 945 sua.
2780 889 3079 944 Inhonesta
3116 888 3346 943 victoria
3380 893 3464 942 est
3504 888 3742 941 fratrem
3768 886 3901 939 vin-

2261 1002 2407 1055 cere,
2437 984 2769 1040 domesticas
2797 983 2992 1037 domos
3018 980 3319 1036 humiliare
3347 986 3403 1035 et
3427 981 3841 1053 possessionem
3872 996 3904 1033 a

2259 1078 2589 1150 parentibus
2615 1080 2995 1132 constructam
3028 1080 3299 1129 evertere.
3327 1075 3534 1129 Contra
3560 1073 3900 1144 semetipsos

2259 1175 2519 1243 pugnant
2552 1186 2825 1241 suamque
2861 1169 3187 1223 felicitatem
3231 1167 3612 1223 exterminant
3641 1184 3655 1220 :
3686 1167 3759 1221 de
3801 1182 3903 1220 sua

2259 1264 2573 1335 perditione
2616 1263 2823 1335 gaudet
2855 1262 3172 1317 accelerans
3210 1260 3491 1315 inimicus.
3527 1261 3647 1324 Qua
3682 1258 3797 1313 ﬁde
3847 1264 3906 1311 et

2261 1373 2329 1412 ex
2356 1357 2567 1425 animo,
2594 1373 2707 1427 qua
2736 1356 3032 1409 devotione
3068 1355 3187 1409 11830
3226 1354 3525 1408 scribimus
3551 1354 3663 1406 Deo
3690 1350 3904 1406 sufﬁcit

2260 1466 2442 1519 nosse,
2473 1454 2539 1504 ut
2558 1449 2715 1503 vobis
2746 1448 2894 1503 bona
2930 1448 3121 1501 futura
3153 1446 3503 1517 praeparetis,
3533 1450 3591 1499 et
3620 1461 3724 1500 nos
3767 1461 3901 1499 cum

2261 1544 2373 1598 Deo
2397 1543 2678 1597 absolutos
2704 1558 2823 1596 esse
2842 1542 2931 1595 vel
2952 1541 3254 1612 paululum
3277 1539 3601 1595 sentiamus.
3627 1537 3735 1594 Sed
3765 1537 3904 1609 quia

2261 1637 2641 1692 sacerdotibus
2668 1639 3020 1707 praeceptum
3050 1639 3135 1689 est
3176 1651 3189 1688 :
3226 1636 3293 1689 Ut
3318 1634 3447 1687 tuba
3486 1633 3674 1687 exaltu
3719 1646 3900 1686 vocem

2263 1735 2411 1785 tuam
2441 1735 2492 1785 et
2518 1731 2786 1784 annuntia
2802 1730 3001 1799 populo
3026 1743 3138 1783 meo
3158 1743 3318 1798 opera
3338 1742 3551 1792 eorum;
3577 1742 3734 1797 ergo,
3755 1724 3898 1795 piis-

530 1829 685 1883 Licet
712 1828 831 1882 haec
856 1825 1011 1896 regio
1030 1825 1150 1896 jam
1179 1824 1422 1879 caruisse
1448 1823 1794 1889 felicitatem,
1819 1826 1874 1876 et
1895 1822 2162 1894 perditio—
2181 1808 2237 1880 B
2261 1823 2405 1877 sima
2434 1824 2681 1893 domina,
2712 1822 3010 1893 intelligite
3037 1822 3372 1893 mysterium
3399 1824 3455 1875 et
3486 1826 3673 1875 cavete
3700 1833 3898 1873 exem-

532 1922 621 1976 nis
644 1924 851 1975 nostrm
882 1919 1279 1973 concludamus
1316 1917 1626 1972 terminum
1658 1935 1671 1969 :
1704 1916 1801 1971 sed
1835 1916 1903 1970 de
1947 1915 2163 1970 miseri-

533 2014 719 2070 cordia
745 2029 862 2068 non
887 2012 1322 2083 desperabamus
1346 2010 1552 2079 divina,
1582 2010 1766 2065 adhuc
1790 2009 2022 2064 ultionis
2047 2025 2164 2062 sus-

530 2106 815 2180 pendendi
867 2121 1122 2174 manum,
1173 2104 1312 2158 dum
1363 2103 1772 2158 emendationis
1835 2106 2164 2174 expectatur

528 2200 868 2267 remedium,
890 2198 936 2252 si
953 2214 1070 2251 non
1089 2196 1476 2251 dominaretur
1491 2195 1750 2266 intentio,
1774 2212 1902 2267 quae
1918 2200 2163 2249 mortem

529 2295 826 2363 operatur;
849 2290 1127 2361 cupiditas
1145 2305 1273 2360 qua!
1291 2288 1453 2343 radix
1468 2293 1550 2343 est
1569 2288 1826 2343 omnium
1845 2289 2126 2343 malorum
2141 2305 2158 2356 ;

530 2384 821 2440 iracundia
858 2399 987 2455 quae
1032 2399 1259 2438 sensum
1303 2382 1488 2437 aufert
1532 2381 1870 2453 prudentiae.
1914 2381 2163 2437 Salvator

529 2481 725 2533 noster
751 2476 1104 2549 perspiciens
1132 2492 1249 2531 suae
1274 2475 1551 2546 passionis
1587 2474 1887 2530 imminere
1913 2479 2158 2545 tempus,

531 2571 675 2626 dixit
705 2589 718 2626 :
755 2573 849 2627 Vw
878 2571 1082 2624 homini
1112 2586 1210 2640 per
1248 2584 1404 2640 quem
1441 2569 1758 2624 scandalum
1794 2570 1959 2623 venit.
2002 2567 2161 2632 Quod

530 2680 627 2719 ore
649 2662 880 2735 proprio
908 2662 1215 2717 detestatus
1234 2665 1338 2731 est,
1360 2662 1595 2733 impune
1609 2678 1723 2716 non
1743 2678 1903 2733 posse
1929 2676 2160 2716 manere

529 2758 834 2825 credimus,
891 2755 1154 2810 omnibus
1206 2756 1512 2810 clamamus
1562 2772 1758 2810 omnes
1803 2754 2159 2809 conscientiae

530 2868 648 2906 sua:
677 2849 1044 2923 cogitationes
1083 2853 1139 2903 et
1176 2849 1423 2903 actiones
1462 2848 1818 2903 considerent
1851 2854 1908 2903 et
1931 2851 2162 2903 caveant

526 2961 599 3000 ne
626 2960 758 2999 cum
795 2945 939 2999 Juda
972 2943 1258 3015 proditore
1301 2942 1472 3013 hujus
1513 2942 1996 2997 condemnationis
2037 2957 2157 2995 sor-

528 3038 745 3092 tiantur
761 3036 1066 3108 judicium.
1090 3038 1201 3091 Deo
1221 3036 1428 3090 sufﬁcit
1451 3051 1635 3106 nosse,
1658 3036 1924 3107 optabam
1940 3038 2038 3088 aut
2055 3050 2160 3105 pro

526 3132 662 3203 ipsis
687 3130 854 3200 mori,
888 3135 953 3185 ut
977 3130 1057 3184 illi
1081 3130 1333 3185 viverent
1356 3132 1456 3183 aut
1479 3134 1609 3185 ante
1636 3146 1834 3184 eorum
1862 3128 2157 3184 interitum

527 3239 866 3296 quocunque
892 3240 1022 3277 casu
1048 3224 1221 3279 vitam
1246 3223 1430 3292 ﬁnire,
1458 3226 1524 3278 ut
1544 3239 1649 3277 nec
1682 3238 1900 3291 eorum,
1932 3224 2037 3276 nec
2065 3237 2157 3276 re-

532 3318 715 3390 gionis
764 3333 1124 3373 cerneremus
1165 3316 1481 3372 interitum.
1530 3316 1638 3371 Sed
1678 3317 1821 3371 alter
1867 3315 1938 3369 ab
1981 3315 2159 3369 altero

531 3411 889 3467 excusatione
931 3410 1127 3481 utitur,
1169 3414 1225 3465 et
1266 3411 1456 3466 nullus
1497 3426 1568 3464 ex
1616 3409 1750 3480 ipsis
1791 3413 1923 3463 ante
1969 3408 2159 3463 oculos

532 3505 631 3561 Dei
649 3505 811 3577 ponit
830 3504 1144 3575 judicium;
1168 3521 1355 3576 neque
1379 3502 1593 3576 aliquid
1616 3502 1713 3556 Dei
1732 3505 1979 3557 reservat
2002 3506 2160 3575 pote-

529 3599 658 3654 stati
676 3598 1068 3670 judicandum,
1088 3614 1193 3653 nec
1214 3598 1444 3652 credent
1462 3613 1520 3651 se
1540 3596 1663 3667 jam
1692 3596 1796 3650 sub
1815 3596 1909 3649 Dei
1935 3596 2155 3651 notitia.

527 3693 669 3758 Quia
695 3710 728 3746 a
760 3692 916 3747 nullo
949 3691 1134 3747 audiri
1169 3707 1479 3759 meremur,
1509 3689 1667 3743 vobis
1704 3694 1761 3744 et
1784 3689 1910 3744 ideo
1938 3689 2155 3761 suppli-

528 3803 722 3841 camus
751 3803 765 3840 :
797 3785 929 3858 quia
954 3785 1002 3839 si
1028 3785 1111 3839 illi
1136 3800 1381 3856 regnum
1406 3782 1777 3854 perdiderint,
1799 3800 1903 3838 nec
1931 3800 2027 3838 vos
2054 3799 2159 3837 nec

527 3878 630 3935 filii
655 3879 823 3934 vestri
850 3894 1126 3950 magnum
1151 3875 1504 3949 possidebitis
1530 3875 1912 3948 triumphum.
1944 3876 2027 3930 Ad
2052 3876 2158 3930 hoc

527 3991 624 4028 vos
650 3974 771 4028 haec
798 3972 956 4045 regio
992 3968 1300 4040 suscepisse
1341 3969 1676 4041 gratuletur,
1705 3973 1769 4023 ut
1805 3986 1910 4040 per
1943 3985 2040 4024 vos
2069 3985 2156 4023 sa-

527 4069 704 4123 lutem
733 4083 849 4122 non
873 4065 1165 4121 interitum
1191 4062 1482 4134 percipere
1509 4062 1785 4117 videatur.
1819 4065 1879 4117 ln
1909 4064 2016 4119 hoc
2052 4081 2155 4136 po-

528 4162 648 4235 puli
691 4159 1041 4231 restinguitis
1066 4157 1238 4212 verba
1282 4156 1328 4209 si
1361 4155 1631 4228 mitigatis
1671 4156 1942 4227 furorem,
1972 4158 2019 4212 si
2063 4160 2160 4214 Dei

529 4256 708 4311 facitis
744 4255 1066 4325 exspectare
1099 4249 1402 4321 judicium.
1448 4251 1508 4303 In
1543 4249 1776 4303 veritate
1811 4266 2075 4323 suggero,
2113 4253 2160 4307 si

529 4366 717 4405 meam
734 4346 1009 4403 humilem
1026 4360 1142 4398 non
1161 4342 1442 4415 despicitis
1461 4342 1950 4414 supplicationem,
1974 4346 2160 4401 adhuc

530 4445 863 4500 devotorum
908 4441 1225 4492 vestrorum
1266 4436 1577 4507 gaudemus
1618 4436 1989 4508 plenitudine.
2021 4441 2156 4495 Pro-

2179 3172 2233 3246 C

2262 1916 2443 1988 plum.
2460 1918 2521 1971 In
2546 1916 2825 1988 principio
2850 1916 3071 1970 duobus
3090 1915 3361 1969 fratribus
3467 1917 3587 1968 erat
3611 1911 3894 1967 mundus:

2262 2026 2410 2064 unus
2436 2027 2506 2064 ex
2534 2010 2669 2081 ipsis
2693 2011 2827 2065 Cain
2853 2008 3229 2063 fratricidium
3257 2006 3603 2080 perpetravit
3627 2010 3683 2060 et
3714 2021 3899 2076 usque

2262 2103 2586 2175 septuplum
2600 2101 2913 2175 punitionis
2928 2101 3267 2156 sententiam
3288 2101 3551 2172 suscepit.
3570 2099 3776 2171 Ioseph
3789 2099 3902 2153 fra-

2262 2202 2375 2251 tres
2403 2196 2487 2250 sui
2517 2212 2620 2268 per
2637 2195 2907 2251 invidiam
2927 2194 3322 2263 vendiderunt,
3344 2199 3400 2249 et
3418 2198 3611 2264 postea
3639 2192 3901 2247 servituti

2261 2289 2438 2360 ipsius
2466 2289 2751 2361 subjugati
2776 2293 2928 2343 sunt.
2958 2288 3086 2343 Saul
3112 2293 3365 2342 sanctum
3407 2286 3577 2342 David
3613 2302 3718 2358 per
3747 2286 3896 2340 invi-

2262 2382 2413 2437 diam
2442 2383 2728 2437 nitebatur
2751 2383 3023 2451 occidere,
3052 2382 3170 2453 ipse
3200 2386 3392 2452 postea
3417 2381 3475 2435 in
3502 2396 3631 2435 eum
3669 2380 3897 2435 miseri-

2262 2477 2509 2531 cordiam
2524 2477 2807 2532 exercuit.
2830 2476 3070 2531 Absalon
3097 2476 3329 2529 fratrem
3351 2473 3651 2542 interfecit,
3673 2479 3900 2546 patrem

2263 2586 2292 2622 e
2320 2586 2497 2641 regno
2525 2570 2698 2624 voluit
2732 2586 3043 2636 removere,
3074 2573 3131 2623 et
3157 2569 3381 2639 qualem
3420 2567 3667 2639 suscepit
3695 2567 3899 2621 interi-

2260 2668 2320 2718 tu
2329 2681 2383 2718 m
2395 2664 2536 2718 nulli
2547 2663 2790 2717 habetur
2800 2662 3154 2734 incognitum
3163 2662 3470 2732 .Praecipue
3482 2678 3708 2732 quoque
3722 2660 3900 2715 David

2260 2757 2538 2829 propheta
2564 2756 2784 2811 dicente
2814 2775 2827 2810 :
2862 2758 3125 2823 Quoniam
3149 2757 3248 2824 qui
3259 2757 3506 2824 nequiter
3530 2758 3702 2824 agunt
3724 2759 3902 2809 eceter—

2259 2852 2643 2918 minabuntur;
2671 2853 2768 2921 qui
2789 2866 2913 2905 vero
2940 2850 3248 2920 exspectant
3267 2852 3568 2916 Dominum,
3598 2851 3708 2918 ipsi
3733 2849 3903 2903 hare-

2259 2946 2513 3000 ditabunt
2538 2949 2759 2999 terram.
2790 2943 3087 3015 Apostolus
3116 2942 3319 2996 clamat
3348 2960 3361 2996 :
3394 2943 3500 3010 Qui
3520 2942 3634 2996 odit
3660 2944 3899 3009 fratrem

2256 3054 2432 3102 suum,
2468 3039 2738 3093 homicida
2766 3042 2862 3100 est,
2898 3041 2949 3092 et
2981 3040 3040 3090 in
3081 3036 3308 3091 tenebris
3341 3036 3605 3098 ambulat,
3645 3041 3698 3090 et
3729 3040 3901 3092 nescit

2259 3149 2362 3203 quo
2373 3133 2564 3187 vadat.
2583 3131 2833 3187 Salvator
2848 3129 3153 3205 denuntiat
3173 3147 3185 3183 :
3203 3132 3365 3185 Beati
3377 3132 3611 3201 pacifici,
3636 3133 3897 3199 quoniam

2256 3228 2363 3296 ﬁlii
2393 3228 2493 3282 Dei
2534 3225 2885 3280 vocabuntur.
2930 3227 3121 3279 Pacem
3155 3239 3330 3278 meam
3368 3223 3436 3278 do
3488 3224 3655 3286 vobis,
3706 3240 3899 3294 pacem

2258 3336 2433 3375 meam
2457 3318 2700 3388 relinquo
2724 3319 2890 3373 vobis.
2920 3316 3023 3371 Ubi
3051 3320 3135 3371 est
3160 3333 3273 3389 pax
3303 3321 3359 3371 et
3384 3315 3646 3385 charitas,
3678 3316 3896 3372 ibidem

2259 3418 2342 3468 est
2382 3413 2479 3469 Dei
2516 3412 2715 3483 pietas.
2744 3410 3009 3482 Legimus
3035 3428 3138 3482 per
3164 3410 3365 3469 Esther
3392 3410 3650 3482 reginam
3679 3411 3897 3481 populo

2256 3506 2426 3561 fuisse
2459 3521 2781 3560 concessam
2819 3504 3075 3560 salutem.
3111 3504 3172 3559 ln
3209 3504 3312 3558 hac
3350 3507 3509 3575 parte
3550 3508 3607 3558 et
3646 3508 3898 3559 vestram

2210 3625 2229 3640 ο
2258 3599 2533 3655 ostendite
2567 3598 2951 3671 prudentiam,
3001 3602 3057 3653 et
3093 3598 3221 3653 ﬁdei
3262 3600 3464 3652 vestrae
3501 3597 3896 3653 salubritatem

2257 3698 2425 3764 atque
2453 3692 2880 3765 perfectionem,
2906 3696 3051 3747 utet
3076 3690 3373 3746 dominum
3397 3706 3595 3762 regem
3623 3707 3655 3744 a
3684 3691 3783 3744 Dei
3807 3708 3897 3747 re-

2256 3786 2463 3841 vocetis
2496 3785 2707 3841 offensa
2732 3790 2788 3841 et
2812 3784 3091 3858 pepulum
3124 3803 3157 3840 a
3194 3788 3355 3857 parte
3385 3801 3485 3838 sua
3509 3782 3695 3839 vivere
3725 3783 3898 3841 liceat

2257 3880 2513 3952 quietum
2551 3880 2727 3934 donec
2758 3880 2934 3934 Iudex
2973 3883 3219 3934 aeternus
3245 3882 3571 3933 consuetam
3611 3877 3898 3934 discernat

2250 3973 2552 4044 justitiam.
2570 3973 2709 4039 Quia
2726 3971 3141 4028 evidentissima
3161 3971 3425 4026 omnibus
3441 3976 3614 4043 patet,
3643 3970 3740 4042 qui
3763 3971 3897 4026 cha-

2257 4064 2484 4121 ritatem
2532 4066 2840 4121 fraternam
2892 4066 3181 4137 postponit
3227 4065 3462 4137 despicit
3520 4064 3894 4134 consortium,

2257 4177 2373 4215 non
2386 4160 2691 4232 acquiescit
2704 4159 2946 4214 veritati.
2964 4160 3170 4214 Omnes
3186 4159 3479 4231 propheta:
3494 4162 3689 4213 contra
3700 4157 3896 4229 ipsum

2257 4254 2588 4325 loquuntur,
2611 4269 2807 4309 omnes
2824 4253 3060 4324 apostoli
3078 4252 3265 4324 ipsum
3284 4253 3650 4320 detestantur,
3670 4255 3727 4306 et
3742 4251 3898 4306 Deus

2258 4347 2615 4419 omnipotens
2640 4346 2759 4418 ipse
2785 4347 2936 4418 quod
2964 4346 3251 4401 constituit
3269 4344 3564 4417 judicabit.
3594 4333 3899 4398 Pratinissa

2258 4441 2588 4496 salutatione
2628 4439 2894 4511 obsequia
2928 4439 3333 4511 supplicamus,
3371 4444 3437 4494 ut
3470 4439 3708 4494 latorem
3746 4454 3901 4509 prae-

529 4542 725 4612 pterea
749 4536 871 4589 haec
892 4530 1089 4587 dolens
1113 4530 1314 4599 scribo,
1340 4530 1472 4601 quia
1495 4530 1655 4585 video
1686 4531 1929 4603 qualiter
1952 4534 2155 4604 praeci-
2176 4542 2237 4619 D
2259 4534 2524 4604 sentium,
2551 4549 2778 4589 servum
2806 4539 3056 4589 vestrum
3076 4532 3502 4605 Gundulphum,
3532 4530 3901 4587 commenda.

530 4632 788 4705 pitantur
816 4629 874 4680 et
900 4640 1062 4696 reges
1102 4626 1160 4679 et
1196 4623 1411 4696 populi,
1450 4628 1513 4679 ut
1539 4624 1637 4679 Dei
1660 4625 1951 4682 incurrant
1978 4628 2156 4683 offen-

532 4740 673 4781 sam.
705 4722 786 4775 lta
809 4718 1054 4791 legimus
1087 4736 1100 4773 :
1142 4719 1451 4788 Quicunque
1482 4720 1540 4772 in
1569 4719 1777 4774 brachii
1811 4722 1901 4776 sui
1928 4722 2158 4789 fortitu-

531 4818 659 4873 dine
691 4815 952 4885 speravit,
979 4817 1140 4868 antea
1165 4813 1525 4879 confusionem
1549 4828 1713 4882 quam
1735 4816 2016 4869 victoriam
2039 4830 2163 4886 pro-

531 4910 748 4965 meruit.
796 4906 1127 4977 Quicunque
1161 4904 1503 4960 adminiculo
1534 4906 1717 4978 gentis
1757 4907 1865 4961 sibi
1902 4907 2161 4978 adjuvari

532 5017 696 5075 posse
716 4998 965 5066 conﬁdit,
984 5003 1146 5054 antea
1166 4997 1481 5070 periculum
1504 5000 1704 5056 mortis
1722 5017 1895 5072 quam
1920 5002 2162 5058 salutem

531 5094 867 5167 promeruit.
886 5092 1217 5165 Quicunque
1235 5096 1468 5166 propter
1481 5094 1702 5168 capiam
1717 5095 1842 5149 auri
1858 5097 1915 5149 et
1938 5097 2164 5168 argenti

535 5189 787 5247 elevatur
802 5188 861 5243 in
877 5186 1218 5264 superbiam,
1234 5192 1399 5245 antea
1414 5187 1772 5246 desolationis
1791 5188 2159 5263 opprobrium

2259 4633 2384 4683 tum
2410 4628 2680 4695 habeatis,
2699 4632 2756 4682 et
2781 4645 2910 4701 qua:
2936 4646 3039 4701 per
3067 4629 3332 4685 eumdem
3355 4627 3526 4682 verbo
3553 4624 3901 4681 mandamus

2259 4722 2470 4792 absque
2504 4721 2857 4778 haesitatione
2895 4724 3188 4779 credentes
3229 4719 3532 4793 recipiatis,
3565 4724 3623 4775 et
3649 4717 3900 4790 implere

2259 4832 2375 4871 non
2402 4814 2721 4886 despiciatis
2756 4820 2814 4871 et
2857 4815 3176 4887 elaboretis,
3216 4815 3460 4888 qualiter
3494 4814 3564 4869 de
3588 4816 3777 4868 vestra
3802 4828 3899 4867 sa-

2261 4912 2380 4966 lute
2408 4909 2573 4964 nobis
2617 4910 2820 4981 gaudia
2850 4910 3197 4982 praeparetis.
3234 4909 3376 4965 Illud
3410 4908 3660 4981 petimus
3686 4910 3753 4962 ut
3789 4923 3905 4980 per

2260 5009 2460 5060 vestrae
2510 5004 2732 5076 pietatis
2781 5003 3119 5077 rescriptum
3159 5020 3231 5060 ex
3280 5002 3543 5059 omnibus
3585 5000 3904 5076 jucundari

2261 5113 2601 5156 mereamur.
