  <div class='ocr_page' id='page_1' title='image "/cluster/home/n/w/nwhite01/storage/ocr_20150623/72/uva.x000827084/057.png"; bbox 0 0 4020 6232; ppageno 0'>
   <div class='ocr_carea' id='block_1_1' title="bbox 509 415 3899 475">
    <p class='ocr_par' dir='ltr' id='par_1_1' title="bbox 509 415 3899 475">
     <span class='ocr_line' id='line_1_1' title="bbox 509 415 3899 475; baseline 0.001 -5"><span class='ocrx_word' id='word_1_1' title='bbox 509 415 575 470; x_wconf 84' lang='grc'>83</span> <span class='ocrx_word' id='word_1_2' title='bbox 1518 416 1746 471; x_wconf 68' lang='lat' dir='ltr'>SANCTI</span> <span class='ocrx_word' id='word_1_3' title='bbox 1787 417 2085 471; x_wconf 72' lang='lat' dir='ltr'><strong>GERMANI</strong></span> <span class='ocrx_word' id='word_1_4' title='bbox 2124 418 2531 474; x_wconf 71' lang='lat' dir='ltr'>PARISIENSIS</span> <span class='ocrx_word' id='word_1_5' title='bbox 2566 417 2880 475; x_wconf 85' lang='lat' dir='ltr'>EPISCOPI.</span> <span class='ocrx_word' id='word_1_6' title='bbox 3830 417 3899 475; x_wconf 66' lang='grc'>84</span> 
     </span>
    </p>
   </div>
   <div class='ocr_carea' id='block_1_2' title="bbox 503 526 3900 618">
    <p class='ocr_par' dir='ltr' id='par_1_2' title="bbox 503 526 3900 618">
     <span class='ocr_line' id='line_1_2' title="bbox 503 526 3900 618; baseline 0 -32"><span class='ocrx_word' id='word_1_7' title='bbox 503 532 733 602; x_wconf 87' lang='lat' dir='ltr'>tegrum</span> <span class='ocrx_word' id='word_1_8' title='bbox 777 527 984 584; x_wconf 90' lang='lat' dir='ltr'>habeat</span> <span class='ocrx_word' id='word_1_9' title='bbox 1025 527 1169 598; x_wconf 90' lang='lat' dir='ltr'>volo,</span> <span class='ocrx_word' id='word_1_10' title='bbox 1216 544 1375 600; x_wconf 90' lang='lat' dir='ltr'>rogo,</span> <span class='ocrx_word' id='word_1_11' title='bbox 1419 526 1672 598; x_wconf 90' lang='lat' dir='ltr'>conjuro.</span> <span class='ocrx_word' id='word_1_12' title='bbox 1706 526 1934 583; x_wconf 80' lang='lat' dir='ltr'>Decrevi</span> <span class='ocrx_word' id='word_1_13' title='bbox 1974 526 2144 582; x_wconf 90' lang='lat' dir='ltr'>etiam</span> <span class='ocrx_word' id='word_1_14' title='bbox 2167 544 2226 618; x_wconf 79' lang='grc' dir='ltr'><strong>Α</strong></span> <span class='ocrx_word' id='word_1_15' title='bbox 2246 527 2423 584; x_wconf 89' lang='lat' dir='ltr'>cetius</span> <span class='ocrx_word' id='word_1_16' title='bbox 2446 528 2835 600; x_wconf 81' lang='lat' dir='ltr'>Lugdunensis</span> <span class='ocrx_word' id='word_1_17' title='bbox 2859 527 3154 601; x_wconf 89' lang='lat' dir='ltr'>episcopus</span> <span class='ocrx_word' id='word_1_18' title='bbox 3183 527 3242 585; x_wconf 92' lang='lat' dir='ltr'>in</span> <span class='ocrx_word' id='word_1_19' title='bbox 3267 528 3476 587; x_wconf 83' lang='lat' dir='ltr'>Christi</span> <span class='ocrx_word' id='word_1_20' title='bbox 3507 526 3771 618; x_wconf 82' lang='lat' dir='ltr'>nomine,</span> <span class='ocrx_word' id='word_1_21' title='bbox 3799 545 3900 602; x_wconf 88' lang='lat' dir='ltr'>pe-</span> 
     </span>
    </p>
   </div>
   <div class='ocr_carea' id='block_1_3' title="bbox 503 613 3901 696">
    <p class='ocr_par' dir='ltr' id='par_1_3' title="bbox 503 613 3901 696">
     <span class='ocr_line' id='line_1_3' title="bbox 503 613 3901 696; baseline -0 -16"><span class='ocrx_word' id='word_1_22' title='bbox 503 639 609 695; x_wconf 89' lang='lat' dir='ltr'>per</span> <span class='ocrx_word' id='word_1_23' title='bbox 646 623 792 678; x_wconf 91' lang='lat' dir='ltr'>hanc</span> <span class='ocrx_word' id='word_1_24' title='bbox 833 622 1107 679; x_wconf 90' lang='lat' dir='ltr'>cartulam</span> <span class='ocrx_word' id='word_1_25' title='bbox 1142 621 1517 679; x_wconf 90' lang='lat' dir='ltr'>immunitatis</span> <span class='ocrx_word' id='word_1_26' title='bbox 1544 624 1602 676; x_wconf 90' lang='lat' dir='ltr'>et</span> <span class='ocrx_word' id='word_1_27' title='bbox 1641 619 1925 690; x_wconf 86' lang='lat' dir='ltr'>cessionis,</span> <span class='ocrx_word' id='word_1_28' title='bbox 1952 638 2143 677; x_wconf 90' lang='lat' dir='ltr'>meam</span> <span class='ocrx_word' id='word_1_29' title='bbox 2167 613 2226 618; x_wconf 62' lang='grc'>’“</span> <span class='ocrx_word' id='word_1_30' title='bbox 2245 624 2399 677; x_wconf 90' lang='lat' dir='ltr'>tente</span> <span class='ocrx_word' id='word_1_31' title='bbox 2439 622 2740 694; x_wconf 91' lang='lat' dir='ltr'>apostolico</span> <span class='ocrx_word' id='word_1_32' title='bbox 2767 623 2980 679; x_wconf 90' lang='lat' dir='ltr'>domno</span> <span class='ocrx_word' id='word_1_33' title='bbox 3010 626 3068 677; x_wconf 91' lang='lat' dir='ltr'>et</span> <span class='ocrx_word' id='word_1_34' title='bbox 3106 623 3280 679; x_wconf 83' lang='lat' dir='ltr'>fratre</span> <span class='ocrx_word' id='word_1_35' title='bbox 3306 641 3434 680; x_wconf 90' lang='lat' dir='ltr'>meo</span> <span class='ocrx_word' id='word_1_36' title='bbox 3461 613 3754 680; x_wconf 83' lang='lat' dir='ltr'>Germano</span> <span class='ocrx_word' id='word_1_37' title='bbox 3780 623 3901 696; x_wconf 83' lang='lat' dir='ltr'>epi-</span> 
     </span>
    </p>
   </div>
   <div class='ocr_carea' id='block_1_4' title="bbox 505 713 2141 788">
    <p class='ocr_par' dir='ltr' id='par_1_4' title="bbox 505 713 2141 788">
     <span class='ocr_line' id='line_1_4' title="bbox 505 713 2141 788; baseline -0.002 -16"><span class='ocrx_word' id='word_1_38' title='bbox 505 716 792 772; x_wconf 89' lang='lat' dir='ltr'>basilicam</span> <span class='ocrx_word' id='word_1_39' title='bbox 823 716 1080 788; x_wconf 88' lang='lat' dir='ltr'>superius</span> <span class='ocrx_word' id='word_1_40' title='bbox 1110 716 1486 771; x_wconf 82' lang='lat' dir='ltr'>memoratam</span> <span class='ocrx_word' id='word_1_41' title='bbox 1526 713 1647 768; x_wconf 87' lang='lat' dir='ltr'>sine</span> <span class='ocrx_word' id='word_1_42' title='bbox 1677 716 1967 785; x_wconf 86' lang='lat' dir='ltr'>gestorum</span> <span class='ocrx_word' id='word_1_43' title='bbox 1997 713 2141 771; x_wconf 86' lang='lat' dir='ltr'>obli-</span> 
     </span>
    </p>
   </div>
   <div class='ocr_carea' id='block_1_5' title="bbox 506 807 2144 881">
    <p class='ocr_par' dir='ltr' id='par_1_5' title="bbox 506 807 2144 881">
     <span class='ocr_line' id='line_1_5' title="bbox 506 807 2144 881; baseline -0.001 -16"><span class='ocrx_word' id='word_1_44' title='bbox 506 810 732 881; x_wconf 85' lang='lat' dir='ltr'>gatione</span> <span class='ocrx_word' id='word_1_45' title='bbox 776 826 1026 864; x_wconf 90' lang='lat' dir='ltr'>manere.</span> <span class='ocrx_word' id='word_1_46' title='bbox 1057 810 1124 863; x_wconf 89' lang='lat' dir='ltr'>Et</span> <span class='ocrx_word' id='word_1_47' title='bbox 1164 807 1297 879; x_wconf 83' lang='lat' dir='ltr'>quia</span> <span class='ocrx_word' id='word_1_48' title='bbox 1343 807 1399 862; x_wconf 93' lang='lat' dir='ltr'>id</span> <span class='ocrx_word' id='word_1_49' title='bbox 1441 809 1609 862; x_wconf 90' lang='lat' dir='ltr'>antea</span> <span class='ocrx_word' id='word_1_50' title='bbox 1648 808 1994 863; x_wconf 81' lang='lat' dir='ltr'>consuetudo</span> <span class='ocrx_word' id='word_1_51' title='bbox 2028 824 2144 863; x_wconf 92' lang='lat' dir='ltr'>non</span> 
     </span>
    </p>
   </div>
   <div class='ocr_carea' id='block_1_6' title="bbox 502 900 2142 972">
    <p class='ocr_par' dir='ltr' id='par_1_6' title="bbox 502 900 2142 972">
     <span class='ocr_line' id='line_1_6' title="bbox 502 900 2142 972; baseline -0.002 -14"><span class='ocrx_word' id='word_1_52' title='bbox 502 904 631 971; x_wconf 81' lang='lat' dir='ltr'>fuit,</span> <span class='ocrx_word' id='word_1_53' title='bbox 664 906 720 958; x_wconf 87' lang='lat' dir='ltr'>et</span> <span class='ocrx_word' id='word_1_54' title='bbox 746 902 913 957; x_wconf 90' lang='lat' dir='ltr'>modo</span> <span class='ocrx_word' id='word_1_55' title='bbox 938 919 971 956; x_wconf 90' lang='lat' dir='ltr'>a</span> <span class='ocrx_word' id='word_1_56' title='bbox 993 900 1221 971; x_wconf 77' lang='lat' dir='ltr'>regibus</span> <span class='ocrx_word' id='word_1_57' title='bbox 1247 902 1304 956; x_wconf 89' lang='lat' dir='ltr'>et</span> <span class='ocrx_word' id='word_1_58' title='bbox 1337 900 1690 972; x_wconf 82' lang='lat' dir='ltr'>principibus</span> <span class='ocrx_word' id='word_1_59' title='bbox 1718 900 1861 955; x_wconf 90' lang='lat' dir='ltr'>mihi</span> <span class='ocrx_word' id='word_1_60' title='bbox 1896 903 1981 956; x_wconf 89' lang='lat' dir='ltr'>est</span> <span class='ocrx_word' id='word_1_61' title='bbox 2006 917 2142 955; x_wconf 91' lang='lat' dir='ltr'>con-</span> 
     </span>
    </p>
   </div>
   <div class='ocr_carea' id='block_1_7' title="bbox 505 993 2144 1066">
    <p class='ocr_par' dir='ltr' id='par_1_7' title="bbox 505 993 2144 1066">
     <span class='ocr_line' id='line_1_7' title="bbox 505 993 2144 1066; baseline -0.002 -14"><span class='ocrx_word' id='word_1_62' title='bbox 505 1014 745 1066; x_wconf 77' lang='lat' dir='ltr'>cessum,</span> <span class='ocrx_word' id='word_1_63' title='bbox 784 997 1133 1050; x_wconf 75' lang='lat' dir='ltr'>voluntatem</span> <span class='ocrx_word' id='word_1_64' title='bbox 1172 994 1399 1066; x_wconf 88' lang='lat' dir='ltr'>pietatis</span> <span class='ocrx_word' id='word_1_65' title='bbox 1441 997 1644 1049; x_wconf 65' lang='lat' dir='ltr'>vestrae</span> <span class='ocrx_word' id='word_1_66' title='bbox 1683 993 1742 1048; x_wconf 92' lang='lat' dir='ltr'>in</span> <span class='ocrx_word' id='word_1_67' title='bbox 1784 994 1892 1048; x_wconf 90' lang='lat' dir='ltr'>hoc</span> <span class='ocrx_word' id='word_1_68' title='bbox 1935 993 2144 1065; x_wconf 86' lang='lat' dir='ltr'>scripto</span> 
     </span>
    </p>
   </div>
   <div class='ocr_carea' id='block_1_8' title="bbox 499 1086 2141 1162">
    <p class='ocr_par' dir='ltr' id='par_1_8' title="bbox 499 1086 2141 1162">
     <span class='ocr_line' id='line_1_8' title="bbox 499 1086 2141 1162; baseline -0.002 -17"><span class='ocrx_word' id='word_1_69' title='bbox 499 1088 918 1162; x_wconf 89' lang='lat' dir='ltr'>pretermittere</span> <span class='ocrx_word' id='word_1_70' title='bbox 954 1086 1133 1155; x_wconf 91' lang='lat' dir='ltr'>nolui,</span> <span class='ocrx_word' id='word_1_71' title='bbox 1172 1087 1270 1142; x_wconf 90' lang='lat' dir='ltr'>sed</span> <span class='ocrx_word' id='word_1_72' title='bbox 1314 1086 1375 1141; x_wconf 92' lang='lat' dir='ltr'>in</span> <span class='ocrx_word' id='word_1_73' title='bbox 1411 1086 1677 1141; x_wconf 91' lang='lat' dir='ltr'>omnibus</span> <span class='ocrx_word' id='word_1_74' title='bbox 1714 1102 1818 1158; x_wconf 91' lang='lat' dir='ltr'>per</span> <span class='ocrx_word' id='word_1_75' title='bbox 1840 1102 1937 1141; x_wconf 87' lang='lat' dir='ltr'>vos</span> <span class='ocrx_word' id='word_1_76' title='bbox 1973 1087 2141 1141; x_wconf 91' lang='lat' dir='ltr'>robo-</span> 
     </span>
    </p>
   </div>
   <div class='ocr_carea' id='block_1_9' title="bbox 498 1180 2144 1252">
    <p class='ocr_par' dir='ltr' id='par_1_9' title="bbox 498 1180 2144 1252">
     <span class='ocr_line' id='line_1_9' title="bbox 498 1180 2144 1252; baseline -0.001 -15"><span class='ocrx_word' id='word_1_77' title='bbox 498 1182 632 1251; x_wconf 87' lang='lat' dir='ltr'>rari,</span> <span class='ocrx_word' id='word_1_78' title='bbox 665 1185 724 1236; x_wconf 91' lang='lat' dir='ltr'>et</span> <span class='ocrx_word' id='word_1_79' title='bbox 762 1180 1103 1236; x_wconf 87' lang='lat' dir='ltr'>conformari</span> <span class='ocrx_word' id='word_1_80' title='bbox 1130 1196 1394 1251; x_wconf 84' lang='lat' dir='ltr'>exposco,</span> <span class='ocrx_word' id='word_1_81' title='bbox 1424 1183 1487 1234; x_wconf 91' lang='lat' dir='ltr'>ut</span> <span class='ocrx_word' id='word_1_82' title='bbox 1518 1180 1784 1251; x_wconf 87' lang='lat' dir='ltr'>deinceps</span> <span class='ocrx_word' id='word_1_83' title='bbox 1810 1184 1997 1235; x_wconf 89' lang='lat' dir='ltr'>ratum</span> <span class='ocrx_word' id='word_1_84' title='bbox 2018 1197 2144 1252; x_wconf 89' lang='lat' dir='ltr'>per-</span> 
     </span>
    </p>
   </div>
   <div class='ocr_carea' id='block_1_10' title="bbox 499 1272 2144 1346">
    <p class='ocr_par' dir='ltr' id='par_1_10' title="bbox 499 1272 2144 1346">
     <span class='ocr_line' id='line_1_10' title="bbox 499 1272 2144 1346; baseline -0.002 -16"><span class='ocrx_word' id='word_1_85' title='bbox 499 1277 745 1330; x_wconf 85' lang='lat' dir='ltr'>maneat.</span> <span class='ocrx_word' id='word_1_86' title='bbox 774 1276 843 1329; x_wconf 89' lang='lat' dir='ltr'>Et</span> <span class='ocrx_word' id='word_1_87' title='bbox 874 1275 920 1329; x_wconf 89' lang='lat' dir='ltr'>si</span> <span class='ocrx_word' id='word_1_88' title='bbox 963 1274 1090 1346; x_wconf 88' lang='lat' dir='ltr'>quis</span> <span class='ocrx_word' id='word_1_89' title='bbox 1126 1289 1377 1345; x_wconf 88' lang='lat' dir='ltr'>unquam</span> <span class='ocrx_word' id='word_1_90' title='bbox 1416 1272 1606 1343; x_wconf 91' lang='lat' dir='ltr'>fuerit,</span> <span class='ocrx_word' id='word_1_91' title='bbox 1634 1274 1730 1345; x_wconf 91' lang='lat' dir='ltr'>qui</span> <span class='ocrx_word' id='word_1_92' title='bbox 1771 1276 1965 1327; x_wconf 88' lang='lat' dir='ltr'>contra</span> <span class='ocrx_word' id='word_1_93' title='bbox 1996 1274 2144 1328; x_wconf 90' lang='lat' dir='ltr'>hanc</span> 
     </span>
    </p>
   </div>
   <div class='ocr_carea' id='block_1_11' title="bbox 498 1366 2146 1437">
    <p class='ocr_par' dir='ltr' id='par_1_11' title="bbox 498 1366 2146 1437">
     <span class='ocr_line' id='line_1_11' title="bbox 498 1366 2146 1437; baseline -0.002 -13"><span class='ocrx_word' id='word_1_94' title='bbox 498 1367 965 1424; x_wconf 86' lang='lat' dir='ltr'>deliberationem</span> <span class='ocrx_word' id='word_1_95' title='bbox 1008 1382 1221 1434; x_wconf 88' lang='lat' dir='ltr'>meam,</span> <span class='ocrx_word' id='word_1_96' title='bbox 1254 1382 1427 1437; x_wconf 89' lang='lat' dir='ltr'>quam</span> <span class='ocrx_word' id='word_1_97' title='bbox 1463 1381 1569 1437; x_wconf 85' lang='lat' dir='ltr'>ego</span> <span class='ocrx_word' id='word_1_98' title='bbox 1595 1382 1697 1437; x_wconf 91' lang='lat' dir='ltr'>pro</span> <span class='ocrx_word' id='word_1_99' title='bbox 1723 1366 2005 1420; x_wconf 88' lang='lat' dir='ltr'>ﬁrmitatis</span> <span class='ocrx_word' id='word_1_100' title='bbox 2033 1369 2146 1420; x_wconf 88' lang='lat' dir='ltr'>stu-</span> 
     </span>
    </p>
   </div>
   <div class='ocr_carea' id='block_1_12' title="bbox 497 1458 2143 1532">
    <p class='ocr_par' dir='ltr' id='par_1_12' title="bbox 497 1458 2143 1532">
     <span class='ocr_line' id='line_1_12' title="bbox 497 1458 2143 1532; baseline -0.004 -15"><span class='ocrx_word' id='word_1_101' title='bbox 497 1460 591 1517; x_wconf 93' lang='lat' dir='ltr'>dio</span> <span class='ocrx_word' id='word_1_102' title='bbox 630 1477 761 1515; x_wconf 92' lang='lat' dir='ltr'>cum</span> <span class='ocrx_word' id='word_1_103' title='bbox 800 1458 1225 1532; x_wconf 83' lang='lat' dir='ltr'>metropolitani</span> <span class='ocrx_word' id='word_1_104' title='bbox 1265 1462 1322 1513; x_wconf 91' lang='lat' dir='ltr'>et</span> <span class='ocrx_word' id='word_1_105' title='bbox 1362 1458 1711 1529; x_wconf 87' lang='lat' dir='ltr'>reliquorum</span> <span class='ocrx_word' id='word_1_106' title='bbox 1749 1458 2143 1529; x_wconf 89' lang='lat' dir='ltr'>episcoporum</span> 
     </span>
    </p>
   </div>
   <div class='ocr_carea' id='block_1_13' title="bbox 498 1551 2145 1622">
    <p class='ocr_par' dir='ltr' id='par_1_13' title="bbox 498 1551 2145 1622">
     <span class='ocr_line' id='line_1_13' title="bbox 498 1551 2145 1622; baseline -0.001 -15"><span class='ocrx_word' id='word_1_107' title='bbox 498 1552 732 1608; x_wconf 88' lang='lat' dir='ltr'>consilio</span> <span class='ocrx_word' id='word_1_108' title='bbox 781 1570 847 1607; x_wconf 91' lang='lat' dir='ltr'>ac</span> <span class='ocrx_word' id='word_1_109' title='bbox 898 1552 1154 1607; x_wconf 82' lang='lat' dir='ltr'>suasione</span> <span class='ocrx_word' id='word_1_110' title='bbox 1206 1552 1425 1606; x_wconf 87' lang='lat' dir='ltr'>decrevi</span> <span class='ocrx_word' id='word_1_111' title='bbox 1479 1551 1865 1619; x_wconf 89' lang='lat' dir='ltr'>conscribere,</span> <span class='ocrx_word' id='word_1_112' title='bbox 1920 1568 2145 1622; x_wconf 90' lang='lat' dir='ltr'>quoquo</span> 
     </span>
    </p>
   </div>
   <div class='ocr_carea' id='block_1_14' title="bbox 499 1643 2146 1718">
    <p class='ocr_par' dir='ltr' id='par_1_14' title="bbox 499 1643 2146 1718">
     <span class='ocr_line' id='line_1_14' title="bbox 499 1643 2146 1718; baseline -0.001 -17"><span class='ocrx_word' id='word_1_113' title='bbox 499 1649 756 1718; x_wconf 89' lang='lat' dir='ltr'>tempore</span> <span class='ocrx_word' id='word_1_114' title='bbox 784 1645 974 1701; x_wconf 89' lang='lat' dir='ltr'>venire</span> <span class='ocrx_word' id='word_1_115' title='bbox 1004 1644 1389 1717; x_wconf 85' lang='lat' dir='ltr'>temptaverit,</span> <span class='ocrx_word' id='word_1_116' title='bbox 1420 1647 1517 1698; x_wconf 88' lang='lat' dir='ltr'>aut</span> <span class='ocrx_word' id='word_1_117' title='bbox 1547 1643 1800 1699; x_wconf 83' lang='lat' dir='ltr'>fortassis</span> <span class='ocrx_word' id='word_1_118' title='bbox 1832 1644 2023 1698; x_wconf 91' lang='lat' dir='ltr'>locum</span> <span class='ocrx_word' id='word_1_119' title='bbox 2061 1661 2146 1700; x_wconf 90' lang='lat' dir='ltr'>re-</span> 
     </span>
    </p>
   </div>
   <div class='ocr_carea' id='block_1_15' title="bbox 497 1737 2144 1812">
    <p class='ocr_par' dir='ltr' id='par_1_15' title="bbox 497 1737 2144 1812">
     <span class='ocr_line' id='line_1_15' title="bbox 497 1737 2144 1812; baseline -0.002 -17"><span class='ocrx_word' id='word_1_120' title='bbox 497 1739 759 1812; x_wconf 87' lang='lat' dir='ltr'>fragandi</span> <span class='ocrx_word' id='word_1_121' title='bbox 799 1738 1090 1811; x_wconf 90' lang='lat' dir='ltr'>quesierit,</span> <span class='ocrx_word' id='word_1_122' title='bbox 1120 1738 1177 1793; x_wconf 90' lang='lat' dir='ltr'>in</span> <span class='ocrx_word' id='word_1_123' title='bbox 1203 1738 1405 1811; x_wconf 89' lang='lat' dir='ltr'>primis</span> <span class='ocrx_word' id='word_1_124' title='bbox 1430 1755 1464 1792; x_wconf 89' lang='lat' dir='ltr'>a</span> <span class='ocrx_word' id='word_1_125' title='bbox 1488 1737 1781 1792; x_wconf 91' lang='lat' dir='ltr'>liminibus</span> <span class='ocrx_word' id='word_1_126' title='bbox 1821 1741 2144 1792; x_wconf 90' lang='lat' dir='ltr'>sanctarum</span> 
     </span>
    </p>
   </div>
   <div class='ocr_carea' id='block_1_16' title="bbox 388 1830 2140 1903">
    <p class='ocr_par' dir='ltr' id='par_1_16' title="bbox 388 1830 2140 1903">
     <span class='ocr_line' id='line_1_16' title="bbox 388 1830 2140 1903; baseline -0.002 -15"><span class='ocrx_word' id='word_1_127' title='bbox 388 1848 404 1865; x_wconf 64' lang='grc' dir='ltr'><strong>ι</strong></span> <span class='ocrx_word' id='word_1_128' title='bbox 498 1832 862 1889; x_wconf 90' lang='lat' dir='ltr'>ecclesiarum</span> <span class='ocrx_word' id='word_1_129' title='bbox 881 1832 951 1887; x_wconf 89' lang='lat' dir='ltr'>ab</span> <span class='ocrx_word' id='word_1_130' title='bbox 970 1832 1236 1886; x_wconf 91' lang='lat' dir='ltr'>omnibus</span> <span class='ocrx_word' id='word_1_131' title='bbox 1250 1830 1526 1903; x_wconf 87' lang='lat' dir='ltr'>episcopis</span> <span class='ocrx_word' id='word_1_132' title='bbox 1545 1834 1602 1885; x_wconf 90' lang='lat' dir='ltr'>et</span> <span class='ocrx_word' id='word_1_133' title='bbox 1620 1830 2004 1886; x_wconf 85' lang='lat' dir='ltr'>sacerdotibus</span> <span class='ocrx_word' id='word_1_134' title='bbox 2025 1830 2140 1900; x_wconf 90' lang='lat' dir='ltr'>Dei,</span> 
     </span>
    </p>
   </div>
   <div class='ocr_carea' id='block_1_17' title="bbox 2245 714 3901 790">
    <p class='ocr_par' dir='ltr' id='par_1_17' title="bbox 2245 714 3901 790">
     <span class='ocr_line' id='line_1_17' title="bbox 2245 714 3901 790; baseline 0.004 -23"><span class='ocrx_word' id='word_1_135' title='bbox 2245 730 2416 785; x_wconf 90' lang='lat' dir='ltr'>scopo</span> <span class='ocrx_word' id='word_1_136' title='bbox 2460 718 2518 771; x_wconf 91' lang='lat' dir='ltr'>et</span> <span class='ocrx_word' id='word_1_137' title='bbox 2553 714 2763 770; x_wconf 91' lang='lat' dir='ltr'>domna</span> <span class='ocrx_word' id='word_1_138' title='bbox 2800 715 3173 786; x_wconf 86' lang='lat' dir='ltr'>Ulthrogothe</span> <span class='ocrx_word' id='word_1_139' title='bbox 3214 717 3434 788; x_wconf 88' lang='lat' dir='ltr'>regina,</span> <span class='ocrx_word' id='word_1_140' title='bbox 3463 721 3637 790; x_wconf 77' lang='lat' dir='ltr'>atque</span> <span class='ocrx_word' id='word_1_141' title='bbox 3676 717 3901 773; x_wconf 83' lang='lat' dir='ltr'>damna</span> 
     </span>
    </p>
   </div>
   <div class='ocr_carea' id='block_1_18' title="bbox 2242 807 3901 880">
    <p class='ocr_par' dir='ltr' id='par_1_18' title="bbox 2242 807 3901 880">
     <span class='ocr_line' id='line_1_18' title="bbox 2242 807 3901 880; baseline 0.002 -19"><span class='ocrx_word' id='word_1_142' title='bbox 2242 807 2615 862; x_wconf 80' lang='lat' dir='ltr'>Chrodesinta</span> <span class='ocrx_word' id='word_1_143' title='bbox 2638 824 2702 862; x_wconf 90' lang='lat' dir='ltr'>ac</span> <span class='ocrx_word' id='word_1_144' title='bbox 2720 808 3066 880; x_wconf 85' lang='lat' dir='ltr'>Chroherga,</span> <span class='ocrx_word' id='word_1_145' title='bbox 3092 809 3565 865; x_wconf 90' lang='lat' dir='ltr'>constitutionem</span> <span class='ocrx_word' id='word_1_146' title='bbox 3591 811 3769 879; x_wconf 88' lang='lat' dir='ltr'>hanc,</span> <span class='ocrx_word' id='word_1_147' title='bbox 3792 810 3901 865; x_wconf 87' lang='lat' dir='ltr'>sci-</span> 
     </span>
    </p>
   </div>
   <div class='ocr_carea' id='block_1_19' title="bbox 2243 899 3900 971">
    <p class='ocr_par' dir='ltr' id='par_1_19' title="bbox 2243 899 3900 971">
     <span class='ocr_line' id='line_1_19' title="bbox 2243 899 3900 971; baseline 0.002 -18"><span class='ocrx_word' id='word_1_148' title='bbox 2243 899 2421 954; x_wconf 91' lang='lat' dir='ltr'>liceta</span> <span class='ocrx_word' id='word_1_149' title='bbox 2457 899 2705 971; x_wconf 89' lang='lat' dir='ltr'>presenti</span> <span class='ocrx_word' id='word_1_150' title='bbox 2748 903 3002 971; x_wconf 89' lang='lat' dir='ltr'>tempore</span> <span class='ocrx_word' id='word_1_151' title='bbox 3026 917 3060 955; x_wconf 93' lang='lat' dir='ltr'>a</span> <span class='ocrx_word' id='word_1_152' title='bbox 3084 902 3502 958; x_wconf 88' lang='lat' dir='ltr'>successoribus</span> <span class='ocrx_word' id='word_1_153' title='bbox 3528 902 3735 959; x_wconf 89' lang='lat' dir='ltr'>domni</span> <span class='ocrx_word' id='word_1_154' title='bbox 3764 902 3900 957; x_wconf 86' lang='lat' dir='ltr'>Ger-</span> 
     </span>
    </p>
   </div>
   <div class='ocr_carea' id='block_1_20' title="bbox 2244 992 3901 1068">
    <p class='ocr_par' dir='ltr' id='par_1_20' title="bbox 2244 992 3901 1068">
     <span class='ocr_line' id='line_1_20' title="bbox 2244 992 3901 1068; baseline 0.002 -21"><span class='ocrx_word' id='word_1_155' title='bbox 2244 992 2396 1047; x_wconf 87' lang='lat' dir='ltr'>mani</span> <span class='ocrx_word' id='word_1_156' title='bbox 2425 992 2669 1064; x_wconf 88' lang='lat' dir='ltr'>episcopi</span> <span class='ocrx_word' id='word_1_157' title='bbox 2698 997 2975 1064; x_wconf 89' lang='lat' dir='ltr'>perpetuo</span> <span class='ocrx_word' id='word_1_158' title='bbox 3004 995 3437 1051; x_wconf 85' lang='lat' dir='ltr'>custodiendam</span> <span class='ocrx_word' id='word_1_159' title='bbox 3458 996 3661 1068; x_wconf 88' lang='lat' dir='ltr'>relegi,</span> <span class='ocrx_word' id='word_1_160' title='bbox 3693 999 3753 1051; x_wconf 87' lang='lat' dir='ltr'>et</span> <span class='ocrx_word' id='word_1_161' title='bbox 3777 1012 3901 1050; x_wconf 88' lang='lat' dir='ltr'>ma-</span> 
     </span>
    </p>
   </div>
   <div class='ocr_carea' id='block_1_21' title="bbox 2243 1085 3899 1158">
    <p class='ocr_par' dir='ltr' id='par_1_21' title="bbox 2243 1085 3899 1158">
     <span class='ocr_line' id='line_1_21' title="bbox 2243 1085 3899 1158; baseline 0.004 -19"><span class='ocrx_word' id='word_1_162' title='bbox 2243 1102 2351 1140; x_wconf 91' lang='lat' dir='ltr'>nus</span> <span class='ocrx_word' id='word_1_163' title='bbox 2379 1101 2505 1140; x_wconf 90' lang='lat' dir='ltr'>mee</span> <span class='ocrx_word' id='word_1_164' title='bbox 2535 1085 2948 1158; x_wconf 86' lang='lat' dir='ltr'>subscriptione</span> <span class='ocrx_word' id='word_1_165' title='bbox 2973 1088 3329 1144; x_wconf 88' lang='lat' dir='ltr'>corroboravi</span> <span class='ocrx_word' id='word_1_166' title='bbox 3355 1093 3551 1144; x_wconf 88' lang='lat' dir='ltr'>notato</span> <span class='ocrx_word' id='word_1_167' title='bbox 3571 1090 3666 1145; x_wconf 84' lang='lat' dir='ltr'>die</span> <span class='ocrx_word' id='word_1_168' title='bbox 3697 1090 3747 1145; x_wconf 71' lang='grc' dir='ltr'>ι).</span> <span class='ocrx_word' id='word_1_169' title='bbox 3765 1091 3899 1145; x_wconf 88' lang='lat' dir='ltr'>Pre-</span> 
     </span>
    </p>
   </div>
   <div class='ocr_carea' id='block_1_22' title="bbox 2246 1179 3895 1252">
    <p class='ocr_par' dir='ltr' id='par_1_22' title="bbox 2246 1179 3895 1252">
     <span class='ocr_line' id='line_1_22' title="bbox 2246 1179 3895 1252; baseline 0.002 -17"><span class='ocrx_word' id='word_1_170' title='bbox 2246 1181 2490 1235; x_wconf 86' lang='lat' dir='ltr'>textatus</span> <span class='ocrx_word' id='word_1_171' title='bbox 2512 1179 2914 1234; x_wconf 90' lang='lat' dir='ltr'>Cabillonensis</span> <span class='ocrx_word' id='word_1_172' title='bbox 2939 1180 3254 1252; x_wconf 91' lang='lat' dir='ltr'>episcopus,</span> <span class='ocrx_word' id='word_1_173' title='bbox 3286 1181 3764 1237; x_wconf 88' lang='lat' dir='ltr'>deliberationem</span> <span class='ocrx_word' id='word_1_174' title='bbox 3793 1200 3895 1238; x_wconf 91' lang='lat' dir='ltr'>su-</span> 
     </span>
    </p>
   </div>
   <div class='ocr_carea' id='block_1_23' title="bbox 2244 1272 3896 1346">
    <p class='ocr_par' dir='ltr' id='par_1_23' title="bbox 2244 1272 3896 1346">
     <span class='ocr_line' id='line_1_23' title="bbox 2244 1272 3896 1346; baseline 0.003 -19"><span class='ocrx_word' id='word_1_175' title='bbox 2244 1272 2435 1345; x_wconf 90' lang='lat' dir='ltr'>perius</span> <span class='ocrx_word' id='word_1_176' title='bbox 2475 1272 2964 1343; x_wconf 88' lang='lat' dir='ltr'>comprehensam,</span> <span class='ocrx_word' id='word_1_177' title='bbox 2996 1277 3236 1345; x_wconf 88' lang='lat' dir='ltr'>rogante</span> <span class='ocrx_word' id='word_1_178' title='bbox 3270 1277 3328 1328; x_wconf 91' lang='lat' dir='ltr'>et</span> <span class='ocrx_word' id='word_1_179' title='bbox 3360 1280 3628 1346; x_wconf 89' lang='lat' dir='ltr'>presente</span> <span class='ocrx_word' id='word_1_180' title='bbox 3672 1277 3896 1332; x_wconf 88' lang='lat' dir='ltr'>domno</span> 
     </span>
    </p>
   </div>
   <div class='ocr_carea' id='block_1_24' title="bbox 2245 1362 3902 1441">
    <p class='ocr_par' dir='ltr' id='par_1_24' title="bbox 2245 1362 3902 1441">
     <span class='ocr_line' id='line_1_24' title="bbox 2245 1362 3902 1441; baseline 0.001 -21"><span class='ocrx_word' id='word_1_181' title='bbox 2245 1362 2522 1421; x_wconf 82' lang='lat' dir='ltr'>Germano</span> <span class='ocrx_word' id='word_1_182' title='bbox 2544 1366 2828 1437; x_wconf 91' lang='lat' dir='ltr'>episcopo,</span> <span class='ocrx_word' id='word_1_183' title='bbox 2850 1366 3162 1437; x_wconf 88' lang='lat' dir='ltr'>gaudenter</span> <span class='ocrx_word' id='word_1_184' title='bbox 3180 1367 3401 1438; x_wconf 88' lang='lat' dir='ltr'>suscepi</span> <span class='ocrx_word' id='word_1_185' title='bbox 3428 1369 3809 1441; x_wconf 77' lang='lat' dir='ltr'>relegandam</span> <span class='ocrx_word' id='word_1_186' title='bbox 3836 1373 3902 1425; x_wconf 87' lang='lat' dir='ltr'>et</span> 
     </span>
    </p>
   </div>
   <div class='ocr_carea' id='block_1_25' title="bbox 2246 1459 3899 1534">
    <p class='ocr_par' dir='ltr' id='par_1_25' title="bbox 2246 1459 3899 1534">
     <span class='ocr_line' id='line_1_25' title="bbox 2246 1459 3899 1534; baseline 0.004 -22"><span class='ocrx_word' id='word_1_187' title='bbox 2246 1459 2549 1530; x_wconf 87' lang='lat' dir='ltr'>subscripsi</span> <span class='ocrx_word' id='word_1_188' title='bbox 2582 1462 2782 1514; x_wconf 86' lang='lat' dir='ltr'>notato</span> <span class='ocrx_word' id='word_1_189' title='bbox 2820 1460 2930 1515; x_wconf 92' lang='lat' dir='ltr'>die.</span> <span class='ocrx_word' id='word_1_190' title='bbox 2961 1460 3116 1515; x_wconf 85' lang='lat' dir='ltr'>Felix</span> <span class='ocrx_word' id='word_1_191' title='bbox 3142 1460 3559 1517; x_wconf 87' lang='lat' dir='ltr'>Aurelianensis</span> <span class='ocrx_word' id='word_1_192' title='bbox 3586 1464 3899 1534; x_wconf 89' lang='lat' dir='ltr'>episcopus</span> 
     </span>
    </p>
   </div>
   <div class='ocr_carea' id='block_1_26' title="bbox 2238 1552 3899 1623">
    <p class='ocr_par' dir='ltr' id='par_1_26' title="bbox 2238 1552 3899 1623">
     <span class='ocr_line' id='line_1_26' title="bbox 2238 1552 3899 1623; baseline 0.003 -17"><span class='ocrx_word' id='word_1_193' title='bbox 2238 1552 2403 1623; x_wconf 81' lang='lat' dir='ltr'>juxta</span> <span class='ocrx_word' id='word_1_194' title='bbox 2439 1568 2781 1607; x_wconf 90' lang='lat' dir='ltr'>consensum</span> <span class='ocrx_word' id='word_1_195' title='bbox 2809 1556 2866 1607; x_wconf 90' lang='lat' dir='ltr'>et</span> <span class='ocrx_word' id='word_1_196' title='bbox 2891 1552 3359 1609; x_wconf 89' lang='lat' dir='ltr'>deliberationem</span> <span class='ocrx_word' id='word_1_197' title='bbox 3393 1556 3589 1610; x_wconf 90' lang='lat' dir='ltr'>domni</span> <span class='ocrx_word' id='word_1_198' title='bbox 3618 1557 3899 1611; x_wconf 88' lang='lat' dir='ltr'>Germani</span> 
     </span>
    </p>
   </div>
   <div class='ocr_carea' id='block_1_27' title="bbox 2248 1645 3903 1719">
    <p class='ocr_par' dir='ltr' id='par_1_27' title="bbox 2248 1645 3903 1719">
     <span class='ocr_line' id='line_1_27' title="bbox 2248 1645 3903 1719; baseline 0.005 -21"><span class='ocrx_word' id='word_1_199' title='bbox 2248 1645 2305 1698; x_wconf 92' lang='lat' dir='ltr'>in</span> <span class='ocrx_word' id='word_1_200' title='bbox 2330 1648 2605 1717; x_wconf 88' lang='lat' dir='ltr'>perpetuo</span> <span class='ocrx_word' id='word_1_201' title='bbox 2632 1662 2978 1717; x_wconf 88' lang='lat' dir='ltr'>mansuram,</span> <span class='ocrx_word' id='word_1_202' title='bbox 3007 1647 3311 1719; x_wconf 88' lang='lat' dir='ltr'>subscripsi</span> <span class='ocrx_word' id='word_1_203' title='bbox 3338 1652 3533 1703; x_wconf 83' lang='lat' dir='ltr'>notato</span> <span class='ocrx_word' id='word_1_204' title='bbox 3561 1650 3677 1705; x_wconf 90' lang='lat' dir='ltr'>die.</span> <span class='ocrx_word' id='word_1_205' title='bbox 3698 1650 3903 1705; x_wconf 84' lang='lat' dir='ltr'>Eufro-</span> 
     </span>
    </p>
   </div>
   <div class='ocr_carea' id='block_1_28' title="bbox 2244 1737 3904 1815">
    <p class='ocr_par' dir='ltr' id='par_1_28' title="bbox 2244 1737 3904 1815">
     <span class='ocr_line' id='line_1_28' title="bbox 2244 1737 3904 1815; baseline 0.004 -23"><span class='ocrx_word' id='word_1_206' title='bbox 2244 1737 2373 1792; x_wconf 91' lang='lat' dir='ltr'>nius</span> <span class='ocrx_word' id='word_1_207' title='bbox 2412 1739 2765 1794; x_wconf 86' lang='lat' dir='ltr'>Nivernensis</span> <span class='ocrx_word' id='word_1_208' title='bbox 2806 1739 3121 1812; x_wconf 89' lang='lat' dir='ltr'>episc0pus,</span> <span class='ocrx_word' id='word_1_209' title='bbox 3150 1745 3390 1813; x_wconf 88' lang='lat' dir='ltr'>rogante</span> <span class='ocrx_word' id='word_1_210' title='bbox 3422 1742 3640 1798; x_wconf 90' lang='lat' dir='ltr'>domno</span> <span class='ocrx_word' id='word_1_211' title='bbox 3672 1746 3904 1815; x_wconf 89' lang='lat' dir='ltr'>aposto-</span> 
     </span>
    </p>
   </div>
   <div class='ocr_carea' id='block_1_29' title="bbox 2244 1831 3897 1908">
    <p class='ocr_par' dir='ltr' id='par_1_29' title="bbox 2244 1831 3897 1908">
     <span class='ocr_line' id='line_1_29' title="bbox 2244 1831 3897 1908; baseline 0.004 -23"><span class='ocrx_word' id='word_1_212' title='bbox 2244 1831 2350 1885; x_wconf 91' lang='lat' dir='ltr'>lico</span> <span class='ocrx_word' id='word_1_213' title='bbox 2378 1833 2657 1887; x_wconf 87' lang='lat' dir='ltr'>Germano</span> <span class='ocrx_word' id='word_1_214' title='bbox 2699 1833 2979 1905; x_wconf 91' lang='lat' dir='ltr'>episcopo,</span> <span class='ocrx_word' id='word_1_215' title='bbox 3016 1833 3161 1887; x_wconf 90' lang='lat' dir='ltr'>hanc</span> <span class='ocrx_word' id='word_1_216' title='bbox 3194 1834 3669 1890; x_wconf 84' lang='lat' dir='ltr'>deliberationem</span> <span class='ocrx_word' id='word_1_217' title='bbox 3714 1838 3897 1908; x_wconf 87' lang='lat' dir='ltr'>relegi</span> 
     </span>
    </p>
   </div>
   <div class='ocr_carea' id='block_1_30' title="bbox 496 1916 3901 1998">
    <p class='ocr_par' dir='ltr' id='par_1_30' title="bbox 496 1916 3901 1998">
     <span class='ocr_line' id='line_1_30' title="bbox 496 1916 3901 1998; baseline 0.001 -17"><span class='ocrx_word' id='word_1_218' title='bbox 496 1928 615 1981; x_wconf 87' lang='lat' dir='ltr'>tam</span> <span class='ocrx_word' id='word_1_219' title='bbox 662 1925 941 1998; x_wconf 88' lang='lat' dir='ltr'>presentis</span> <span class='ocrx_word' id='word_1_220' title='bbox 990 1924 1261 1997; x_wconf 89' lang='lat' dir='ltr'>temporis</span> <span class='ocrx_word' id='word_1_221' title='bbox 1310 1941 1482 1996; x_wconf 90' lang='lat' dir='ltr'>quam</span> <span class='ocrx_word' id='word_1_222' title='bbox 1535 1924 1746 1991; x_wconf 90' lang='lat' dir='ltr'>futuri,</span> <span class='ocrx_word' id='word_1_223' title='bbox 1800 1923 1872 1978; x_wconf 90' lang='lat' dir='ltr'>sit</span> <span class='ocrx_word' id='word_1_224' title='bbox 1920 1916 2216 1987; x_wconf 86' lang='lat' dir='ltr'>excom-B</span> <span class='ocrx_word' id='word_1_225' title='bbox 2241 1927 2298 1980; x_wconf 89' lang='lat' dir='ltr'>et</span> <span class='ocrx_word' id='word_1_226' title='bbox 2345 1925 2668 1997; x_wconf 88' lang='lat' dir='ltr'>subscripsi,</span> <span class='ocrx_word' id='word_1_227' title='bbox 2708 1928 2905 1980; x_wconf 90' lang='lat' dir='ltr'>notato</span> <span class='ocrx_word' id='word_1_228' title='bbox 2958 1926 3069 1981; x_wconf 91' lang='lat' dir='ltr'>die.</span> <span class='ocrx_word' id='word_1_229' title='bbox 3112 1927 3476 1983; x_wconf 88' lang='lat' dir='ltr'>Domicianus</span> <span class='ocrx_word' id='word_1_230' title='bbox 3519 1929 3901 1985; x_wconf 88' lang='lat' dir='ltr'>Carnotensis</span> 
     </span>
    </p>
   </div>
   <div class='ocr_carea' id='block_1_31' title="bbox 496 2015 2133 2088">
    <p class='ocr_par' dir='ltr' id='par_1_31' title="bbox 496 2015 2133 2088">
     <span class='ocr_line' id='line_1_31' title="bbox 496 2015 2133 2088; baseline -0.002 -14"><span class='ocrx_word' id='word_1_231' title='bbox 496 2020 837 2088; x_wconf 90' lang='lat' dir='ltr'>municatus,</span> <span class='ocrx_word' id='word_1_232' title='bbox 886 2021 944 2074; x_wconf 88' lang='lat' dir='ltr'>et</span> <span class='ocrx_word' id='word_1_233' title='bbox 980 2018 1197 2073; x_wconf 89' lang='lat' dir='ltr'>alienus</span> <span class='ocrx_word' id='word_1_234' title='bbox 1234 2034 1267 2072; x_wconf 91' lang='lat' dir='ltr'>a</span> <span class='ocrx_word' id='word_1_235' title='bbox 1301 2033 1459 2088; x_wconf 88' lang='lat' dir='ltr'>pace,</span> <span class='ocrx_word' id='word_1_236' title='bbox 1500 2020 1557 2072; x_wconf 88' lang='lat' dir='ltr'>et</span> <span class='ocrx_word' id='word_1_237' title='bbox 1594 2016 1653 2071; x_wconf 94' lang='lat' dir='ltr'>in</span> <span class='ocrx_word' id='word_1_238' title='bbox 1694 2017 1885 2071; x_wconf 90' lang='lat' dir='ltr'>futuro</span> <span class='ocrx_word' id='word_1_239' title='bbox 1915 2015 2133 2087; x_wconf 90' lang='lat' dir='ltr'>judicio</span> 
     </span>
    </p>
   </div>
   <div class='ocr_carea' id='block_1_32' title="bbox 494 2109 2134 2181">
    <p class='ocr_par' dir='ltr' id='par_1_32' title="bbox 494 2109 2134 2181">
     <span class='ocr_line' id='line_1_32' title="bbox 494 2109 2134 2181; baseline -0.002 -14"><span class='ocrx_word' id='word_1_240' title='bbox 494 2130 624 2168; x_wconf 93' lang='lat' dir='ltr'>cum</span> <span class='ocrx_word' id='word_1_241' title='bbox 670 2112 874 2168; x_wconf 89' lang='lat' dir='ltr'>sanctis</span> <span class='ocrx_word' id='word_1_242' title='bbox 914 2114 971 2167; x_wconf 89' lang='lat' dir='ltr'>et</span> <span class='ocrx_word' id='word_1_243' title='bbox 1007 2111 1203 2166; x_wconf 90' lang='lat' dir='ltr'>amicis</span> <span class='ocrx_word' id='word_1_244' title='bbox 1242 2110 1360 2177; x_wconf 90' lang='lat' dir='ltr'>Dei,</span> <span class='ocrx_word' id='word_1_245' title='bbox 1391 2110 1449 2164; x_wconf 89' lang='lat' dir='ltr'>in</span> <span class='ocrx_word' id='word_1_246' title='bbox 1491 2126 1734 2181; x_wconf 91' lang='lat' dir='ltr'>quorum</span> <span class='ocrx_word' id='word_1_247' title='bbox 1776 2110 1991 2164; x_wconf 92' lang='lat' dir='ltr'>honore</span> <span class='ocrx_word' id='word_1_248' title='bbox 2027 2109 2134 2165; x_wconf 89' lang='lat' dir='ltr'>hec</span> 
     </span>
    </p>
   </div>
   <div class='ocr_carea' id='block_1_33' title="bbox 491 2203 2135 2277">
    <p class='ocr_par' dir='ltr' id='par_1_33' title="bbox 491 2203 2135 2277">
     <span class='ocr_line' id='line_1_33' title="bbox 491 2203 2135 2277; baseline -0.002 -16"><span class='ocrx_word' id='word_1_249' title='bbox 491 2205 826 2277; x_wconf 90' lang='lat' dir='ltr'>conscriptio</span> <span class='ocrx_word' id='word_1_250' title='bbox 854 2205 1001 2260; x_wconf 90' lang='lat' dir='ltr'>facta</span> <span class='ocrx_word' id='word_1_251' title='bbox 1034 2206 1138 2274; x_wconf 89' lang='lat' dir='ltr'>est,</span> <span class='ocrx_word' id='word_1_252' title='bbox 1171 2220 1367 2259; x_wconf 90' lang='lat' dir='ltr'>meum</span> <span class='ocrx_word' id='word_1_253' title='bbox 1393 2220 1456 2258; x_wconf 92' lang='lat' dir='ltr'>ac</span> <span class='ocrx_word' id='word_1_254' title='bbox 1485 2203 1846 2259; x_wconf 91' lang='lat' dir='ltr'>dominorum</span> <span class='ocrx_word' id='word_1_255' title='bbox 1873 2219 2135 2259; x_wconf 92' lang='lat' dir='ltr'>meorum</span> 
     </span>
    </p>
   </div>
   <div class='ocr_carea' id='block_1_34' title="bbox 492 2296 2135 2371">
    <p class='ocr_par' dir='ltr' id='par_1_34' title="bbox 492 2296 2135 2371">
     <span class='ocr_line' id='line_1_34' title="bbox 492 2296 2135 2371; baseline -0.002 -15"><span class='ocrx_word' id='word_1_256' title='bbox 492 2298 1059 2371; x_wconf 84' lang='lat' dir='ltr'>metropolitanorum</span> <span class='ocrx_word' id='word_1_257' title='bbox 1073 2314 1170 2352; x_wconf 92' lang='lat' dir='ltr'>seu</span> <span class='ocrx_word' id='word_1_258' title='bbox 1188 2296 1583 2368; x_wconf 90' lang='lat' dir='ltr'>episcoporum</span> <span class='ocrx_word' id='word_1_259' title='bbox 1598 2296 1946 2368; x_wconf 90' lang='lat' dir='ltr'>presentium</span> <span class='ocrx_word' id='word_1_260' title='bbox 1966 2313 2135 2369; x_wconf 89' lang='lat' dir='ltr'>super</span> 
     </span>
    </p>
   </div>
   <div class='ocr_carea' id='block_1_35' title="bbox 490 2389 2131 2462">
    <p class='ocr_par' dir='ltr' id='par_1_35' title="bbox 490 2389 2131 2462">
     <span class='ocr_line' id='line_1_35' title="bbox 490 2389 2131 2462; baseline -0.002 -14"><span class='ocrx_word' id='word_1_261' title='bbox 490 2409 550 2448; x_wconf 88' lang='lat' dir='ltr'>se</span> <span class='ocrx_word' id='word_1_262' title='bbox 575 2392 769 2448; x_wconf 90' lang='lat' dir='ltr'>adesse</span> <span class='ocrx_word' id='word_1_263' title='bbox 793 2390 1000 2446; x_wconf 86' lang='lat' dir='ltr'>sentiat</span> <span class='ocrx_word' id='word_1_264' title='bbox 1017 2390 1320 2462; x_wconf 86' lang='lat' dir='ltr'>judicium,</span> <span class='ocrx_word' id='word_1_265' title='bbox 1352 2394 1408 2444; x_wconf 88' lang='lat' dir='ltr'>et</span> <span class='ocrx_word' id='word_1_266' title='bbox 1435 2389 1507 2444; x_wconf 91' lang='lat' dir='ltr'>sit</span> <span class='ocrx_word' id='word_1_267' title='bbox 1539 2389 1843 2444; x_wconf 88' lang='lat' dir='ltr'>anathema</span> <span class='ocrx_word' id='word_1_268' title='bbox 1867 2406 2131 2445; x_wconf 88' lang='lat' dir='ltr'>marana-</span> 
     </span>
    </p>
   </div>
   <div class='ocr_carea' id='block_1_36' title="bbox 490 2482 2131 2555">
    <p class='ocr_par' dir='ltr' id='par_1_36' title="bbox 490 2482 2131 2555">
     <span class='ocr_line' id='line_1_36' title="bbox 490 2482 2131 2555; baseline -0.002 -14"><span class='ocrx_word' id='word_1_269' title='bbox 490 2486 611 2541; x_wconf 89' lang='lat' dir='ltr'>tha.</span> <span class='ocrx_word' id='word_1_270' title='bbox 644 2487 714 2541; x_wconf 82' lang='lat' dir='ltr'>At</span> <span class='ocrx_word' id='word_1_271' title='bbox 743 2485 973 2555; x_wconf 91' lang='lat' dir='ltr'>insuper</span> <span class='ocrx_word' id='word_1_272' title='bbox 998 2487 1059 2538; x_wconf 90' lang='lat' dir='ltr'>ut</span> <span class='ocrx_word' id='word_1_273' title='bbox 1084 2484 1188 2538; x_wconf 90' lang='lat' dir='ltr'>hec</span> <span class='ocrx_word' id='word_1_274' title='bbox 1218 2482 1430 2537; x_wconf 88' lang='lat' dir='ltr'>cartula</span> <span class='ocrx_word' id='word_1_275' title='bbox 1458 2482 1769 2537; x_wconf 87' lang='lat' dir='ltr'>ﬁrmiorem</span> <span class='ocrx_word' id='word_1_276' title='bbox 1804 2482 1981 2554; x_wconf 89' lang='lat' dir='ltr'>possit</span> <span class='ocrx_word' id='word_1_277' title='bbox 2009 2482 2131 2538; x_wconf 88' lang='lat' dir='ltr'>adi-</span> 
     </span>
    </p>
   </div>
   <div class='ocr_carea' id='block_1_37' title="bbox 487 2576 2131 2652">
    <p class='ocr_par' dir='ltr' id='par_1_37' title="bbox 487 2576 2131 2652">
     <span class='ocr_line' id='line_1_37' title="bbox 487 2576 2131 2652; baseline -0.002 -18"><span class='ocrx_word' id='word_1_278' title='bbox 487 2578 631 2652; x_wconf 92' lang='lat' dir='ltr'>pisci</span> <span class='ocrx_word' id='word_1_279' title='bbox 667 2577 1113 2650; x_wconf 89' lang='lat' dir='ltr'>plenitudinem,</span> <span class='ocrx_word' id='word_1_280' title='bbox 1163 2576 1722 2648; x_wconf 85' lang='lat' dir='ltr'>comprovincialium</span> <span class='ocrx_word' id='word_1_281' title='bbox 1767 2576 2131 2631; x_wconf 91' lang='lat' dir='ltr'>dominorum</span> 
     </span>
    </p>
   </div>
   <div class='ocr_carea' id='block_1_38' title="bbox 489 2669 2131 2745">
    <p class='ocr_par' dir='ltr' id='par_1_38' title="bbox 489 2669 2131 2745">
     <span class='ocr_line' id='line_1_38' title="bbox 489 2669 2131 2745; baseline -0.003 -17"><span class='ocrx_word' id='word_1_282' title='bbox 489 2673 880 2745; x_wconf 89' lang='lat' dir='ltr'>episcoporum</span> <span class='ocrx_word' id='word_1_283' title='bbox 901 2673 958 2725; x_wconf 92' lang='lat' dir='ltr'>et</span> <span class='ocrx_word' id='word_1_284' title='bbox 987 2670 1229 2724; x_wconf 86' lang='lat' dir='ltr'>fratrum</span> <span class='ocrx_word' id='word_1_285' title='bbox 1258 2686 1516 2725; x_wconf 91' lang='lat' dir='ltr'>meorum</span> <span class='ocrx_word' id='word_1_286' title='bbox 1543 2669 2007 2741; x_wconf 87' lang='lat' dir='ltr'>presbyterorum</span> <span class='ocrx_word' id='word_1_287' title='bbox 2033 2685 2131 2725; x_wconf 92' lang='lat' dir='ltr'>seu</span> 
     </span>
    </p>
   </div>
   <div class='ocr_carea' id='block_1_39' title="bbox 487 2761 2132 2834">
    <p class='ocr_par' dir='ltr' id='par_1_39' title="bbox 487 2761 2132 2834">
     <span class='ocr_line' id='line_1_39' title="bbox 487 2761 2132 2834; baseline -0.004 -13"><span class='ocrx_word' id='word_1_288' title='bbox 487 2765 855 2821; x_wconf 90' lang='lat' dir='ltr'>diaconorum</span> <span class='ocrx_word' id='word_1_289' title='bbox 898 2762 1403 2834; x_wconf 86' lang='lat' dir='ltr'>conscriptionibus</span> <span class='ocrx_word' id='word_1_290' title='bbox 1456 2762 1636 2834; x_wconf 91' lang='lat' dir='ltr'>ipsam</span> <span class='ocrx_word' id='word_1_291' title='bbox 1674 2761 1825 2817; x_wconf 85' lang='lat' dir='ltr'>volui</span> <span class='ocrx_word' id='word_1_292' title='bbox 1875 2762 2132 2816; x_wconf 90' lang='lat' dir='ltr'>corrobo-</span> 
     </span>
    </p>
   </div>
   <div class='ocr_carea' id='block_1_40' title="bbox 489 2854 2127 2923">
    <p class='ocr_par' dir='ltr' id='par_1_40' title="bbox 489 2854 2127 2923">
     <span class='ocr_line' id='line_1_40' title="bbox 489 2854 2127 2923; baseline -0.004 -9"><span class='ocrx_word' id='word_1_293' title='bbox 489 2875 635 2914; x_wconf 87' lang='lat' dir='ltr'>rare.</span> <span class='ocrx_word' id='word_1_294' title='bbox 680 2859 883 2913; x_wconf 84' lang='lat' dir='ltr'>Actum</span> <span class='ocrx_word' id='word_1_295' title='bbox 926 2855 1167 2911; x_wconf 88' lang='lat' dir='ltr'>Parisius</span> <span class='ocrx_word' id='word_1_296' title='bbox 1208 2855 1450 2923; x_wconf 84' lang='lat' dir='ltr'>civitate,</span> <span class='ocrx_word' id='word_1_297' title='bbox 1496 2855 1598 2909; x_wconf 91' lang='lat' dir='ltr'>sub</span> <span class='ocrx_word' id='word_1_298' title='bbox 1647 2855 1737 2910; x_wconf 92' lang='lat' dir='ltr'>die</span> <span class='ocrx_word' id='word_1_299' title='bbox 1778 2871 1852 2909; x_wconf 82' lang='lat' dir='ltr'>x11</span> <span class='ocrx_word' id='word_1_300' title='bbox 1895 2854 2127 2909; x_wconf 87' lang='lat' dir='ltr'>Kalend.</span> 
     </span>
    </p>
   </div>
   <div class='ocr_carea' id='block_1_41' title="bbox 489 2947 2208 3023">
    <p class='ocr_par' dir='ltr' id='par_1_41' title="bbox 489 2947 2208 3023">
     <span class='ocr_line' id='line_1_41' title="bbox 489 2947 2208 3023; baseline -0.003 -18"><span class='ocrx_word' id='word_1_301' title='bbox 489 2949 846 3023; x_wconf 87' lang='lat' dir='ltr'>septembris,</span> <span class='ocrx_word' id='word_1_302' title='bbox 898 2964 1047 3003; x_wconf 89' lang='lat' dir='ltr'>anno</span> <span class='ocrx_word' id='word_1_303' title='bbox 1102 2952 1132 3004; x_wconf 82' lang='lat'><strong>5</strong></span> <span class='ocrx_word' id='word_1_304' title='bbox 1184 2948 1499 3004; x_wconf 89' lang='lat' dir='ltr'>Chariberti</span> <span class='ocrx_word' id='word_1_305' title='bbox 1546 2947 1698 3020; x_wconf 91' lang='lat' dir='ltr'>regis</span> <span class='ocrx_word' id='word_1_306' title='bbox 1724 2947 1770 3002; x_wconf 79' lang='grc'>⁸.</span> <span class='ocrx_word' id='word_1_307' title='bbox 1817 2948 2130 3001; x_wconf 89' lang='lat' dir='ltr'>Germanus</span> <span class='ocrx_word' id='word_1_308' title='bbox 2197 3005 2208 3016; x_wconf 26' lang='lat' dir='ltr'><em>O</em></span> 
     </span>
    </p>
   </div>
   <div class='ocr_carea' id='block_1_42' title="bbox 488 3039 2131 3117">
    <p class='ocr_par' dir='ltr' id='par_1_42' title="bbox 488 3039 2131 3117">
     <span class='ocr_line' id='line_1_42' title="bbox 488 3039 2131 3117; baseline -0.005 -17"><span class='ocrx_word' id='word_1_309' title='bbox 488 3047 748 3117; x_wconf 87' lang='lat' dir='ltr'>peccator</span> <span class='ocrx_word' id='word_1_310' title='bbox 798 3044 945 3098; x_wconf 89' lang='lat' dir='ltr'>hanc</span> <span class='ocrx_word' id='word_1_311' title='bbox 999 3043 1269 3096; x_wconf 90' lang='lat' dir='ltr'>cartulam</span> <span class='ocrx_word' id='word_1_312' title='bbox 1316 3040 1577 3096; x_wconf 90' lang='lat' dir='ltr'>cessionis</span> <span class='ocrx_word' id='word_1_313' title='bbox 1626 3044 1683 3096; x_wconf 91' lang='lat' dir='ltr'>et</span> <span class='ocrx_word' id='word_1_314' title='bbox 1724 3039 2049 3096; x_wconf 89' lang='lat' dir='ltr'>emunitatis</span> <span class='ocrx_word' id='word_1_315' title='bbox 2096 3055 2131 3093; x_wconf 91' lang='lat' dir='ltr'>a</span> 
     </span>
    </p>
   </div>
   <div class='ocr_carea' id='block_1_43' title="bbox 454 3131 2130 3210">
    <p class='ocr_par' dir='ltr' id='par_1_43' title="bbox 454 3131 2130 3210">
     <span class='ocr_line' id='line_1_43' title="bbox 454 3131 2130 3210; baseline -0.005 -15"><span class='ocrx_word' id='word_1_316' title='bbox 454 3198 459 3201; x_wconf 58' lang='grc'>,</span> <span class='ocrx_word' id='word_1_317' title='bbox 488 3156 582 3195; x_wconf 90' lang='lat' dir='ltr'>me</span> <span class='ocrx_word' id='word_1_318' title='bbox 606 3139 814 3195; x_wconf 89' lang='lat' dir='ltr'>factam</span> <span class='ocrx_word' id='word_1_319' title='bbox 833 3136 1011 3210; x_wconf 88' lang='lat' dir='ltr'>relegi</span> <span class='ocrx_word' id='word_1_320' title='bbox 1035 3139 1093 3192; x_wconf 91' lang='lat' dir='ltr'>et</span> <span class='ocrx_word' id='word_1_321' title='bbox 1110 3135 1434 3208; x_wconf 88' lang='lat' dir='ltr'>subscripsi,</span> <span class='ocrx_word' id='word_1_322' title='bbox 1458 3135 1561 3190; x_wconf 91' lang='lat' dir='ltr'>sub</span> <span class='ocrx_word' id='word_1_323' title='bbox 1584 3135 1674 3189; x_wconf 90' lang='lat' dir='ltr'>die</span> <span class='ocrx_word' id='word_1_324' title='bbox 1694 3150 1806 3206; x_wconf 89' lang='lat' dir='ltr'>quo</span> <span class='ocrx_word' id='word_1_325' title='bbox 1827 3149 2018 3204; x_wconf 91' lang='lat' dir='ltr'>supra.</span> <span class='ocrx_word' id='word_1_326' title='bbox 2040 3131 2130 3187; x_wconf 86' lang='lat' dir='ltr'>Ni-</span> 
     </span>
    </p>
   </div>
   <div class='ocr_carea' id='block_1_44' title="bbox 2234 2018 3900 2090">
    <p class='ocr_par' dir='ltr' id='par_1_44' title="bbox 2234 2018 3900 2090">
     <span class='ocr_line' id='line_1_44' title="bbox 2234 2018 3900 2090; baseline 0.004 -18"><span class='ocrx_word' id='word_1_327' title='bbox 2234 2018 2552 2090; x_wconf 87' lang='lat' dir='ltr'>episcopus,</span> <span class='ocrx_word' id='word_1_328' title='bbox 2567 2019 2733 2089; x_wconf 85' lang='lat' dir='ltr'>juxta</span> <span class='ocrx_word' id='word_1_329' title='bbox 2758 2035 3099 2074; x_wconf 90' lang='lat' dir='ltr'>consensum</span> <span class='ocrx_word' id='word_1_330' title='bbox 3121 2023 3179 2074; x_wconf 90' lang='lat' dir='ltr'>et</span> <span class='ocrx_word' id='word_1_331' title='bbox 3197 2020 3675 2076; x_wconf 87' lang='lat' dir='ltr'>deliberationem</span> <span class='ocrx_word' id='word_1_332' title='bbox 3699 2024 3900 2078; x_wconf 87' lang='lat' dir='ltr'>fratris</span> 
     </span>
    </p>
   </div>
   <div class='ocr_carea' id='block_1_45' title="bbox 2236 2111 3899 2187">
    <p class='ocr_par' dir='ltr' id='par_1_45' title="bbox 2236 2111 3899 2187">
     <span class='ocr_line' id='line_1_45' title="bbox 2236 2111 3899 2187; baseline 0.004 -22"><span class='ocrx_word' id='word_1_333' title='bbox 2236 2111 2349 2166; x_wconf 92' lang='lat' dir='ltr'>mei</span> <span class='ocrx_word' id='word_1_334' title='bbox 2378 2112 2642 2166; x_wconf 87' lang='lat' dir='ltr'>Germani</span> <span class='ocrx_word' id='word_1_335' title='bbox 2683 2111 2931 2183; x_wconf 89' lang='lat' dir='ltr'>episcopi</span> <span class='ocrx_word' id='word_1_336' title='bbox 2969 2113 3228 2168; x_wconf 87' lang='lat' dir='ltr'>consensi</span> <span class='ocrx_word' id='word_1_337' title='bbox 3263 2116 3321 2168; x_wconf 87' lang='lat' dir='ltr'>et</span> <span class='ocrx_word' id='word_1_338' title='bbox 3347 2114 3663 2187; x_wconf 90' lang='lat' dir='ltr'>subscripsi</span> <span class='ocrx_word' id='word_1_339' title='bbox 3695 2119 3899 2171; x_wconf 78' lang='lat' dir='ltr'>notato</span> 
     </span>
    </p>
   </div>
   <div class='ocr_carea' id='block_1_46' title="bbox 2235 2204 3897 2278">
    <p class='ocr_par' dir='ltr' id='par_1_46' title="bbox 2235 2204 3897 2278">
     <span class='ocr_line' id='line_1_46' title="bbox 2235 2204 3897 2278; baseline 0.004 -20"><span class='ocrx_word' id='word_1_340' title='bbox 2235 2204 2343 2259; x_wconf 93' lang='lat' dir='ltr'>die.</span> <span class='ocrx_word' id='word_1_341' title='bbox 2374 2205 2655 2259; x_wconf 91' lang='lat' dir='ltr'>Donnolus</span> <span class='ocrx_word' id='word_1_342' title='bbox 2692 2205 3128 2261; x_wconf 88' lang='lat' dir='ltr'>Cenomanensis</span> <span class='ocrx_word' id='word_1_343' title='bbox 3167 2206 3497 2278; x_wconf 89' lang='lat' dir='ltr'>episcopus,</span> <span class='ocrx_word' id='word_1_344' title='bbox 3531 2209 3808 2264; x_wconf 90' lang='lat' dir='ltr'>consensi</span> <span class='ocrx_word' id='word_1_345' title='bbox 3836 2215 3897 2265; x_wconf 88' lang='lat' dir='ltr'>et</span> 
     </span>
    </p>
   </div>
   <div class='ocr_carea' id='block_1_47' title="bbox 2234 2298 3899 2372">
    <p class='ocr_par' dir='ltr' id='par_1_47' title="bbox 2234 2298 3899 2372">
     <span class='ocr_line' id='line_1_47' title="bbox 2234 2298 3899 2372; baseline 0.004 -20"><span class='ocrx_word' id='word_1_346' title='bbox 2234 2298 2535 2369; x_wconf 86' lang='lat' dir='ltr'>subscripsi</span> <span class='ocrx_word' id='word_1_347' title='bbox 2556 2301 2750 2352; x_wconf 85' lang='lat' dir='ltr'>notato</span> <span class='ocrx_word' id='word_1_348' title='bbox 2777 2298 2887 2353; x_wconf 91' lang='lat' dir='ltr'>die.</span> <span class='ocrx_word' id='word_1_349' title='bbox 2916 2299 3218 2355; x_wconf 85' lang='lat' dir='ltr'>Calctricus</span> <span class='ocrx_word' id='word_1_350' title='bbox 3245 2304 3532 2371; x_wconf 89' lang='lat' dir='ltr'>peccator,</span> <span class='ocrx_word' id='word_1_351' title='bbox 3553 2301 3735 2372; x_wconf 87' lang='lat' dir='ltr'>juxta</span> <span class='ocrx_word' id='word_1_352' title='bbox 3763 2320 3899 2358; x_wconf 90' lang='lat' dir='ltr'>con-</span> 
     </span>
    </p>
   </div>
   <div class='ocr_carea' id='block_1_48' title="bbox 2234 2389 3893 2467">
    <p class='ocr_par' dir='ltr' id='par_1_48' title="bbox 2234 2389 3893 2467">
     <span class='ocr_line' id='line_1_48' title="bbox 2234 2389 3893 2467; baseline 0.004 -23"><span class='ocrx_word' id='word_1_353' title='bbox 2234 2406 2460 2444; x_wconf 90' lang='lat' dir='ltr'>sensum</span> <span class='ocrx_word' id='word_1_354' title='bbox 2490 2394 2546 2445; x_wconf 88' lang='lat' dir='ltr'>et</span> <span class='ocrx_word' id='word_1_355' title='bbox 2572 2389 3035 2445; x_wconf 88' lang='lat' dir='ltr'>deliberationem</span> <span class='ocrx_word' id='word_1_356' title='bbox 3066 2392 3263 2446; x_wconf 92' lang='lat' dir='ltr'>domni</span> <span class='ocrx_word' id='word_1_357' title='bbox 3293 2393 3566 2447; x_wconf 90' lang='lat' dir='ltr'>Germani</span> <span class='ocrx_word' id='word_1_358' title='bbox 3607 2394 3893 2467; x_wconf 88' lang='lat' dir='ltr'>episcopi,</span> 
     </span>
    </p>
   </div>
   <div class='ocr_carea' id='block_1_49' title="bbox 2234 2482 3899 2561">
    <p class='ocr_par' dir='ltr' id='par_1_49' title="bbox 2234 2482 3899 2561">
     <span class='ocr_line' id='line_1_49' title="bbox 2234 2482 3899 2561; baseline 0.004 -23"><span class='ocrx_word' id='word_1_359' title='bbox 2234 2482 2490 2538; x_wconf 84' lang='lat' dir='ltr'>consensi</span> <span class='ocrx_word' id='word_1_360' title='bbox 2528 2486 2585 2537; x_wconf 91' lang='lat' dir='ltr'>et</span> <span class='ocrx_word' id='word_1_361' title='bbox 2629 2483 2931 2555; x_wconf 88' lang='lat' dir='ltr'>subscripsi</span> <span class='ocrx_word' id='word_1_362' title='bbox 2965 2486 3161 2538; x_wconf 87' lang='lat' dir='ltr'>notato</span> <span class='ocrx_word' id='word_1_363' title='bbox 3202 2484 3313 2539; x_wconf 91' lang='lat' dir='ltr'>die.</span> <span class='ocrx_word' id='word_1_364' title='bbox 3360 2485 3650 2542; x_wconf 86' lang='lat' dir='ltr'>Victurius</span> <span class='ocrx_word' id='word_1_365' title='bbox 3693 2505 3899 2561; x_wconf 80' lang='lat' dir='ltr'>pecca-</span> 
     </span>
    </p>
   </div>
   <div class='ocr_carea' id='block_1_50' title="bbox 2236 2570 3896 2652">
    <p class='ocr_par' dir='ltr' id='par_1_50' title="bbox 2236 2570 3896 2652">
     <span class='ocr_line' id='line_1_50' title="bbox 2236 2570 3896 2652; baseline 0.004 -21"><span class='ocrx_word' id='word_1_366' title='bbox 2236 2580 2344 2646; x_wconf 89' lang='lat' dir='ltr'>tor,</span> <span class='ocrx_word' id='word_1_367' title='bbox 2379 2577 2543 2647; x_wconf 80' lang='lat' dir='ltr'>juxta</span> <span class='ocrx_word' id='word_1_368' title='bbox 2571 2575 3039 2631; x_wconf 88' lang='lat' dir='ltr'>deliberationem</span> <span class='ocrx_word' id='word_1_369' title='bbox 3087 2570 3255 2647; x_wconf 82' lang='lat' dir='ltr'>hanc,</span> <span class='ocrx_word' id='word_1_370' title='bbox 3286 2578 3570 2634; x_wconf 90' lang='lat' dir='ltr'>Germano</span> <span class='ocrx_word' id='word_1_371' title='bbox 3611 2586 3896 2652; x_wconf 77' lang='lat' dir='ltr'>prasente</span> 
     </span>
    </p>
   </div>
   <div class='ocr_carea' id='block_1_51' title="bbox 2231 2670 3895 2745">
    <p class='ocr_par' dir='ltr' id='par_1_51' title="bbox 2231 2670 3895 2745">
     <span class='ocr_line' id='line_1_51' title="bbox 2231 2670 3895 2745; baseline 0.003 -21"><span class='ocrx_word' id='word_1_372' title='bbox 2231 2670 2405 2724; x_wconf 85' lang='lat' dir='ltr'>fratre</span> <span class='ocrx_word' id='word_1_373' title='bbox 2435 2684 2562 2724; x_wconf 90' lang='lat' dir='ltr'>meo</span> <span class='ocrx_word' id='word_1_374' title='bbox 2588 2671 2645 2723; x_wconf 87' lang='lat' dir='ltr'>et</span> <span class='ocrx_word' id='word_1_375' title='bbox 2670 2673 2909 2741; x_wconf 86' lang='lat' dir='ltr'>rogante</span> <span class='ocrx_word' id='word_1_376' title='bbox 2926 2711 2940 2739; x_wconf 92' lang='lat'>,</span> <span class='ocrx_word' id='word_1_377' title='bbox 2969 2670 3231 2725; x_wconf 88' lang='lat' dir='ltr'>consensi</span> <span class='ocrx_word' id='word_1_378' title='bbox 3256 2674 3313 2726; x_wconf 89' lang='lat' dir='ltr'>et</span> <span class='ocrx_word' id='word_1_379' title='bbox 3341 2672 3655 2745; x_wconf 89' lang='lat' dir='ltr'>subscripsi</span> <span class='ocrx_word' id='word_1_380' title='bbox 3682 2679 3895 2729; x_wconf 83' lang='lat' dir='ltr'>notato</span> 
     </span>
    </p>
   </div>
   <div class='ocr_carea' id='block_1_52' title="bbox 2233 2762 3896 2841">
    <p class='ocr_par' dir='ltr' id='par_1_52' title="bbox 2233 2762 3896 2841">
     <span class='ocr_line' id='line_1_52' title="bbox 2233 2762 3896 2841; baseline 0.002 -22"><span class='ocrx_word' id='word_1_381' title='bbox 2233 2763 2341 2819; x_wconf 90' lang='lat' dir='ltr'>die.</span> <span class='ocrx_word' id='word_1_382' title='bbox 2394 2762 2794 2819; x_wconf 90' lang='lat' dir='ltr'>Leodebaudus</span> <span class='ocrx_word' id='word_1_383' title='bbox 2843 2766 3106 2835; x_wconf 87' lang='lat' dir='ltr'>peccator</span> <span class='ocrx_word' id='word_1_384' title='bbox 3147 2765 3406 2820; x_wconf 89' lang='lat' dir='ltr'>consensi</span> <span class='ocrx_word' id='word_1_385' title='bbox 3463 2768 3522 2821; x_wconf 89' lang='lat' dir='ltr'>et</span> <span class='ocrx_word' id='word_1_386' title='bbox 3567 2768 3896 2841; x_wconf 90' lang='lat' dir='ltr'>subscripsi</span> 
     </span>
    </p>
   </div>
   <div class='ocr_carea' id='block_1_53' title="bbox 2231 2855 2558 2911">
    <p class='ocr_par' dir='ltr' id='par_1_53' title="bbox 2231 2855 2558 2911">
     <span class='ocr_line' id='line_1_53' title="bbox 2231 2855 2558 2911; baseline 0 -1"><span class='ocrx_word' id='word_1_387' title='bbox 2231 2858 2425 2911; x_wconf 88' lang='lat' dir='ltr'>notato</span> <span class='ocrx_word' id='word_1_388' title='bbox 2448 2855 2558 2910; x_wconf 91' lang='lat' dir='ltr'>die.</span> 
     </span>
    </p>
   </div>
   <div class='ocr_carea' id='block_1_54' title="bbox 2298 2948 3895 3021">
    <p class='ocr_par' dir='ltr' id='par_1_54' title="bbox 2298 2948 3895 3021">
     <span class='ocr_line' id='line_1_54' title="bbox 2298 2948 3895 3021; baseline 0.004 -18"><span class='ocrx_word' id='word_1_389' title='bbox 2298 2948 2670 3004; x_wconf 82' lang='lat' dir='ltr'>Amanuensis</span> <span class='ocrx_word' id='word_1_390' title='bbox 2694 2948 2967 3019; x_wconf 90' lang='lat' dir='ltr'>notarius,</span> <span class='ocrx_word' id='word_1_391' title='bbox 2993 2951 3096 3004; x_wconf 89' lang='lat' dir='ltr'>sub</span> <span class='ocrx_word' id='word_1_392' title='bbox 3109 2950 3363 3021; x_wconf 89' lang='lat' dir='ltr'>jussione</span> <span class='ocrx_word' id='word_1_393' title='bbox 3385 2951 3584 3007; x_wconf 92' lang='lat' dir='ltr'>domni</span> <span class='ocrx_word' id='word_1_394' title='bbox 3608 2954 3895 3010; x_wconf 85' lang='lat' dir='ltr'>Germani</span> 
     </span>
    </p>
   </div>
   <div class='ocr_carea' id='block_1_55' title="bbox 2231 3041 3898 3117">
    <p class='ocr_par' dir='ltr' id='par_1_55' title="bbox 2231 3041 3898 3117">
     <span class='ocr_line' id='line_1_55' title="bbox 2231 3041 3898 3117; baseline 0.005 -21"><span class='ocrx_word' id='word_1_395' title='bbox 2231 3041 2496 3113; x_wconf 88' lang='lat' dir='ltr'>episcopi,</span> <span class='ocrx_word' id='word_1_396' title='bbox 2544 3042 2651 3097; x_wconf 91' lang='lat' dir='ltr'>hoc</span> <span class='ocrx_word' id='word_1_397' title='bbox 2683 3041 3045 3115; x_wconf 86' lang='lat' dir='ltr'>privilegium</span> <span class='ocrx_word' id='word_1_398' title='bbox 3091 3043 3359 3099; x_wconf 88' lang='lat' dir='ltr'>cessionis</span> <span class='ocrx_word' id='word_1_399' title='bbox 3407 3045 3613 3117; x_wconf 88' lang='lat' dir='ltr'>scripsi</span> <span class='ocrx_word' id='word_1_400' title='bbox 3654 3051 3716 3103; x_wconf 87' lang='lat' dir='ltr'>et</span> <span class='ocrx_word' id='word_1_401' title='bbox 3754 3048 3898 3105; x_wconf 79' lang='lat' dir='ltr'>sub-</span> 
     </span>
    </p>
   </div>
   <div class='ocr_carea' id='block_1_56' title="bbox 2229 3134 2444 3207">
    <p class='ocr_par' dir='ltr' id='par_1_56' title="bbox 2229 3134 2444 3207">
     <span class='ocr_line' id='line_1_56' title="bbox 2229 3134 2444 3207; baseline 0.005 -18"><span class='ocrx_word' id='word_1_402' title='bbox 2229 3134 2444 3207; x_wconf 86' lang='lat' dir='ltr'>scripsi.</span> 
     </span>
    </p>
   </div>
   <div class='ocr_carea' id='block_1_57' title="bbox 562 3281 3901 3385">
    <p class='ocr_par' dir='ltr' id='par_1_57' title="bbox 562 3281 3901 3385">
     <span class='ocr_line' id='line_1_57' title="bbox 562 3281 3901 3385; baseline 0.001 -24"><span class='ocrx_word' id='word_1_403' title='bbox 562 3305 741 3385; x_wconf 43' lang='lat' dir='ltr'>?Cum</span> <span class='ocrx_word' id='word_1_404' title='bbox 765 3304 1101 3385; x_wconf 85' lang='lat' dir='ltr'>Chlo_tar_ius,</span> <span class='ocrx_word' id='word_1_405' title='bbox 1130 3303 1443 3385; x_wconf 74' lang='lat' dir='ltr'>Chariberti</span> <span class='ocrx_word' id='word_1_406' title='bbox 1472 3307 1651 3385; x_wconf 72' lang='lat' dir='ltr'>pater,</span> <span class='ocrx_word' id='word_1_407' title='bbox 1671 3302 1742 3357; x_wconf 91' lang='lat' dir='ltr'>ad</span> <span class='ocrx_word' id='word_1_408' title='bbox 1769 3317 1983 3385; x_wconf 75' lang='lat' dir='ltr'>annum</span> <span class='ocrx_word' id='word_1_409' title='bbox 2006 3304 2129 3385; x_wconf 47' lang='grc' dir='ltr'>εἰδῇ2</span> <span class='ocrx_word' id='word_1_410' title='bbox 2154 3281 2207 3354; x_wconf 83' lang='lat' dir='ltr'><strong>C</strong></span> <span class='ocrx_word' id='word_1_411' title='bbox 2234 3302 2509 3384; x_wconf 78' lang='lat' dir='ltr'>signatur.</span> <span class='ocrx_word' id='word_1_412' title='bbox 2530 3304 2902 3385; x_wconf 53' lang='lat' dir='ltr'>I’Ezetextatus</span> <span class='ocrx_word' id='word_1_413' title='bbox 2922 3302 3231 3385; x_wconf 30' lang='lat' dir='ltr'>ennimotuilc</span> <span class='ocrx_word' id='word_1_414' title='bbox 3249 3307 3371 3385; x_wconf 71' lang='lat' dir='ltr'>erat</span> <span class='ocrx_word' id='word_1_415' title='bbox 3388 3304 3695 3385; x_wconf 57' lang='lat' dir='ltr'>episcopus</span> <span class='ocrx_word' id='word_1_416' title='bbox 3715 3309 3901 3385; x_wconf 69' lang='lat' dir='ltr'>Roto—</span> 
     </span>
    </p>
   </div>
   <div class='ocr_carea' id='block_1_58' title="bbox 491 3371 2134 3442">
    <p class='ocr_par' dir='ltr' id='par_1_58' title="bbox 491 3371 2134 3442">
     <span class='ocr_line' id='line_1_58' title="bbox 491 3371 2134 3442; baseline -0.005 -9"><span class='ocrx_word' id='word_1_417' title='bbox 491 3380 642 3433; x_wconf 87' lang='lat' dir='ltr'>ultra</span> <span class='ocrx_word' id='word_1_418' title='bbox 685 3378 837 3431; x_wconf 91' lang='lat' dir='ltr'>diem</span> <span class='ocrx_word' id='word_1_419' title='bbox 888 3371 1168 3431; x_wconf 89' lang='lat' dir='ltr'>decimam</span> <span class='ocrx_word' id='word_1_420' title='bbox 1209 3371 1534 3429; x_wconf 75' lang='lat' dir='ltr'>novembris</span> <span class='ocrx_word' id='word_1_421' title='bbox 1572 3373 1746 3427; x_wconf 89' lang='lat' dir='ltr'>vitam</span> <span class='ocrx_word' id='word_1_422' title='bbox 1801 3371 2134 3442; x_wconf 85' lang='lat' dir='ltr'>produxerit</span> 
     </span>
    </p>
   </div>
   <div class='ocr_carea' id='block_1_59' title="bbox 489 3443 2133 3527">
    <p class='ocr_par' dir='ltr' id='par_1_59' title="bbox 489 3443 2133 3527">
     <span class='ocr_line' id='line_1_59' title="bbox 489 3443 2133 3527; baseline -0.006 -23"><span class='ocrx_word' id='word_1_423' title='bbox 489 3450 934 3527; x_wconf 68' lang='lat' dir='ltr'>(Langueruana,_</span> <span class='ocrx_word' id='word_1_424' title='bbox 945 3463 1020 3527; x_wconf 30' lang='lat' dir='ltr'>ph</span> <span class='ocrx_word' id='word_1_425' title='bbox 1041 3452 1061 3501; x_wconf 86' lang='grc'><strong>1</strong></span> <span class='ocrx_word' id='word_1_426' title='bbox 1059 3448 1161 3527; x_wconf 50' lang='lat' dir='ltr'>ﬁt,</span> <span class='ocrx_word' id='word_1_427' title='bbox 1191 3446 1309 3527; x_wconf 77' lang='lat' dir='ltr'>dies</span> <span class='ocrx_word' id='word_1_428' title='bbox 1332 3445 1717 3527; x_wconf 36' lang='lat' dir='ltr'>xiikalzs-ept.</span> <span class='ocrx_word' id='word_1_429' title='bbox 1749 3443 1804 3497; x_wconf 92' lang='lat' dir='ltr'>id</span> <span class='ocrx_word' id='word_1_430' title='bbox 1831 3445 1915 3496; x_wconf 88' lang='lat' dir='ltr'>est</span> <span class='ocrx_word' id='word_1_431' title='bbox 1932 3444 2133 3527; x_wconf 50' lang='lat' dir='ltr'>21‘Au-</span> 
     </span>
    </p>
   </div>
   <div class='ocr_carea' id='block_1_60' title="bbox 488 3512 2129 3645">
    <p class='ocr_par' dir='ltr' id='par_1_60' title="bbox 488 3512 2129 3645">
     <span class='ocr_line' id='line_1_60' title="bbox 491 3512 2129 3645; baseline -0.005 -71"><span class='ocrx_word' id='word_1_432' title='bbox 491 3512 815 3645; x_wconf 36' lang='grc' dir='ltr'>ἤιξε-ρξρωί</span> <span class='ocrx_word' id='word_1_433' title='bbox 841 3512 1026 3591; x_wconf 76' lang='lat' dir='ltr'>quinti</span> <span class='ocrx_word' id='word_1_434' title='bbox 1052 3512 1408 3587; x_wconf 47' lang='lat' dir='ltr'>Charibertif</span> <span class='ocrx_word' id='word_1_435' title='bbox 1421 3515 1617 3570; x_wconf 88' lang='lat' dir='ltr'>incidit</span> <span class='ocrx_word' id='word_1_436' title='bbox 1640 3512 1702 3568; x_wconf 88' lang='lat' dir='ltr'>in</span> <span class='ocrx_word' id='word_1_437' title='bbox 1725 3529 1939 3567; x_wconf 90' lang='lat' dir='ltr'>annum</span> <span class='ocrx_word' id='word_1_438' title='bbox 1965 3512 2129 3567; x_wconf 87' lang='lat' dir='ltr'>Chri-</span> 
     </span>
     <span class='ocr_line' id='line_1_61' title="bbox 488 3608 709 3645; baseline -0.009 0"><span class='ocrx_word' id='word_1_439' title='bbox 488 3608 513 3645; x_wconf 91' lang='lat' dir='ltr'>s</span> <span class='ocrx_word' id='word_1_440' title='bbox 543 3609 557 3644; x_wconf 89' lang='grc' dir='ltr'>ι</span> <span class='ocrx_word' id='word_1_441' title='bbox 592 3613 621 3645; x_wconf 74' lang='grc' dir='ltr'>ο</span> <span class='ocrx_word' id='word_1_442' title='bbox 674 3613 709 3645; x_wconf 77' lang='grc'>).</span> 
     </span>
    </p>
   </div>
   <div class='ocr_carea' id='block_1_61' title="bbox 2233 3373 3892 3450">
    <p class='ocr_par' dir='ltr' id='par_1_61' title="bbox 2233 3373 3892 3450">
     <span class='ocr_line' id='line_1_62' title="bbox 2233 3373 3892 3450; baseline 0.006 -24"><span class='ocrx_word' id='word_1_443' title='bbox 2233 3374 2538 3450; x_wconf 69' lang='lat' dir='ltr'>magensis,</span> <span class='ocrx_word' id='word_1_444' title='bbox 2570 3373 2719 3450; x_wconf 81' lang='lat' dir='ltr'>Felix</span> <span class='ocrx_word' id='word_1_445' title='bbox 2730 3375 3141 3450; x_wconf 81' lang='lat' dir='ltr'>_Nannete_nsis,</span> <span class='ocrx_word' id='word_1_446' title='bbox 3164 3373 3480 3450; x_wconf 18' lang='lat' dir='ltr'>AEufronius</span> <span class='ocrx_word' id='word_1_447' title='bbox 3500 3373 3892 3450; x_wconf 72' lang='lat' dir='ltr'>Turonensis,</span> 
     </span>
    </p>
   </div>
   <div class='ocr_carea' id='block_1_62' title="bbox 2232 3444 3901 3528">
    <p class='ocr_par' dir='ltr' id='par_1_62' title="bbox 2232 3444 3901 3528">
     <span class='ocr_line' id='line_1_63' title="bbox 2232 3444 3901 3528; baseline 0.006 -31"><span class='ocrx_word' id='word_1_448' title='bbox 2232 3444 3069 3528; x_wconf 47' lang='lat' dir='ltr'>Domitianus‘Andegavensis;</span> <span class='ocrx_word' id='word_1_449' title='bbox 3115 3448 3180 3528; x_wconf 70' lang='lat' dir='ltr'>ut</span> <span class='ocrx_word' id='word_1_450' title='bbox 3216 3446 3719 3528; x_wconf 51' lang='lat' dir='ltr'>arguitugointius</span> <span class='ocrx_word' id='word_1_451' title='bbox 3759 3444 3901 3528; x_wconf 70' lang='lat' dir='ltr'>(Ubi</span> 
     </span>
    </p>
   </div>
   <div class='ocr_carea' id='block_1_63' title="bbox 2228 3514 3897 3640">
    <p class='ocr_par' dir='ltr' id='par_1_63' title="bbox 2228 3514 3897 3640">
     <span class='ocr_line' id='line_1_64' title="bbox 2228 3514 3897 3586; baseline 0.007 -18"><span class='ocrx_word' id='word_1_452' title='bbox 2228 3529 2493 3585; x_wconf 80' lang='lat' dir='ltr'>supra,p.</span> <span class='ocrx_word' id='word_1_453' title='bbox 2524 3514 2611 3584; x_wconf 87' lang='lat'>67)</span> <span class='ocrx_word' id='word_1_454' title='bbox 2635 3530 2703 3569; x_wconf 84' lang='lat' dir='ltr'>ex</span> <span class='ocrx_word' id='word_1_455' title='bbox 2733 3514 3243 3586; x_wconf 89' lang='lat' dir='ltr'>subscriptionibus</span> <span class='ocrx_word' id='word_1_456' title='bbox 3268 3514 3498 3571; x_wconf 74' lang='lat' dir='ltr'>concilii</span> <span class='ocrx_word' id='word_1_457' title='bbox 3524 3514 3897 3578; x_wconf 70' lang='lat' dir='ltr'>Turonensis</span> 
     </span>
     <span class='ocr_line' id='line_1_65' title="bbox 2230 3584 3895 3640; baseline 0.001 -2"><span class='ocrx_word' id='word_1_458' title='bbox 2230 3584 2409 3639; x_wconf 91' lang='lat' dir='ltr'>habiti</span> <span class='ocrx_word' id='word_1_459' title='bbox 2450 3589 2580 3640; x_wconf 79' lang='lat' dir='ltr'>post</span> <span class='ocrx_word' id='word_1_460' title='bbox 2616 3601 2840 3639; x_wconf 88' lang='lat' dir='ltr'>menses</span> <span class='ocrx_word' id='word_1_461' title='bbox 2882 3587 3024 3640; x_wconf 87' lang='lat' dir='ltr'>duos</span> <span class='ocrx_word' id='word_1_462' title='bbox 3061 3590 3117 3640; x_wconf 91' lang='lat' dir='ltr'>et</span> <span class='ocrx_word' id='word_1_463' title='bbox 3153 3589 3220 3640; x_wconf 82' lang='lat'>2&#39;7</span> <span class='ocrx_word' id='word_1_464' title='bbox 3250 3586 3369 3640; x_wconf 91' lang='lat' dir='ltr'>dies</span> <span class='ocrx_word' id='word_1_465' title='bbox 3393 3604 3426 3640; x_wconf 92' lang='lat' dir='ltr'>a</span> <span class='ocrx_word' id='word_1_466' title='bbox 3455 3591 3731 3640; x_wconf 78' lang='lat' dir='ltr'>temnore</span> <span class='ocrx_word' id='word_1_467' title='bbox 3771 3611 3895 3640; x_wconf 86' lang='lat' dir='ltr'>mm</span> 
     </span>
    </p>
   </div>
   <div class='ocr_carea' id='block_1_64' title="bbox 2273 3591 3895 3666">
    <p class='ocr_par' dir='ltr' id='par_1_64' title="bbox 2273 3591 3895 3666">
     <span class='ocr_line' id='line_1_66' title="bbox 2273 3591 3895 3666; baseline 0.007 -28"><span class='ocrx_word' id='word_1_468' title='bbox 2273 3591 2420 3666; x_wconf 56' lang='lat' dir='ltr'>abiti</span> <span class='ocrx_word' id='word_1_469' title='bbox 2450 3591 2580 3666; x_wconf 80' lang='lat' dir='ltr'>post</span> <span class='ocrx_word' id='word_1_470' title='bbox 2616 3601 2840 3666; x_wconf 78' lang='lat' dir='ltr'>menses</span> <span class='ocrx_word' id='word_1_471' title='bbox 2882 3591 3024 3666; x_wconf 79' lang='lat' dir='ltr'>duos</span> <span class='ocrx_word' id='word_1_472' title='bbox 3061 3591 3117 3640; x_wconf 91' lang='lat' dir='ltr'>et</span> <span class='ocrx_word' id='word_1_473' title='bbox 3153 3591 3220 3666; x_wconf 69' lang='lat'>27</span> <span class='ocrx_word' id='word_1_474' title='bbox 3250 3591 3369 3641; x_wconf 90' lang='lat' dir='ltr'>dies</span> <span class='ocrx_word' id='word_1_475' title='bbox 3393 3604 3426 3641; x_wconf 90' lang='lat' dir='ltr'>a</span> <span class='ocrx_word' id='word_1_476' title='bbox 3455 3591 3731 3663; x_wconf 89' lang='lat' dir='ltr'>tempore</span> <span class='ocrx_word' id='word_1_477' title='bbox 3771 3611 3895 3666; x_wconf 84' lang='lat' dir='ltr'>quo</span> 
     </span>
    </p>
   </div>
   <div class='ocr_carea' id='block_1_65' title="bbox 559 3653 3355 3733">
    <p class='ocr_par' dir='ltr' id='par_1_65' title="bbox 559 3653 3355 3733">
     <span class='ocr_line' id='line_1_67' title="bbox 559 3653 3355 3733; baseline -0.002 -17"><span class='ocrx_word' id='word_1_478' title='bbox 559 3662 586 3702; x_wconf 69' lang='grc' dir='ltr'>δ</span> <span class='ocrx_word' id='word_1_479' title='bbox 615 3664 695 3716; x_wconf 87' lang='lat' dir='ltr'>Ex</span> <span class='ocrx_word' id='word_1_480' title='bbox 711 3661 986 3733; x_wconf 89' lang='lat' dir='ltr'>episcopis</span> <span class='ocrx_word' id='word_1_481' title='bbox 1007 3676 1249 3733; x_wconf 88' lang='lat' dir='ltr'>quorum</span> <span class='ocrx_word' id='word_1_482' title='bbox 1270 3654 1788 3733; x_wconf 73' lang='lat' dir='ltr'>hicappositasnnt</span> <span class='ocrx_word' id='word_1_483' title='bbox 1806 3653 2061 3733; x_wconf 77' lang='lat' dir='ltr'>nomina,</span> <span class='ocrx_word' id='word_1_484' title='bbox 2085 3655 2131 3709; x_wconf 92' lang='lat' dir='ltr'>si</span> <span class='ocrx_word' id='word_1_485' title='bbox 2231 3654 2359 3709; x_wconf 87' lang='lat' dir='ltr'>data</span> <span class='ocrx_word' id='word_1_486' title='bbox 2386 3653 2623 3727; x_wconf 65' lang='lat' dir='ltr'>fingitur</span> <span class='ocrx_word' id='word_1_487' title='bbox 2660 3655 2854 3710; x_wconf 86' lang='lat' dir='ltr'>charta</span> <span class='ocrx_word' id='word_1_488' title='bbox 2880 3655 2948 3711; x_wconf 91' lang='lat' dir='ltr'>de</span> <span class='ocrx_word' id='word_1_489' title='bbox 2973 3673 3087 3729; x_wconf 90' lang='lat' dir='ltr'>qua</span> <span class='ocrx_word' id='word_1_490' title='bbox 3111 3655 3355 3728; x_wconf 89' lang='lat' dir='ltr'>agimus.</span> 
     </span>
    </p>
   </div>
   <div class='ocr_carea' id='block_1_66' title="bbox 488 3725 2132 3799">
    <p class='ocr_par' dir='ltr' id='par_1_66' title="bbox 488 3725 2132 3799">
     <span class='ocr_line' id='line_1_68' title="bbox 488 3725 2132 3799; baseline -0.005 -12"><span class='ocrx_word' id='word_1_491' title='bbox 488 3725 777 3789; x_wconf 78' lang='lat' dir='ltr'>Necetium</span> <span class='ocrx_word' id='word_1_492' title='bbox 807 3737 864 3788; x_wconf 87' lang='lat' dir='ltr'>et</span> <span class='ocrx_word' id='word_1_493' title='bbox 891 3725 1236 3788; x_wconf 69' lang='lat' dir='ltr'>Doninolum</span> <span class='ocrx_word' id='word_1_494' title='bbox 1263 3725 1530 3799; x_wconf 79' lang='lat' dir='ltr'>excipias,</span> <span class='ocrx_word' id='word_1_495' title='bbox 1552 3725 1695 3782; x_wconf 87' lang='lat' dir='ltr'>nulli</span> <span class='ocrx_word' id='word_1_496' title='bbox 1729 3742 1829 3779; x_wconf 90' lang='lat' dir='ltr'>sua</span> <span class='ocrx_word' id='word_1_497' title='bbox 1867 3726 2025 3780; x_wconf 91' lang='lat' dir='ltr'>sedes</span> <span class='ocrx_word' id='word_1_498' title='bbox 2048 3740 2132 3780; x_wconf 90' lang='lat' dir='ltr'>as-</span> 
     </span>
    </p>
   </div>
   <div class='ocr_carea' id='block_1_67' title="bbox 1364 4066 2998 4224">
    <p class='ocr_par' dir='ltr' id='par_1_67' title="bbox 1364 4066 2998 4224">
     <span class='ocr_line' id='line_1_69' title="bbox 1364 4066 2998 4224; baseline 0 -29"><span class='ocrx_word' id='word_1_499' title='bbox 1364 4067 2002 4195; x_wconf 84' lang='lat' dir='ltr'>SANCTI</span> <span class='ocrx_word' id='word_1_500' title='bbox 2129 4066 2936 4197; x_wconf 81' lang='lat' dir='ltr'>GERMANI</span> <span class='ocrx_word' id='word_1_501' title='bbox 2968 4171 2998 4224; x_wconf 86' lang='lat'>,</span> 
     </span>
    </p>
   </div>
   <div class='ocr_carea' id='block_1_68' title="bbox 1645 4302 2698 4397">
    <p class='ocr_par' dir='ltr' id='par_1_68' title="bbox 1645 4302 2698 4397">
     <span class='ocr_line' id='line_1_70' title="bbox 1645 4302 2698 4397; baseline 0.015 -16"><span class='ocrx_word' id='word_1_502' title='bbox 1645 4302 2188 4388; x_wconf 81' lang='lat' dir='ltr'>PARISIENSIS</span> <span class='ocrx_word' id='word_1_503' title='bbox 2260 4305 2659 4389; x_wconf 87' lang='lat' dir='ltr'>EPISCOPI</span> <span class='ocrx_word' id='word_1_504' title='bbox 2680 4366 2698 4397; x_wconf 68' lang='grc' dir='ltr'><strong>ς</strong></span> 
     </span>
    </p>
   </div>
   <div class='ocr_carea' id='block_1_69' title="bbox 1058 4503 3297 4650">
    <p class='ocr_par' dir='ltr' id='par_1_69' title="bbox 1058 4503 3297 4650">
     <span class='ocr_line' id='line_1_71' title="bbox 1058 4503 3297 4650; baseline 0 -6"><span class='ocrx_word' id='word_1_505' title='bbox 1058 4503 2336 4647; x_wconf 84' lang='lat' dir='ltr'>EXPOSITIO</span> <span class='ocrx_word' id='word_1_506' title='bbox 2468 4507 3297 4650; x_wconf 80' lang='lat' dir='ltr'>BREVIS</span> 
     </span>
    </p>
   </div>
   <div class='ocr_carea' id='block_1_70' title="bbox 1323 4765 3021 4862">
    <p class='ocr_par' dir='ltr' id='par_1_70' title="bbox 1323 4765 3021 4862">
     <span class='ocr_line' id='line_1_72' title="bbox 1323 4765 3021 4862; baseline -0.002 -13"><span class='ocrx_word' id='word_1_507' title='bbox 1323 4767 1788 4862; x_wconf 73' lang='lat' dir='ltr'>ANTIQU/E</span> <span class='ocrx_word' id='word_1_508' title='bbox 1874 4766 2363 4848; x_wconf 74' lang='lat' dir='ltr'>LITURGI/E</span> <span class='ocrx_word' id='word_1_509' title='bbox 2438 4765 3021 4847; x_wconf 61' lang='lat' dir='ltr'>GALLICANJE</span> 
     </span>
    </p>
   </div>
   <div class='ocr_carea' id='block_1_71' title="bbox 481 4915 3894 5024">
    <p class='ocr_par' dir='ltr' id='par_1_71' title="bbox 481 4915 3894 5024">
     <span class='ocr_line' id='line_1_73' title="bbox 481 4915 3894 5024; baseline 0.001 -13"><span class='ocrx_word' id='word_1_510' title='bbox 481 4949 593 5014; x_wconf 78' lang='lat' dir='ltr'>Ea&#39;</span> <span class='ocrx_word' id='word_1_511' title='bbox 630 4964 749 5011; x_wconf 83' lang='lat' dir='ltr'>ms.</span> <span class='ocrx_word' id='word_1_512' title='bbox 788 4940 1023 5009; x_wconf 82' lang='lat' dir='ltr'>Codice</span> <span class='ocrx_word' id='word_1_513' title='bbox 1049 4946 1264 5008; x_wconf 85' lang='lat' dir='ltr'>sancti</span> <span class='ocrx_word' id='word_1_514' title='bbox 1289 4943 1572 5011; x_wconf 77' lang='lat' dir='ltr'>Martini</span> <span class='ocrx_word' id='word_1_515' title='bbox 1596 4939 2207 5024; x_wconf 78' lang='lat' dir='ltr'>Augustodunensis</span> <span class='ocrx_word' id='word_1_516' title='bbox 2243 4957 2287 5000; x_wconf 84' lang='grc' dir='ltr'><em>α</em></span> <span class='ocrx_word' id='word_1_517' title='bbox 2324 4940 2405 5002; x_wconf 90' lang='lat' dir='ltr'>D.</span> <span class='ocrx_word' id='word_1_518' title='bbox 2438 4915 2734 5004; x_wconf 74' lang='lat' dir='ltr'>Martem</span> <span class='ocrx_word' id='word_1_519' title='bbox 2774 4940 3101 5022; x_wconf 73' lang='lat' dir='ltr'>exscripta</span> <span class='ocrx_word' id='word_1_520' title='bbox 3149 4942 3328 5008; x_wconf 80' lang='lat' dir='ltr'>Thes.</span> <span class='ocrx_word' id='word_1_521' title='bbox 3369 4949 3675 5014; x_wconf 83' lang='lat' dir='ltr'>anecdot.</span> <span class='ocrx_word' id='word_1_522' title='bbox 3714 4962 3764 5017; x_wconf 89' lang='lat' dir='ltr'>t.</span> <span class='ocrx_word' id='word_1_523' title='bbox 3819 4957 3894 5022; x_wconf 82' lang='lat' dir='ltr'>V.</span> 
     </span>
    </p>
   </div>
   <div class='ocr_carea' id='block_1_72' title="bbox 1536 5117 2816 5170">
    <p class='ocr_par' dir='ltr' id='par_1_72' title="bbox 1536 5117 2816 5170">
     <span class='ocr_line' id='line_1_74' title="bbox 1536 5117 2816 5170; baseline -0.001 -7"><span class='ocrx_word' id='word_1_524' title='bbox 1536 5117 2816 5170; x_wconf 54' lang='grc' dir='ltr'>ψ</span> 
     </span>
    </p>
   </div>
   <div class='ocr_carea' id='block_1_73' title="bbox 1289 5284 3033 5399">
    <p class='ocr_par' dir='ltr' id='par_1_73' title="bbox 1289 5284 3033 5399">
     <span class='ocr_line' id='line_1_75' title="bbox 1289 5284 3033 5399; baseline -0.003 0"><span class='ocrx_word' id='word_1_525' title='bbox 1289 5294 1417 5399; x_wconf 93' lang='lat' dir='ltr'>D.</span> <span class='ocrx_word' id='word_1_526' title='bbox 1500 5287 2146 5398; x_wconf 81' lang='lat' dir='ltr'>MARTENE</span> <span class='ocrx_word' id='word_1_527' title='bbox 2248 5284 3033 5397; x_wconf 87' lang='lat' dir='ltr'>ADMONITIO.</span> 
     </span>
    </p>
   </div>
   <div class='ocr_carea' id='block_1_74' title="bbox 552 5492 3899 5576">
    <p class='ocr_par' dir='ltr' id='par_1_74' title="bbox 552 5492 3899 5576">
     <span class='ocr_line' id='line_1_76' title="bbox 552 5492 3899 5576; baseline 0.003 -22"><span class='ocrx_word' id='word_1_528' title='bbox 552 5502 682 5554; x_wconf 86' lang='lat' dir='ltr'>Post</span> <span class='ocrx_word' id='word_1_529' title='bbox 715 5499 1045 5572; x_wconf 87' lang='lat' dir='ltr'>abrogatam</span> <span class='ocrx_word' id='word_1_530' title='bbox 1085 5502 1234 5573; x_wconf 88' lang='lat' dir='ltr'>apud</span> <span class='ocrx_word' id='word_1_531' title='bbox 1275 5504 1464 5571; x_wconf 87' lang='lat' dir='ltr'>patres</span> <span class='ocrx_word' id='word_1_532' title='bbox 1493 5500 1718 5553; x_wconf 88' lang='lat' dir='ltr'>nostros</span> <span class='ocrx_word' id='word_1_533' title='bbox 1755 5496 2048 5567; x_wconf 88' lang='lat' dir='ltr'>antiquam</span> <span class='ocrx_word' id='word_1_534' title='bbox 2077 5495 2335 5550; x_wconf 80' lang='lat' dir='ltr'>Ecclesiae</span> <span class='ocrx_word' id='word_1_535' title='bbox 2369 5492 2667 5549; x_wconf 81' lang='lat' dir='ltr'>Gallicanae</span> <span class='ocrx_word' id='word_1_536' title='bbox 2695 5493 3030 5567; x_wconf 88' lang='lat' dir='ltr'>Liturgiam,</span> <span class='ocrx_word' id='word_1_537' title='bbox 3062 5512 3195 5569; x_wconf 70' lang='lat' dir='ltr'>qua:</span> <span class='ocrx_word' id='word_1_538' title='bbox 3224 5499 3277 5555; x_wconf 90' lang='lat' dir='ltr'>ei</span> <span class='ocrx_word' id='word_1_539' title='bbox 3306 5502 3547 5563; x_wconf 80' lang='lat' dir='ltr'>suffecta</span> <span class='ocrx_word' id='word_1_540' title='bbox 3574 5516 3669 5569; x_wconf 85' lang='lat' dir='ltr'>est</span> <span class='ocrx_word' id='word_1_541' title='bbox 3709 5519 3899 5576; x_wconf 68' lang='lat' dir='ltr'>missa</span> 
     </span>
    </p>
   </div>
   <div class='ocr_carea' id='block_1_75' title="bbox 477 5582 3895 5679">
    <p class='ocr_par' dir='ltr' id='par_1_75' title="bbox 477 5582 3895 5679">
     <span class='ocr_line' id='line_1_77' title="bbox 477 5582 3895 5679; baseline 0.005 -36"><span class='ocrx_word' id='word_1_542' title='bbox 477 5590 751 5658; x_wconf 82' lang='lat' dir='ltr'>Romana,</span> <span class='ocrx_word' id='word_1_543' title='bbox 782 5588 937 5645; x_wconf 85' lang='lat' dir='ltr'>brevi</span> <span class='ocrx_word' id='word_1_544' title='bbox 968 5595 1221 5663; x_wconf 90' lang='lat' dir='ltr'>tempore</span> <span class='ocrx_word' id='word_1_545' title='bbox 1260 5588 1402 5642; x_wconf 88' lang='lat' dir='ltr'>adeo</span> <span class='ocrx_word' id='word_1_546' title='bbox 1438 5585 1758 5658; x_wconf 68' lang='lat' dir='ltr'>praevaluit,</span> <span class='ocrx_word' id='word_1_547' title='bbox 1788 5590 1856 5641; x_wconf 90' lang='lat' dir='ltr'>ut</span> <span class='ocrx_word' id='word_1_548' title='bbox 1895 5584 2088 5657; x_wconf 90' lang='lat' dir='ltr'>paucis</span> <span class='ocrx_word' id='word_1_549' title='bbox 2123 5588 2249 5655; x_wconf 90' lang='lat' dir='ltr'>post</span> <span class='ocrx_word' id='word_1_550' title='bbox 2275 5583 2436 5638; x_wconf 87' lang='lat' dir='ltr'>annis</span> <span class='ocrx_word' id='word_1_551' title='bbox 2472 5582 2656 5637; x_wconf 88' lang='lat' dir='ltr'>omnis</span> <span class='ocrx_word' id='word_1_552' title='bbox 2685 5582 2838 5640; x_wconf 90' lang='lat' dir='ltr'>illius</span> <span class='ocrx_word' id='word_1_553' title='bbox 2878 5585 3157 5641; x_wconf 90' lang='lat' dir='ltr'>memoria</span> <span class='ocrx_word' id='word_1_554' title='bbox 3195 5590 3349 5660; x_wconf 90' lang='lat' dir='ltr'>apud</span> <span class='ocrx_word' id='word_1_555' title='bbox 3391 5597 3701 5659; x_wconf 89' lang='lat' dir='ltr'>universos</span> <span class='ocrx_word' id='word_1_556' title='bbox 3728 5624 3895 5679; x_wconf 85' lang='lat' dir='ltr'>pene</span> 
     </span>
    </p>
   </div>
   <div class='ocr_carea' id='block_1_76' title="bbox 479 5672 3899 5757">
    <p class='ocr_par' dir='ltr' id='par_1_76' title="bbox 479 5672 3899 5757">
     <span class='ocr_line' id='line_1_78' title="bbox 479 5672 3899 5757; baseline 0.005 -27"><span class='ocrx_word' id='word_1_557' title='bbox 479 5676 798 5733; x_wconf 84' lang='lat' dir='ltr'>oblitterata</span> <span class='ocrx_word' id='word_1_558' title='bbox 822 5679 1127 5747; x_wconf 85' lang='lat' dir='ltr'>videretur,</span> <span class='ocrx_word' id='word_1_559' title='bbox 1157 5679 1364 5748; x_wconf 81' lang='lat' dir='ltr'>vixque</span> <span class='ocrx_word' id='word_1_560' title='bbox 1400 5675 1580 5747; x_wconf 90' lang='lat' dir='ltr'>ipsius</span> <span class='ocrx_word' id='word_1_561' title='bbox 1616 5690 1828 5731; x_wconf 88' lang='lat' dir='ltr'>nomen</span> <span class='ocrx_word' id='word_1_562' title='bbox 1867 5674 2020 5745; x_wconf 89' lang='lat' dir='ltr'>apud</span> <span class='ocrx_word' id='word_1_563' title='bbox 2057 5673 2275 5745; x_wconf 88' lang='lat' dir='ltr'>aliquos</span> <span class='ocrx_word' id='word_1_564' title='bbox 2316 5672 2499 5728; x_wconf 91' lang='lat' dir='ltr'>audiri</span> <span class='ocrx_word' id='word_1_565' title='bbox 2538 5672 2912 5746; x_wconf 86' lang='lat' dir='ltr'>contingeret.</span> <span class='ocrx_word' id='word_1_566' title='bbox 2940 5676 3298 5749; x_wconf 88' lang='lat' dir='ltr'>Quapropter</span> <span class='ocrx_word' id='word_1_567' title='bbox 3336 5684 3440 5753; x_wconf 90' lang='lat' dir='ltr'>qui</span> <span class='ocrx_word' id='word_1_568' title='bbox 3469 5694 3677 5747; x_wconf 89' lang='lat' dir='ltr'>nostra</span> <span class='ocrx_word' id='word_1_569' title='bbox 3709 5672 3899 5757; x_wconf 57' lang='lat' dir='ltr'>astate</span> 
     </span>
    </p>
   </div>
   <div class='ocr_carea' id='block_1_77' title="bbox 479 5762 3901 5845">
    <p class='ocr_par' dir='ltr' id='par_1_77' title="bbox 479 5762 3901 5845">
     <span class='ocr_line' id='line_1_79' title="bbox 479 5762 3901 5845; baseline 0.004 -26"><span class='ocrx_word' id='word_1_570' title='bbox 479 5766 547 5820; x_wconf 92' lang='lat' dir='ltr'>de</span> <span class='ocrx_word' id='word_1_571' title='bbox 577 5766 745 5822; x_wconf 90' lang='lat' dir='ltr'>rebus</span> <span class='ocrx_word' id='word_1_572' title='bbox 771 5767 1049 5841; x_wconf 85' lang='lat' dir='ltr'>liturgicis</span> <span class='ocrx_word' id='word_1_573' title='bbox 1084 5770 1469 5823; x_wconf 88' lang='lat' dir='ltr'>tractaverunt</span> <span class='ocrx_word' id='word_1_574' title='bbox 1506 5766 1806 5837; x_wconf 83' lang='lat' dir='ltr'>scriptores</span> <span class='ocrx_word' id='word_1_575' title='bbox 1835 5762 2102 5830; x_wconf 88' lang='lat' dir='ltr'>accurati,</span> <span class='ocrx_word' id='word_1_576' title='bbox 2130 5762 2275 5817; x_wconf 89' lang='lat' dir='ltr'>hanc</span> <span class='ocrx_word' id='word_1_577' title='bbox 2300 5763 2359 5817; x_wconf 89' lang='lat' dir='ltr'>in</span> <span class='ocrx_word' id='word_1_578' title='bbox 2398 5778 2457 5818; x_wconf 87' lang='lat' dir='ltr'>se</span> <span class='ocrx_word' id='word_1_579' title='bbox 2482 5762 2833 5833; x_wconf 87' lang='lat' dir='ltr'>provinciam</span> <span class='ocrx_word' id='word_1_580' title='bbox 2871 5763 2933 5818; x_wconf 90' lang='lat' dir='ltr'>in</span> <span class='ocrx_word' id='word_1_581' title='bbox 2962 5763 3164 5834; x_wconf 88' lang='lat' dir='ltr'>primis</span> <span class='ocrx_word' id='word_1_582' title='bbox 3201 5782 3605 5845; x_wconf 87' lang='lat' dir='ltr'>susceperunt,</span> <span class='ocrx_word' id='word_1_583' title='bbox 3640 5787 3712 5838; x_wconf 82' lang='lat' dir='ltr'>ut</span> <span class='ocrx_word' id='word_1_584' title='bbox 3752 5803 3901 5845; x_wconf 72' lang='lat' dir='ltr'>eam</span> 
     </span>
    </p>
   </div>
   <div class='ocr_carea' id='block_1_78' title="bbox 469 5851 3902 5933">
    <p class='ocr_par' dir='ltr' id='par_1_78' title="bbox 469 5851 3902 5933">
     <span class='ocr_line' id='line_1_80' title="bbox 469 5851 3902 5933; baseline 0.005 -25"><span class='ocrx_word' id='word_1_585' title='bbox 469 5854 753 5924; x_wconf 89' lang='lat' dir='ltr'>jacentem</span> <span class='ocrx_word' id='word_1_586' title='bbox 779 5872 843 5910; x_wconf 88' lang='lat' dir='ltr'>ac</span> <span class='ocrx_word' id='word_1_587' title='bbox 881 5872 1028 5927; x_wconf 89' lang='lat' dir='ltr'>pene</span> <span class='ocrx_word' id='word_1_588' title='bbox 1063 5856 1341 5927; x_wconf 85' lang='lat' dir='ltr'>sepultam</span> <span class='ocrx_word' id='word_1_589' title='bbox 1374 5854 1435 5909; x_wconf 91' lang='lat' dir='ltr'>in</span> <span class='ocrx_word' id='word_1_590' title='bbox 1472 5854 1740 5921; x_wconf 86' lang='lat' dir='ltr'>tenebris,</span> <span class='ocrx_word' id='word_1_591' title='bbox 1770 5869 1839 5907; x_wconf 83' lang='lat' dir='ltr'>ex</span> <span class='ocrx_word' id='word_1_592' title='bbox 1881 5851 2113 5922; x_wconf 89' lang='lat' dir='ltr'>pulvere</span> <span class='ocrx_word' id='word_1_593' title='bbox 2157 5852 2510 5905; x_wconf 87' lang='lat' dir='ltr'>suscitarent.</span> <span class='ocrx_word' id='word_1_594' title='bbox 2539 5851 2763 5904; x_wconf 88' lang='lat' dir='ltr'>Primus</span> <span class='ocrx_word' id='word_1_595' title='bbox 2796 5867 2901 5906; x_wconf 90' lang='lat' dir='ltr'>nec</span> <span class='ocrx_word' id='word_1_596' title='bbox 2942 5851 3064 5907; x_wconf 90' lang='lat' dir='ltr'>sine</span> <span class='ocrx_word' id='word_1_597' title='bbox 3098 5852 3275 5925; x_wconf 89' lang='lat' dir='ltr'>digna</span> <span class='ocrx_word' id='word_1_598' title='bbox 3308 5858 3481 5917; x_wconf 89' lang='lat' dir='ltr'>laude</span> <span class='ocrx_word' id='word_1_599' title='bbox 3522 5864 3583 5920; x_wconf 91' lang='lat' dir='ltr'>id</span> <span class='ocrx_word' id='word_1_600' title='bbox 3630 5874 3902 5933; x_wconf 73' lang='lat' dir='ltr'>tentavit</span> 
     </span>
    </p>
   </div>
   <div class='ocr_carea' id='block_1_79' title="bbox 476 5938 3896 6038">
    <p class='ocr_par' dir='ltr' id='par_1_79' title="bbox 476 5938 3896 6038">
     <span class='ocr_line' id='line_1_81' title="bbox 476 5938 3896 6038; baseline 0.006 -40"><span class='ocrx_word' id='word_1_601' title='bbox 476 5941 586 6014; x_wconf 82' lang='lat' dir='ltr'>piae</span> <span class='ocrx_word' id='word_1_602' title='bbox 621 5943 913 6000; x_wconf 77' lang='lat' dir='ltr'>memoriae</span> <span class='ocrx_word' id='word_1_603' title='bbox 948 5944 1242 6000; x_wconf 80' lang='lat' dir='ltr'>cardinalis</span> <span class='ocrx_word' id='word_1_604' title='bbox 1284 5945 1436 5999; x_wconf 89' lang='lat' dir='ltr'>Bona</span> <span class='ocrx_word' id='word_1_605' title='bbox 1466 5942 1527 5997; x_wconf 90' lang='lat' dir='ltr'>in</span> <span class='ocrx_word' id='word_1_606' title='bbox 1560 5942 1704 5998; x_wconf 91' lang='lat' dir='ltr'>libro</span> <span class='ocrx_word' id='word_1_607' title='bbox 1736 5957 1750 5996; x_wconf 89' lang='lat'><strong>:</strong></span> <span class='ocrx_word' id='word_1_608' title='bbox 1784 5941 1995 5996; x_wconf 82' lang='lat' dir='ltr'>Rerum</span> <span class='ocrx_word' id='word_1_609' title='bbox 2034 5938 2449 6010; x_wconf 87' lang='lat' dir='ltr'>liturgicarum,</span> <span class='ocrx_word' id='word_1_610' title='bbox 2486 5955 2608 6011; x_wconf 85' lang='lat' dir='ltr'>cap.</span> <span class='ocrx_word' id='word_1_611' title='bbox 2644 5941 2728 6007; x_wconf 85' lang='grc'>12,</span> <span class='ocrx_word' id='word_1_612' title='bbox 2758 5938 2857 5994; x_wconf 89' lang='lat' dir='ltr'>ubi</span> <span class='ocrx_word' id='word_1_613' title='bbox 2891 5938 3112 6012; x_wconf 87' lang='lat' dir='ltr'>antiqui</span> <span class='ocrx_word' id='word_1_614' title='bbox 3142 5941 3287 5998; x_wconf 87' lang='lat' dir='ltr'>ritus</span> <span class='ocrx_word' id='word_1_615' title='bbox 3316 5947 3594 6009; x_wconf 88' lang='lat' dir='ltr'>Gallicani</span> <span class='ocrx_word' id='word_1_616' title='bbox 3624 5965 3896 6038; x_wconf 85' lang='lat' dir='ltr'>vestigia</span> 
     </span>
    </p>
   </div>
  </div>
