4020 6232
147 376 201 429 85
930 371 1276 430 EXPOSITIO
1314 373 1551 429 BREVIS
1590 375 1918 431 LlTURGle
1956 374 2211 431 GALLIC.
2254 406 2319 416 --
2359 376 2719 433 ADllONlTlO
3436 384 3502 437 86

145 500 201 540 ex
238 480 519 539 veteribus
557 480 933 555 scriptoribus
966 483 1036 537 ob
1076 483 1268 538 oculos
1304 483 1486 555 ponit.
1516 483 1623 538 Sed
1664 482 1788 539 haec
1818 500 1921 555 pro
1961 484 2045 538 rei
2088 482 2365 556 dignitate
2410 487 2468 539 et
2503 483 2904 556 magnitudine
2946 484 3090 543 levia
3134 492 3286 546 sunt.
3332 491 3505 548 Multo

143 573 337 630 felicius
354 588 477 628 rem
499 577 813 629 exsecutus
831 577 914 628 est
931 573 1018 628 vir
1037 573 1232 628 multae
1258 572 1594 628 eruditionis
1617 573 1892 645 Iosephus
1909 573 2262 645 Thomasius,
2284 574 2385 646 qui
2403 575 2598 630 Romae
2624 578 2738 630 tres
2756 579 2973 633 veteres
2990 578 3216 636 Codices
3234 581 3505 655 Liturgia;

144 667 417 724 Gallicanae
452 682 527 722 ex
554 666 907 723 bibliotheca
940 666 1158 738 reginas
1191 666 1407 722 Sueciae
1443 665 1592 737 typis
1633 665 1951 736 mandavit,
1982 681 2212 721 rursum
2248 666 2473 721 Parisiis
2508 682 2735 722 recusos
2759 683 2793 721 a
2817 668 3135 726 Mabillonio
3173 687 3305 727 cum
3328 673 3504 727 veteri

143 756 471 813 Lectionario
499 756 798 811 Gallicano
829 757 899 811 ab
925 772 992 811 eo
1020 756 1081 810 in
1108 753 1445 811 Luxoviensi
1473 755 1816 811 monasterio
1841 758 2087 826 reperto,
2117 760 2174 810 et
2200 755 2435 811 eruditis
2461 755 2944 813 observationibus
2970 759 3249 816 illustrato
3277 779 3290 817 :
3320 762 3420 834 qui
3450 767 3507 818 et

143 846 249 919 ipse
286 852 560 919 quartum
589 846 865 918 Liturgiae
902 845 1201 902 Gallicanae
1228 844 1490 901 Codicem
1530 860 1598 899 ex
1641 843 1981 899 bibliotheca
2013 844 2274 899 Bobiensi
2302 844 2517 914 publici
2533 845 2681 915 juris
2706 846 2836 901 fecit
2862 847 2924 902 in
2952 849 3124 905 Musei
3154 850 3327 906 Italici
3349 855 3504 906 temo

144 937 331 1007 primo.
361 938 581 992 Verum
626 936 718 992 his
760 936 1026 992 omnibus
1053 936 1115 991 in
1154 934 1333 1002 libris,
1376 934 1436 989 id
1478 950 1660 989 unum
1702 934 1995 1000 duntaxat,
2033 933 2184 1005 quod
2223 937 2415 988 tamen
2451 934 2807 1006 praecipuum
2846 940 2950 1007 est,
2979 938 3278 1007 habemus,
3307 943 3374 994 ut
3411 955 3506 994 eas

146 1026 364 1080 sciamus
404 1042 633 1097 preces,
666 1044 807 1099 quas
847 1027 920 1082 ad
960 1026 1135 1081 altare
1174 1024 1463 1080 celebrans
1504 1024 1763 1080 sacerdos
1800 1023 2082 1093 recitaret,
2111 1040 2244 1078 cum
2280 1023 2616 1079 lectionibus
2652 1041 2793 1096 quas
2832 1027 2973 1082 sacri
3013 1028 3260 1084 ministri
3291 1027 3505 1101 populo

145 1116 594 1187 pronuntiabant.
624 1120 695 1174 At
721 1117 860 1190 quid
884 1116 1116 1173 interim
1147 1116 1355 1171 chorus
1381 1115 1726 1185 decantaret,
1755 1130 1938 1187 quove
1965 1114 2186 1184 ordine,
2219 1129 2323 1168 nos
2348 1114 2624 1168 hactenus
2652 1115 2881 1172 latebat.
2913 1117 2972 1172 Id
2996 1117 3228 1189 quidem
3256 1118 3503 1175 auctori-

146 1209 243 1259 tate
262 1211 518 1261 veterum
563 1207 958 1263 demonstrare
1000 1206 1235 1279 quidam
1273 1209 1669 1272 tentaverunt;
1700 1220 1900 1260 verum
1927 1204 2163 1259 omnino
2202 1203 2321 1260 fere
2348 1202 2655 1260 incassum.
2689 1206 2827 1261 Nam
2852 1211 3234 1282 prmterquam
3262 1208 3415 1282 quod
3443 1207 3504 1264 in

147 1294 324 1353 multis
351 1295 710 1367 defecerunt,
743 1296 805 1352 in
830 1296 1114 1369 aliquibus
1140 1295 1311 1351 etiam
1338 1298 1690 1351 erraverunt.

208 1412 338 1468 Illud
364 1418 564 1470 autem
592 1414 965 1471 emolumenti
991 1431 1062 1470 ex
1095 1414 1353 1486 sequenti
1390 1414 1749 1486 Expositione
1786 1412 2040 1489 antiquae
2074 1413 2371 1470 Gallicanae
2400 1413 2671 1486 Liturgiae
2702 1413 2920 1485 accidit,
2948 1420 3014 1471 ut
3035 1416 3323 1489 integrum
3352 1417 3504 1474 illius

147 1500 402 1574 ordinem,
430 1505 647 1576 quidve
671 1505 734 1561 in
758 1504 932 1560 choro
950 1508 1298 1574 cantaretur,
1328 1504 1557 1576 penitus
1586 1504 1912 1560 resciamus.

208 1618 340 1673 Nam
385 1621 582 1693 primo
633 1621 885 1695 Liturgia
930 1620 1238 1694 incipiebat
1280 1621 1349 1677 ab
1400 1620 1733 1694 antiphona,
1784 1637 1957 1695 quam
2001 1636 2131 1675 cum
2180 1636 2345 1676 versu
2383 1619 2587 1693 psalmi
2631 1624 2686 1677 et
2745 1620 2921 1692 gloria
2971 1622 3254 1680 Trinitatis
3304 1625 3508 1681 chorus

147 1709 494 1778 praecinebat.

209 1831 258 1882 2.
282 1830 675 1901 Antiphonam
704 1830 1051 1903 sequebatur
1072 1828 1352 1900 praefatio,
1380 1844 1481 1885 seu
1508 1829 1819 1884 admonitio
1839 1828 1907 1883 ad
1928 1828 2228 1900 populum,
2255 1844 2426 1900 quam
2453 1829 2710 1884 sacerdos
2722 1830 3069 1902 praelegebat
3084 1832 3156 1887 ad
3173 1833 3508 1890 hortandam

152 1919 375 1990 plebem,
404 1926 469 1975 ut
511 1921 589 1976 ad
618 1936 793 1992 quam
828 1923 1169 1975 convenerat
1204 1918 1624 1975 solemnitatem
1664 1918 1851 1974 debita
1887 1935 2019 1973 cum
2048 1919 2410 1974 veneratione
2448 1917 2779 1973 celebraret.
2809 1920 2929 1974 Non
2955 1937 3047 1976 me
3072 1922 3208 1978 latet
3236 1923 3513 1995 quosdam

151 2008 285 2062 inter
306 2010 686 2081 antiphonam
713 2015 769 2065 et
794 2009 1189 2081 praefationem
1214 2008 1559 2064 constituere
1588 2009 1872 2080 hymnum
1900 2008 2223 2079 angelicum
2249 2026 2283 2063 a
2310 2008 2483 2062 choro
2511 2008 2948 2065 decantandum.
2977 2012 3186 2066 Verum
3212 2013 3271 2067 id
3296 2015 3511 2086 absque

152 2098 253 2151 ullo
278 2099 628 2155 auctoritatis
654 2099 1047 2155 fundamento.
1079 2100 1219 2153 Nam
1250 2098 1362 2153 duo
1390 2115 1459 2154 ex
1487 2098 1757 2170 Gregorio
1782 2098 2096 2153 Turonensi
2125 2099 2266 2167 loca,
2297 2114 2425 2168 quae
2451 2097 2521 2151 ad
2547 2097 2604 2151 id
2634 2098 2994 2168 probandum
3022 2100 3338 2172 proferunt,
3365 2102 3511 2157 nihil

152 2203 362 2257 prorsus
408 2189 701 2259 evincunt,
753 2190 851 2245 sed
898 2190 1184 2261 hymnum
1235 2188 1402 2243 illum
1450 2188 1509 2243 in
1554 2188 1894 2260 quibusdam
1937 2188 2061 2242 aliis
2100 2186 2605 2259 supplicationibus
2651 2187 2889 2258 publicis
2931 2188 3292 2245 decantatum
3338 2191 3510 2247 fuisse

156 2275 544 2334 demonstrant.
577 2281 699 2334 lmo
723 2279 785 2334 in
813 2279 1066 2351 Liturgia
1095 2278 1396 2348 Gallicana,
1424 2294 1597 2350 quam
1631 2295 1702 2333 ex
1732 2277 1933 2333 Codice
1968 2277 2233 2332 Bobiensi
2268 2276 2518 2348 vulgavit
2554 2276 2926 2346 Mabillonius,
2956 2277 3204 2349 hymnus
3232 2280 3416 2335 Gloria
3453 2283 3513 2335 in

154 2368 346 2423 παριείς
369 2373 474 2425 Deo
500 2387 610 2442 pro
640 2370 953 2442 gratiarum
980 2369 1295 2425 actionibus
1327 2372 1453 2440 post
1481 2368 1711 2423 missam
1750 2368 2015 2441 privatim
2046 2367 2369 2423 recitandus
2396 2365 2776 2421 constituitur.
2811 2368 3000 2438 Itaque
3026 2367 3397 2439 antiphonam
3420 2386 3506 2425 se-

156 2456 412 2527 quebatur
436 2461 703 2531 praefatio
741 2476 842 2515 seu
870 2458 1180 2531 praelectio,
1210 2458 1363 2512 unde
1393 2457 1452 2512 in
1486 2462 1678 2512 nostra
1705 2458 1964 2530 sequenti
2007 2457 2357 2529 expositione
2385 2456 2595 2511 dicitur
2628 2456 2942 2526 Antiphona
2968 2456 3044 2511 ad
3061 2457 3422 2529 praelegendo,
3455 2458 3512 2515 id

157 2552 227 2602 est
250 2552 371 2603 ante
400 2549 802 2621 praefationem
830 2565 1004 2622 quam
1031 2564 1137 2620 per
1162 2547 1399 2602 modum
1427 2546 1833 2602 exhortationis
1858 2547 2208 2620 praelegebat
2234 2546 2505 2601 sacerdos.

218 2679 264 2730 3.
291 2677 417 2731 Post
446 2678 847 2747 praefationem
883 2678 1152 2734 diaconus
1188 2677 1303 2731 alta
1335 2690 1469 2731 voce
1495 2675 1784 2732 silentium
1825 2676 2128 2744 indicebat,
2157 2676 2320 2747 cujus
2358 2675 2501 2731 ritus
2539 2674 2802 2731 meminit
2842 2676 3147 2749 Gregorius
3172 2679 3512 2735 Turonensis

157 2762 239 2818 lib.
274 2781 342 2819 νη
373 2767 516 2823 Hist.
555 2769 756 2823 Franc.
785 2785 908 2840 cap.
949 2770 1005 2836 8,
1034 2766 1124 2822 his
1148 2765 1337 2822 verbis
1370 2782 1384 2821 :
1418 2784 1447 2818 «
1486 2765 1644 2821 Unde
1679 2765 1894 2821 factum
1933 2771 2036 2835 est,
2080 2770 2143 2821 ut
2176 2766 2423 2837 quadam
2464 2765 2554 2821 die
2594 2765 2878 2821 dominica
2914 2770 3215 2839 postquam
3245 2768 3513 2824 diaconus

160 2852 422 2911 silentium
456 2857 708 2929 populis,
736 2861 803 2913 ut
837 2857 1026 2913 missae
1064 2855 1540 2925 auscultarentur,
1569 2854 1795 2926 indixit,
1826 2874 1853 2907 »
1884 2858 1989 2910 etc.
2021 2857 2141 2920 Quo
2176 2856 2298 2910 loco
2331 2857 2507 2911 missae
2543 2871 2647 2927 pro
2676 2858 2943 2913 orationes
2976 2856 3124 2912 sumi
3151 2873 3267 2913 non
3293 2858 3510 2914 dubito.

216 2982 264 3035 4.
294 2982 506 3039 lndicto
553 2984 798 3055 silentio,
828 2985 1085 3040 sacerdos
1130 2983 1412 3057 populum
1458 2982 1756 3053 salutabat,
1787 2998 1850 3037 ac
1894 2981 2095 3053 populi
2134 2981 2487 3053 responsioni
2531 2982 2822 3038 collectam
2860 2982 3187 3055 subjiciebat
3224 3001 3256 3038 a
3296 2985 3512 3040 cunctis

160 3068 298 3126 ﬂexis
326 3074 566 3145 genibus
602 3075 798 3130 devote
825 3074 1188 3150 audiendam,
1219 3079 1285 3129 ut
1310 3074 1555 3145 probant
1579 3072 1758 3128 sancti
1785 3071 2014 3127 Caesarii
2040 3071 2275 3143 quidam
2304 3087 2615 3128 sermones.

220 3200 265 3251 5.
294 3199 419 3254 Post
459 3200 758 3255 collectam
802 3201 1008 3256 chorus
1050 3200 1312 3255 cantabat
1357 3198 1675 3271 trisagium,
1718 3202 1773 3254 et
1815 3197 2050 3270 quidem
2097 3213 2281 3270 graece
2326 3201 2382 3254 et
2423 3198 2617 3268 latine,
2653 3198 2804 3270 quod
2847 3199 3187 3272 sequebatur
3226 3200 3512 3256 canticum

161 3287 412 3343 Zachariae
450 3290 770 3346 Benedictus
802 3292 1059 3346 Dominus
1092 3292 1230 3346 Deus
1267 3289 1456 3346 Israel.
1489 3289 1603 3344 Hoc
1630 3292 1825 3344 tamen
1858 3286 2143 3344 canticum
2182 3286 2244 3343 in
2270 3288 2712 3361 Quadragesima
2736 3305 2869 3345 cum
2895 3288 3018 3345 aliis
3040 3289 3254 3346 laetitiae
3280 3290 3511 3362 hymnis

162 3378 624 3449 supprimebatur.

220 3507 268 3558 6.
305 3506 659 3578 Sequebatur
692 3505 858 3561 lectio
900 3522 971 3561 ex
1021 3505 1314 3578 prophetis
1360 3509 1418 3561 et
1465 3521 1535 3561 ex
1578 3504 1853 3576 apostolo.
1896 3504 2037 3559 Nam
2087 3507 2298 3575 praeter
2339 3504 2627 3577 Evangelii
2679 3505 3000 3575 lectionem,
3029 3507 3186 3576 duas,
3216 3524 3393 3564 unam
3442 3525 3510 3563 ex

164 3594 333 3665 veteri,
361 3596 603 3651 alteram
642 3611 712 3650 ex
749 3596 900 3651 Novo
937 3596 1316 3661 Testamento,
1343 3595 1612 3650 lectiones
1654 3594 1974 3663 cantabant,
2009 3610 2184 3666 quem
2222 3593 2399 3650 ritum
2437 3595 2628 3651 videre
2663 3600 2749 3651 est
2778 3598 2929 3668 apud
2964 3598 3299 3670 Gregorium
3330 3601 3507 3655 Turo-

162 3698 365 3740 nensem
391 3686 489 3742 lib.
518 3703 539 3745 1
570 3686 641 3742 de
667 3685 947 3742 Miraculis
982 3685 1161 3739 sancti
1196 3683 1420 3739 Martini
1444 3700 1569 3756 cap.
1601 3688 1652 3754 5,
1685 3683 1781 3737 ubi
1810 3683 1934 3738 haec
1964 3684 2136 3739 habet
2165 3701 2179 3739 :
2214 3702 2241 3735 «
2268 3685 2502 3739 Factum
2528 3689 2611 3741 est
2635 3690 2701 3741 ut
2727 3686 2822 3741 illa
2849 3686 3157 3755 Dominica,
3180 3688 3510 3759 prophetica

160 3771 369 3830 lectione
395 3776 520 3848 jam
557 3778 727 3846 lecta,
756 3781 886 3832 ante
916 3776 1183 3831 altarium
1220 3779 1413 3845 staret,
1442 3774 1544 3846 qui
1579 3773 1883 3829 lectionem
1908 3773 2060 3829 beati
2088 3774 2246 3829 Pauli
2276 3775 2576 3846 proferret.
2605 3796 2634 3826 »
2670 3777 2732 3830 In
2765 3780 3089 3830 sanctorum
3115 3776 3508 3833 festivitatibus

164 3862 257 3917 sive
282 3870 617 3937 martyrum,
647 3866 763 3921 sive
796 3865 1182 3921 confessorum
1208 3868 1334 3920 acta
1366 3880 1568 3919 eorum
1591 3863 1761 3919 etiam
1787 3863 2012 3935 publice
2041 3863 2398 3935 legebantur,
2428 3868 2494 3918 ut
2521 3864 2727 3919 auditis
2759 3880 2957 3919 eorum
2983 3864 3287 3920 virtutibus
3310 3866 3507 3937 populi

163 3951 221 4005 ad
252 3953 447 4010 similia
479 3956 863 4027 perpetranda
899 3955 1364 4011 accenderentur.
1395 3955 1474 4010 Ita
1502 3953 1808 4026 Gregorius
1835 3952 2200 4023 Turonensis,
2232 3953 2330 4009 lib.
2363 3971 2382 4009 1
2406 3953 2475 4009 de
2502 3954 2689 4009 Gloria
2715 3958 3033 4027 martyrum
3057 3971 3159 4028 cap
3185 3958 3274 4026 86,
3302 3954 3506 4011 lectam

165 4040 309 4098 ﬁxisse
332 4045 506 4100 sancti
536 4045 832 4119 Polycarpi
858 4046 1181 4118 passionem
1206 4049 1420 4101 narrat.

220 4170 267 4221 7.
298 4169 651 4227 Lectionibus
700 4171 1108 4242 pronunciatis,
1151 4172 1358 4226 chorus
1409 4171 1691 4242 hymnum
1741 4168 1918 4238 trium
1969 4184 2283 4241 puerorum
2328 4169 2677 4240 decantabat,
2723 4174 2780 4227 et
2824 4170 3078 4243 quidem,
3116 4175 3181 4226 ut
3206 4169 3367 4242 ’reor,
3405 4188 3507 4244 per

164 4256 369 4314 modum
409 4261 775 4332 responsorii,
812 4277 985 4333 quem
1029 4277 1163 4317 sane
1200 4262 1483 4333 hymnum
1532 4278 1566 4314 a
1609 4259 1880 4331 Gregorio
1916 4259 2253 4329 Turonensi,
2298 4259 2554 4315 Historiae
2602 4261 2947 4316 Francorum
2988 4260 3088 4317 lib.
3130 4278 3245 4331 vm,
3287 4277 3408 4333 cap.
3449 4265 3502 4329 3,

161 4347 400 4413 psalmum
421 4354 819 4422 responsorium
849 4351 959 4406 dici
983 4350 1242 4423 conjicio.
1271 4352 1412 4405 Nam
1440 4350 1710 4422 quaelibet
1735 4365 1805 4404 ex
1830 4348 2136 4421 Scripturis
2160 4348 2376 4405 cantica
2402 4350 2754 4421 psalmorum
2778 4350 3010 4406 nomine
3038 4351 3251 4406 donare
3279 4367 3506 4406 consue-

166 4443 337 4493 verant
357 4445 593 4496 veteres.
622 4443 795 4496 Porro
836 4442 909 4509 ad
944 4442 1099 4496 hunc
1142 4441 1316 4496 ritum
1354 4445 1607 4513 spectare
1648 4438 1911 4495 existimo
1949 4455 2225 4494 canonem
2268 4442 2333 4495 I3
2368 4440 2592 4495 concilii
2627 4440 2877 4496 Toletani
2903 4457 2975 4510 ιν,
3006 4441 3130 4494 «Ut
3167 4455 3272 4511 per
3309 4456 3505 4495 omnes

166 4522 413 4597 Hispanias
448 4530 719 4587 Ecclesias
743 4531 831 4586 vel
868 4531 1059 4586 Galliae
1078 4530 1157 4587 ‘in
1194 4531 1455 4588 omnium
1490 4528 1795 4587 missarum
1833 4529 2191 4589 solemnitate
2229 4529 2559 4586 decantetur
2593 4530 2843 4602 hymnus
2880 4528 3057 4585 trium
3097 4544 3408 4600 puerorum
3443 4528 3504 4583 in

167 4615 376 4687 pulpito.
406 4639 432 4670 ι)

227 4745 272 4797 8.
298 4746 433 4801 Dum
464 4747 734 4803 diaconus
749 4749 821 4805 ad
838 4750 1168 4823 analogium
1194 4750 1567 4822 Evangelium
1595 4751 1923 4806 cantaturus
1946 4750 2297 4822 procederet,
2330 4749 2536 4804 chorus
2559 4747 2791 4805 interim
2815 4746 3111 4821 trisagium
3138 4748 3502 4821 praecinebat,

169 4832 295 4900 quod
318 4840 584 4907 quantato
613 4838 918 4913 Evangelio
941 4840 1153 4896 iterum
1182 4839 1488 4912 repetebat.

229 4960 277 5013 9.
296 4960 416 5017 Post
441 4964 839 5037 Evangelium,
870 4966 1167 5038 episcopus
1200 4966 1439 5021 verbum
1462 4981 1493 5020 e
1512 4969 1787 5039 suggestu
1810 4965 2057 5022 habebat
2073 4966 2145 5022 ad
2169 4964 2482 5038 populum;
2509 4967 2608 5020 aut
2626 4964 2673 5019 si
2688 4980 2791 5036 per
2809 4964 3097 5021 inﬁrmam
3121 4966 3504 5024 valetudinem

169 5042 216 5097 id
248 5047 341 5103 sibi
377 5068 494 5109 non
527 5054 742 5126 liceret,
782 5055 870 5111 vel
915 5055 1062 5111 forte
1095 5055 1358 5111 tardioris
1394 5060 1539 5111 esset
1576 5056 1811 5127 linguae,
1848 5055 2116 5111 homilias
2152 5054 2411 5127 proprias
2449 5058 2548 5111 aut
2584 5055 2654 5111 ab
2694 5054 2818 5111 aliis
2857 5056 3213 5127 compositas,
3257 5058 3503 5114 maxime

170 5142 458 5197 sanctorum
483 5144 739 5213 Patrum,
765 5145 1126 5218 pronuntiari
1143 5163 1178 5200 a
1204 5144 1589 5202 sacerdotibus
1614 5150 1713 5201 aut
1738 5145 1991 5200 diaconis
2011 5145 2271 5217 jubebat.

238 5269 308 5321 to.
335 5269 543 5327 Deinde
578 5271 846 5328 diaconus
888 5290 1059 5347 super
1096 5273 1390 5329 audientes
1429 5277 1485 5328 et
1524 5274 1964 5329 catechumenos
2002 5288 2196 5345 preces
2230 5271 2558 5328 constitutas
2595 5271 2941 5345 effundebat,
2967 5272 3036 5330 de
3075 5273 3279 5345 quibus
3304 5270 3505 5328 ritibus

174 5353 285 5409 satis
308 5359 522 5429 egimus
548 5361 609 5416 in
633 5362 780 5418 libro
802 5380 823 5417 1
848 5364 918 5420 de
942 5363 1192 5435 antiquis
1225 5362 1486 5418 Ecclesiae
1516 5363 1738 5418 ritibus.

234 5476 305 5529 ll.
332 5475 528 5547 Ejectis
568 5478 1009 5548 catechumenis,
1047 5480 1315 5535 diaconus
1353 5479 1639 5535 silentium
1686 5478 2003 5548 indicebat;
2039 5482 2165 5534 tum
2205 5495 2410 5551 corpus
2443 5481 2669 5536 Domini
2712 5481 2773 5537 in
2813 5481 2958 5537 turri
3001 5484 3393 5536 conservatum
3433 5497 3502 5537 ex

175 5564 480 5626 praecedenti
504 5566 774 5622 sacriﬁcio
800 5568 1087 5626 deferebat
1110 5570 1183 5624 ad
1207 5571 1400 5637 altare,
1432 5572 1498 5624 ut
1527 5572 1745 5624 constat
1771 5572 1897 5623 tum
1934 5585 2004 5623 ex
2042 5569 2148 5624 hac
2172 5573 2363 5624 nostra
2399 5569 2770 5642 expositione,
2796 5573 2921 5625 tum
2946 5586 3016 5624 ex
3038 5569 3501 5642 Gregorii_Turo-

177 5653 333 5707 Densis
368 5654 511 5711 libro
551 5658 624 5713 de
662 5658 851 5714 Gloria
882 5664 1222 5731 martyrum,
1254 5676 1378 5732 cap.
1409 5663 1491 5715 85.
1524 5658 1764 5714 Romani
1801 5675 1918 5714 non
1960 5659 2019 5714 in
2054 5660 2221 5729 turri,
2248 5660 2346 5716 sed
2380 5660 2441 5715 in
2475 5677 2640 5732 capsa
2673 5660 2811 5715 illud
2851 5659 3199 5731 deferebant,
3226 5660 3399 5732 idque
3444 5660 3503 5715 in

180 5744 426 5799 nonnullis
468 5746 639 5801 etiam
678 5748 972 5805 Gallicanis
1010 5749 1271 5807 Ecclesiis
1310 5749 1733 5805 observabatur.
1764 5751 1939 5805 Porro
1969 5766 2039 5805 ex
2074 5750 2181 5805 hoc
2210 5751 2326 5806 ritu
2365 5751 2553 5806 lucem
2581 5750 2830 5821 aliquam
2857 5748 3059 5805 afferre
3082 5766 3381 5822 possumus
3409 5765 3500 5803 ca-

182 5830 291 5885 noni
328 5837 383 5889 t7
425 5836 643 5892 concilii
684 5840 1008 5895 Arausicani
1042 5857 1094 5910 ι,
1124 5840 1195 5896 ad
1234 5856 1406 5912 quem
1447 5855 1645 5895 omnes
1690 5839 1809 5895 fere
1845 5839 2052 5895 eruditi
2094 5840 2368 5896 hactenus
2407 5839 2711 5895 caecutiunt
2748 5854 2761 5891 :
2809 5856 2838 5890 ‹‹
2867 5838 3011 5893 Cum
3052 5856 3217 5910 capsa
3259 5842 3315 5892 et
3358 5836 3503 5891 calix

184 5914 461 5981 ()lIerendus
497 5933 580 5984 est
611 5933 665 5985 et
703 5931 1051 5987 admixtione
1084 5930 1451 5989 Eucharistire
1492 5930 1922 5999 consecrandus,
1953 5952 1979 5979 »
2020 5934 2084 5986 ut
2127 5929 2337 5987 scilicet
2376 5944 2539 6000 capsa
2580 5925 2928 5982 dominicum
2966 5943 3174 6000 corpus
3210 5925 3501 5982 continens
