4020 6232
478 371 543 436 81
1185 374 1254 431 IN
1293 377 1347 431 S.
1388 374 1590 431 GBHM.
1633 371 2117 428 EXPOSITIONEM
2155 371 2488 429 LlTURGhE
2523 372 2713 428 GALL.
2756 371 3137 430 ADMONITIO.
3783 369 3849 430 88

476 487 743 545 aﬂ‘eratur
774 484 846 542 ad
879 484 1074 553 altare,
1103 498 1234 540 cum
1268 481 1525 540 facienda
1560 485 1644 538 est
1680 480 1741 539 in
1775 478 1945 539 missa
1982 478 2189 535 oblatio
2227 478 2415 537 calicis
2453 496 2585 536 cum
2621 479 2969 539 admixtione
3007 495 3108 538 seu
3135 478 3439 553 praesentiri
3472 481 3850 541 Eucharistia)

481 576 862 635 consecrandi.

550 680 635 733 l2.
658 676 835 731 Allata
867 675 939 729 ad
974 675 1153 729 altare
1189 671 1555 741 Eucharistia,
1585 671 1757 726 flebat
1790 671 1952 743 panis
1989 674 2045 726 et
2067 670 2183 725 vini
2218 669 2582 725 consecrandi
2618 669 2848 740 oblatio,
2881 674 3050 743 atque
3089 669 3317 726 interim
3358 672 3564 728 chorus
3606 675 3854 730 canebat

473 770 692 829 Sanum,
718 766 774 820 id
806 769 889 820 est
917 765 1287 836 antiphonam
1317 778 1443 833 quae
1479 766 1670 815 nostro
1704 760 1989 815 offertorio
2019 760 2413 833 respondebat,
2444 763 2543 814 aut
2569 760 2705 830 quid
2734 759 2938 814 simile.
2966 760 3129 815 Forte
3158 762 3329 817 Sanus
3365 762 3520 817 aliud
3545 764 3692 818 nihil
3727 769 3855 819 erat

475 873 649 928 quam
674 854 826 927 quod
852 853 1132 925 Expositio
1158 856 1351 906 nostra
1376 868 1511 906 mox
1538 851 1745 907 Laudes
1779 851 2046 922 appellat.
2073 853 2215 907 Laus
2240 853 2433 904 autem
2461 850 2520 903 in
2549 849 2747 904 Missali
2785 849 3143 904 Mozarabum
3173 853 3392 906 constat
3427 867 3497 906 ex
3525 853 3765 908 Alleluia
3794 858 3856 908 et

473 962 592 1000 uno
627 945 923 1013 versiculo,
952 943 1049 998 sed
1086 942 1144 996 in
1183 942 1463 996 Gallicana
1498 941 1750 1012 Liturgia
1782 946 1869 995 ter
1905 941 2207 1011 repetitum
2249 940 2421 993 fuisse
2459 938 2699 993 Alleluia
2732 940 2803 994 ad
2841 939 3212 1010 significanda
3250 940 3361 995 tria
3401 944 3683 1013 tempora,
3715 946 3853 997 ante

475 1035 682 1107 legem,
713 1033 816 1088 sub
842 1034 987 1103 lege,
1017 1035 1074 1085 et
1100 1032 1206 1085 sub
1234 1030 1435 1102 gratia,
1466 1030 1628 1085 docet
1654 1034 1845 1085 nostra
1874 1030 2181 1101 Expositio,
2209 1029 2379 1100 idque
2406 1028 2593 1083 forsan
2621 1044 2752 1083 cum
2778 1028 2985 1100 triplici
3012 1030 3303 1085 versiculo.

550 1139 634 1190 t3.
661 1135 826 1188 Facta
868 1132 1171 1198 oblatione,
1201 1148 1359 1185 sacra
1397 1130 1783 1185 recitabantur
1824 1130 2112 1201 diptycha,
2158 1129 2265 1183 hoc
2312 1133 2397 1183 est
2437 1128 2669 1183 nomina
2710 1127 3106 1200 episcoporum
3153 1134 3210 1183 et
3250 1129 3496 1184 aliorum
3538 1130 3749 1202 scripta
3790 1129 3854 1185 in

477 1224 681 1279 tabella
719 1221 881 1277 altari
922 1222 1295 1293 superposita.
1326 1220 1661 1291 Hujusmodi
1695 1219 1960 1275 tabellam
2003 1219 2315 1273 eburneam
2342 1218 2455 1273 vidi
2496 1217 2555 1273 in
2598 1217 2839 1272 Ecclesia
2865 1218 3218 1287 Bituricensi,
3248 1218 3307 1273 in
3330 1235 3443 1291 qua
3465 1219 3853 1291 archiepisco-

474 1329 677 1385 porum
708 1312 942 1366 nomina
972 1311 1356 1379 continentur,
1392 1310 1487 1363 scd
1516 1310 1683 1363 hodie
1710 1309 1899 1363 nullus
1924 1308 2071 1363 illius
2094 1324 2235 1363 usus
2265 1313 2522 1379 superest
2548 1307 2701 1378 apud
2727 1306 3026 1379 Biturigas.

545 1415 630 1467 14.
664 1411 929 1469 Recitatis
968 1410 1272 1482 diptychis,
1305 1409 1565 1463 sacerdos
1598 1410 1967 1466 Collectionem
1997 1412 2123 1478 post
2154 1410 2375 1462 nomina
2402 1406 2640 1475 dicebat,
2673 1409 2866 1477 postea
2904 1406 3058 1477 pacis
3096 1409 3350 1463 osculum
3391 1408 3586 1463 ﬁdeles
3624 1408 3731 1462 sibi
3770 1409 3858 1463 in-

470 1501 651 1555 vicem
678 1501 1119 1571 impertiebant;
1152 1505 1275 1554 tum
1302 1498 1560 1553 sacerdos
1585 1498 1857 1553 recitabat
1886 1499 2256 1556 Collectionem
2281 1497 2356 1551 ad
2368 1512 2578 1568 pacem,
2606 1512 2779 1569 quam
2808 1496 3192 1567 sequebantur
3220 1497 3547 1553 contestatio
3574 1497 3674 1566 (ita
3696 1514 3855 1570 prae-

470 1591 742 1648 fationem
770 1590 849 1644 illi
878 1590 1257 1661 appellabant)
1288 1593 1343 1644 et
1369 1604 1548 1642 canon
1580 1587 1678 1659 qui
1706 1586 2071 1643 brevissimus
2101 1590 2239 1641 erat.

548 1692 632 1742 l5.
661 1690 793 1742 Post
819 1687 1297 1742 consecrationem
1324 1686 1580 1741 sacerdos
1606 1685 1877 1740 recitabat
1900 1684 2214 1738 orationem
2248 1686 2372 1738 Post
2398 1687 2620 1745 secreta,
2650 1699 2779 1754 qua:
2795 1684 2968 1737 verba
2994 1684 3387 1739 demonstrant
3416 1685 3858 1740 consecrationis

471 1777 644 1831 verba
687 1782 900 1832 secreto
943 1794 1006 1830 ac
1049 1777 1153 1830 sub
1192 1775 1412 1829 silentio
1442 1792 1475 1829 a
1500 1774 1785 1829 sacerdote
1828 1774 2000 1828 fuisse
2037 1773 2273 1842 prolata.
2304 1774 2434 1826 Post
2474 1788 2542 1826 ea
2581 1772 2753 1826 ﬁebat
2790 1772 3094 1827 confractio
3130 1777 3186 1827 et
3224 1774 3553 1828 commixtio
3583 1775 3857 1845 Corporis

472 1865 698 1920 Christi.
735 1869 915 1937 Atque
958 1866 1188 1920 interim
1233 1866 1438 1919 chorus
1478 1865 1851 1935 antiphonam
1894 1863 2244 1931 concinebat,
2288 1878 2467 1932 eaque
2512 1860 2689 1929 ﬁnita,
2722 1861 2979 1916 sacerdos
3020 1862 3311 1917 collectam
3351 1868 3482 1917 ante
3527 1864 3857 1918 orationem

471 1953 819 2009 Dominicam
852 1954 1141 2024 recitabat,
1171 1955 1483 2009 orationem
1513 1953 1864 2008 Dominicam
1894 1952 2236 2023 sequebatur
2259 1951 2435 2005 altera
2463 1950 2694 2005 collecta
2721 1968 2754 2004 a
2779 1951 3065 2005 sacerdote
3095 1952 3482 2022 pronuntiata.

544 2059 629 2111 l6.
662 2057 803 2109 Ante
841 2054 1325 2122 communionem,
1356 2053 1676 2108 benedictio
1710 2052 1921 2124 populo
1964 2051 2420 2122 impertiebatur,
2452 2053 2508 2105 et
2552 2049 2786 2121 quidem
2826 2050 3009 2104 tribus
3053 2050 3401 2105 orationibus
3447 2052 3517 2104 ab
3560 2052 3856 2123 episcopo,

469 2145 637 2200 unica
666 2161 845 2215 eaque
872 2144 1029 2198 brevi
1064 2160 1096 2196 a
1123 2142 1367 2214 simplici
1395 2142 1702 2211 sacerdote,
1730 2142 1838 2196 hoc
1878 2140 2047 2196 modo
2081 2159 2095 2196 :
2127 2143 2266 2201 Pace,
2296 2140 2447 2209 ﬁdes,
2477 2142 2529 2194 et
2564 2141 2823 2201 Charitas,
2853 2142 2904 2194 et
2937 2142 3342 2195 communicatio
3370 2143 3608 2211 corporis
3644 2147 3696 2196 et
3720 2157 3858 2195 san-

472 2237 652 2304 guinis
678 2236 894 2289 Domini
918 2235 990 2287 sit
1014 2248 1219 2303 semper
1242 2233 1531 2287 vobiscum.

548 2337 632 2387 17.
660 2332 808 2385 Dum
834 2331 1005 2385 fiebat
1030 2330 1376 2399 communio,
1406 2334 1505 2384 aut
1543 2346 1608 2384 ea
1637 2333 1882 2401 peracta,
1912 2330 2119 2384 chorus
2147 2328 2424 2400 psallebat
2451 2328 2786 2382 Trecanum.
2815 2328 2957 2392 Quid
2994 2332 3183 2382 autem
3213 2332 3357 2382 esset
3385 2330 3706 2383 Trecanum
3737 2347 3859 2385 non

478 2422 612 2476 satis
651 2421 831 2491 capio.
863 2419 1163 2489 Triplicem
1203 2422 1434 2473 cantum
1457 2419 1607 2472 vocis
1644 2424 1700 2473 et
1729 2417 2069 2490 etymologia
2100 2416 2418 2488 signiﬁcare
2444 2416 2687 2470 videtur.
2720 2417 2781 2470 ln
2815 2417 3011 2488 regula
3046 2421 3237 2471 autem
3265 2418 3550 2472 Aureliani
3582 2420 3860 2488 prmscri-

472 2510 647 2577 bitur,
675 2513 741 2562 ut
763 2508 1046 2578 psallendo
1079 2523 1254 2561 omnes
1283 2510 1684 2563 communicent.
1719 2508 1836 2562 Erit
1858 2509 2001 2562 forte
2036 2506 2133 2578 qui
2162 2507 2475 2560 Trecanum
2511 2504 2919 2576 interpretetur
2947 2507 3268 2577 symbolum
3299 2508 3689 2578 apostolorum
3721 2525 3859 2562 san-

472 2603 577 2652 cta:
602 2596 887 2652 Trinitatis
912 2596 1084 2650 ﬁdem
1114 2596 1420 2667 explicans,
1446 2596 1599 2666 quod
1625 2595 1684 2650 in
1709 2596 1905 2650 Missali
1933 2596 2165 2667 quidem
2192 2594 2547 2649 Mozarabum
2577 2598 2704 2664 post
2730 2596 3208 2650 consecrationem
3231 2601 3361 2651 ante
3383 2597 3859 2651 communionem

472 2686 777 2740 dicendum
803 2684 1208 2756 praescribitur,
1240 2685 1297 2738 in
1325 2684 1609 2738 Gallicana
1637 2701 1768 2739 vero
1795 2684 2048 2755 Liturgia
2075 2687 2202 2754 post
2229 2682 2693 2736 communionem
2724 2683 3077 2739 recitaretur.

552 2789 635 2841 18.
662 2785 910 2839 Tandem
937 2783 1195 2838 sacerdos
1224 2783 1446 2838 dicebat
1472 2783 1788 2837 orationem
1818 2786 1943 2838 Post
1968 2784 2391 2844 Eucharistiam,
2423 2796 2595 2851 quam
2624 2782 2967 2852 sequebatur
2996 2783 3100 2836 alia
3132 2783 3380 2838 collecta.

546 2885 640 2937 Hze
666 2885 798 2937 sunt
824 2882 941 2936 fere
970 2898 1167 2936 omnes
1193 2881 1444 2952 antiquae
1472 2881 1774 2935 Gallicana:
1800 2879 2069 2951 Liturgize
2097 2882 2307 2951 partes,
2337 2894 2477 2949 quas
2510 2877 2604 2931 hic
2643 2878 2892 2933 breviter
2914 2881 2985 2933 ob
3013 2881 3202 2935 oculos
3239 2898 3449 2952 ponere
3482 2887 3538 2937 et
3566 2883 3863 2939 illustrare

471 2972 640 3028 libuit
661 2972 731 3025 ad
758 2972 1167 3042 promptiorem
1200 2971 1486 3042 sequentis
1513 2970 1699 3041 operis
1736 2968 2201 3040 intelligentiam;
2235 2969 2292 3022 in
2330 2968 2492 3038 cujus
2527 2971 2689 3038 parte
2717 2984 2819 3023 seu
2849 2969 3082 3039 epistola
3109 2971 3357 3024 secunda
3392 2972 3575 3027 multa
3610 2973 3725 3027 alia
3751 2990 3861 3028 no-

470 3067 591 3117 tatu
626 3061 960 3132 dignissima
984 3063 1315 3127 occurrunt,
1346 3076 1411 3114 ea
1450 3060 1700 3114 maxime
1729 3076 1857 3130 quzc
1898 3059 1967 3113 de
1996 3056 2437 3129 Quadragesima
2462 3060 2520 3113 et
2547 3057 2617 3112 de
2642 3057 2942 3114 traditione
2968 3059 3208 3130 symboli
3240 3061 3702 3132 competentibus
3730 3078 3866 3118 nar-

470 3156 576 3220 rat,
606 3150 663 3205 in
692 3150 901 3221 quibus
928 3149 1071 3204 ritus
1100 3150 1374 3203 hactenus
1403 3149 1583 3221 ignoti
1614 3148 2034 3220 expenduntur.

545 3251 759 3311 Verum,
776 3249 847 3303 ad
877 3249 1241 3319 antiquorum
1270 3248 1487 3302 rituum
1514 3246 1918 3318 cognitionem,
1951 3262 2123 3317 quam
2156 3262 2222 3301 ex
2248 3245 2506 3317 sequenti
2535 3261 2703 3316 opere
2742 3246 3070 3317 accipimus,
3104 3248 3242 3303 illud
3267 3249 3502 3318 accedit,
3531 3254 3590 3304 et
3615 3253 3864 3322 quidem

472 3340 643 3409 longe
669 3338 899 3407 majoris
924 3337 1220 3405 momenti,
1245 3338 1396 3408 quod
1425 3338 1536 3391 duo
1562 3336 1853 3407 praecipua
1880 3335 2140 3389 Ecclesiae
2176 3336 2468 3389 catholicae
2496 3336 2763 3406 dogmata
2789 3336 2857 3391 de
2884 3337 3236 3392 Eucharistia
3259 3338 3319 3393 in
3346 3354 3411 3393 ea
3438 3339 3588 3394 clare
3615 3342 3867 3397 omnino

473 3431 825 3483 asseruntur.
856 3427 1566 3481 Transsubstantiationem
1611 3425 1758 3493 dico,
1789 3428 1845 3478 et
1880 3426 2088 3479 realem
2127 3425 2331 3481 Christi
2366 3426 2469 3480 sub
2498 3424 2794 3497 speciebus
2836 3427 2997 3497 panis
3035 3432 3092 3481 et
3117 3428 3231 3482 vini
3274 3430 3644 3499 praesentiam
3677 3448 3691 3485 :
3726 3449 3869 3503 quae.

473 3518 587 3572 duo
615 3515 929 3587 praesertim
966 3515 1311 3587 impugnant
1339 3515 1505 3569 hodie
1535 3513 1885 3567 heterodoxi.
1918 3514 2173 3568 Primum
2215 3515 2361 3569 clare
2388 3514 2718 3568 enuntiatur
2745 3514 2834 3569 his
2860 3516 3043 3569 verbis
3072 3534 3086 3571 :
3118 3519 3285 3571 Panis
3311 3533 3436 3571 vero
3470 3520 3531 3571 in
3554 3534 3783 3589 corpore
3811 3524 3871 3574 et

473 3609 660 3661 vinum
699 3608 1127 3674 transformatur
1166 3610 1224 3661 in
1263 3607 1546 3675 sanguine,
1576 3604 1782 3657 dicente
1821 3607 2042 3659 Domino
2078 3606 2145 3659 de
2177 3621 2393 3675 corpore
2432 3620 2527 3659 suo
2556 3623 2572 3657 :
2604 3607 2741 3661 Caro
2778 3620 2899 3660 mea
2926 3622 3046 3661 vere
3072 3611 3150 3661 est
3177 3607 3341 3669 cibus,
3370 3611 3421 3661 et
3446 3611 3679 3677 sanguis
3709 3625 3869 3663 meus

473 3713 594 3751 vere
617 3700 694 3752 est
714 3702 892 3767 potus.
921 3697 1177 3752 Alterum
1206 3713 1335 3750 cum
1364 3694 1443 3748 ait
1472 3711 1485 3747 :
1518 3696 1839 3763 Antiquitas
1863 3697 2064 3749 sanctis
2093 3696 2348 3750 Patribus
2373 3696 2506 3763 fuit,
2536 3699 2598 3749 ut
2624 3695 2754 3749 dum
2782 3696 3027 3750 sacerdos
3052 3697 3372 3751 oblationem
3398 3698 3690 3767 frangeret
3712 3700 3871 3752 vide-

475 3789 638 3842 batur
662 3789 823 3856 quasi
862 3787 1085 3856 angelus
1123 3789 1221 3841 Dei
1261 3783 1500 3838 membra
1536 3783 1801 3851 fulgentis
1837 3786 2000 3854 pueri
2037 3785 2207 3839 cultro
2247 3784 2536 3846 concidere,
2565 3788 2617 3839 et
2657 3787 2975 3854 sanguinem
3012 3785 3122 3854 ejus
3170 3788 3228 3839 in
3273 3787 3493 3842 calicem
3535 3789 3867 3858 excipiendo

472 3878 738 3946 colligere,
770 3880 831 3930 ut
852 3878 1094 3931 veracius
1119 3876 1316 3930 diceret
1340 3872 1561 3926 verbum
1587 3873 1793 3928 dicente
1821 3873 2056 3936 domino,
2088 3889 2302 3927 carnem
2334 3873 2446 3942 ejus
2472 3888 2578 3928 esse
2605 3873 2779 3927 cibum
2805 3878 2858 3928 et
2881 3876 3197 3943 sanguinem
3222 3890 3329 3929 esse
3346 3879 3560 3945 potum.

544 3974 846 4045 Reliquum
873 3978 959 4028 est
980 3978 1047 4028 ut
1072 3973 1139 4027 de
1164 3972 1392 4024 auctore
1418 3970 1590 4040 hujus
1620 3971 1806 4042 operis
1836 3976 1893 4025 et
1922 3970 1991 4025 de
2018 3975 2276 4041 tempore
2303 3987 2416 4042 quo
2440 3970 2715 4041 scriptum
2737 3970 2808 4025 sit
2829 3971 3077 4026 breviter
3102 3971 3473 4043 inquiramus.
3498 3973 3576 4027 De
3596 3978 3866 4043 auctore,

475 4080 604 4118 cum
631 4079 842 4117 nomen
872 4062 992 4133 ejus
1019 4076 1134 4115 non
1160 4058 1427 4130 prmferat
1444 4063 1601 4113 vetus
1624 4060 1809 4114 Codex
1836 4061 2013 4114 sancti
2045 4058 2263 4115 Martini
2291 4060 2838 4131 Augustodunensis,
2858 4076 2928 4115 ex
2953 4078 3066 4131 quo
3094 4060 3229 4115 illud
3251 4061 3686 4133 descripsimus,
3710 4064 3870 4119 nihil

475 4156 627 4208 certo
658 4152 893 4207 deﬁnire
935 4163 1263 4221 possumus;
1311 4147 1666 4217 conjecturas
1704 4151 1927 4202 tantum
1965 4150 2189 4204 damus.
2239 4148 2402 4203 initio
2443 4149 2565 4203 haec
2606 4149 2921 4219 leguntur:
2954 4149 3250 4206 Germanus
3287 4152 3563 4221 episcopus
3604 4155 3872 4210 Parisius

471 4243 686 4311 scripsit
710 4242 775 4296 de
811 4242 997 4294 missa.
1031 4236 1213 4309 Igitur
1238 4239 1338 4290 aut
1365 4236 1629 4290 Germani
1666 4237 1845 4291 fetum
1887 4238 1979 4292 hic
2009 4253 2128 4291 esse
2159 4237 2570 4305 existimamus,
2599 4242 2698 4292 aut
2721 4238 3041 4309 prolixioris
3068 4240 3191 4310 ejus
3214 4239 3400 4310 operis
3428 4240 3754 4313 epitomen,
3789 4244 3867 4297 ab

474 4332 665 4403 aliquo
694 4330 815 4400 ejus
842 4324 1121 4395 discipulo
1144 4324 1521 4396 conscriptam
1550 4330 1609 4379 et
1636 4325 1781 4381 forte
1809 4330 1869 4382 in
1898 4326 2162 4382 Eduensi
2188 4326 2363 4380 sancti
2390 4326 2785 4407 Symphoriani
2820 4327 3093 4398 coenobio,
3120 4328 3218 4383 ubi
3245 4329 3339 4383 ille
3367 4328 3544 4383 vitam
3573 4333 3865 4388 monasti-

474 4437 600 4476 cam
628 4416 1018 4491 profitebatur,
1046 4412 1381 4483 priusquam
1413 4414 1483 4469 ad
1510 4414 1712 4469 infulas
1742 4416 1990 4471 ecclesiae
2018 4415 2345 4471 Parisiensis
2372 4415 2726 4471 eveheretur.

546 4521 623 4574 De
653 4521 908 4586 tempore
950 4527 1063 4581 quo
1103 4511 1311 4581 scripta
1349 4512 1521 4568 fuerit
1562 4530 1802 4585 sequens
1836 4516 2021 4571 missae
2063 4515 2361 4570 Gallicana:
2404 4514 2707 4585 Expositio,
2739 4516 2852 4570 duo
2894 4516 3033 4571 mihi
3079 4521 3231 4572 certo
3266 4520 3527 4571 constare
3563 4518 3867 4589 videntur,

475 4609 727 4681 primum
754 4604 879 4673 post
903 4603 1258 4669 assumptum
1287 4601 1356 4656 ad
1376 4601 1568 4656 sedem
1588 4604 1960 4659 Parisiensem
1988 4605 2365 4671 Germanum;
2393 4602 2636 4656 alterum
2656 4606 2787 4657 ante
2816 4605 3147 4676 abrogatam
3175 4607 3234 4660 in
3264 4606 3564 4661 Gallicanis
3590 4608 3869 4663 Ecclesiis

473 4697 768 4766 antiquam
796 4692 1023 4759 patrum
1059 4692 1384 4745 nostrorum
1414 4691 1749 4763 Liturgiam,
1782 4711 1911 4765 quae
1939 4693 2128 4747 statim
2159 4695 2287 4764 post
2312 4691 2607 4745 inductam
2644 4692 2766 4763 ejus
2794 4693 2916 4747 loco
2946 4694 3178 4749 missam
3204 4697 3525 4750 Romanam
3551 4712 3673 4751 non
3703 4713 3872 4752 com-

474 4783 667 4857 paruit
691 4778 958 4847 scriptam
988 4777 1159 4834 fuisse
1190 4796 1202 4833 :
1231 4780 1289 4834 id
1323 4784 1516 4835 autem
1556 4782 1770 4838 factum
1795 4801 1829 4837 a
1854 4783 2048 4838 Carolo
2089 4782 2308 4852 Magno,
2338 4780 2602 4835 hortante
2638 4782 2882 4836 Adriano
2907 4800 3072 4854 papa,
3100 4785 3272 4854 vulgo
3298 4784 3505 4839 docent
3528 4786 3633 4856 qui
3669 4786 3743 4842 de
3774 4788 3869 4842 his

475 4875 644 4929 rebus
669 4865 982 4922 accuratius
1009 4868 1376 4939 scripserunt,
1410 4870 1517 4924 hoc
1544 4876 1631 4926 est
1664 4874 1768 4927 sub
1806 4874 1979 4928 ﬁnem
2009 4870 2198 4926 saeculi
2228 4885 2345 4923 Vlll.
2375 4870 2583 4923 Verum
2612 4873 2675 4924 ut
2702 4869 2772 4923 ad
2812 4871 3075 4926 Germani
3112 4873 3359 4945 episcopi
3398 4879 3668 4945 tempora
3708 4876 3867 4933 hanc

475 4957 840 5029 scriptionem
869 4955 1132 5025 referam,
1162 4958 1303 5013 illud
1331 4959 1484 5030 facit,
1519 4962 1671 5032 quod
1718 4966 1849 5034 post
1872 4963 2042 5016 lectas
2083 4962 2407 5014 sanctorum
2450 4959 2680 5013 Patrum
2719 4958 3002 5029 homilias,
3032 4961 3278 5017 declarat
3313 4980 3515 5034 preces
3538 4980 3572 5016 a
3609 4963 3866 5021 diacono

475 5060 647 5118 super
674 5041 1109 5099 catechumenos
1133 5046 1305 5101 factas
1329 5051 1459 5103 ante
1486 5065 1683 5104 eorum
1712 5055 1768 5105 et
1796 5050 2111 5105 inﬁdelium
2132 5049 2200 5103 de
2221 5048 2451 5102 ecclesia
2472 5046 2826 5116 ejectionem,
2848 5047 2943 5118 qui
2978 5048 3120 5103 ritus
3145 5050 3237 5105 vix
3274 5053 3545 5106 Germani
3586 5056 3865 5127 tempora

474 5132 685 5203 attigit.
714 5131 1065 5202 QuaprOpter
1091 5135 1284 5189 saltem
1312 5138 1500 5192 medio
1526 5140 1730 5193 διιδεωο
1759 5156 1813 5193 VI
1839 5155 1979 5209 opus
2004 5153 2244 5209 sequens
2271 5135 2740 5205 scriptum‘fuisse
2771 5135 3181 5208 existimamus,
3213 5140 3375 5210 cujus
3405 5141 3496 5197 vel
3524 5142 3866 5203 inconditus

476 5218 755 5277 scribendi
790 5220 990 5276 modus
1020 5224 1075 5276 et
1121 5223 1375 5282 barbarae
1416 5244 1581 5282 voces
1616 5228 2013 5299 antiquitatem
2054 5228 2470 5292 demonstrant;
2504 5225 2651 5280 unde
2681 5229 2737 5280 et
2764 5223 2963 5295 religio
2998 5227 3160 5281 nobis
3185 5229 3293 5283 fuit
3326 5231 3651 5304 quidquam
3687 5235 3750 5291 in
3782 5239 3864 5293 eis

477 5324 781 5380 corrigere.
