4020 6232
459 389 517 454 9i
1468 411 1697 468 SANCTI
1734 411 2031 466 GERMANI
2072 410 2091 463 ι

2198 408 2476 466 .lSlENSlS
2514 408 2807 465 EPISCOPI
3757 408 3835 460 92

455 504 561 565 bus
587 523 807 606 eorum,
838 513 900 569 ut
926 513 1166 589 populus
1200 515 1480 590 intellegit
1519 522 1797 591 quantum
1835 519 2089 576 Christus
2110 528 2168 606 Α
2188 520 2305 576 sola
2330 518 2727 592 praedicatione
2758 520 3070 591 ponuntur,
3106 517 3171 571 ut
3211 511 3479 588 quicquid
3518 512 3833 587 propheta,

456 604 729 659 amaverit
754 604 1052 680 famulum,
1082 610 1219 666 dans
1245 611 1297 666 ei
1320 612 1544 668 virtutis
1585 612 1878 681 indicium,
1909 629 2081 686 quem

456 695 656 754 devota
691 698 967 773 plebicula
995 720 1162 760 suum
1190 705 1429 777 postolat
1454 710 1779 778 patronum.

1053 821 1138 875 DE
1186 821 1491 879 HYMNUM.

526 925 812 996 Dymnum
830 932 1020 983 autem
1035 930 1208 985 trium
1222 947 1553 1005 puerorum,
1576 933 1725 1005 quod
1754 937 1880 1005 post
1898 933 2086 990 lectio-

452 1018 543 1073 nis
566 1024 798 1075 canetur
826 1023 881 1076 in
904 1022 1089 1093 ﬁgura
1114 1031 1437 1083 sanctorum
1464 1030 1741 1097 veterum,
1759 1027 1859 1099 qui
1882 1028 2084 1084 seden-

453 1116 536 1167 tes
562 1112 622 1167 in
648 1114 893 1169 tenebris
923 1116 1233 1174 adventum
1260 1120 1484 1175 Domini
1514 1121 1902 1191 expectabant.
1932 1123 2087 1178 Sicut

455 1205 607 1260 enim
622 1206 730 1260 illis
755 1207 1049 1265 silentibus
1071 1218 1306 1283 quartus
1330 1214 1569 1285 angelus
1593 1214 1774 1268 adfuit
1794 1214 1852 1268 in
1873 1215 2086 1270 nubem

453 1297 616 1367 roris,
642 1298 890 1355 inferens
916 1303 1064 1374 ignis
1090 1304 1348 1360 incendia
1376 1307 1508 1361 vicit
1539 1324 1552 1361 :
1581 1306 1659 1361 ita
1695 1311 1751 1363 et
1780 1308 1896 1375 istis
1920 1309 2081 1363 Chri-

453 1393 538 1445 sto
562 1393 1016 1462 praestolantibus
1040 1396 1160 1468 ipse
1188 1399 1286 1453 Dei
1316 1399 1485 1454 Filius
1508 1400 1702 1471 magni
1728 1401 1945 1455 consilii
1967 1402 2083 1456 An-

455 1483 614 1555 gelus
639 1486 837 1555 adfuit,
860 1488 957 1558 qui
980 1490 1208 1545 tarlaria
1228 1492 1498 1563 frangens
1526 1493 1782 1564 imperia,
1815 1494 2086 1565 gaudium

452 1579 879 1633 resurrectionis
905 1581 1032 1636 illos
1049 1583 1291 1639 liberans
1316 1586 1529 1653 intulit,
1559 1587 1707 1659 quod
1736 1588 2088 1659 Evangelista

455 1670 633 1724 docet.
664 1671 983 1729 Secundum
1009 1676 1115 1730 hoc
1142 1678 1312 1732 etiam
1338 1680 1570 1735 ecclesia
1598 1686 1779 1735 servat
1804 1682 2083 1751 ordinem,

453 1766 520 1817 ut
544 1762 691 1819 inter
716 1765 1165 1824 benedictionem
1188 1774 1245 1825 et
1270 1772 1637 1843 Evangelium
1665 1774 1827 1829 lectio
1856 1774 2089 1829 interce-

456 1854 549 1910 dat
575 1857 682 1913 nisi
709 1861 929 1914 tantum
949 1863 1116 1916 modo
1144 1865 1587 1937 responsorium,
1611 1868 1765 1938 quod
1790 1885 1822 1922 a
1850 1868 2089 1938 parvolis

456 1952 707 2019 canetur,
742 1951 916 2007 instar
927 1954 1295 2011 innocentum
1323 1958 1420 2030 qui
1440 1960 1618 2029 pressi
1642 1960 1701 2014 in
1724 1960 2091 2031 Evangelium

456 2044 726 2097 consortis
768 2046 972 2100 Christi
1008 2048 1358 2105 nativitatem
1415 2051 1703 2123 leguntur,
1760 2054 1845 2108 vel
1892 2071 2090 2108 eorum

454 2137 812 2206 parvolorum
858 2140 953 2210 qui
998 2146 1336 2212 properante
1372 2145 1443 2199 ad
1483 2146 1802 2215 passionem
1843 2148 2086 2218 Domini,

454 2228 771 2284 clamabant
794 2230 854 2286 in
883 2235 1160 2305 templum
1192 2238 1409 2292 Osanna
1435 2239 1544 2293 Fili
1570 2240 1767 2309 David,
1801 2240 2091 2295 Ps‘almista

454 2327 688 2383 canente
715 2339 781 2379 em
804 2341 892 2381 ore
916 2329 1215 2395 infantium
1245 2335 1296 2384 et
1323 2332 1635 2387 laetantium
1656 2335 1940 2403 perfecisii
1965 2336 2087 2389 lau-

454 2414 574 2471 dem
604 2416 713 2487 (Ps.
746 2434 862 2487 vni,
901 2422 974 2491 3).

770 2535 856 2588 DE
894 2537 1048 2591 AlUS
1103 2538 1280 2593 ANTE
1322 2541 1776 2597 EVANGELIUM.

529 2640 681 2692 Tunc
695 2639 751 2693 in
774 2641 1019 2697 adventu
1036 2646 1207 2700 sancti
1225 2647 1514 2718 Evangelii
1534 2648 1685 2703 claro
1706 2650 2091 2709 modulamine

459 2730 643 2786 denuo
675 2734 873 2803 psallet
914 2736 1097 2791 clerus
1135 2740 1269 2794 Aius
1297 2740 1354 2794 in
1391 2742 1575 2812 specie
1598 2744 1932 2815 angelorum
1961 2748 2092 2800 ante

456 2823 655 2879 faciem
691 2828 897 2883 Christi
930 2830 999 2884 ad
1032 2835 1222 2901 portas
1253 2833 1423 2889 inferi
1451 2835 1818 2891 clamantium
1853 2855 1866 2892 :
1905 2839 2094 2894 Tollite

450 2922 641 2986 portas
658 2922 934 2992 principes
956 2929 1181 2988 vestras,
1214 2932 1264 2981 ei
1294 2928 1581 2983 elevamini
1602 2935 1776 3000 porta:
1795 2933 2092 2995 (eternales,

457 3014 508 3065 et
536 3013 780 3069 introibit
804 3019 1059 3073 Dominus
1082 3022 1346 3075 virtutum
1374 3038 1472 3076 rea:
1496 3024 1681 3093 gloriae
1712 3025 1818 3093 (,Ps.
1837 3040 1992 3094 xxm,
2017 3026 2090 3094 7).

1000 3135 1090 3189 DE
1141 3137 1543 3193 EVANGELIO.

529 3239 833 3309 Egreditur
849 3242 1125 3311 processio
1147 3244 1323 3299 sancti
1339 3245 1627 3317 Evangelii
1665 3247 1817 3301 velut
1842 3245 2093 3316 potentia

455 3329 664 3385 Christi
690 3333 1095 3405 triumphantis
1123 3336 1192 3391 de
1219 3340 1422 3408 morte,
1446 3355 1576 3393 cum
1604 3339 1889 3410 praedictis
1912 3355 2094 3393 armo-

457 3423 585 3493 niis,
614 3428 672 3479 et
711 3443 853 3485 cum.
884 3432 1098 3499 septem
1139 3431 1483 3486 candelabris
1528 3433 1761 3487 luminis
1801 3449 1929 3503 quae
1965 3436 2097 3488 sunt

459 3519 677 3588 septem
702 3519 847 3574 dona
875 3521 1111 3592 Spiritus
1140 3525 1315 3579 sancti
1344 3525 1428 3579 vel
1458 3542 1510 3580 ν.
1540 3526 1683 3596 legis
1724 3525 1942 3580 lumina
1967 3542 2093 3597 my-

462 3610 635 3665 sterio
664 3614 845 3669 crucis
863 3615 1098 3686 conﬁxa,
1121 3620 1425 3674 ascendens
1446 3619 1504 3672 in
1528 3619 1771 3673 tribunal
1788 3619 2031 3689 analogii
2047 3619 2093 3689 ⁸,

460 3705 613 3760 velut
639 3707 894 3763 Christus
919 3710 1111 3765 sedem
1138 3712 1302 3783 regni
1328 3714 1600 3783 paternae,
1635 3716 1697 3765 ut
1723 3712 1854 3767 inde
1893 3712 2098 3766 intonit

461 3798 607 3854 dona
630 3800 777 3872 vitae,
800 3803 1172 3859 clamantibus
1192 3805 1405 3860 clericis
1427 3806 1613 3863 Gloria
1635 3806 1754 3870 tibi,
1776 3809 2016 3870 Domine,
2037 3806 2096 3861 in

458 3894 640 3964 specie
660 3897 993 3967 angelorum
1007 3899 1379 3970 quinascente
1400 3898 1638 3953 Domino
1656 3900 1840 3957 Gloria
1860 3903 1915 3955 in
1933 3900 2098 3955 catacl-

458 3990 531 4042 sis
550 3991 654 4044 Deo
669 3988 810 4059 (Luc.
827 3992 977 4063 11,”)
991 3992 1312 4063 pastoribus
1330 3993 1733 4063 apparentibus
1748 3993 2093 4049 cecinerunt.

709 4110 796 4165 DE
834 4112 1129 4167 SANCTUS
1180 4112 1345 4167 POST
1385 4113 1842 4169 EVANGELIUM.

532 4217 764 4272 Sanctus
807 4222 999 4274 autem
1036 4219 1187 4291 quod
1233 4218 1508 4273 redeunte
1558 4223 1748 4275 sancto
1791 4212 2097 4292 Evangelio

460 4310 641 4365 clerus
691 4316 897 4383 cantat,
940 4313 999 4366 in
1047 4311 1231 4382 specie
1294 4316 1638 4383 sanctorum,
1684 4314 1779 4386 qui
1824 4314 2097 4369 redeunte

461 4403 697 4459 Domino
724 4406 854 4461 Jesu
879 4405 1100 4461 Christo
1126 4404 1195 4459 de
1224 4405 1417 4460 inferis
1445 4406 1725 4461 canticum
1770 4407 1950 4463 laudis
1986 4408 2095 4462 Do-

461 4498 681 4553 minum
708 4498 994 4569 sequentis
1022 4502 1407 4569 cantaverunt,
1440 4500 1526 4553 vel
1569 4501 1925 4572 septuaginta
1955 4517 2094 4572 qua-

457 4594 588 4646 tuor
612 4591 898 4647 seniorum
941 4607 1081 4661 quos
1122 4590 1183 4644 in
1218 4592 1591 4664 Apocalypsin
1635 4594 1915 4650 Johannes
1950 4611 2098 4649 com-

460 4688 758 4752 memorat,
795 4683 894 4755 qui
938 4684 1227 4740 mittentes
1267 4702 1498 4741 coronas
1538 4704 1665 4742 suas
1712 4692 1843 4743 ante
1870 4690 2094 4760 Agnum
2115 4657 2174 4728 D

460 4779 621 4836 dulce
646 4777 929 4833 canticum
957 4782 1345 4835 cantaverunt.

1056 4900 1141 4955 DE
1182 4901 1495 4960 OMELIAS.

530 5004 811 5062 Homelias
845 5009 1036 5060 autem
1082 5010 1408 5062 sanctorum
1446 5024 1575 5079 quas
1616 5009 1888 5082 leguntur
1913 5010 1940 5051 δ
1994 5026 2096 5082 pro

533 5160 557 5189 ⁸
587 5158 928 5234 Analogium
948 5157 1333 5234 diciturlocus
1358 5161 1504 5234 altus
1525 5179 1693 5234 supra
1718 5162 1976 5231 chorum,
2000 5164 2097 5218 ubi

463 5235 612 5305 stant
635 5230 995 5305 libri‘sanctaz
1026 5230 1459 5305 praedicationis,
1488 5230 1677 5305 inquit
1699 5236 1896 5305 Petrus
1923 5230 2097 5289 Bche-

459 5302 578 5376 ri_u_s
598 5317 611 5356 :
630 5301 721 5376 cui
750 5301 898 5376 favet
923 5304 1146 5376 sanctus
1170 5302 1410 5358 Isidorus
1434 5305 1533 5359 lib.
1557 5301 1624 5359 iv
1644 5304 1865 5375 Origin.
1893 5322 2015 5376 cap.
2040 5306 2092 5360 4.

461 5373 565 5446 Alii
589 5372 923 5446 analogiam
945 5371 1393 5444 interpretantur
1416 5376 1722 5446 pulpitum.

531 5445 559 5484 δ
586 5444 725 5498 Hinc
758 5443 987 5514 colliges
1019 5443 1271 5515 pastores
1310 5443 1444 5500 olim
1491 5443 1643 5499 intra
1685 5445 1987 5500 missarum
2015 5463 2098 5501 so-

460 5514 672 5587 lemnia
696 5514 1067 5587 nongsempér
1092 5533 1380 5587 perorasse
1424 5517 1493 5570 ad
1542 5517 1838 5586 populum,
1872 5518 1970 5572 sed
2000 5536 2095 5572 eos

499 5586 561 5640 ui
585 5584 1161 5655 impeditioris‘erant
1198 5588 1413 5659 linguae
1461 5584 1560 5640 aut
1603 5584 1848 5642 inﬁrmze
1876 5590 2092 5643 valetu-

460 5603 629 5711 ginis.
658 5656 916 5711 homilias
942 5663 1264 5711 sanctorum
1303 5660 1553 5711 Patrum.
1581 5664 1680 5711 aut
1715 5675 1748 5711 a
1777 5676 1833 5711 se
1860 5677 2092 5711 comno-

501 5655 634 5731 inis,
658 5656 916 5731 homilias
942 5663 1278 5731 sanctorum
1289 5655 1557 5731 Patrum,
1581 5664 1680 5713 aut
1704 5675 1748 5731 Aa
1777 5676 1833 5714 se
1860 5677 2093 5731 compo-

462 5727 594 5798 sitas
620 5726 821 5798 legisse
862 5732 960 5783 aut
997 5729 1067 5781 ab
1102 5728 1226 5781 aliis
1266 5728 1375 5797 legi
1419 5728 1669 5798 jussisse.
1704 5729 1781 5783 lta
1824 5726 2098 5785 Cazsarius

463 5797 801 5872 Arelatensis
839 5800 1094 5867 antistes,
1124 5814 1255 5851 cum
1295 5797 1530 5869 propter
1560 5800 1941 5872 valetudinem
1974 5802 2096 5872 jam

462 5868 777 5943 concionari
806 5886 909 5939 per
934 5885 992 5924 se
1029 5885 1144 5922 non
1184 5874 1368 5943 posset
1386 5868 1419 5938 ;’
1456 5887 1489 5924 a
1525 5871 1903 5926 sacerdotibus
1926 5868 2096 5943 atque

464 5939 711 5993 diaconis
755 5955 1043 5995 sermones
1072 5939 1353 6013 proprios,
1382 5944 1480 5996 aut
1509 5946 1829 6000 sanctorum
1868 5939 2099 6000 Ambro-

2184 613 2500 685 Apostolus,
2531 612 2618 669 vel
2648 611 3016 684 Evangelium
3041 608 3348 679 mandavit,
3377 608 3483 664 hoc
3510 608 3709 664 doctor
3736 607 3836 663 vel

2184 711 2374 781 pastor
2400 705 2655 761 Ecclesia:
2687 705 2955 777 apertiori
2993 720 3254 762 sermone
3289 701 3502 778 populo
3529 702 3835 773 praedicet,

2184 801 2261 857 ita
2285 805 2403 856 arte
2430 804 2774 871 temperans,
2807 803 2872 854 ut
2894 814 2997 854 nec
3018 797 3300 852 rusticitas
3330 797 3609 868 sapientes
3636 795 3833 851 offen-

2184 894 2297 965 dat,
2326 910 2429 951 ncc
2456 878 2649 950 oneSta
2674 892 2980 967 loquacitas
3007 892 3243 950 obscura
3268 889 3492 949 rusticis
3521 890 3636 947 ﬁat.

2809 1012 2896 1065 DE
2942 1010 3181 1066 PRECE.

2245 1118 2442 1173 Preces
2469 1134 2598 1174 vero
2616 1118 2852 1191 psallere
2876 1119 3069 1175 levitas
3089 1135 3191 1190 pro
3218 1118 3743 1190 populoaborigine
3764 1119 3836 1175 1i-

2183 1211 2300 1266 bris
2320 1213 2581 1283 Moysacis
2599 1213 2753 1267 ducit
2767 1212 3084 1281 exordium,
3109 1215 3171 1267 ut
3189 1212 3379 1267 audita
3396 1212 3662 1283 apostolis
3682 1230 3838 1284 prae-

2186 1304 2481 1376 dicatione,
2508 1305 2689 1361 levitas
2719 1323 2823 1377 pro
2850 1307 3060 1378 populo
3088 1306 3480 1376 deprecentur,
3500 1310 3557 1361 et
3573 1308 3836 1361 sacerdo-

2185 1402 2267 1453 tes
2285 1399 2547 1469 prostrati
2572 1404 2702 1454 ante
2728 1400 3032 1455 Dominum
3054 1417 3156 1471 pro
3183 1402 3409 1471 peccata
3436 1400 3632 1471 populi
3654 1400 3837 1455 inter-

2185 1492 2404 1561 cedant,
2423 1492 2643 1548 dicente
2664 1493 2897 1553 Domino
2913 1494 2985 1548 ad
3002 1496 3185 1548 Aaron
3205 1510 3218 1548 :
3244 1497 3323 1548 Tu
3341 1497 3392 1548 ei
3406 1495 3509 1562 ﬁlii
3525 1496 3608 1548 tui
3625 1495 3711 1548 vel
3722 1510 3837 1548 om-

2185 1588 2268 1639 nis
2281 1586 2451 1640 tribus
2467 1588 2892 1656 Leviportabitis
2907 1592 3129 1658 peccata
3140 1588 3337 1658 populi
3354 1589 3477 1650 mei,
3496 1586 3697 1657 utique
3711 1602 3833 1641 non

2186 1679 2478 1749 ptenaliter
2506 1679 2870 1749 sustinendo;
2901 1680 3015 1735 suis
3043 1681 3141 1736 sed
3172 1679 3432 1751 precibus
3459 1679 3831 1735 sublevando.

2716 1791 2802 1845 DE
2855 1790 3286 1846 CATICL’MINO.

2109 1914 2165 1985 B
2257 1886 2668 1985 Caticuminum
2712 1905 2849 1959 ergo
2902 1889 3168 1943 diaconus
3218 1889 3346 1985 ideo
3376 1888 3608 1985 ‘clamat
3640 1888 3833 1985 juxta

2188 1980 2437 2035 anticum
2469 1981 2719 2036 ecclesiae
2749 1982 2943 2052 ritum,
2975 1985 3041 2036 ut
3072 1986 3188 2036 tam
3210 1982 3411 2052 Judaei,
3443 1999 3614 2054 quam
3639 1982 3834 2037 haere-

2190 2073 2303 2143 tici,
2332 2075 2417 2128 vel
2445 2075 2651 2145 pagani
2680 2075 2962 2143 instructi,
2991 2075 3089 2146 qui
3119 2075 3345 2147 grandis
3383 2076 3452 2129 ad
3481 2074 3839 2146 baptismum

2189 2166 2506 2237 veniebant,
2538 2172 2594 2222 et
2636 2172 2765 2222 ante
2793 2168 3138 2239 baptismum
3163 2168 3476 2239 probantur
3513 2172 3727 2223 starent
3773 2168 3837 2223 in

2190 2260 2439 2330 ecclesia,
2468 2264 2525 2315 et
2547 2262 2807 2316 audirent
2835 2261 3135 2316 consilium
3165 2262 3380 2316 Veteris
3409 2265 3465 2316 et
3484 2261 3620 2315 Novi
3646 2263 3841 2316 Testa-

2191 2354 2389 2423 menti,
2420 2357 2618 2425 postea
2668 2355 3039 2425 deprccarent
3076 2372 3179 2427 pro
3214 2355 3336 2409 illos
3383 2354 3587 2424 levitas,
3617 2354 3842 2409 diceret

2192 2447 2447 2501 sacerdos
2478 2448 2727 2517 collecta,
2776 2452 2903 2519 post
2939 2465 3103 2519 prece
3138 2448 3378 2517 exirent,
3428 2453 3621 2519 postea
3672 2447 3838 2517 foris,

2191 2540 2290 2610 qui
2315 2540 2474 2612 digni
2500 2557 2615 2595 non
2657 2546 2819 2595 erant
2863 2545 3031 2611 stare,
3060 2542 3196 2596 dum
3224 2540 3573 2596 inferebatur
3600 2541 3840 2612 oblatio,

2192 2635 2248 2686 et
2272 2632 2419 2688 foras
2444 2637 2574 2688 ante
2598 2634 2808 2688 ostium
2826 2634 3206 2689 abscultarent
3231 2634 3497 2707 prostrati
3523 2634 3595 2688 ad
3618 2639 3839 2689 terram

2194 2726 2476 2797 magnalia
2509 2743 2521 2780 :
2550 2744 2676 2798 quia
2703 2744 2837 2781 cura
2862 2728 2932 2783 ad
2971 2728 3274 2782 diaconum
3319 2728 3403 2782 vel
3428 2728 3499 2781 ad
3528 2726 3842 2782 ostiarium

2198 2819 2530 2890 pertinebat,
2564 2826 2623 2875 ut
2650 2820 2760 2874 illis
2797 2821 3128 2876 admoneret
3162 2822 3336 2891 exire,
3377 2821 3482 2875 iste
3511 2820 3843 2892 provideret

2197 2929 2268 2966 ne
2299 2912 2423 2984 quis
2449 2913 2716 2983 indignus
2742 2914 3128 2969 retardaretur
3151 2914 3212 2968 in
3238 2915 3450 2986 templo
3475 2914 3714 2969 dicendo
3738 2931 3843 2968 no-

2197 3006 2295 3060 lite
2323 3005 2455 3061 dare
2472 3007 2741 3061 Sanctum
2765 3008 3015 3077 canibus,
3037 3024 3222 3079 neque
3238 3007 3473 3062 mittatis
3493 3007 3841 3079 margaritas

2198 3104 2408 3155 vestras
2433 3104 2564 3155 ante
2590 3117 2808 3171 porcos.
2831 3101 2973 3165 Quid
2998 3101 3150 3156 enim
3172 3102 3233 3155 in
3256 3105 3408 3155 terra
3434 3100 3681 3155 sanctius
3707 3116 3847 3154 con-

2198 3193 2435 3248 fectione
2462 3194 2712 3265 corporis
2743 3198 2799 3249 et
2835 3195 3127 3267 sanguinis
3162 3194 3413 3249 Christi?
3453 3198 3509 3248 et
3543 3193 3681 3265 quid
3709 3193 3845 3265 plus

2113 3285 2166 3356 C
2194 3286 2555 3342 immundum
2582 3287 2733 3342 canis
2755 3293 2811 3343 et
2836 3288 3037 3359 porci?
3085 3287 3466 3342 Similitudine
3491 3302 3842 3359 comparan-

2195 3380 2331 3435 dum
2361 3398 2446 3450 eo,
2478 3381 2566 3434 vel
2590 3381 2686 3452 qui
2717 3378 2832 3435 non
2861 3385 2944 3437 est
2969 3383 3245 3453 purgatus
3271 3381 3572 3452 baptismo,
3604 3380 3693 3435 vel
3719 3396 3846 3434 non

2195 3474 2443 3528 monitus
2469 3474 2649 3528 crucis
2680 3474 3059 3543 signaculum.

2266 3566 2605 3637 Spiritaliter
2624 3568 2898 3639 jubemur
2932 3568 3221 3623 silentium
3259 3568 3442 3622 facere
3477 3568 3845 3623 observantes

2196 3660 2266 3715 ad
2296 3659 2525 3730 ostium,
2560 3661 2616 3714 id
2637 3664 2721 3715 est
2748 3666 2810 3716 ut
2836 3661 3070 3716 tacentis
3089 3679 3120 3715 a
3146 3661 3397 3715 tumultu
3423 3661 3727 3715 verborum
3743 3663 3837 3717 vel

2197 3752 2463 3807 vitiorum
2509 3753 2737 3824 signum
2769 3754 2950 3808 crucis
2994 3771 3272 3826 ponamus
3323 3759 3453 3808 ante
3494 3754 3697 3809 faciem
3729 3772 3840 3809 no-

2199 3852 2392 3916 stram,
2420 3863 2492 3901 ne
2537 3847 2707 3902 intret
2750 3847 3208 3919 concupiscentia
3252 3864 3353 3918 per
3398 3848 3590 3917 oculis,
3621 3848 3707 3902 ira
3733 3866 3843 3921 per

2197 3957 2415 4007 aurem,
2463 3957 2534 3994 ne
2578 3941 2811 4011 prodeat
2852 3957 3037 3995 sermo
3093 3941 3272 4011 turpis
3314 3956 3381 3995 ex
3421 3940 3601 4011 labiis,
3631 3947 3686 3996 et
3731 3943 3843 3999 hoc

2199 4034 2380 4089 solum
2407 4050 2504 4088 cor
2529 4034 2807 4103 intendat,
2838 4039 2899 4089 ut
2928 4034 2987 4088 in
3012 4050 3070 4089 se
3095 4033 3381 4089 Christum
3414 4034 3698 4105 suscipiat.

2851 4152 2939 4206 DE
2979 4150 3179 4206 SONO.

2269 4259 2484 4314 Sonum
2540 4262 2750 4329 autem,
2801 4258 2953 4329 quod
3003 4261 3235 4312 canetur
3289 4258 3513 4329 quando
3582 4258 3845 4328 procedit

2197 4352 2427 4422 oblatio,
2480 4352 2613 4407 hinc
2664 4352 2835 4407 traxit
2875 4351 3195 4406 exordium.
3245 4351 3519 4422 Praecepit
3564 4350 3841 4406 Dominus

2195 4446 2385 4518 Moysi,
2415 4450 2476 4501 ut
2498 4446 2709 4502 faceret
2735 4446 2897 4501 tubas
2932 4448 3249 4517 argenteas,
3279 4461 3419 4516 quas
3452 4444 3637 4519 leyitae
3677 4445 3840 4501 clan-

2199 4544 2400 4611 gerent
2416 4540 2643 4612 quando
2661 4539 3000 4594 offerebatur
3016 4539 3220 4608 hostia,
3239 4541 3297 4594 et
3305 4538 3412 4593 hoc
3429 4538 3837 4609 essetsignum,

2198 4650 2300 4704 per
2325 4633 2476 4705 quod
2510 4633 2852 4705 intelligeret
2885 4632 3129 4705 populus
3156 4648 3271 4703 qua
3313 4632 3451 4686 hora
3488 4631 3843 4687 inferebatur

2197 4727 2423 4798 oblatio,
2480 4732 2537 4783 et
2587 4744 2783 4782 omnes
2832 4726 3109 4781 incurvati
3157 4725 3461 4780 adorarent
3508 4724 3838 4795 Dominum,

2198 4822 2374 4878 donec
2402 4822 2623 4878 veniret
2648 4822 2910 4876 columna
2938 4818 3088 4891 ignis
3115 4821 3214 4873 aut
3239 4819 3439 4886 nubes,
3468 4818 3567 4891 qui
3609 4818 3843 4874 benedi-

2198 4920 2349 4971 ceret
2374 4915 2732 4970 sacriﬁcium.
2761 4916 2923 4969 Nunc
2949 4917 3140 4969 autem
3159 4912 3564 4984 procedentem
3593 4911 3665 4967 ad
3692 4912 3839 4967 alta-

2196 5009 2345 5064 rium
2375 5022 2609 5081 corpusc
2644 5007 2851 5064 Christi
2878 5024 2992 5062 non
3006 5007 3127 5078 jam
3154 5006 3305 5061 tubis
3330 5006 3838 5078 inreprehensibi-

2196 5163 2285 5236 sii,
2315 5164 2636 5236 Augustini,
2666 5163 3046 5236 sivealiorum
3073 5160 3375 5216 conciones
3409 5159 3633 5216 recitari
3665 5158 3838 5231 jube-

2196 5235 2311 5302 bat,
2343 5233 2642 5306 ut‘legitur
2666 5234 2726 5288 in
2752 5235 2875 5304 ejus
2905 5233 3046 5288 Vita.

2268 5301 2302 5347 οῖ
2342 5301 2975 5362 ΟΙὶωέοΙθηωὶέωίεεει
3000 5320 3116 5357 non
3145 5301 3558 5372 celebrabatur,
3590 5302 3730 5373 quin
3769 5319 3841 5358 ex

2196 5377 2568 5448 praecedentis
2595 5376 2706 5431 diei
2731 5374 3000 5429 sacriﬁcio
3028 5373 3377 5429 Eucharistia
3420 5374 3743 5429 deferretur
3766 5374 3841 5428 ad

2196 5448 2408 5497 altare:
2439 5448 2497 5497 id
2530 5448 2589 5497 in
2631 5446 2859 5497 ecclesia
2900 5446 3152 5497 Romana
3181 5445 3343 5497 initio
3390 5445 3581 5497 missae
3607 5448 3841 5497 praesta-

2196 5446 2408 5517 altare;
2439 5448 2497 5502 id
2530 5448 2589 5500 in
2631 5446 2859 5501 ecclesia
2900 5446 3152 5500 Romana
3181 5446 3343 5499 initio
3390 5446 3581 5499 missae
3607 5448 3838 5515 praesta-

2196 5519 2334 5573 bant
2357 5518 2604 5589 acolythi
2630 5518 2688 5571 in
2714 5516 2916 5596 capsis,
2946 5519 3256 5596 utconstat
3305 5515 3587 5596 ear-veteri
3626 5515 3838 5596 9rdine

2198 5591 2450 5644 Romano
2468 5585 2506 5656 ι’,
2534 5604 2697 5643 num.
2719 5585 2965 5643 8._Musei
2991 5586 3162 5641 Italici
3188 5588 3327 5640 tom.
3360 5587 3423 5638 ll.
3456 5586 3521 5639 ln
3550 5585 3840 5641 Gallicana

2198 5678 2328 5716 vero
2354 5659 2576 5716 diaconi
2603 5660 2710 5714 hoc
2747 5676 2956 5713 munus
2988 5658 3221 5713 obibant
3268 5658 3402 5711 ante
3455 5656 3836 5727 oblationem,

2196 5748 2399 5803 corpus
2424 5731 2637 5803 Christi
2650 5729 2963 5803 deferentes
2986 5729 3048 5803 i_n
3074 5727 3355 5803 turribus,
3381 5730 3442 5782 ut
3465 5731 3626 5803 patet
3642 5729 3839 5803 eghoc

2196 5798 2336 5870 loco,
2369 5819 2541 5873 quem
2564 5802 2707 5856 mire
2735 5801 2976 5855 illustrat
2989 5798 3292 5873 Gregorius
3314 5798 3663 5873 Turonensis
3687 5799 3839 5854 libro

2198 5874 2266 5929 de
2292 5869 2475 5929 Gloria
2503 5876 2819 5944 martyrum
2855 5888 2977 5944 cap.
3022 5869 3120 5944 85,
3146 5870 3238 5944 his
3272 5869 3498 5944 verbis;
3533 5889 3561 5922 «
3591 5870 3841 5942 Tempus

2197 5946 2269 6001 ad
2293 5942 2629 6000 sacriﬁcium
2654 5941 3006 5998 efferendum
3035 5941 3280 6012 advenit,
3310 5943 3653 6013 acceptaque
3680 5941 3840 6000 turre
