4020 6232
179 390 238 450 93
969 391 1315 452 EXPOSITIO
1350 395 1590 451 BREVIS
1625 396 1711 452 AN
1728 397 1816 464 "(‘1

1922 398 1935 449 1
1977 396 2305 457 LITUBGLE
2342 392 2752 454 GALLICANAE.
3472 388 3538 449 Μ

178 498 330 571 libus,
570 498 922 596 spiritalibus
973 502 1202 558 vocibus
1266 503 1541 575 praeclara
1603 502 1808 559 Christi
1830 521 1887 596 Α
1909 504 2073 560 caelos
2102 504 2427 575 ascendens,
2453 520 2641 577 pacem
2678 505 2925 576 relinquo
2960 502 3128 567 vobis,
3151 515 3338 575 pacem
3365 515 3538 559 meam

178 594 446 667 magnalia
471 594 635 651 dulci
666 595 895 652 modilia
919 596 1120 669 psallet
1146 597 1410 654 Ecclesia.
1435 598 1651 670 Corpus
1677 612 1808 653 vero

179 688 386 745 Domini
404 688 537 745 ideo
554 688 815 746 defertur
832 691 891 746 in
908 690 1183 762 turribus,
1208 691 1340 763 quia
1370 696 1809 748 monumentum

178 783 386 839 Domini
411 782 473 838 in
500 783 939 840 similitudinem
959 785 1133 840 turris
1150 785 1259 842 fuit
1279 785 1514 841 scissum
1539 786 1600 841 in
1627 790 1806 858 petra,

180 880 229 932 et
274 875 422 932 intus
465 876 687 932 lectum
726 878 827 933 ubi
877 879 1135 950 pausavit
1188 896 1392 952 corpus
1438 880 1807 951 dominicum,

177 971 317 1027 unde
358 972 616 1026 surrexit
654 974 774 1027 Rex
818 971 1014 1044 glorias
1048 972 1108 1027 in
1146 972 1525 1045 triumphum.
1568 973 1811 1046 Sanguis

182 1079 301 1119 vero
334 1064 544 1120 Christi
582 1065 710 1121 ideo
751 1066 1069 1137 specialiter
1113 1066 1348 1122 offertur
1373 1066 1431 1121 in
1462 1067 1650 1137 calice,
1680 1066 1813 1138 quia

182 1157 235 1212 in
258 1158 360 1213 tale
387 1175 593 1213 vasum
637 1164 1026 1215 consecratum
1063 1160 1173 1215 fuit
1210 1160 1546 1233 mysterium
1587 1160 1809 1216 Eucha-

181 1250 338 1307 ristize
371 1252 562 1324 pridie
599 1269 773 1325 quam
800 1257 1092 1325 pateretur
1116 1253 1387 1309 Dominus
1415 1255 1535 1326 ipso
1570 1254 1810 1324 dicente,

184 1347 272 1402 Hic
296 1351 369 1400 est
408 1348 564 1401 calix
597 1349 880 1417 sanguinis
917 1351 1024 1402 mei
1067 1350 1385 1417 mysterium
1418 1349 1548 1417 ﬁdei
1582 1351 1680 1418 qui
1714 1365 1812 1418 pro

182 1440 352 1494 multis
382 1440 697 1510 effundetur
732 1444 792 1495 in
827 1444 1189 1497 remissionem
1225 1445 1566 1512 peccatorum
1592 1440 1810 1510 (Matth.

182 1549 316 1602 xxvi,
340 1535 453 1605 28).
481 1534 655 1588 Panis
681 1550 814 1589 vero
854 1534 915 1588 in
955 1550 1190 1606 corpore
1217 1539 1274 1589 et
1311 1534 1509 1589 vinum
1536 1534 1811 1590 transfor-

185 1627 357 1681 matur
381 1626 442 1680 in
467 1627 771 1699 sanguine,
799 1627 1019 1683 dicente
1044 1628 1284 1682 Domino
1307 1628 1376 1683 de
1405 1643 1638 1699 corpore
1670 1644 1771 1682 suo
1795 1646 1808 1684 :

189 1722 313 1777 Caro
338 1723 479 1775 enim
505 1737 630 1776 mea
654 1737 778 1777 vere
800 1725 878 1777 est
903 1721 1071 1785 cibus,
1099 1725 1151 1777 et
1174 1723 1399 1792 sanguis
1421 1737 1568 1777 meus
1592 1738 1712 1777 vere
1737 1725 1814 1777 est

185 1817 328 1884 potus
364 1814 541 1881 (Joan.
600 1830 674 1884 v1,
718 1815 826 1885 55).
870 1816 949 1869 De
997 1831 1144 1886 pane
1191 1815 1335 1871 dixit
1377 1817 1471 1870 hoc
1506 1820 1584 1871 est
1626 1831 1814 1886 corpus

1907 600 1977 654 do
2001 599 2149 655 vobis
2177 600 2351 669 (Ioan.
2383 615 2494 669 xw,
2520 601 2631 671 27),
2661 602 2719 655 et
2748 598 2807 654 in
2833 597 2940 655 hoc
2975 599 3315 668 cognoscent
3341 610 3538 651 omnes

1908 693 2060 765 quod
2086 692 2344 763 discipuli
2371 692 2484 747 mei
2522 692 2674 762 estis,
2724 692 2770 748 si
2802 707 2905 746 nos
2932 691 3171 747 invicem
3196 689 3537 747 dilexeretis.

1980 786 2217 841 Sursum
2257 786 2425 841 corda
2464 785 2590 841 ideo
2629 786 2887 841 sacerdos
2919 786 3128 841 habere
3163 784 3450 852 admonet,
3477 786 3544 838 ut

1908 880 2068 935 nulla
2092 879 2357 951 cogitatio
2386 883 2611 934 terrena
2636 883 2864 935 maneat
2894 879 2955 933 in
2984 877 3303 950 pectoribus
3330 876 3538 933 nostris

1910 973 1971 1029 in
2000 974 2140 1028 hora
2169 990 2340 1027 sacrae
2375 972 2690 1043 oblationis,
2718 976 2775 1028 et
2807 976 2961 1028 tanto
2990 972 3195 1028 melius
3238 969 3543 1043 recipiatur

1909 1067 2161 1122 Christus
2188 1067 2249 1122 in
2267 1068 2478 1136 mente,
2499 1069 2711 1138 quanto
2735 1067 2846 1122 sola
2870 1065 3136 1139 cogitatio
3164 1065 3354 1137 ipsum
3375 1080 3536 1120 cona-

1910 1165 2006 1215 tur
2030 1161 2340 1217 attendere.
2370 1159 2686 1215 Confractio
2712 1176 2844 1214 vero
2882 1162 2940 1215 et
2969 1158 3299 1215 commixtio
3346 1173 3545 1230 corpo-

1911 1253 1989 1308 ris
2030 1253 2254 1308 Domini
2309 1253 2479 1308 tantis
2542 1253 2824 1325 mysteriis
2884 1253 3159 1309 declarata
3232 1250 3544 1325 antiquitus

1912 1347 2126 1402 Sanctis
2161 1346 2418 1401 Patribus
2457 1346 2587 1417 fuit,
2634 1350 2700 1401 ut
2737 1346 2875 1401 dum
2914 1346 3167 1401 sacerdos
3200 1345 3543 1400 oblationem
3642 1370 3651 1375 ο

1912 1440 2326 1512 confrangeret,
2354 1440 2649 1495 videbatur
2674 1440 2835 1511 quasi
2872 1438 3121 1511 Angelus
3149 1439 3247 1493 Dei
3287 1437 3543 1493 membra

1911 1535 2186 1606 fulgentis
2211 1534 2376 1606 pueri
2402 1535 2585 1589 cultro
2607 1534 2948 1603 concredere,
2978 1536 3035 1587 et
3059 1531 3396 1605 sanguinem
3422 1532 3545 1603 ejus

1912 1628 1973 1683 in
1998 1627 2227 1683 calicem
2253 1628 2583 1699 excipiendo
2613 1626 2898 1699 colligere,
2929 1630 2995 1681 ut
3019 1625 3270 1681 veracius
3296 1625 3546 1681 dicerent

1912 1722 2151 1777 verbum
2179 1721 2399 1777 dicente
2431 1720 2664 1777 Domino
2703 1736 2931 1775 carnem
2966 1720 3088 1791 ejus
3126 1735 3246 1774 esse
3272 1718 3462 1773 cibum
3490 1720 3546 1772 et

1912 1816 2248 1887 sanguinem
2267 1830 2384 1870 esse
2409 1820 2630 1887 potum.
2660 1815 2723 1869 In
2750 1814 2855 1869 hac
2884 1812 3264 1870 confractione
3290 1811 3546 1868 sacerdos

190 1923 367 1971 manu,
394 1911 452 1962 et
477 1908 551 1963 de
577 1906 708 1963 vino
739 1909 825 1963 hic
846 1911 1070 1978 sanguis
1097 1924 1245 1965 meus
1272 1908 1489 1978 (Matth.
1518 1925 1671 1976 xxvi,
1698 1909 1807 1979 26).
1834 1896 1888 1969 B
1913 1911 2031 1965 vult
2052 1925 2282 1982 augere,
2310 1909 2521 1964 ibidem
2549 1908 2717 1964 debet
2742 1906 3118 1980 addere,quia
3141 1911 3278 1962 tunc
3303 1905 3547 1961 caelestia

191 2002 335 2072 Aqua
370 2005 566 2056 autem
610 2001 734 2057 ideo
773 2001 1051 2070 miscitur,
1105 2002 1192 2057 vel
1236 2002 1371 2073 quia
1410 2002 1570 2058 decet
1603 2003 1813 2075 populo
1911 2003 2153 2058 terrenis
2176 2003 2517 2072 mixcentur,
2547 2006 2603 2057 et
2632 2002 2702 2056 ad
2731 2001 3043 2056 orationem
3080 1998 3382 2055 sacerdotis
3422 1998 3547 2053 caeli

191 2094 399 2149 unitum
430 2111 553 2150 esse
582 2111 716 2149 cum
741 2094 1000 2178 Domino,
1029 2095 1118 2150 vel
1147 2098 1281 2167 quia
1310 2096 1379 2151 de
1407 2094 1582 2151 latere
1607 2094 1813 2152 Christi
1914 2096 2267 2168 aperiuntur.
2322 2096 2617 2151 Sacerdote
2679 2099 2869 2150 autem
2930 2094 3250 2165 frangente,
3304 2091 3543 2164 supplex

190 2186 243 2241 in
265 2203 424 2242 cruce
462 2189 699 2261 sanguis
721 2188 970 2243 manavit
993 2192 1048 2243 et
1072 2205 1241 2260 aqua,
1271 2193 1329 2243 et
1360 2205 1544 2243 unum
1579 2189 1813 2244 munde-

190 2296 309 2335 mur
343 2298 376 2335 a
418 2281 547 2337 labe
588 2282 910 2355 culparum,
953 2282 1063 2337 alio
1103 2297 1498 2356 prmparemur
1527 2283 1598 2338 ad
1638 2298 1812 2354 regna

193 2374 467 2431 caelorum.

254 2470 452 2524 Patena
484 2472 681 2524 autem
735 2473 965 2525 vocatur
1014 2470 1114 2526 ubi
1169 2474 1529 2526 consecratur
1586 2470 1813 2537 oblatio,

194 2562 310 2634 quia
353 2563 697 2634 mysterium
746 2563 1115 2619 Eucharistiae
1170 2564 1229 2619 iu
1280 2563 1815 2619 commemoratione

1912 2189 2094 2245 clerus
2116 2190 2316 2261 psallet
2331 2189 2661 2261 antiphona,
2691 2188 2826 2260 quia
2851 2187 3102 2261 patiente
3128 2186 3319 2243 dolore
3347 2185 3547 2243 mortis

1913 2284 2105 2339 omnia
2131 2282 2424 2339 trementis
2447 2285 2649 2338 testata
2672 2286 2805 2337 sunt
2829 2282 3127 2337 elementa.

1987 2378 2178 2433 Oratio
2205 2393 2338 2432 vero
2372 2376 2661 2431 Dominica
2691 2392 2795 2447 pro
2831 2376 2938 2430 hoc
2963 2374 3173 2430 ibidem
3200 2373 3452 2447 ponitur,
3483 2376 3550 2428 ut

1915 2472 2099 2527 omnis
2124 2470 2301 2525 oratio
2326 2474 2520 2525 nostra
2543 2469 2604 2524 in
2627 2469 2915 2524 Dominica
2939 2469 3191 2525 oratione
3233 2467 3550 2523 claudatur.

1917 2564 2374 2621 Benedictionem
2424 2579 2558 2619 vero
2618 2564 2819 2637 populi
2871 2562 3251 2619 sacerdotibus
3310 2560 3549 2617 fundere

194 2655 409 2711 oﬂ’ertur
452 2655 731 2728 passionis
783 2656 1026 2712 Domini.
1066 2657 1217 2712 Palla
1260 2673 1393 2713 vero
1435 2657 1719 2713 linostima
1757 2657 1867 2712 in~
1916 2659 2187 2714 Dominus
2224 2675 2327 2730 per
2354 2660 2598 2731 Moysem
2628 2657 2916 2713 mandavit
2939 2657 3132 2712 dicens
3161 2673 3175 2711 :
3206 2659 3441 2726 Loquere
3464 2654 3550 2709 ad

192 2748 327 2804 illius
348 2741 674 2805 indumenti
696 2753 850 2806 tenet
874 2750 1299 2823 ﬁguramgquia
1318 2750 1377 2806 in
1395 2768 1534 2822 gyro
1559 2754 1818 2806 contexta

194 2860 223 2896 a
259 2842 522 2899 militibus
552 2859 672 2898 non
715 2843 826 2898 fuit
868 2843 1063 2911 divisa,
1107 2845 1296 2899 tonica
1338 2843 1549 2900 scilicet
1590 2843 1816 2898 Christi.

192 2936 484 3007 Corporalis
515 2953 654 2991 vero
680 2936 827 3008 palla
852 2935 978 2991 ideo
1004 2954 1152 3008 pura
1170 2936 1308 2991 liuia
1338 2942 1422 2992 est
1447 2954 1618 3009 super
1646 2954 1821 3009 quam

196 3028 378 3086 oblatio
401 3030 657 3102 ponitur,
686 3030 819 3103 quia
856 3046 1059 3102 corpus
1088 3029 1309 3084 Domini
1348 3030 1505 3102 puris
1534 3026 1818 3086 linteami-

168 3122 343 3178 'nibus
377 3141 510 3180 cum
553 3124 906 3179 aromatibus
952 3124 1062 3179 fuit
1102 3124 1435 3179 obvolutum
1480 3124 1538 3178 in
1576 3124 1818 3181 tumulo.

196 3215 516 3290 Coopertum
572 3235 708 3273 vero
770 3220 1257 3273 sacramentorum
1309 3218 1438 3273 ideo
1491 3220 1799 3273 exornatur

201 3261 516 3290 "cram...
585 3261 708 3273 ..ην
770 3261 1257 3273 νην...ι..ν...ν...ι..
1309 3261 1435 3273 ,νυν
1493 3261 1817 3287 ν-υ.........,

199 3310 314 3381 quia
339 3312 528 3367 omnia
557 3315 895 3367 ornamenta
922 3311 1197 3384 praecellit
1224 3311 1565 3367 resurrectio
1590 3311 1817 3383 Christi,
1841 3265 1895 3339 Ο

199 3404 274 3459 vel
299 3421 515 3461 camara
544 3405 669 3460 caeli
696 3422 826 3477 quae
853 3421 1008 3460 nunc
1033 3406 1342 3461 Dominum
1367 3409 1524 3478 teget
1550 3405 1619 3460 ab
1641 3405 1820 3460 oculis

199 3500 399 3555 nostris.
427 3500 670 3556 Siricum
697 3502 887 3554 autem
928 3502 1182 3570 ornatur,
1216 3502 1317 3554 aut
1352 3516 1509 3570 auro,
1539 3499 1625 3554 vel
1658 3515 1818 3571 gem-

202 3590 309 3660 mis,
334 3594 461 3665 quia
491 3593 770 3648 Dominus
794 3594 996 3664 Moyses
1023 3592 1082 3647 in
1124 3592 1490 3648 tabernaculo
1518 3592 1643 3647 fieri
1666 3593 1817 3648 vela-

203 3685 334 3741 mina
364 3688 533 3759 jussit
561 3704 633 3743 ex
660 3702 820 3755 auro,
852 3686 1111 3754 iacincto,
1143 3691 1199 3741 et
1237 3702 1514 3758 purpura,
1544 3703 1821 3759 coccoque

200 3777 274 3833 bis
294 3780 460 3835 tincto
482 3785 542 3837 et
567 3782 734 3852 bysso
761 3782 973 3835 retorta
1003 3796 1017 3835 :
1050 3780 1184 3851 quia
1211 3778 1405 3834 omnia
1430 3779 1520 3834 illa
1556 3779 1824 3853 mysteria

205 3872 255 3926 in
279 3873 471 3930 Christi
500 3877 925 3946 praecesserunt
949 3873 1237 3945 stigmata.

263 3966 462 4022 laudes
488 3972 706 4038 autem,
737 3967 845 4022 hoc
874 3970 960 4022 est
981 3966 1240 4023 Alleluia.
1272 3966 1557 4022 Iohannes
1580 3966 1638 4021 in
1669 3968 1819 4038 Apo-

208 4059 388 4131 calypsi
422 4065 554 4133 post
600 4059 1076 4117 resurrectionem
1123 4059 1341 4115 audivit
1382 4059 1640 4133 psallere.
1696 4060 1822 4114 [deo

206 4150 324 4206 hora
357 4154 448 4209 illa
473 4153 707 4209 Domini
745 4153 927 4225 palleo
955 4153 1117 4225 quasi
1143 4153 1399 4209 Christus
1428 4153 1636 4225 tegitur
1660 4153 1819 4220 czelo,

207 4246 417 4302 Ecclesia
456 4247 604 4302 solet
636 4247 960 4320 angelicum
1004 4246 1325 4302 canticumll
1373 4266 1387 4302 :
1430 4246 1583 4319 quod
1629 4251 1822 4301 autem

206 4337 354 4395 habet
374 4342 497 4414 ipsa
521 4340 764 4398 Alleluia
791 4341 980 4413 prima
1008 4345 1065 4396 et
1088 4340 1334 4396 secunda
1359 4345 1415 4395 et
1440 4339 1606 4395 tertia
1634 4339 1824 4413 signat

208 4431 299 4487 tria
322 4439 575 4510 tempora
603 4439 734 4491 ante
761 4436 913 4507 lege,
943 4435 1046 4490 sub
1072 4434 1219 4506 lege,
1249 4433 1353 4489 sub
1382 4433 1581 4505 gratia,

268 4528 491 4587 Nomina
515 4530 913 4586 defunctorum
931 4528 1058 4583 ideo
1084 4528 1222 4582 hora
1243 4526 1340 4581 illa
1367 4525 1683 4581 recitantur
1708 4544 1822 4600 qua

1918 2755 2105 2809 Aaron
2140 2756 2192 2807 et
2211 2754 2287 2806 ad
2324 2753 2463 2821 ﬁlios
2486 2752 2630 2822 ejus;
2658 2754 2734 2807 sic
2774 2751 3086 2807 benedicctis
3113 2750 3314 2822 populo
3341 2768 3357 2804 :
3383 2751 3548 2806 Bene-

1919 2848 2068 2902 dicat
2094 2848 2195 2901 tibi
2225 2851 2275 2901 et
2299 2846 2568 2900 custodiat
2593 2849 2642 2900 te
2667 2844 2849 2915 (Num.
2880 2861 2954 2911 VI,
2982 2844 3092 2915 23),
3121 2847 3178 2898 et
3202 2846 3387 2898 cetera
3422 2858 3551 2914 quae

1920 2943 2257 3011 sequuntur.
2309 2942 2492 2993 Aaron
2542 2938 2724 3009 igitur
2772 2938 2959 2992 locum
3003 2936 3231 3003 Christi,
3284 2935 3383 2991 lilii
3431 2935 3552 3006 ejus

1921 3033 2107 3089 locum
2134 3032 2599 3104 presbyterorum
2637 3034 3022 3102 portaverant.
3054 3029 3340 3085 Ambobus
3375 3028 3553 3100 igitur

1920 3126 2207 3183 mandavit
2235 3125 2506 3180 Dominus
2540 3124 2873 3180 benedicere
2897 3124 3206 3197 populum;
3238 3124 3335 3178 sed
3362 3127 3553 3178 tamen

1920 3224 2155 3293 propter
2183 3219 2514 3275 servandam
2551 3219 2830 3274 honorem
2868 3217 3171 3289 pontiﬁcis,
3204 3234 3374 3272 sacrm
3417 3232 3553 3271 con-

1921 3315 2229 3369 stituerunt
2264 3328 2531 3382 canones,
2569 3316 2637 3367 ut
2666 3313 2695 3353 b
2742 3311 3059 3384 longiorem
3105 3311 3556 3367 benedictionem

1922 3408 2215 3480 episcopus
2254 3407 2554 3479 proferret,
2584 3406 2901 3461 breviorem
2938 3406 3235 3477 presbyter
3270 3405 3553 3473 funderet,

1922 3502 2056 3558 dicit
2089 3518 2102 3556 :
2128 3505 2251 3557 Pam
2273 3502 2404 3571 ﬁdes
2423 3505 2474 3556 et
2499 3504 2701 3556 caritas
2728 3505 2780 3556 et
2804 3502 3209 3556 communicatio
3236 3501 3472 3569 corporis
3507 3502 3558 3553 et

1920 3598 2201 3665 sanguinis
2223 3596 2440 3650 Domini
2455 3596 2528 3649 sit
2551 3582 2758 3665 semper
2782 3595 3069 3649 vobiscum.
3094 3594 3232 3647 Nam
3246 3592 3379 3648 licet
3402 3592 3557 3647 illam

1921 3688 2370 3745 benedictionem
2400 3704 2568 3759 quam
2608 3687 2775 3759 Moysi
2813 3689 2961 3743 Deus
3005 3686 3234 3741 dictavit
3270 3690 3327 3741 et
3363 3686 3558 3741 nullus

1922 3782 2304 3839 contradicere
2332 3780 2660 3853 presbytero
2685 3785 2898 3853 potest,
2922 3780 3057 3852 quia
3086 3780 3288 3835 caelum
3323 3783 3380 3834 et
3406 3782 3557 3833 terra

1923 3876 2265 3932 transibunt.
2289 3876 2403 3929 Hoc
2431 3890 2569 3946 ergo
2596 3876 2727 3929 ante
2756 3874 3216 3929 communionem
3240 3871 3557 3928 benedictio

1924 3970 2185 4040 traditur,
2214 3973 2278 4024 ut
2303 3968 2363 4023 in
2390 3984 2487 4022 vas
2510 3967 2874 4023 benedictum
2899 3966 3306 4024 benedictionis
3341 3972 3552 4040 myste-

1922 4064 2075 4119 rium
2118 4062 2493 4135 ingrediatur.
2522 4063 2646 4117 Jam
2670 4078 2802 4117 vero
2832 4078 3007 4136 quam
3041 4061 3222 4118 dulcis
3254 4062 3327 4117 sit
3353 4061 3560 4117 animm

1922 4161 1978 4213 et
2016 4158 2270 4230 corporis
2305 4173 2464 4214 sacra
2503 4158 2850 4227 communio,
2879 4156 3134 4212 Christus
3170 4156 3353 4211 verbis
3385 4171 3557 4211 evan-

1923 4252 2119 4323 gelicis
2145 4253 2390 4309 ostendit
2409 4254 2601 4309 dicens
2631 4270 2644 4308 :
2674 4254 2736 4310 Si
2758 4253 3067 4307 manseritis
3098 4253 3157 4305 in
3185 4266 3288 4313 me,
3314 4254 3366 4305 et
3399 4250 3562 4305 verba

1920 4360 2039 4401 mea
2065 4347 2124 4401 in
2138 4347 2286 4402 vobis
2308 4350 2626 4409 manserint,
2640 4346 3008 4417 quodcumque
3031 4346 3303 4415 petieritis
3332 4346 3549 4400 Patrem

1920 4442 1979 4493 in
2006 4442 2218 4495 nomine
2242 4456 2375 4505 meo,
2402 4443 2493 4511 ﬁet
2515 4443 2662 4498 vobis
2688 4442 2862 4511 (Joan.
2889 4455 2979 4509 xv,
3012 4438 3085 4510 '7).

1991 4533 2303 4588 Trecanum
2322 4550 2456 4589 vero
2481 4535 2634 4608 quod
2664 4534 2939 4608 psalletur
2964 4532 3193 4604 signum
3219 4534 3304 4585 est
3327 4529 3561 4585 catholi-

210 4621 364 4690 palleo
403 4625 654 4694 tolletur,
680 4623 813 4695 quia
852 4628 986 4678 tunc
1033 4621 1141 4676 erit
1183 4618 1519 4675 resurrectio
1563 4624 1817 4677 mortuo-
1840 4640 1898 4711 D
1922 4642 2001 4680 cae
2022 4625 2153 4682 ﬁdei
2174 4627 2242 4683 de
2262 4628 2547 4683 Trinitatis
2572 4628 2911 4684 credulitate
2937 4625 3263 4698 procedere.
3286 4624 3374 4680 Sic
3400 4623 3555 4679 enim

210 4729 336 4784 rum,
376 4718 603 4790 quando
638 4716 972 4772 adveniente
994 4714 1217 4770 Christo
1262 4714 1467 4769 caelum
1499 4713 1645 4769 sicut
1676 4713 1823 4771 liber

211 4807 505 4876 plicabitur.
546 4813 745 4866 Pacem
778 4812 973 4864 autem
1014 4808 1140 4864 ideo
1187 4807 1394 4863 Christi
1434 4810 1637 4862 mutuo
1683 4826 1819 4881 pro-

210 4898 391 4973 ferunt,
421 4910 486 4960 ut
518 4921 621 4976 per
646 4907 847 4959 mutuo
876 4902 1066 4957 osculo
1114 4905 1344 4957 teneant
1379 4900 1439 4955 in
1478 4917 1537 4956 se
1576 4901 1822 4958 caritatis

212 4993 465 5069 affectum,
509 5002 567 5054 et
590 4996 689 5070 qui
727 4996 917 5068 aliqua
944 4996 1198 5056 fuscatur
1238 4993 1537 5063 discordia,
1578 4994 1689 5049 cito
1728 5012 1818 5051 re-

213 5095 373 5146 currat
417 5091 491 5147 ad
550 5089 790 5163 gratiam
823 5090 911 5145 vel
952 5093 1108 5161 petat
1153 5088 1415 5161 proximo
1460 5088 1706 5159 veniam,
1750 5105 1821 5145 ne

214 5196 382 5249 pacem
403 5185 603 5241 falsam
629 5183 816 5239 dando
845 5182 1097 5238 incurrat
1123 5181 1425 5254 proditoris
1449 5184 1817 5251 consortium,

216 5276 259 5327 et
281 5279 488 5334 tantum
515 5277 723 5334 melius
763 5276 1017 5349 proﬁciat
1057 5274 1410 5331 Eucharistia
1444 5280 1706 5349 suscepta
1732 5279 1820 5333 vel

216 5364 501 5428 benedictio
552 5371 780 5440 tradita,
834 5373 1113 5443 quantum
1169 5368 1426 5425 Christus
1487 5370 1823 5442 conspicerit

216 5462 412 5529 paciﬁca
459 5482 579 5522 esse
629 5464 819 5535 corda,
844 5463 977 5536 quia
1025 5463 1145 5536 ipse
1196 5462 1481 5518 mandavit
1534 5463 1820 5536 discipulis

221 5574 452 5655 diaconus
471 5582 532 5637 in
560 5598 676 5655 qua
702 5579 1041 5655 mysterium
1066 5577 1342 5655 Dominici
1366 5578 1619 5651 corporis
1644 5578 1819 5655 hahe-

222 5646 377 5725 batur,
400 5654 547 5710 ferre
574 5646 746 5725 ccepit
764 5646 839 5707 ad
860 5651 1069 5707 ostium
1095 5646 1496 5722 ingressusque
1518 5651 1817 5723 templum,

222 5723 272 5772 ut
284 5737 399 5796 eam
426 5725 588 5780 altari
615 5723 1047 5796 superponeret,
1088 5742 1115 5774 η
1147 5725 1253 5777 etc.

281 5791 302 5819 '
326 5796 467 5853 Adde
494 5791 742 5852 cantare

281 5859 305 5900 δ
328 5864 651 5939 Longiorem
694 5865 1148 5939 benedictionem
1178 5879 1349 5939 super
1382 5863 1657 5935 pOpulum
1690 5868 1821 5920 ante

230 5933 644 5995 communionem
687 5937 1012 6012 proferebat
1044 5933 1182 5989 olim
1217 5933 1539 6008 episcopus,
1582 5940 1643 5990 ut
1691 5940 1822 6009 pote

1925 4719 2111 4792 prima
2136 4720 2194 4776 in
2214 4718 2481 4791 secunda,
2503 4721 2747 4777 secunda
2777 4721 2839 4776 in
2867 4721 3033 4777 tertia
3059 4724 3116 4775 et
3139 4734 3370 4774 rursum
3395 4718 3561 4775 tertia

1923 4813 1980 4868 in
2020 4814 2267 4869 secunda
2294 4818 2352 4870 et
2380 4815 2626 4871 secunda
2643 4817 2863 4870 rotatur
2888 4814 2946 4869 in
2970 4814 3176 4886 prima.
3206 4814 3285 4868 Ita
3314 4817 3475 4885 pater
3502 4812 3562 4867 in

1922 4907 2084 4978 Filio,
2144 4909 2481 4979 mysterium
2530 4908 2816 4964 Trinitatis
2882 4908 3235 4979 complectet,
3287 4909 3451 4962 Pater
3501 4906 3559 4960 in

1924 5001 2078 5071 Filio,
2125 5001 2297 5057 Filius
2328 5002 2388 5057 in
2430 5002 2643 5074 Spiritu
2691 5005 2904 5072 sancto,
2947 5001 3185 5073 Spiritus
3228 5005 3453 5057 sanctus
3499 4999 3561 5054 in

1923 5094 2081 5166 Filio,
2123 5100 2180 5150 et
2217 5095 2388 5151 Filius
2426 5112 2657 5151 rursum
2700 5096 2760 5150 in
2804 5098 2987 5151 Patre.
3024 5096 3129 5152 Sed
3159 5095 3282 5166 jam
3306 5094 3561 5171 epistola

1921 5187 2097 5243 finem
2123 5188 2359 5261 accipiat
2380 5189 2438 5244 in
2463 5206 2576 5262 qua
2591 5189 2879 5245 sollemnis
2902 5189 3050 5246 Ordo
3074 5189 3228 5245 brevi
3249 5188 3561 5244 declaratus

1924 5282 2243 5336 ostenditur
2268 5287 2549 5354 quatenus
2579 5284 2638 5339 in
2681 5288 2992 5357 sequutura
3031 5282 3264 5355 epistola
3296 5282 3366 5337 de
3401 5297 3555 5336 com-

1922 5391 2097 5430 mune
2154 5375 2337 5431 ofﬁcio
2391 5376 2633 5434 donante
2683 5379 2921 5434 Domino
2973 5376 3202 5432 auribus
3253 5375 3555 5447 pandatur.

1923 5468 2029 5532 Qui
2056 5468 2210 5523 vivit.

1921 5584 2104 5658 tribus
2140 5590 2497 5658 constantem
2525 5588 2893 5656 orationibus,
2921 5585 3148 5658 qualem
3173 5585 3363 5658 videre
3390 5589 3472 5658 est
3499 5584 3557 5639 in

1922 5654 2181 5727 plurimis
2219 5657 2710 5715 Sacramentorum
2743 5654 2899 5713 libris
2927 5654 3085 5727 fnss.,
3122 5657 3348 5727 qualem
3386 5656 3556 5727 etiam

1922 5725 2074 5800 nunc
2102 5727 2404 5799 proferunt
2426 5731 2611 5785 adhuc
2638 5727 3008 5800 pontiﬁces‘in
3029 5725 3367 5800 quibusdam
3386 5725 3556 5780 eccle-

1921 5797 2035 5867 siis,
2065 5797 2197 5852 cum
2217 5800 2563 5856 solemnibus
2585 5797 2780 5855 diebus
2808 5797 3113 5855 celebrant.
3138 5800 3178 5853 E
3206 5800 3398 5867 contra
3413 5810 3554 5867 vero

1920 5864 2235 5923 benedictio
2265 5871 2723 5941 presbyterorum
2749 5869 2914 5925 unica
2954 5874 3009 5925 et
3051 5869 3205 5925 brevi
3233 5864 3554 5941 perﬁcieba-

1922 5943 2015 5993 tur
2035 5940 2312 5993 oratione.

1946 5955 2015 5993 ur
2035 5940 2312 5995 oratione.
