  <div class='ocr_page' id='page_1' title='image "/cluster/home/n/w/nwhite01/storage/ocr_20150623/72/uva.x000827084/063.png"; bbox 0 0 4020 6232; ppageno 0'>
   <div class='ocr_carea' id='block_1_1' title="bbox 441 419 2477 451">
    <p class='ocr_par' dir='ltr' id='par_1_1' title="bbox 441 419 2477 451">
     <span class='ocr_line' id='line_1_1' title="bbox 441 419 2477 451; baseline 0 -2"><span class='ocrx_word' id='word_1_1' title='bbox 441 419 2477 451; x_wconf 51' lang='lat' dir='ltr'><strong>mw</strong></span> 
     </span>
    </p>
   </div>
   <div class='ocr_carea' id='block_1_2' title="bbox 1218 579 3023 690">
    <p class='ocr_par' dir='ltr' id='par_1_2' title="bbox 1218 579 3023 690">
     <span class='ocr_line' id='line_1_2' title="bbox 1218 579 3023 690; baseline 0.002 -4"><span class='ocrx_word' id='word_1_2' title='bbox 1218 582 1667 689; x_wconf 86' lang='lat' dir='ltr'><strong>INCIPIT</strong></span> <span class='ocrx_word' id='word_1_3' title='bbox 1746 579 2365 687; x_wconf 87' lang='lat' dir='ltr'><strong>EPISTOLA</strong></span> <span class='ocrx_word' id='word_1_4' title='bbox 2442 580 3023 690; x_wconf 87' lang='lat' dir='ltr'><strong>SECUNDA</strong></span> 
     </span>
    </p>
   </div>
   <div class='ocr_carea' id='block_1_3' title="bbox 1765 794 2474 844">
    <p class='ocr_par' dir='ltr' id='par_1_3' title="bbox 1765 794 2474 844">
     <span class='ocr_line' id='line_1_3' title="bbox 1765 794 2474 844; baseline 0.003 -2"><span class='ocrx_word' id='word_1_5' title='bbox 1765 797 1844 842; x_wconf 83' lang='lat' dir='ltr'><strong>DE</strong></span> <span class='ocrx_word' id='word_1_6' title='bbox 1886 796 2169 844; x_wconf 78' lang='lat' dir='ltr'><strong>COMMUNI</strong></span> <span class='ocrx_word' id='word_1_7' title='bbox 2210 794 2474 844; x_wconf 75' lang='lat' dir='ltr'><strong>OFFICIO.</strong></span> 
     </span>
    </p>
   </div>
   <div class='ocr_carea' id='block_1_4' title="bbox 498 939 3823 1030">
    <p class='ocr_par' dir='ltr' id='par_1_4' title="bbox 498 939 3823 1030">
     <span class='ocr_line' id='line_1_4' title="bbox 498 939 3823 1030; baseline -0 -30"><span class='ocrx_word' id='word_1_8' title='bbox 498 944 641 1011; x_wconf 84' lang='lat' dir='ltr'><strong>Quia</strong></span> <span class='ocrx_word' id='word_1_9' title='bbox 671 940 893 999; x_wconf 79' lang='lat' dir='ltr'><strong>favente</strong></span> <span class='ocrx_word' id='word_1_10' title='bbox 926 941 1162 997; x_wconf 89' lang='lat' dir='ltr'><strong>Domino</strong></span> <span class='ocrx_word' id='word_1_11' title='bbox 1192 939 1454 1000; x_wconf 76' lang='lat' dir='ltr'><strong>ordinem</strong></span> <span class='ocrx_word' id='word_1_12' title='bbox 1477 957 1649 998; x_wconf 81' lang='lat' dir='ltr'><strong>sacrae</strong></span> <span class='ocrx_word' id='word_1_13' title='bbox 1676 940 1975 997; x_wconf 85' lang='lat' dir='ltr'><strong>oblationis</strong></span> <span class='ocrx_word' id='word_1_14' title='bbox 2002 941 2062 997; x_wconf 91' lang='lat' dir='ltr'><strong>in</strong></span> <span class='ocrx_word' id='word_1_15' title='bbox 2084 954 2143 1030; x_wconf 72' lang='grc' dir='ltr'><strong>Α</strong></span> <span class='ocrx_word' id='word_1_16' title='bbox 2163 940 2511 999; x_wconf 91' lang='lat' dir='ltr'><strong>conﬁcienda</strong></span> <span class='ocrx_word' id='word_1_17' title='bbox 2554 946 2865 1014; x_wconf 89' lang='lat' dir='ltr'><strong>unguenta,</strong></span> <span class='ocrx_word' id='word_1_18' title='bbox 2906 943 2988 998; x_wconf 89' lang='lat' dir='ltr'><strong>vel</strong></span> <span class='ocrx_word' id='word_1_19' title='bbox 3029 942 3401 1015; x_wconf 63' lang='lat' dir='ltr'><strong>praeparanda</strong></span> <span class='ocrx_word' id='word_1_20' title='bbox 3437 941 3693 1015; x_wconf 86' lang='lat' dir='ltr'><strong>lucerna,</strong></span> <span class='ocrx_word' id='word_1_21' title='bbox 3725 941 3823 1000; x_wconf 87' lang='lat' dir='ltr'><strong>vel</strong></span> 
     </span>
    </p>
   </div>
   <div class='ocr_carea' id='block_1_5' title="bbox 426 1035 2057 1112">
    <p class='ocr_par' dir='ltr' id='par_1_5' title="bbox 426 1035 2057 1112">
     <span class='ocr_line' id='line_1_5' title="bbox 426 1035 2057 1112; baseline -0.002 -17"><span class='ocrx_word' id='word_1_22' title='bbox 426 1039 615 1112; x_wconf 87' lang='lat' dir='ltr'><strong>priore</strong></span> <span class='ocrx_word' id='word_1_23' title='bbox 664 1037 895 1109; x_wconf 89' lang='lat' dir='ltr'><strong>epistola</strong></span> <span class='ocrx_word' id='word_1_24' title='bbox 919 1035 1165 1092; x_wconf 79' lang='lat' dir='ltr'><strong>breviter</strong></span> <span class='ocrx_word' id='word_1_25' title='bbox 1202 1035 1562 1107; x_wconf 82' lang='lat' dir='ltr'><strong>explananda</strong></span> <span class='ocrx_word' id='word_1_26' title='bbox 1597 1035 2057 1108; x_wconf 77' lang='lat' dir='ltr'><strong>perstrinximus,</strong></span> 
     </span>
    </p>
   </div>
   <div class='ocr_carea' id='block_1_6' title="bbox 427 1129 2059 1201">
    <p class='ocr_par' dir='ltr' id='par_1_6' title="bbox 427 1129 2059 1201">
     <span class='ocr_line' id='line_1_6' title="bbox 427 1129 2059 1201; baseline -0.003 -13"><span class='ocrx_word' id='word_1_27' title='bbox 427 1149 581 1189; x_wconf 91' lang='lat' dir='ltr'><strong>nunc</strong></span> <span class='ocrx_word' id='word_1_28' title='bbox 610 1132 827 1187; x_wconf 89' lang='lat' dir='ltr'><strong>diversa</strong></span> <span class='ocrx_word' id='word_1_29' title='bbox 866 1129 1134 1192; x_wconf 78' lang='lat' dir='ltr'><strong>Ecclesiae,</strong></span> <span class='ocrx_word' id='word_1_30' title='bbox 1172 1129 1469 1187; x_wconf 88' lang='lat' dir='ltr'><strong>carismata</strong></span> <span class='ocrx_word' id='word_1_31' title='bbox 1511 1145 1624 1201; x_wconf 89' lang='lat' dir='ltr'><strong>qua</strong></span> <span class='ocrx_word' id='word_1_32' title='bbox 1662 1129 1880 1185; x_wconf 84' lang='lat' dir='ltr'><strong>ratione</strong></span> <span class='ocrx_word' id='word_1_33' title='bbox 1924 1129 2059 1184; x_wconf 90' lang='lat' dir='ltr'><strong>sub-</strong></span> 
     </span>
    </p>
   </div>
   <div class='ocr_carea' id='block_1_7' title="bbox 426 1222 2060 1297">
    <p class='ocr_par' dir='ltr' id='par_1_7' title="bbox 426 1222 2060 1297">
     <span class='ocr_line' id='line_1_7' title="bbox 426 1222 2060 1297; baseline -0.001 -16"><span class='ocrx_word' id='word_1_34' title='bbox 426 1227 625 1283; x_wconf 85' lang='lat' dir='ltr'><strong>sistant</strong></span> <span class='ocrx_word' id='word_1_35' title='bbox 645 1225 813 1297; x_wconf 81' lang='lat' dir='ltr'><strong>juxta</strong></span> <span class='ocrx_word' id='word_1_36' title='bbox 840 1224 994 1296; x_wconf 92' lang='lat' dir='ltr'><strong>quod</strong></span> <span class='ocrx_word' id='word_1_37' title='bbox 1019 1223 1290 1279; x_wconf 88' lang='lat' dir='ltr'><strong>Dominus</strong></span> <span class='ocrx_word' id='word_1_38' title='bbox 1309 1223 1471 1279; x_wconf 87' lang='lat' dir='ltr'><strong>nobis</strong></span> <span class='ocrx_word' id='word_1_39' title='bbox 1497 1222 1813 1295; x_wconf 81' lang='lat' dir='ltr'><strong>intelligere</strong></span> <span class='ocrx_word' id='word_1_40' title='bbox 1841 1222 2060 1295; x_wconf 82' lang='lat' dir='ltr'><strong>tribuit,</strong></span> 
     </span>
    </p>
   </div>
   <div class='ocr_carea' id='block_1_8' title="bbox 424 1317 1392 1391">
    <p class='ocr_par' dir='ltr' id='par_1_8' title="bbox 424 1317 1392 1391">
     <span class='ocr_line' id='line_1_8' title="bbox 424 1317 1392 1391; baseline -0.007 -13"><span class='ocrx_word' id='word_1_41' title='bbox 424 1319 580 1378; x_wconf 88' lang='lat' dir='ltr'><strong>brevi</strong></span> <span class='ocrx_word' id='word_1_42' title='bbox 609 1318 879 1391; x_wconf 89' lang='lat' dir='ltr'><strong>paginola</strong></span> <span class='ocrx_word' id='word_1_43' title='bbox 906 1317 1392 1373; x_wconf 89' lang='lat' dir='ltr'><strong>commendemus.</strong></span> 
     </span>
    </p>
   </div>
   <div class='ocr_carea' id='block_1_9' title="bbox 493 1437 2059 1512">
    <p class='ocr_par' dir='ltr' id='par_1_9' title="bbox 493 1437 2059 1512">
     <span class='ocr_line' id='line_1_9' title="bbox 493 1437 2059 1512; baseline -0.003 -16"><span class='ocrx_word' id='word_1_44' title='bbox 493 1440 847 1512; x_wconf 76' lang='lat' dir='ltr'><strong>Antiphonas</strong></span> <span class='ocrx_word' id='word_1_45' title='bbox 875 1455 1008 1493; x_wconf 92' lang='lat' dir='ltr'><strong>vero</strong></span> <span class='ocrx_word' id='word_1_46' title='bbox 1035 1454 1177 1510; x_wconf 87' lang='lat' dir='ltr'><strong>quas</strong></span> <span class='ocrx_word' id='word_1_47' title='bbox 1207 1437 1355 1493; x_wconf 90' lang='lat' dir='ltr'><strong>dulci</strong></span> <span class='ocrx_word' id='word_1_48' title='bbox 1382 1437 1689 1493; x_wconf 90' lang='lat' dir='ltr'><strong>cerimonia</strong></span> <span class='ocrx_word' id='word_1_49' title='bbox 1728 1437 1929 1508; x_wconf 84' lang='lat' dir='ltr'><strong>psallat</strong></span> <span class='ocrx_word' id='word_1_50' title='bbox 1956 1438 2059 1491; x_wconf 87' lang='lat' dir='ltr'><strong>Ec-</strong></span> 
     </span>
    </p>
   </div>
   <div class='ocr_carea' id='block_1_10' title="bbox 422 1531 2064 1590">
    <p class='ocr_par' dir='ltr' id='par_1_10' title="bbox 422 1531 2064 1590">
     <span class='ocr_line' id='line_1_10' title="bbox 422 1531 2064 1590; baseline -0.002 0"><span class='ocrx_word' id='word_1_51' title='bbox 422 1535 591 1590; x_wconf 90' lang='lat' dir='ltr'><strong>clesia</strong></span> <span class='ocrx_word' id='word_1_52' title='bbox 615 1534 749 1588; x_wconf 90' lang='lat' dir='ltr'><strong>hinc</strong></span> <span class='ocrx_word' id='word_1_53' title='bbox 789 1536 1088 1588; x_wconf 89' lang='lat' dir='ltr'><strong>traxerunt</strong></span> <span class='ocrx_word' id='word_1_54' title='bbox 1122 1531 1440 1587; x_wconf 83' lang='lat' dir='ltr'><strong>exordium.</strong></span> <span class='ocrx_word' id='word_1_55' title='bbox 1480 1533 1600 1587; x_wconf 81' lang='lat' dir='ltr'><strong>Rex</strong></span> <span class='ocrx_word' id='word_1_56' title='bbox 1632 1531 1893 1587; x_wconf 86' lang='lat' dir='ltr'><strong>Salomon</strong></span> <span class='ocrx_word' id='word_1_57' title='bbox 1931 1548 2064 1587; x_wconf 90' lang='lat' dir='ltr'><strong>cum</strong></span> 
     </span>
    </p>
   </div>
   <div class='ocr_carea' id='block_1_11' title="bbox 424 1625 2065 1695">
    <p class='ocr_par' dir='ltr' id='par_1_11' title="bbox 424 1625 2065 1695">
     <span class='ocr_line' id='line_1_11' title="bbox 424 1625 2065 1695; baseline -0.002 -12"><span class='ocrx_word' id='word_1_58' title='bbox 424 1629 658 1683; x_wconf 92' lang='lat' dir='ltr'><strong>domum</strong></span> <span class='ocrx_word' id='word_1_59' title='bbox 686 1626 1122 1682; x_wconf 86' lang='lat' dir='ltr'><strong>celeberrimum</strong></span> <span class='ocrx_word' id='word_1_60' title='bbox 1162 1626 1536 1695; x_wconf 81' lang='lat' dir='ltr'><strong>instruxisset,</strong></span> <span class='ocrx_word' id='word_1_61' title='bbox 1570 1625 1783 1680; x_wconf 86' lang='lat' dir='ltr'><strong>ibidem</strong></span> <span class='ocrx_word' id='word_1_62' title='bbox 1808 1628 2065 1680; x_wconf 87' lang='lat' dir='ltr'><strong>cantores</strong></span> 
     </span>
    </p>
   </div>
   <div class='ocr_carea' id='block_1_12' title="bbox 422 1718 2062 1792">
    <p class='ocr_par' dir='ltr' id='par_1_12' title="bbox 422 1718 2062 1792">
     <span class='ocr_line' id='line_1_12' title="bbox 422 1718 2062 1792; baseline -0.001 -16"><span class='ocrx_word' id='word_1_63' title='bbox 422 1721 687 1790; x_wconf 88' lang='lat' dir='ltr'><strong>instituit,</strong></span> <span class='ocrx_word' id='word_1_64' title='bbox 716 1720 813 1792; x_wconf 88' lang='lat' dir='ltr'><strong>qui</strong></span> <span class='ocrx_word' id='word_1_65' title='bbox 844 1736 977 1774; x_wconf 91' lang='lat' dir='ltr'><strong>cum</strong></span> <span class='ocrx_word' id='word_1_66' title='bbox 1005 1719 1240 1774; x_wconf 88' lang='lat' dir='ltr'><strong>diversis</strong></span> <span class='ocrx_word' id='word_1_67' title='bbox 1268 1719 1495 1790; x_wconf 78' lang='lat' dir='ltr'><strong>organis</strong></span> <span class='ocrx_word' id='word_1_68' title='bbox 1527 1718 1622 1773; x_wconf 89' lang='lat' dir='ltr'><strong>Dei</strong></span> <span class='ocrx_word' id='word_1_69' title='bbox 1648 1718 1936 1789; x_wconf 86' lang='lat' dir='ltr'><strong>magnalia</strong></span> <span class='ocrx_word' id='word_1_70' title='bbox 1962 1719 2062 1774; x_wconf 89' lang='lat' dir='ltr'><strong>de-</strong></span> 
     </span>
    </p>
   </div>
   <div class='ocr_carea' id='block_1_13' title="bbox 426 1812 2067 1885">
    <p class='ocr_par' dir='ltr' id='par_1_13' title="bbox 426 1812 2067 1885">
     <span class='ocr_line' id='line_1_13' title="bbox 426 1812 2067 1885; baseline -0.002 -16"><span class='ocrx_word' id='word_1_71' title='bbox 426 1817 739 1883; x_wconf 83' lang='lat' dir='ltr'><strong>cantarent,</strong></span> <span class='ocrx_word' id='word_1_72' title='bbox 760 1818 824 1868; x_wconf 89' lang='lat' dir='ltr'><strong>ut</strong></span> <span class='ocrx_word' id='word_1_73' title='bbox 853 1813 1000 1869; x_wconf 90' lang='lat' dir='ltr'><strong>inter</strong></span> <span class='ocrx_word' id='word_1_74' title='bbox 1020 1814 1241 1885; x_wconf 88' lang='lat' dir='ltr'><strong>reliqua</strong></span> <span class='ocrx_word' id='word_1_75' title='bbox 1265 1817 1598 1867; x_wconf 88' lang='lat' dir='ltr'><strong>ornamenta</strong></span> <span class='ocrx_word' id='word_1_76' title='bbox 1623 1828 1750 1884; x_wconf 68' lang='lat' dir='ltr'><strong>qua:</strong></span> <span class='ocrx_word' id='word_1_77' title='bbox 1771 1812 2067 1883; x_wconf 83' lang='lat' dir='ltr'><strong>fulgebant</strong></span> 
     </span>
    </p>
   </div>
   <div class='ocr_carea' id='block_1_14' title="bbox 424 1894 2067 1978">
    <p class='ocr_par' dir='ltr' id='par_1_14' title="bbox 424 1894 2067 1978">
     <span class='ocr_line' id='line_1_14' title="bbox 424 1894 2067 1978; baseline -0.001 -16"><span class='ocrx_word' id='word_1_78' title='bbox 424 1909 484 1962; x_wconf 92' lang='lat' dir='ltr'><strong>in</strong></span> <span class='ocrx_word' id='word_1_79' title='bbox 526 1908 758 1978; x_wconf 89' lang='lat' dir='ltr'><strong>templo,</strong></span> <span class='ocrx_word' id='word_1_80' title='bbox 792 1907 963 1962; x_wconf 90' lang='lat' dir='ltr'><strong>etiam</strong></span> <span class='ocrx_word' id='word_1_81' title='bbox 1002 1907 1195 1961; x_wconf 87' lang='lat' dir='ltr'><strong>divina</strong></span> <span class='ocrx_word' id='word_1_82' title='bbox 1234 1906 1457 1978; x_wconf 89' lang='lat' dir='ltr'><strong>eloquia</strong></span> <span class='ocrx_word' id='word_1_83' title='bbox 1496 1894 1646 1961; x_wconf 90' lang='lat' dir='ltr'><strong>dulci</strong></span> <span class='ocrx_word' id='word_1_84' title='bbox 1673 1906 2067 1976; x_wconf 84' lang='lat' dir='ltr'><strong>proferrentur</strong></span> 
     </span>
    </p>
   </div>
   <div class='ocr_carea' id='block_1_15' title="bbox 426 1998 2065 2073">
    <p class='ocr_par' dir='ltr' id='par_1_15' title="bbox 426 1998 2065 2073">
     <span class='ocr_line' id='line_1_15' title="bbox 426 1998 2065 2073; baseline -0.002 -17"><span class='ocrx_word' id='word_1_85' title='bbox 426 2001 671 2073; x_wconf 89' lang='lat' dir='ltr'><strong>eloquio,</strong></span> <span class='ocrx_word' id='word_1_86' title='bbox 709 2004 771 2055; x_wconf 92' lang='lat' dir='ltr'><strong>ut</strong></span> <span class='ocrx_word' id='word_1_87' title='bbox 800 2003 917 2055; x_wconf 87' lang='lat' dir='ltr'><strong>toto</strong></span> <span class='ocrx_word' id='word_1_88' title='bbox 971 1999 1113 2072; x_wconf 86' lang='lat' dir='ltr'><strong>[Leg.</strong></span> <span class='ocrx_word' id='word_1_89' title='bbox 1162 2000 1335 2072; x_wconf 84' lang='lat' dir='ltr'><strong>tanto]</strong></span> <span class='ocrx_word' id='word_1_90' title='bbox 1384 1999 1512 2070; x_wconf 88' lang='lat' dir='ltr'><strong>plus</strong></span> <span class='ocrx_word' id='word_1_91' title='bbox 1555 1998 1930 2053; x_wconf 88' lang='lat' dir='ltr'><strong>delectaretur</strong></span> <span class='ocrx_word' id='word_1_92' title='bbox 1966 1998 2065 2053; x_wconf 89' lang='lat' dir='ltr'><strong>Dei</strong></span> 
     </span>
    </p>
   </div>
   <div class='ocr_carea' id='block_1_16' title="bbox 423 2090 2061 2166">
    <p class='ocr_par' dir='ltr' id='par_1_16' title="bbox 423 2090 2061 2166">
     <span class='ocr_line' id='line_1_16' title="bbox 423 2090 2061 2166; baseline -0.001 -18"><span class='ocrx_word' id='word_1_93' title='bbox 423 2095 681 2165; x_wconf 83' lang='lat' dir='ltr'><strong>verbum,</strong></span> <span class='ocrx_word' id='word_1_94' title='bbox 710 2098 922 2166; x_wconf 88' lang='lat' dir='ltr'><strong>quanto</strong></span> <span class='ocrx_word' id='word_1_95' title='bbox 948 2093 1259 2165; x_wconf 87' lang='lat' dir='ltr'><strong>elegantius</strong></span> <span class='ocrx_word' id='word_1_96' title='bbox 1299 2090 1620 2147; x_wconf 89' lang='lat' dir='ltr'><strong>volvebatur</strong></span> <span class='ocrx_word' id='word_1_97' title='bbox 1654 2090 1802 2145; x_wconf 88' lang='lat' dir='ltr'><strong>vocis</strong></span> <span class='ocrx_word' id='word_1_98' title='bbox 1839 2096 2061 2147; x_wconf 90' lang='lat' dir='ltr'><strong>ornatu.</strong></span> 
     </span>
    </p>
   </div>
   <div class='ocr_carea' id='block_1_17' title="bbox 423 2184 2067 2259">
    <p class='ocr_par' dir='ltr' id='par_1_17' title="bbox 423 2184 2067 2259">
     <span class='ocr_line' id='line_1_17' title="bbox 423 2184 2067 2259; baseline -0.002 -16"><span class='ocrx_word' id='word_1_99' title='bbox 423 2190 657 2259; x_wconf 88' lang='lat' dir='ltr'><strong>Propter</strong></span> <span class='ocrx_word' id='word_1_100' title='bbox 704 2186 943 2242; x_wconf 87' lang='lat' dir='ltr'><strong>carnalis</strong></span> <span class='ocrx_word' id='word_1_101' title='bbox 995 2202 1243 2258; x_wconf 89' lang='lat' dir='ltr'><strong>namque</strong></span> <span class='ocrx_word' id='word_1_102' title='bbox 1290 2185 1349 2239; x_wconf 92' lang='lat' dir='ltr'><strong>in</strong></span> <span class='ocrx_word' id='word_1_103' title='bbox 1394 2184 1626 2240; x_wconf 88' lang='lat' dir='ltr'><strong>ecclesia</strong></span> <span class='ocrx_word' id='word_1_104' title='bbox 1673 2200 1788 2239; x_wconf 90' lang='lat' dir='ltr'><strong>non</strong></span> <span class='ocrx_word' id='word_1_105' title='bbox 1834 2190 2067 2257; x_wconf 87' lang='lat' dir='ltr'><strong>propter</strong></span> 
     </span>
    </p>
   </div>
   <div class='ocr_carea' id='block_1_18' title="bbox 424 2278 2067 2353">
    <p class='ocr_par' dir='ltr' id='par_1_18' title="bbox 424 2278 2067 2353">
     <span class='ocr_line' id='line_1_18' title="bbox 424 2278 2067 2353; baseline -0.002 -17"><span class='ocrx_word' id='word_1_106' title='bbox 424 2281 725 2353; x_wconf 89' lang='lat' dir='ltr'><strong>spiritualis</strong></span> <span class='ocrx_word' id='word_1_107' title='bbox 755 2280 1103 2335; x_wconf 89' lang='lat' dir='ltr'><strong>consuetudo</strong></span> <span class='ocrx_word' id='word_1_108' title='bbox 1133 2286 1216 2335; x_wconf 91' lang='lat' dir='ltr'><strong>est</strong></span> <span class='ocrx_word' id='word_1_109' title='bbox 1244 2279 1547 2333; x_wconf 87' lang='lat' dir='ltr'><strong>constituta</strong></span> <span class='ocrx_word' id='word_1_110' title='bbox 1572 2278 1857 2345; x_wconf 87' lang='lat' dir='ltr'><strong>cantandi,</strong></span> <span class='ocrx_word' id='word_1_111' title='bbox 1890 2283 1956 2333; x_wconf 89' lang='lat' dir='ltr'><strong>ut</strong></span> <span class='ocrx_word' id='word_1_112' title='bbox 1968 2279 2067 2351; x_wconf 88' lang='lat' dir='ltr'><strong>qui</strong></span> 
     </span>
    </p>
   </div>
   <div class='ocr_carea' id='block_1_19' title="bbox 422 2371 2064 2445">
    <p class='ocr_par' dir='ltr' id='par_1_19' title="bbox 422 2371 2064 2445">
     <span class='ocr_line' id='line_1_19' title="bbox 422 2371 2064 2445; baseline -0.002 -15"><span class='ocrx_word' id='word_1_113' title='bbox 422 2375 606 2430; x_wconf 88' lang='lat' dir='ltr'><strong>verbis</strong></span> <span class='ocrx_word' id='word_1_114' title='bbox 644 2391 761 2429; x_wconf 91' lang='lat' dir='ltr'><strong>non</strong></span> <span class='ocrx_word' id='word_1_115' title='bbox 806 2378 1294 2445; x_wconf 88' lang='lat' dir='ltr'><strong>compunguntur,</strong></span> <span class='ocrx_word' id='word_1_116' title='bbox 1352 2372 1624 2426; x_wconf 87' lang='lat' dir='ltr'><strong>suavitate</strong></span> <span class='ocrx_word' id='word_1_117' title='bbox 1672 2371 2064 2426; x_wconf 89' lang='lat' dir='ltr'><strong>modolaminis</strong></span> 
     </span>
    </p>
   </div>
   <div class='ocr_carea' id='block_1_20' title="bbox 423 2465 2067 2539">
    <p class='ocr_par' dir='ltr' id='par_1_20' title="bbox 423 2465 2067 2539">
     <span class='ocr_line' id='line_1_20' title="bbox 423 2465 2067 2539; baseline -0.002 -16"><span class='ocrx_word' id='word_1_118' title='bbox 423 2472 777 2537; x_wconf 84' lang='lat' dir='ltr'><strong>moveantur,</strong></span> <span class='ocrx_word' id='word_1_119' title='bbox 818 2470 1119 2539; x_wconf 86' lang='lat' dir='ltr'><strong>pensantes</strong></span> <span class='ocrx_word' id='word_1_120' title='bbox 1157 2470 1371 2538; x_wconf 88' lang='lat' dir='ltr'><strong>quanta</strong></span> <span class='ocrx_word' id='word_1_121' title='bbox 1417 2466 1489 2520; x_wconf 88' lang='lat' dir='ltr'><strong>sit</strong></span> <span class='ocrx_word' id='word_1_122' title='bbox 1546 2465 1782 2520; x_wconf 89' lang='lat' dir='ltr'><strong>dulcedo</strong></span> <span class='ocrx_word' id='word_1_123' title='bbox 1835 2466 2067 2520; x_wconf 79' lang='lat' dir='ltr'><strong>caelestis</strong></span> 
     </span>
    </p>
   </div>
   <div class='ocr_carea' id='block_1_21' title="bbox 424 2558 2069 2633">
    <p class='ocr_par' dir='ltr' id='par_1_21' title="bbox 424 2558 2069 2633">
     <span class='ocr_line' id='line_1_21' title="bbox 424 2558 2069 2633; baseline -0.003 -15"><span class='ocrx_word' id='word_1_124' title='bbox 424 2562 645 2631; x_wconf 86' lang='lat' dir='ltr'><strong>cantici,</strong></span> <span class='ocrx_word' id='word_1_125' title='bbox 675 2562 900 2633; x_wconf 90' lang='lat' dir='ltr'><strong>quando</strong></span> <span class='ocrx_word' id='word_1_126' title='bbox 930 2560 990 2615; x_wconf 91' lang='lat' dir='ltr'><strong>in</strong></span> <span class='ocrx_word' id='word_1_127' title='bbox 1019 2560 1264 2615; x_wconf 89' lang='lat' dir='ltr'><strong>incolatu</strong></span> <span class='ocrx_word' id='word_1_128' title='bbox 1293 2559 1464 2630; x_wconf 88' lang='lat' dir='ltr'><strong>hujus</strong></span> <span class='ocrx_word' id='word_1_129' title='bbox 1490 2559 1679 2613; x_wconf 58' lang='lat' dir='ltr'><strong>saeculi</strong></span> <span class='ocrx_word' id='word_1_130' title='bbox 1699 2562 1817 2613; x_wconf 89' lang='lat' dir='ltr'><strong>tam</strong></span> <span class='ocrx_word' id='word_1_131' title='bbox 1844 2558 2069 2629; x_wconf 86' lang='lat' dir='ltr'><strong>elegan-</strong></span> 
     </span>
    </p>
   </div>
   <div class='ocr_carea' id='block_1_22' title="bbox 426 2651 2068 2724">
    <p class='ocr_par' dir='ltr' id='par_1_22' title="bbox 426 2651 2068 2724">
     <span class='ocr_line' id='line_1_22' title="bbox 426 2651 2068 2724; baseline -0.002 -13"><span class='ocrx_word' id='word_1_132' title='bbox 426 2660 513 2711; x_wconf 88' lang='lat' dir='ltr'><strong>ter</strong></span> <span class='ocrx_word' id='word_1_133' title='bbox 540 2658 767 2711; x_wconf 88' lang='lat' dir='ltr'><strong>resonat</strong></span> <span class='ocrx_word' id='word_1_134' title='bbox 791 2654 1032 2709; x_wconf 87' lang='lat' dir='ltr'><strong>Ecclesia</strong></span> <span class='ocrx_word' id='word_1_135' title='bbox 1057 2654 1251 2707; x_wconf 89' lang='lat' dir='ltr'><strong>Iaudes</strong></span> <span class='ocrx_word' id='word_1_136' title='bbox 1269 2653 1497 2707; x_wconf 87' lang='lat' dir='ltr'><strong>Christi.</strong></span> <span class='ocrx_word' id='word_1_137' title='bbox 1527 2651 1851 2724; x_wconf 87' lang='lat' dir='ltr'><strong>Antiphona</strong></span> <span class='ocrx_word' id='word_1_138' title='bbox 1874 2656 2068 2707; x_wconf 89' lang='lat' dir='ltr'><strong>autem</strong></span> 
     </span>
    </p>
   </div>
   <div class='ocr_carea' id='block_1_23' title="bbox 426 2746 2069 2820">
    <p class='ocr_par' dir='ltr' id='par_1_23' title="bbox 426 2746 2069 2820">
     <span class='ocr_line' id='line_1_23' title="bbox 426 2746 2069 2820; baseline -0.002 -16"><span class='ocrx_word' id='word_1_139' title='bbox 426 2749 575 2805; x_wconf 83' lang='lat' dir='ltr'><strong>dicta</strong></span> <span class='ocrx_word' id='word_1_140' title='bbox 626 2749 760 2820; x_wconf 88' lang='lat' dir='ltr'><strong>quia</strong></span> <span class='ocrx_word' id='word_1_141' title='bbox 801 2749 961 2819; x_wconf 91' lang='lat' dir='ltr'><strong>prius</strong></span> <span class='ocrx_word' id='word_1_142' title='bbox 999 2747 1119 2819; x_wconf 90' lang='lat' dir='ltr'><strong>ipsa</strong></span> <span class='ocrx_word' id='word_1_143' title='bbox 1155 2746 1543 2817; x_wconf 88' lang='lat' dir='ltr'><strong>anteponitur,</strong></span> <span class='ocrx_word' id='word_1_144' title='bbox 1586 2751 1643 2800; x_wconf 94' lang='lat' dir='ltr'><strong>et</strong></span> <span class='ocrx_word' id='word_1_145' title='bbox 1695 2746 1772 2799; x_wconf 90' lang='lat' dir='ltr'><strong>sic</strong></span> <span class='ocrx_word' id='word_1_146' title='bbox 1826 2750 2069 2816; x_wconf 89' lang='lat' dir='ltr'><strong>ponetur</strong></span> 
     </span>
    </p>
   </div>
   <div class='ocr_carea' id='block_1_24' title="bbox 426 2839 2065 2915">
    <p class='ocr_par' dir='ltr' id='par_1_24' title="bbox 426 2839 2065 2915">
     <span class='ocr_line' id='line_1_24' title="bbox 426 2839 2065 2915; baseline -0.002 -18"><span class='ocrx_word' id='word_1_147' title='bbox 426 2842 630 2915; x_wconf 89' lang='lat' dir='ltr'><strong>psalmi</strong></span> <span class='ocrx_word' id='word_1_148' title='bbox 656 2842 1017 2909; x_wconf 88' lang='lat' dir='ltr'><strong>versiculum,</strong></span> <span class='ocrx_word' id='word_1_149' title='bbox 1046 2857 1176 2895; x_wconf 89' lang='lat' dir='ltr'><strong>cum</strong></span> <span class='ocrx_word' id='word_1_150' title='bbox 1205 2841 1383 2913; x_wconf 80' lang='lat' dir='ltr'><strong>gloria</strong></span> <span class='ocrx_word' id='word_1_151' title='bbox 1401 2839 1688 2894; x_wconf 88' lang='lat' dir='ltr'><strong>Trinitatis</strong></span> <span class='ocrx_word' id='word_1_152' title='bbox 1714 2839 2065 2908; x_wconf 89' lang='lat' dir='ltr'><strong>adnectetur,</strong></span> 
     </span>
    </p>
   </div>
   <div class='ocr_carea' id='block_1_25' title="bbox 427 2934 2067 3007">
    <p class='ocr_par' dir='ltr' id='par_1_25' title="bbox 427 2934 2067 3007">
     <span class='ocr_line' id='line_1_25' title="bbox 427 2934 2067 3007; baseline -0.001 -17"><span class='ocrx_word' id='word_1_153' title='bbox 427 2952 672 3007; x_wconf 91' lang='lat' dir='ltr'><strong>quarum</strong></span> <span class='ocrx_word' id='word_1_154' title='bbox 712 2938 989 3007; x_wconf 91' lang='lat' dir='ltr'><strong>quaterna</strong></span> <span class='ocrx_word' id='word_1_155' title='bbox 1029 2937 1164 2988; x_wconf 90' lang='lat' dir='ltr'><strong>sunt</strong></span> <span class='ocrx_word' id='word_1_156' title='bbox 1210 2949 1440 3005; x_wconf 91' lang='lat' dir='ltr'><strong>genera,</strong></span> <span class='ocrx_word' id='word_1_157' title='bbox 1469 2949 1684 3004; x_wconf 86' lang='lat' dir='ltr'><strong>organo</strong></span> <span class='ocrx_word' id='word_1_158' title='bbox 1714 2949 1784 2987; x_wconf 89' lang='lat' dir='ltr'><strong>ex</strong></span> <span class='ocrx_word' id='word_1_159' title='bbox 1816 2934 2067 3004; x_wconf 83' lang='lat' dir='ltr'><strong>prophe-</strong></span> 
     </span>
    </p>
   </div>
   <div class='ocr_carea' id='block_1_26' title="bbox 430 3026 2066 3100">
    <p class='ocr_par' dir='ltr' id='par_1_26' title="bbox 430 3026 2066 3100">
     <span class='ocr_line' id='line_1_26' title="bbox 430 3026 2066 3100; baseline -0.002 -16"><span class='ocrx_word' id='word_1_160' title='bbox 430 3029 561 3099; x_wconf 85' lang='lat' dir='ltr'><strong>tico,</strong></span> <span class='ocrx_word' id='word_1_161' title='bbox 589 3033 859 3100; x_wconf 86' lang='lat' dir='ltr'><strong>tympano</strong></span> <span class='ocrx_word' id='word_1_162' title='bbox 887 3045 957 3084; x_wconf 88' lang='lat' dir='ltr'><strong>ex</strong></span> <span class='ocrx_word' id='word_1_163' title='bbox 998 3028 1275 3099; x_wconf 81' lang='lat' dir='ltr'><strong>evangelii</strong></span> <span class='ocrx_word' id='word_1_164' title='bbox 1303 3044 1459 3081; x_wconf 90' lang='lat' dir='ltr'><strong>sacro</strong></span> <span class='ocrx_word' id='word_1_165' title='bbox 1495 3027 1766 3096; x_wconf 89' lang='lat' dir='ltr'><strong>tonitruo,</strong></span> <span class='ocrx_word' id='word_1_166' title='bbox 1796 3026 1883 3081; x_wconf 85' lang='lat' dir='ltr'><strong>vel</strong></span> <span class='ocrx_word' id='word_1_167' title='bbox 1910 3043 2066 3080; x_wconf 88' lang='lat' dir='ltr'><strong>com-</strong></span> 
     </span>
    </p>
   </div>
   <div class='ocr_carea' id='block_1_27' title="bbox 430 3120 2070 3195">
    <p class='ocr_par' dir='ltr' id='par_1_27' title="bbox 430 3120 2070 3195">
     <span class='ocr_line' id='line_1_27' title="bbox 430 3120 2070 3195; baseline -0.002 -17"><span class='ocrx_word' id='word_1_168' title='bbox 430 3122 687 3194; x_wconf 87' lang='lat' dir='ltr'><strong>passione</strong></span> <span class='ocrx_word' id='word_1_169' title='bbox 735 3121 878 3195; x_wconf 81' lang='lat' dir='ltr'><strong>[Leg.</strong></span> <span class='ocrx_word' id='word_1_170' title='bbox 923 3120 1348 3193; x_wconf 88' lang='lat' dir='ltr'><strong>compositione]</strong></span> <span class='ocrx_word' id='word_1_171' title='bbox 1391 3120 1802 3175; x_wconf 88' lang='lat' dir='ltr'><strong>catholicorum</strong></span> <span class='ocrx_word' id='word_1_172' title='bbox 1836 3121 2070 3174; x_wconf 87' lang='lat' dir='ltr'><strong>Patrum</strong></span> 
     </span>
    </p>
   </div>
   <div class='ocr_carea' id='block_1_28' title="bbox 430 3213 2065 3288">
    <p class='ocr_par' dir='ltr' id='par_1_28' title="bbox 430 3213 2065 3288">
     <span class='ocr_line' id='line_1_28' title="bbox 430 3213 2065 3288; baseline -0.002 -18"><span class='ocrx_word' id='word_1_173' title='bbox 430 3233 535 3288; x_wconf 94' lang='lat' dir='ltr'><strong>pro</strong></span> <span class='ocrx_word' id='word_1_174' title='bbox 590 3216 788 3272; x_wconf 85' lang='lat' dir='ltr'><strong>ordine</strong></span> <span class='ocrx_word' id='word_1_175' title='bbox 838 3221 1184 3287; x_wconf 88' lang='lat' dir='ltr'><strong>temporum,</strong></span> <span class='ocrx_word' id='word_1_176' title='bbox 1236 3215 1324 3269; x_wconf 88' lang='lat' dir='ltr'><strong>vel</strong></span> <span class='ocrx_word' id='word_1_177' title='bbox 1372 3214 1748 3285; x_wconf 88' lang='lat' dir='ltr'><strong>deprecando,</strong></span> <span class='ocrx_word' id='word_1_178' title='bbox 1803 3213 1891 3268; x_wconf 88' lang='lat' dir='ltr'><strong>vel</strong></span> <span class='ocrx_word' id='word_1_179' title='bbox 1932 3230 2065 3267; x_wconf 90' lang='lat' dir='ltr'><strong>nar-</strong></span> 
     </span>
    </p>
   </div>
   <div class='ocr_carea' id='block_1_29' title="bbox 430 3307 2067 3381">
    <p class='ocr_par' dir='ltr' id='par_1_29' title="bbox 430 3307 2067 3381">
     <span class='ocr_line' id='line_1_29' title="bbox 430 3307 2067 3381; baseline -0.003 -17"><span class='ocrx_word' id='word_1_180' title='bbox 430 3310 610 3364; x_wconf 90' lang='lat' dir='ltr'><strong>rando</strong></span> <span class='ocrx_word' id='word_1_181' title='bbox 660 3310 749 3364; x_wconf 88' lang='lat' dir='ltr'><strong>vel</strong></span> <span class='ocrx_word' id='word_1_182' title='bbox 806 3309 1000 3364; x_wconf 89' lang='lat' dir='ltr'><strong>laudes</strong></span> <span class='ocrx_word' id='word_1_183' title='bbox 1058 3308 1278 3363; x_wconf 89' lang='lat' dir='ltr'><strong>divinas</strong></span> <span class='ocrx_word' id='word_1_184' title='bbox 1336 3307 1771 3381; x_wconf 83' lang='lat' dir='ltr'><strong>tympanizando</strong></span> <span class='ocrx_word' id='word_1_185' title='bbox 1835 3322 2067 3378; x_wconf 79' lang='lat' dir='ltr'><strong>compo-</strong></span> 
     </span>
    </p>
   </div>
   <div class='ocr_carea' id='block_1_30' title="bbox 434 3402 578 3457">
    <p class='ocr_par' dir='ltr' id='par_1_30' title="bbox 434 3402 578 3457">
     <span class='ocr_line' id='line_1_30' title="bbox 434 3402 578 3457; baseline 0.014 -2"><span class='ocrx_word' id='word_1_186' title='bbox 434 3402 578 3457; x_wconf 69' lang='lat' dir='ltr'><strong>sitae.</strong></span> 
     </span>
    </p>
   </div>
   <div class='ocr_carea' id='block_1_31' title="bbox 505 3520 2071 3595">
    <p class='ocr_par' dir='ltr' id='par_1_31' title="bbox 505 3520 2071 3595">
     <span class='ocr_line' id='line_1_31' title="bbox 505 3520 2071 3595; baseline -0.003 -16"><span class='ocrx_word' id='word_1_187' title='bbox 505 3521 882 3595; x_wconf 82' lang='lat' dir='ltr'><strong>Responsoria</strong></span> <span class='ocrx_word' id='word_1_188' title='bbox 921 3539 1052 3578; x_wconf 91' lang='lat' dir='ltr'><strong>vero</strong></span> <span class='ocrx_word' id='word_1_189' title='bbox 1086 3539 1215 3595; x_wconf 64' lang='lat' dir='ltr'><strong>quae</strong></span> <span class='ocrx_word' id='word_1_190' title='bbox 1254 3523 1312 3578; x_wconf 91' lang='lat' dir='ltr'><strong>in</strong></span> <span class='ocrx_word' id='word_1_191' title='bbox 1358 3522 1561 3579; x_wconf 86' lang='lat' dir='ltr'><strong>divinis</strong></span> <span class='ocrx_word' id='word_1_192' title='bbox 1599 3520 1796 3577; x_wconf 87' lang='lat' dir='ltr'><strong>ofﬁciis</strong></span> <span class='ocrx_word' id='word_1_193' title='bbox 1837 3520 1927 3576; x_wconf 91' lang='lat' dir='ltr'><strong>die</strong></span> <span class='ocrx_word' id='word_1_194' title='bbox 1972 3525 2071 3576; x_wconf 88' lang='lat' dir='ltr'><strong>aut</strong></span> 
     </span>
    </p>
   </div>
   <div class='ocr_carea' id='block_1_32' title="bbox 431 3614 2068 3688">
    <p class='ocr_par' dir='ltr' id='par_1_32' title="bbox 431 3614 2068 3688">
     <span class='ocr_line' id='line_1_32' title="bbox 431 3614 2068 3688; baseline -0.003 -16"><span class='ocrx_word' id='word_1_195' title='bbox 431 3621 594 3672; x_wconf 90' lang='lat' dir='ltr'><strong>nocte</strong></span> <span class='ocrx_word' id='word_1_196' title='bbox 611 3619 933 3687; x_wconf 89' lang='lat' dir='ltr'><strong>cantantur,</strong></span> <span class='ocrx_word' id='word_1_197' title='bbox 952 3617 1021 3671; x_wconf 93' lang='lat' dir='ltr'><strong>de</strong></span> <span class='ocrx_word' id='word_1_198' title='bbox 1046 3617 1424 3673; x_wconf 87' lang='lat' dir='ltr'><strong>Pentateucho</strong></span> <span class='ocrx_word' id='word_1_199' title='bbox 1444 3616 1615 3688; x_wconf 83' lang='lat' dir='ltr'><strong>Moysi</strong></span> <span class='ocrx_word' id='word_1_200' title='bbox 1641 3617 1929 3671; x_wconf 89' lang='lat' dir='ltr'><strong>duxerunt</strong></span> <span class='ocrx_word' id='word_1_201' title='bbox 1952 3614 2068 3668; x_wconf 91' lang='lat' dir='ltr'><strong>ori-</strong></span> 
     </span>
    </p>
   </div>
   <div class='ocr_carea' id='block_1_33' title="bbox 434 3697 2147 3783">
    <p class='ocr_par' dir='ltr' id='par_1_33' title="bbox 434 3697 2147 3783">
     <span class='ocr_line' id='line_1_33' title="bbox 434 3697 2147 3783; baseline -0.002 -18"><span class='ocrx_word' id='word_1_202' title='bbox 434 3711 646 3783; x_wconf 89' lang='lat' dir='ltr'><strong>ginem,</strong></span> <span class='ocrx_word' id='word_1_203' title='bbox 680 3710 907 3782; x_wconf 91' lang='lat' dir='ltr'><strong>quando</strong></span> <span class='ocrx_word' id='word_1_204' title='bbox 951 3710 1240 3766; x_wconf 88' lang='lat' dir='ltr'><strong>Pharaone</strong></span> <span class='ocrx_word' id='word_1_205' title='bbox 1259 3711 1572 3779; x_wconf 89' lang='lat' dir='ltr'><strong>submerso,</strong></span> <span class='ocrx_word' id='word_1_206' title='bbox 1617 3708 1785 3765; x_wconf 82' lang='lat' dir='ltr'><strong>Maria</strong></span> <span class='ocrx_word' id='word_1_207' title='bbox 1829 3697 2147 3780; x_wconf 85' lang='lat' dir='ltr'><strong>prophe-C</strong></span> 
     </span>
    </p>
   </div>
   <div class='ocr_carea' id='block_1_34' title="bbox 432 3801 2074 3877">
    <p class='ocr_par' dir='ltr' id='par_1_34' title="bbox 432 3801 2074 3877">
     <span class='ocr_line' id='line_1_34' title="bbox 432 3801 2074 3877; baseline -0.001 -18"><span class='ocrx_word' id='word_1_208' title='bbox 432 3804 567 3859; x_wconf 91' lang='lat' dir='ltr'><strong>tissa</strong></span> <span class='ocrx_word' id='word_1_209' title='bbox 615 3820 845 3859; x_wconf 88' lang='lat' dir='ltr'><strong>sumens</strong></span> <span class='ocrx_word' id='word_1_210' title='bbox 890 3807 1248 3877; x_wconf 88' lang='lat' dir='ltr'><strong>tympanum,</strong></span> <span class='ocrx_word' id='word_1_211' title='bbox 1289 3804 1632 3877; x_wconf 75' lang='lat' dir='ltr'><strong>praecinebat</strong></span> <span class='ocrx_word' id='word_1_212' title='bbox 1668 3801 1970 3872; x_wconf 88' lang='lat' dir='ltr'><strong>canticum,</strong></span> <span class='ocrx_word' id='word_1_213' title='bbox 2015 3806 2074 3857; x_wconf 90' lang='lat' dir='ltr'><strong>et</strong></span> 
     </span>
    </p>
   </div>
   <div class='ocr_carea' id='block_1_35' title="bbox 432 3897 2072 3971">
    <p class='ocr_par' dir='ltr' id='par_1_35' title="bbox 432 3897 2072 3971">
     <span class='ocr_line' id='line_1_35' title="bbox 432 3897 2072 3971; baseline -0.002 -18"><span class='ocrx_word' id='word_1_214' title='bbox 432 3898 807 3970; x_wconf 87' lang='lat' dir='ltr'><strong>respondebat</strong></span> <span class='ocrx_word' id='word_1_215' title='bbox 834 3899 1078 3971; x_wconf 89' lang='lat' dir='ltr'><strong>p0pulus</strong></span> <span class='ocrx_word' id='word_1_216' title='bbox 1098 3899 1377 3954; x_wconf 88' lang='lat' dir='ltr'><strong>adunatus</strong></span> <span class='ocrx_word' id='word_1_217' title='bbox 1392 3898 1452 3953; x_wconf 93' lang='lat' dir='ltr'><strong>in</strong></span> <span class='ocrx_word' id='word_1_218' title='bbox 1471 3898 1664 3953; x_wconf 92' lang='lat' dir='ltr'><strong>choro.</strong></span> <span class='ocrx_word' id='word_1_219' title='bbox 1697 3897 1911 3951; x_wconf 85' lang='lat' dir='ltr'><strong>Horum</strong></span> <span class='ocrx_word' id='word_1_220' title='bbox 1939 3912 2072 3950; x_wconf 92' lang='lat' dir='ltr'><strong>vero</strong></span> 
     </span>
    </p>
   </div>
   <div class='ocr_carea' id='block_1_36' title="bbox 433 3990 2070 4065">
    <p class='ocr_par' dir='ltr' id='par_1_36' title="bbox 433 3990 2070 4065">
     <span class='ocr_line' id='line_1_36' title="bbox 433 3990 2070 4065; baseline -0.002 -18"><span class='ocrx_word' id='word_1_221' title='bbox 433 3996 711 4065; x_wconf 86' lang='lat' dir='ltr'><strong>quaterna</strong></span> <span class='ocrx_word' id='word_1_222' title='bbox 756 3993 900 4047; x_wconf 87' lang='lat' dir='ltr'><strong>ratio</strong></span> <span class='ocrx_word' id='word_1_223' title='bbox 942 3997 1178 4061; x_wconf 89' lang='lat' dir='ltr'><strong>constat,</strong></span> <span class='ocrx_word' id='word_1_224' title='bbox 1210 3993 1355 4046; x_wconf 89' lang='lat' dir='ltr'><strong>sicut</strong></span> <span class='ocrx_word' id='word_1_225' title='bbox 1392 3992 1461 4046; x_wconf 93' lang='lat' dir='ltr'><strong>de</strong></span> <span class='ocrx_word' id='word_1_226' title='bbox 1504 3990 1935 4061; x_wconf 83' lang='lat' dir='ltr'><strong>Antiphonabus</strong></span> <span class='ocrx_word' id='word_1_227' title='bbox 1973 4005 2070 4043; x_wconf 89' lang='lat' dir='ltr'><strong>su-</strong></span> 
     </span>
    </p>
   </div>
   <div class='ocr_carea' id='block_1_37' title="bbox 431 4083 2075 4158">
    <p class='ocr_par' dir='ltr' id='par_1_37' title="bbox 431 4083 2075 4158">
     <span class='ocr_line' id='line_1_37' title="bbox 431 4083 2075 4158; baseline -0.002 -17"><span class='ocrx_word' id='word_1_228' title='bbox 431 4085 625 4158; x_wconf 89' lang='lat' dir='ltr'><strong>perius</strong></span> <span class='ocrx_word' id='word_1_229' title='bbox 649 4086 991 4142; x_wconf 89' lang='lat' dir='ltr'><strong>continetur.</strong></span> <span class='ocrx_word' id='word_1_230' title='bbox 1013 4085 1369 4141; x_wconf 85' lang='lat' dir='ltr'><strong>Consuetudo</strong></span> <span class='ocrx_word' id='word_1_231' title='bbox 1393 4083 1744 4156; x_wconf 65' lang='lat' dir='ltr'><strong>praecinendi</strong></span> <span class='ocrx_word' id='word_1_232' title='bbox 1763 4087 1821 4138; x_wconf 91' lang='lat' dir='ltr'><strong>et</strong></span> <span class='ocrx_word' id='word_1_233' title='bbox 1843 4099 2075 4154; x_wconf 87' lang='lat' dir='ltr'><strong>respon-</strong></span> 
     </span>
    </p>
   </div>
   <div class='ocr_carea' id='block_1_38' title="bbox 433 4176 2075 4244">
    <p class='ocr_par' dir='ltr' id='par_1_38' title="bbox 433 4176 2075 4244">
     <span class='ocr_line' id='line_1_38' title="bbox 433 4176 2075 4244; baseline -0.002 -10"><span class='ocrx_word' id='word_1_234' title='bbox 433 4179 605 4235; x_wconf 91' lang='lat' dir='ltr'><strong>dendi</strong></span> <span class='ocrx_word' id='word_1_235' title='bbox 631 4196 748 4235; x_wconf 92' lang='lat' dir='ltr'><strong>non</strong></span> <span class='ocrx_word' id='word_1_236' title='bbox 785 4181 970 4235; x_wconf 90' lang='lat' dir='ltr'><strong>solum</strong></span> <span class='ocrx_word' id='word_1_237' title='bbox 1008 4180 1080 4234; x_wconf 93' lang='lat' dir='ltr'><strong>ad</strong></span> <span class='ocrx_word' id='word_1_238' title='bbox 1120 4194 1276 4233; x_wconf 89' lang='lat' dir='ltr'><strong>mare</strong></span> <span class='ocrx_word' id='word_1_239' title='bbox 1318 4178 1597 4244; x_wconf 84' lang='lat' dir='ltr'><strong>Rubrum,</strong></span> <span class='ocrx_word' id='word_1_240' title='bbox 1641 4176 1740 4231; x_wconf 90' lang='lat' dir='ltr'><strong>sed</strong></span> <span class='ocrx_word' id='word_1_241' title='bbox 1777 4176 1838 4231; x_wconf 92' lang='lat' dir='ltr'><strong>in</strong></span> <span class='ocrx_word' id='word_1_242' title='bbox 1881 4176 2075 4231; x_wconf 88' lang='lat' dir='ltr'><strong>multis</strong></span> 
     </span>
    </p>
   </div>
   <div class='ocr_carea' id='block_1_39' title="bbox 434 4269 2076 4347">
    <p class='ocr_par' dir='ltr' id='par_1_39' title="bbox 434 4269 2076 4347">
     <span class='ocr_line' id='line_1_39' title="bbox 434 4269 2076 4347; baseline -0.004 -18"><span class='ocrx_word' id='word_1_243' title='bbox 434 4273 760 4329; x_wconf 68' lang='lat' dir='ltr'><strong>Ebraaorum</strong></span> <span class='ocrx_word' id='word_1_244' title='bbox 818 4273 1082 4347; x_wconf 89' lang='lat' dir='ltr'><strong>gentibus</strong></span> <span class='ocrx_word' id='word_1_245' title='bbox 1147 4270 1568 4341; x_wconf 90' lang='lat' dir='ltr'><strong>comprobatur,</strong></span> <span class='ocrx_word' id='word_1_246' title='bbox 1634 4269 1788 4340; x_wconf 91' lang='lat' dir='ltr'><strong>quod</strong></span> <span class='ocrx_word' id='word_1_247' title='bbox 1845 4269 2076 4341; x_wconf 91' lang='lat' dir='ltr'><strong>plenius</strong></span> 
     </span>
    </p>
   </div>
   <div class='ocr_carea' id='block_1_40' title="bbox 433 4364 1518 4424">
    <p class='ocr_par' dir='ltr' id='par_1_40' title="bbox 433 4364 1518 4424">
     <span class='ocr_line' id='line_1_40' title="bbox 433 4364 1518 4424; baseline -0.004 -3"><span class='ocrx_word' id='word_1_248' title='bbox 433 4368 647 4424; x_wconf 87' lang='lat' dir='ltr'><strong>Veteris</strong></span> <span class='ocrx_word' id='word_1_249' title='bbox 673 4366 1014 4423; x_wconf 82' lang='lat' dir='ltr'><strong>Testamenti</strong></span> <span class='ocrx_word' id='word_1_250' title='bbox 1041 4369 1235 4420; x_wconf 89' lang='lat' dir='ltr'><strong>narrat</strong></span> <span class='ocrx_word' id='word_1_251' title='bbox 1261 4364 1518 4418; x_wconf 88' lang='lat' dir='ltr'><strong>historia.</strong></span> 
     </span>
    </p>
   </div>
   <div class='ocr_carea' id='block_1_41' title="bbox 506 4478 2073 4551">
    <p class='ocr_par' dir='ltr' id='par_1_41' title="bbox 506 4478 2073 4551">
     <span class='ocr_line' id='line_1_41' title="bbox 506 4478 2073 4551; baseline -0.004 -11"><span class='ocrx_word' id='word_1_252' title='bbox 506 4485 741 4540; x_wconf 89' lang='lat' dir='ltr'><strong>Sanctus</strong></span> <span class='ocrx_word' id='word_1_253' title='bbox 793 4484 939 4538; x_wconf 90' lang='lat' dir='ltr'><strong>Deus</strong></span> <span class='ocrx_word' id='word_1_254' title='bbox 989 4480 1460 4551; x_wconf 87' lang='lat' dir='ltr'><strong>archangelorum</strong></span> <span class='ocrx_word' id='word_1_255' title='bbox 1521 4478 1582 4533; x_wconf 92' lang='lat' dir='ltr'><strong>in</strong></span> <span class='ocrx_word' id='word_1_256' title='bbox 1638 4478 2073 4551; x_wconf 89' lang='lat' dir='ltr'><strong>quadragesimo</strong></span> 
     </span>
    </p>
   </div>
   <div class='ocr_carea' id='block_1_42' title="bbox 436 4571 2077 4649">
    <p class='ocr_par' dir='ltr' id='par_1_42' title="bbox 436 4571 2077 4649">
     <span class='ocr_line' id='line_1_42' title="bbox 436 4571 2077 4649; baseline -0.005 -15"><span class='ocrx_word' id='word_1_257' title='bbox 436 4580 765 4634; x_wconf 91' lang='lat' dir='ltr'><strong>concinetur</strong></span> <span class='ocrx_word' id='word_1_258' title='bbox 807 4580 864 4631; x_wconf 90' lang='lat' dir='ltr'><strong>et</strong></span> <span class='ocrx_word' id='word_1_259' title='bbox 902 4590 1018 4630; x_wconf 93' lang='lat' dir='ltr'><strong>non</strong></span> <span class='ocrx_word' id='word_1_260' title='bbox 1070 4573 1354 4628; x_wconf 89' lang='lat' dir='ltr'><strong>canticum</strong></span> <span class='ocrx_word' id='word_1_261' title='bbox 1406 4571 1689 4627; x_wconf 69' lang='lat' dir='ltr'><strong>Zachariae</strong></span> <span class='ocrx_word' id='word_1_262' title='bbox 1712 4614 1727 4642; x_wconf 92' lang='lat'><strong>,</strong></span> <span class='ocrx_word' id='word_1_263' title='bbox 1754 4572 1915 4649; x_wconf 45' lang='lat' dir='ltr'><strong>.quia</strong></span> <span class='ocrx_word' id='word_1_264' title='bbox 1970 4573 2077 4627; x_wconf 88' lang='lat' dir='ltr'><strong>ista</strong></span> 
     </span>
    </p>
   </div>
   <div class='ocr_carea' id='block_1_43' title="bbox 436 4665 2074 4739">
    <p class='ocr_par' dir='ltr' id='par_1_43' title="bbox 436 4665 2074 4739">
     <span class='ocr_line' id='line_1_43' title="bbox 436 4665 2074 4739; baseline -0.006 -9"><span class='ocrx_word' id='word_1_265' title='bbox 436 4671 745 4731; x_wconf 85' lang='lat' dir='ltr'><strong>modulatio</strong></span> <span class='ocrx_word' id='word_1_266' title='bbox 770 4667 1137 4739; x_wconf 88' lang='lat' dir='ltr'><strong>deprecabilis</strong></span> <span class='ocrx_word' id='word_1_267' title='bbox 1163 4672 1247 4722; x_wconf 89' lang='lat' dir='ltr'><strong>est</strong></span> <span class='ocrx_word' id='word_1_268' title='bbox 1275 4667 1506 4739; x_wconf 90' lang='lat' dir='ltr'><strong>populo,</strong></span> <span class='ocrx_word' id='word_1_269' title='bbox 1536 4666 1681 4721; x_wconf 89' lang='lat' dir='ltr'><strong>sicut</strong></span> <span class='ocrx_word' id='word_1_270' title='bbox 1719 4666 1889 4720; x_wconf 89' lang='lat' dir='ltr'><strong>verba</strong></span> <span class='ocrx_word' id='word_1_271' title='bbox 1933 4665 2074 4721; x_wconf 88' lang='lat' dir='ltr'><strong>texti</strong></span> 
     </span>
    </p>
   </div>
   <div class='ocr_carea' id='block_1_44' title="bbox 437 4761 2073 4838">
    <p class='ocr_par' dir='ltr' id='par_1_44' title="bbox 437 4761 2073 4838">
     <span class='ocr_line' id='line_1_44' title="bbox 437 4761 2073 4838; baseline -0.005 -17"><span class='ocrx_word' id='word_1_272' title='bbox 437 4766 618 4838; x_wconf 87' lang='lat' dir='ltr'><strong>ipsius</strong></span> <span class='ocrx_word' id='word_1_273' title='bbox 648 4762 1032 4817; x_wconf 88' lang='lat' dir='ltr'><strong>continentur.</strong></span> <span class='ocrx_word' id='word_1_274' title='bbox 1050 4763 1117 4816; x_wconf 88' lang='lat' dir='ltr'><strong>Et</strong></span> <span class='ocrx_word' id='word_1_275' title='bbox 1146 4766 1379 4834; x_wconf 88' lang='lat' dir='ltr'><strong>propter</strong></span> <span class='ocrx_word' id='word_1_276' title='bbox 1405 4761 1512 4815; x_wconf 92' lang='lat' dir='ltr'><strong>hoc</strong></span> <span class='ocrx_word' id='word_1_277' title='bbox 1538 4776 1654 4814; x_wconf 92' lang='lat' dir='ltr'><strong>non</strong></span> <span class='ocrx_word' id='word_1_278' title='bbox 1683 4763 1920 4814; x_wconf 88' lang='lat' dir='ltr'><strong>canetur</strong></span> <span class='ocrx_word' id='word_1_279' title='bbox 1940 4776 2073 4831; x_wconf 90' lang='lat' dir='ltr'><strong>pro-</strong></span> 
     </span>
    </p>
   </div>
   <div class='ocr_carea' id='block_1_45' title="bbox 436 4852 2079 4931">
    <p class='ocr_par' dir='ltr' id='par_1_45' title="bbox 436 4852 2079 4931">
     <span class='ocr_line' id='line_1_45' title="bbox 436 4852 2079 4931; baseline -0.005 -16"><span class='ocrx_word' id='word_1_280' title='bbox 436 4858 650 4931; x_wconf 86' lang='lat' dir='ltr'><strong>phetia,</strong></span> <span class='ocrx_word' id='word_1_281' title='bbox 679 4858 913 4927; x_wconf 91' lang='lat' dir='ltr'><strong>propter</strong></span> <span class='ocrx_word' id='word_1_282' title='bbox 943 4855 1095 4927; x_wconf 89' lang='lat' dir='ltr'><strong>quod</strong></span> <span class='ocrx_word' id='word_1_283' title='bbox 1121 4860 1177 4910; x_wconf 92' lang='lat' dir='ltr'><strong>et</strong></span> <span class='ocrx_word' id='word_1_284' title='bbox 1199 4854 1595 4927; x_wconf 87' lang='lat' dir='ltr'><strong>baptisterium</strong></span> <span class='ocrx_word' id='word_1_285' title='bbox 1622 4853 1944 4922; x_wconf 83' lang='lat' dir='ltr'><strong>claudetur;</strong></span> <span class='ocrx_word' id='word_1_286' title='bbox 1976 4852 2079 4907; x_wconf 89' lang='lat' dir='ltr'><strong>sci-</strong></span> 
     </span>
    </p>
   </div>
   <div class='ocr_carea' id='block_1_46' title="bbox 439 4947 2073 5022">
    <p class='ocr_par' dir='ltr' id='par_1_46' title="bbox 439 4947 2073 5022">
     <span class='ocr_line' id='line_1_46' title="bbox 439 4947 2073 5022; baseline -0.005 -14"><span class='ocrx_word' id='word_1_287' title='bbox 439 4953 573 5008; x_wconf 86' lang='lat' dir='ltr'><strong>licet</strong></span> <span class='ocrx_word' id='word_1_288' title='bbox 600 4951 734 5022; x_wconf 90' lang='lat' dir='ltr'><strong>quia</strong></span> <span class='ocrx_word' id='word_1_289' title='bbox 772 4950 1002 5004; x_wconf 91' lang='lat' dir='ltr'><strong>canonis</strong></span> <span class='ocrx_word' id='word_1_290' title='bbox 1033 4950 1393 5022; x_wconf 71' lang='lat' dir='ltr'><strong>praecipiunt,</strong></span> <span class='ocrx_word' id='word_1_291' title='bbox 1425 4948 1510 5005; x_wconf 90' lang='lat' dir='ltr'><strong>vel</strong></span> <span class='ocrx_word' id='word_1_292' title='bbox 1555 4947 1902 5019; x_wconf 88' lang='lat' dir='ltr'><strong>baptismum</strong></span> <span class='ocrx_word' id='word_1_293' title='bbox 1930 4962 2073 5018; x_wconf 91' lang='lat' dir='ltr'><strong>qua-</strong></span> 
     </span>
    </p>
   </div>
   <div class='ocr_carea' id='block_1_47' title="bbox 440 5044 1045 5117">
    <p class='ocr_par' dir='ltr' id='par_1_47' title="bbox 440 5044 1045 5117">
     <span class='ocr_line' id='line_1_47' title="bbox 440 5044 1045 5117; baseline -0.005 -16"><span class='ocrx_word' id='word_1_294' title='bbox 440 5044 774 5117; x_wconf 57' lang='lat' dir='ltr'><strong>dragesima</strong></span> <span class='ocrx_word' id='word_1_295' title='bbox 800 5059 915 5098; x_wconf 92' lang='lat' dir='ltr'><strong>non</strong></span> <span class='ocrx_word' id='word_1_296' title='bbox 942 5048 1045 5099; x_wconf 90' lang='lat' dir='ltr'><strong>est.</strong></span> 
     </span>
    </p>
   </div>
   <div class='ocr_carea' id='block_1_48' title="bbox 511 5152 2078 5227">
    <p class='ocr_par' dir='ltr' id='par_1_48' title="bbox 511 5152 2078 5227">
     <span class='ocr_line' id='line_1_48' title="bbox 511 5152 2078 5227; baseline -0.004 -14"><span class='ocrx_word' id='word_1_297' title='bbox 511 5158 710 5214; x_wconf 90' lang='lat' dir='ltr'><strong>Oleum</strong></span> <span class='ocrx_word' id='word_1_298' title='bbox 759 5161 952 5211; x_wconf 90' lang='lat' dir='ltr'><strong>autem</strong></span> <span class='ocrx_word' id='word_1_299' title='bbox 1004 5155 1157 5227; x_wconf 89' lang='lat' dir='ltr'><strong>quod</strong></span> <span class='ocrx_word' id='word_1_300' title='bbox 1212 5171 1344 5209; x_wconf 91' lang='lat' dir='ltr'><strong>cum</strong></span> <span class='ocrx_word' id='word_1_301' title='bbox 1402 5154 1650 5209; x_wconf 90' lang='lat' dir='ltr'><strong>chrisma</strong></span> <span class='ocrx_word' id='word_1_302' title='bbox 1701 5152 2078 5209; x_wconf 90' lang='lat' dir='ltr'><strong>benedicitur.</strong></span> 
     </span>
    </p>
   </div>
   <div class='ocr_carea' id='block_1_49' title="bbox 440 5246 2090 5322">
    <p class='ocr_par' dir='ltr' id='par_1_49' title="bbox 440 5246 2090 5322">
     <span class='ocr_line' id='line_1_49' title="bbox 440 5246 2090 5322; baseline -0.004 -15"><span class='ocrx_word' id='word_1_303' title='bbox 440 5268 574 5307; x_wconf 91' lang='lat' dir='ltr'><strong>voce</strong></span> <span class='ocrx_word' id='word_1_304' title='bbox 622 5250 825 5322; x_wconf 88' lang='lat' dir='ltr'><strong>psalmi</strong></span> <span class='ocrx_word' id='word_1_305' title='bbox 880 5247 1216 5318; x_wconf 90' lang='lat' dir='ltr'><strong>ostenditur,</strong></span> <span class='ocrx_word' id='word_1_306' title='bbox 1266 5248 1366 5320; x_wconf 88' lang='lat' dir='ltr'><strong>qui</strong></span> <span class='ocrx_word' id='word_1_307' title='bbox 1412 5248 1481 5303; x_wconf 92' lang='lat' dir='ltr'><strong>de</strong></span> <span class='ocrx_word' id='word_1_308' title='bbox 1519 5247 1742 5304; x_wconf 89' lang='lat' dir='ltr'><strong>Christo</strong></span> <span class='ocrx_word' id='word_1_309' title='bbox 1800 5246 2090 5318; x_wconf 86' lang='lat' dir='ltr'><strong>profertur</strong></span> 
     </span>
    </p>
   </div>
   <div class='ocr_carea' id='block_1_50' title="bbox 440 5342 2089 5416">
    <p class='ocr_par' dir='ltr' id='par_1_50' title="bbox 440 5342 2089 5416">
     <span class='ocr_line' id='line_1_50' title="bbox 440 5342 2089 5416; baseline -0.005 -14"><span class='ocrx_word' id='word_1_310' title='bbox 440 5346 609 5416; x_wconf 87' lang='lat' dir='ltr'><strong>(Psal.</strong></span> <span class='ocrx_word' id='word_1_311' title='bbox 638 5360 781 5414; x_wconf 82' lang='lat' dir='ltr'><strong>xuv,</strong></span> <span class='ocrx_word' id='word_1_312' title='bbox 810 5344 861 5411; x_wconf 93' lang='lat'>8)</span> <span class='ocrx_word' id='word_1_313' title='bbox 910 5360 924 5397; x_wconf 89' lang='lat'><strong>:</strong></span> <span class='ocrx_word' id='word_1_314' title='bbox 982 5345 1148 5399; x_wconf 74' lang='lat' dir='ltr'><strong>Unan&#39;t</strong></span> <span class='ocrx_word' id='word_1_315' title='bbox 1194 5347 1243 5398; x_wconf 87' lang='lat' dir='ltr'><strong>te</strong></span> <span class='ocrx_word' id='word_1_316' title='bbox 1285 5346 1421 5399; x_wconf 82' lang='lat' dir='ltr'><strong>Deus</strong></span> <span class='ocrx_word' id='word_1_317' title='bbox 1461 5343 1526 5397; x_wconf 89' lang='lat' dir='ltr'><strong>de</strong></span> <span class='ocrx_word' id='word_1_318' title='bbox 1566 5343 1678 5397; x_wconf 84' lang='lat' dir='ltr'><strong>oleo</strong></span> <span class='ocrx_word' id='word_1_319' title='bbox 1726 5342 1932 5395; x_wconf 69' lang='lat' dir='ltr'><strong>latitia</strong></span> <span class='ocrx_word' id='word_1_320' title='bbox 1968 5355 2089 5410; x_wconf 75' lang='lat' dir='ltr'><strong>pra:</strong></span> 
     </span>
    </p>
   </div>
   <div class='ocr_carea' id='block_1_51' title="bbox 439 5435 2090 5502">
    <p class='ocr_par' dir='ltr' id='par_1_51' title="bbox 439 5435 2090 5502">
     <span class='ocr_line' id='line_1_51' title="bbox 439 5435 2090 5502; baseline -0.005 -7"><span class='ocrx_word' id='word_1_321' title='bbox 439 5439 767 5495; x_wconf 72' lang='lat' dir='ltr'><strong>consortibus</strong></span> <span class='ocrx_word' id='word_1_322' title='bbox 793 5439 920 5502; x_wconf 76' lang='lat' dir='ltr'><strong>tuis,</strong></span> <span class='ocrx_word' id='word_1_323' title='bbox 966 5437 1051 5493; x_wconf 85' lang='lat' dir='ltr'><strong>vel</strong></span> <span class='ocrx_word' id='word_1_324' title='bbox 1078 5436 1217 5493; x_wconf 88' lang='lat' dir='ltr'><strong>illud</strong></span> <span class='ocrx_word' id='word_1_325' title='bbox 1247 5455 1260 5492; x_wconf 89' lang='lat'><strong>:</strong></span> <span class='ocrx_word' id='word_1_326' title='bbox 1293 5438 1416 5495; x_wconf 89' lang='lat' dir='ltr'><strong>Oleo</strong></span> <span class='ocrx_word' id='word_1_327' title='bbox 1452 5440 1636 5492; x_wconf 87' lang='lat' dir='ltr'><strong>sancto</strong></span> <span class='ocrx_word' id='word_1_328' title='bbox 1662 5449 1775 5489; x_wconf 85' lang='lat' dir='ltr'><strong>meo</strong></span> <span class='ocrx_word' id='word_1_329' title='bbox 1805 5435 1948 5488; x_wconf 70' lang='lat' dir='ltr'><strong>linat</strong></span> <span class='ocrx_word' id='word_1_330' title='bbox 1972 5448 2090 5488; x_wconf 82' lang='lat' dir='ltr'><strong>eum</strong></span> 
     </span>
    </p>
   </div>
   <div class='ocr_carea' id='block_1_52' title="bbox 441 5526 2091 5604">
    <p class='ocr_par' dir='ltr' id='par_1_52' title="bbox 441 5526 2091 5604">
     <span class='ocr_line' id='line_1_52' title="bbox 441 5526 2091 5604; baseline -0.005 -15"><span class='ocrx_word' id='word_1_331' title='bbox 441 5533 608 5604; x_wconf 82' lang='lat' dir='ltr'><strong>(Psal.</strong></span> <span class='ocrx_word' id='word_1_332' title='bbox 643 5547 901 5601; x_wconf 83' lang='lat' dir='ltr'><strong>Lxxxvm,</strong></span> <span class='ocrx_word' id='word_1_333' title='bbox 947 5531 1058 5602; x_wconf 80' lang='lat' dir='ltr'><strong>2t),</strong></span> <span class='ocrx_word' id='word_1_334' title='bbox 1098 5531 1256 5603; x_wconf 89' lang='lat' dir='ltr'><strong>prius</strong></span> <span class='ocrx_word' id='word_1_335' title='bbox 1310 5546 1448 5602; x_wconf 91' lang='lat' dir='ltr'><strong>ergo</strong></span> <span class='ocrx_word' id='word_1_336' title='bbox 1498 5527 1863 5600; x_wconf 90' lang='lat' dir='ltr'><strong>ungebantur</strong></span> <span class='ocrx_word' id='word_1_337' title='bbox 1886 5526 2091 5581; x_wconf 87' lang='lat' dir='ltr'><strong>veteris</strong></span> 
     </span>
    </p>
   </div>
   <div class='ocr_carea' id='block_1_53' title="bbox 439 5620 2089 5697">
    <p class='ocr_par' dir='ltr' id='par_1_53' title="bbox 439 5620 2089 5697">
     <span class='ocr_line' id='line_1_53' title="bbox 439 5620 2089 5697; baseline -0.004 -15"><span class='ocrx_word' id='word_1_338' title='bbox 439 5626 583 5693; x_wconf 91' lang='lat' dir='ltr'><strong>oleo,</strong></span> <span class='ocrx_word' id='word_1_339' title='bbox 603 5624 681 5678; x_wconf 91' lang='lat' dir='ltr'><strong>sic</strong></span> <span class='ocrx_word' id='word_1_340' title='bbox 705 5625 1193 5697; x_wconf 91' lang='lat' dir='ltr'><strong>perfundebantur</strong></span> <span class='ocrx_word' id='word_1_341' title='bbox 1206 5626 1522 5696; x_wconf 90' lang='lat' dir='ltr'><strong>unguento.</strong></span> <span class='ocrx_word' id='word_1_342' title='bbox 1553 5620 1881 5692; x_wconf 89' lang='lat' dir='ltr'><strong>Specialiter</strong></span> <span class='ocrx_word' id='word_1_343' title='bbox 1897 5624 2089 5675; x_wconf 90' lang='lat' dir='ltr'><strong>autem</strong></span> 
     </span>
    </p>
   </div>
   <div class='ocr_carea' id='block_1_54' title="bbox 436 5713 2091 5784">
    <p class='ocr_par' dir='ltr' id='par_1_54' title="bbox 436 5713 2091 5784">
     <span class='ocr_line' id='line_1_54' title="bbox 436 5713 2091 5784; baseline -0.005 -9"><span class='ocrx_word' id='word_1_344' title='bbox 436 5720 630 5775; x_wconf 89' lang='lat' dir='ltr'><strong>oleum</strong></span> <span class='ocrx_word' id='word_1_345' title='bbox 665 5718 853 5776; x_wconf 67' lang='lat' dir='ltr'><strong>Graece</strong></span> <span class='ocrx_word' id='word_1_346' title='bbox 905 5719 1099 5776; x_wconf 89' lang='lat' dir='ltr'><strong>Latine</strong></span> <span class='ocrx_word' id='word_1_347' title='bbox 1138 5713 1526 5773; x_wconf 87' lang='lat' dir='ltr'><strong>misericordia</strong></span> <span class='ocrx_word' id='word_1_348' title='bbox 1581 5713 1818 5784; x_wconf 90' lang='lat' dir='ltr'><strong>dicitur,</strong></span> <span class='ocrx_word' id='word_1_349' title='bbox 1878 5716 1936 5769; x_wconf 90' lang='lat' dir='ltr'><strong>et</strong></span> <span class='ocrx_word' id='word_1_350' title='bbox 1987 5728 2091 5784; x_wconf 90' lang='lat' dir='ltr'><strong>per</strong></span> 
     </span>
    </p>
   </div>
   <div class='ocr_carea' id='block_1_55' title="bbox 441 5806 2091 5887">
    <p class='ocr_par' dir='ltr' id='par_1_55' title="bbox 441 5806 2091 5887">
     <span class='ocr_line' id='line_1_55' title="bbox 441 5806 2091 5887; baseline -0.004 -21"><span class='ocrx_word' id='word_1_351' title='bbox 441 5814 633 5866; x_wconf 90' lang='lat' dir='ltr'><strong>oleum</strong></span> <span class='ocrx_word' id='word_1_352' title='bbox 661 5812 845 5870; x_wconf 89' lang='lat' dir='ltr'><strong>Sancti</strong></span> <span class='ocrx_word' id='word_1_353' title='bbox 871 5813 1114 5887; x_wconf 82' lang='lat' dir='ltr'><strong>Spiritus</strong></span> <span class='ocrx_word' id='word_1_354' title='bbox 1141 5809 1321 5882; x_wconf 86' lang='lat' dir='ltr'><strong>gratia</strong></span> <span class='ocrx_word' id='word_1_355' title='bbox 1348 5807 1701 5880; x_wconf 84' lang='lat' dir='ltr'><strong>designatur.</strong></span> <span class='ocrx_word' id='word_1_356' title='bbox 1731 5809 1890 5863; x_wconf 82' lang='lat' dir='ltr'><strong>Hunc</strong></span> <span class='ocrx_word' id='word_1_357' title='bbox 1935 5806 2091 5861; x_wconf 89' lang='lat' dir='ltr'><strong>enim</strong></span> 
     </span>
    </p>
   </div>
   <div class='ocr_carea' id='block_1_56' title="bbox 436 5900 2092 5975">
    <p class='ocr_par' dir='ltr' id='par_1_56' title="bbox 436 5900 2092 5975">
     <span class='ocr_line' id='line_1_56' title="bbox 436 5900 2092 5975; baseline -0.004 -15"><span class='ocrx_word' id='word_1_358' title='bbox 436 5905 725 5975; x_wconf 87' lang='lat' dir='ltr'><strong>liquorem</strong></span> <span class='ocrx_word' id='word_1_359' title='bbox 780 5904 1127 5965; x_wconf 87' lang='lat' dir='ltr'><strong>consecravit</strong></span> <span class='ocrx_word' id='word_1_360' title='bbox 1159 5904 1305 5959; x_wconf 88' lang='lat' dir='ltr'><strong>Deus</strong></span> <span class='ocrx_word' id='word_1_361' title='bbox 1346 5900 1406 5957; x_wconf 89' lang='lat' dir='ltr'><strong>in</strong></span> <span class='ocrx_word' id='word_1_362' title='bbox 1445 5901 1691 5959; x_wconf 84' lang='lat' dir='ltr'><strong>Ecclesia</strong></span> <span class='ocrx_word' id='word_1_363' title='bbox 1737 5900 1808 5956; x_wconf 88' lang='lat' dir='ltr'><strong>ad</strong></span> <span class='ocrx_word' id='word_1_364' title='bbox 1854 5900 2092 5974; x_wconf 84' lang='lat' dir='ltr'><strong>mystica</strong></span> 
     </span>
    </p>
   </div>
   <div class='ocr_carea' id='block_1_57' title="bbox 2161 1034 3113 1107">
    <p class='ocr_par' dir='ltr' id='par_1_57' title="bbox 2161 1034 3113 1107">
     <span class='ocr_line' id='line_1_57' title="bbox 2161 1034 3113 1107; baseline 0.003 -17"><span class='ocrx_word' id='word_1_365' title='bbox 2161 1034 2405 1090; x_wconf 89' lang='lat' dir='ltr'><strong>fovenda</strong></span> <span class='ocrx_word' id='word_1_366' title='bbox 2430 1036 2829 1107; x_wconf 88' lang='lat' dir='ltr'><strong>peccaminum</strong></span> <span class='ocrx_word' id='word_1_367' title='bbox 2857 1036 3113 1094; x_wconf 89' lang='lat' dir='ltr'><strong>vulnera.</strong></span> 
     </span>
    </p>
   </div>
   <div class='ocr_carea' id='block_1_58' title="bbox 2235 1128 3823 1204">
    <p class='ocr_par' dir='ltr' id='par_1_58' title="bbox 2235 1128 3823 1204">
     <span class='ocr_line' id='line_1_58' title="bbox 2235 1128 3823 1204; baseline 0.002 -20"><span class='ocrx_word' id='word_1_368' title='bbox 2235 1128 2563 1201; x_wconf 88' lang='lat' dir='ltr'><strong>Symbolum</strong></span> <span class='ocrx_word' id='word_1_369' title='bbox 2592 1146 2819 1203; x_wconf 91' lang='lat' dir='ltr'><strong>quoque</strong></span> <span class='ocrx_word' id='word_1_370' title='bbox 2849 1147 2951 1202; x_wconf 91' lang='lat' dir='ltr'><strong>pro</strong></span> <span class='ocrx_word' id='word_1_371' title='bbox 2996 1130 3104 1187; x_wconf 90' lang='lat' dir='ltr'><strong>hoc</strong></span> <span class='ocrx_word' id='word_1_372' title='bbox 3143 1131 3599 1203; x_wconf 88' lang='lat' dir='ltr'><strong>competentibus</strong></span> <span class='ocrx_word' id='word_1_373' title='bbox 3638 1148 3823 1204; x_wconf 80' lang='lat' dir='ltr'><strong>supra</strong></span> 
     </span>
    </p>
   </div>
   <div class='ocr_carea' id='block_1_59' title="bbox 2162 1222 3825 1297">
    <p class='ocr_par' dir='ltr' id='par_1_59' title="bbox 2162 1222 3825 1297">
     <span class='ocr_line' id='line_1_59' title="bbox 2162 1222 3825 1297; baseline 0.001 -20"><span class='ocrx_word' id='word_1_374' title='bbox 2162 1222 2369 1295; x_wconf 89' lang='lat' dir='ltr'><strong>scripto</strong></span> <span class='ocrx_word' id='word_1_375' title='bbox 2395 1223 2486 1278; x_wconf 92' lang='lat' dir='ltr'><strong>die</strong></span> <span class='ocrx_word' id='word_1_376' title='bbox 2515 1224 2793 1293; x_wconf 87' lang='lat' dir='ltr'><strong>tradetur,</strong></span> <span class='ocrx_word' id='word_1_377' title='bbox 2825 1228 2891 1279; x_wconf 92' lang='lat' dir='ltr'><strong>ut</strong></span> <span class='ocrx_word' id='word_1_378' title='bbox 2920 1223 3069 1280; x_wconf 88' lang='lat' dir='ltr'><strong>sicut</strong></span> <span class='ocrx_word' id='word_1_379' title='bbox 3096 1226 3326 1297; x_wconf 90' lang='lat' dir='ltr'><strong>quando</strong></span> <span class='ocrx_word' id='word_1_380' title='bbox 3354 1225 3493 1281; x_wconf 83' lang='lat' dir='ltr'><strong>dixit</strong></span> <span class='ocrx_word' id='word_1_381' title='bbox 3517 1226 3665 1282; x_wconf 90' lang='lat' dir='ltr'><strong>Deus</strong></span> <span class='ocrx_word' id='word_1_382' title='bbox 3691 1226 3825 1280; x_wconf 85' lang='lat' dir='ltr'><strong>Fiat</strong></span> 
     </span>
    </p>
   </div>
   <div class='ocr_carea' id='block_1_60' title="bbox 2162 1316 3820 1391">
    <p class='ocr_par' dir='ltr' id='par_1_60' title="bbox 2162 1316 3820 1391">
     <span class='ocr_line' id='line_1_60' title="bbox 2162 1316 3820 1391; baseline 0.001 -20"><span class='ocrx_word' id='word_1_383' title='bbox 2162 1316 2282 1384; x_wconf 89' lang='lat' dir='ltr'><strong>lux,</strong></span> <span class='ocrx_word' id='word_1_384' title='bbox 2312 1318 2464 1389; x_wconf 91' lang='lat' dir='ltr'><strong>quod</strong></span> <span class='ocrx_word' id='word_1_385' title='bbox 2501 1317 2689 1389; x_wconf 90' lang='lat' dir='ltr'><strong>signat</strong></span> <span class='ocrx_word' id='word_1_386' title='bbox 2732 1318 3072 1374; x_wconf 88' lang='lat' dir='ltr'><strong>illuminatio</strong></span> <span class='ocrx_word' id='word_1_387' title='bbox 3112 1319 3480 1387; x_wconf 87' lang='lat' dir='ltr'><strong>credulitatis,</strong></span> <span class='ocrx_word' id='word_1_388' title='bbox 3518 1323 3820 1391; x_wconf 83' lang='lat' dir='ltr'><strong>appareat.</strong></span> 
     </span>
    </p>
   </div>
   <div class='ocr_carea' id='block_1_61' title="bbox 2163 1410 3821 1485">
    <p class='ocr_par' dir='ltr' id='par_1_61' title="bbox 2163 1410 3821 1485">
     <span class='ocr_line' id='line_1_61' title="bbox 2163 1410 3821 1485; baseline 0.002 -21"><span class='ocrx_word' id='word_1_389' title='bbox 2163 1410 2410 1482; x_wconf 90' lang='lat' dir='ltr'><strong>Septima</strong></span> <span class='ocrx_word' id='word_1_390' title='bbox 2436 1411 2534 1466; x_wconf 90' lang='lat' dir='ltr'><strong>Die</strong></span> <span class='ocrx_word' id='word_1_391' title='bbox 2559 1410 2851 1467; x_wconf 84' lang='lat' dir='ltr'><strong>benedixit</strong></span> <span class='ocrx_word' id='word_1_392' title='bbox 2878 1416 2936 1467; x_wconf 91' lang='lat' dir='ltr'><strong>et</strong></span> <span class='ocrx_word' id='word_1_393' title='bbox 2960 1412 3328 1469; x_wconf 88' lang='lat' dir='ltr'><strong>sanctiﬁcavit</strong></span> <span class='ocrx_word' id='word_1_394' title='bbox 3349 1413 3410 1468; x_wconf 91' lang='lat' dir='ltr'><strong>in</strong></span> <span class='ocrx_word' id='word_1_395' title='bbox 3428 1412 3623 1485; x_wconf 89' lang='lat' dir='ltr'><strong>requie</strong></span> <span class='ocrx_word' id='word_1_396' title='bbox 3646 1429 3660 1467; x_wconf 89' lang='lat'><strong>:</strong></span> <span class='ocrx_word' id='word_1_397' title='bbox 3682 1413 3821 1468; x_wconf 90' lang='lat' dir='ltr'><strong>ideo</strong></span> 
     </span>
    </p>
   </div>
   <div class='ocr_carea' id='block_1_62' title="bbox 2162 1503 3820 1578">
    <p class='ocr_par' dir='ltr' id='par_1_62' title="bbox 2162 1503 3820 1578">
     <span class='ocr_line' id='line_1_62' title="bbox 2162 1503 3820 1578; baseline 0.002 -20"><span class='ocrx_word' id='word_1_398' title='bbox 2162 1503 2267 1558; x_wconf 92' lang='lat' dir='ltr'><strong>hac</strong></span> <span class='ocrx_word' id='word_1_399' title='bbox 2306 1504 2397 1559; x_wconf 89' lang='lat' dir='ltr'><strong>die</strong></span> <span class='ocrx_word' id='word_1_400' title='bbox 2440 1503 2579 1559; x_wconf 89' lang='lat' dir='ltr'><strong>ﬁdes</strong></span> <span class='ocrx_word' id='word_1_401' title='bbox 2617 1505 2815 1576; x_wconf 89' lang='lat' dir='ltr'><strong>populi</strong></span> <span class='ocrx_word' id='word_1_402' title='bbox 2859 1505 3142 1577; x_wconf 89' lang='lat' dir='ltr'><strong>ﬁrmatur,</strong></span> <span class='ocrx_word' id='word_1_403' title='bbox 3200 1506 3521 1578; x_wconf 84' lang='lat' dir='ltr'><strong>symbolum</strong></span> <span class='ocrx_word' id='word_1_404' title='bbox 3566 1511 3623 1562; x_wconf 91' lang='lat' dir='ltr'><strong>et</strong></span> <span class='ocrx_word' id='word_1_405' title='bbox 3667 1507 3820 1562; x_wconf 87' lang='lat' dir='ltr'><strong>lacte</strong></span> 
     </span>
    </p>
   </div>
   <div class='ocr_carea' id='block_1_63' title="bbox 2164 1597 3821 1672">
    <p class='ocr_par' dir='ltr' id='par_1_63' title="bbox 2164 1597 3821 1672">
     <span class='ocr_line' id='line_1_63' title="bbox 2164 1597 3821 1672; baseline 0.003 -21"><span class='ocrx_word' id='word_1_406' title='bbox 2164 1597 2482 1652; x_wconf 88' lang='lat' dir='ltr'><strong>chrismatis</strong></span> <span class='ocrx_word' id='word_1_407' title='bbox 2523 1598 2829 1666; x_wconf 89' lang='lat' dir='ltr'><strong>enutritur,</strong></span> <span class='ocrx_word' id='word_1_408' title='bbox 2869 1600 3003 1672; x_wconf 90' lang='lat' dir='ltr'><strong>quia</strong></span> <span class='ocrx_word' id='word_1_409' title='bbox 3044 1600 3106 1655; x_wconf 88' lang='lat' dir='ltr'><strong>in</strong></span> <span class='ocrx_word' id='word_1_410' title='bbox 3155 1600 3245 1655; x_wconf 91' lang='lat' dir='ltr'><strong>die</strong></span> <span class='ocrx_word' id='word_1_411' title='bbox 3299 1601 3541 1672; x_wconf 90' lang='lat' dir='ltr'><strong>septima</strong></span> <span class='ocrx_word' id='word_1_412' title='bbox 3579 1600 3821 1672; x_wconf 81' lang='lat' dir='ltr'><strong>requies</strong></span> 
     </span>
    </p>
   </div>
   <div class='ocr_carea' id='block_1_64' title="bbox 2162 1691 3822 1765">
    <p class='ocr_par' dir='ltr' id='par_1_64' title="bbox 2162 1691 3822 1765">
     <span class='ocr_line' id='line_1_64' title="bbox 2162 1691 3822 1765; baseline 0.001 -18"><span class='ocrx_word' id='word_1_413' title='bbox 2162 1691 2373 1747; x_wconf 89' lang='lat' dir='ltr'><strong>Christi</strong></span> <span class='ocrx_word' id='word_1_414' title='bbox 2415 1691 2473 1746; x_wconf 93' lang='lat' dir='ltr'><strong>in</strong></span> <span class='ocrx_word' id='word_1_415' title='bbox 2505 1693 2765 1763; x_wconf 90' lang='lat' dir='ltr'><strong>sepulcro</strong></span> <span class='ocrx_word' id='word_1_416' title='bbox 2807 1694 3044 1763; x_wconf 89' lang='lat' dir='ltr'><strong>coletur,</strong></span> <span class='ocrx_word' id='word_1_417' title='bbox 3091 1698 3147 1749; x_wconf 93' lang='lat' dir='ltr'><strong>et</strong></span> <span class='ocrx_word' id='word_1_418' title='bbox 3195 1694 3509 1749; x_wconf 90' lang='lat' dir='ltr'><strong>declinante</strong></span> <span class='ocrx_word' id='word_1_419' title='bbox 3553 1693 3680 1765; x_wconf 89' lang='lat' dir='ltr'><strong>jam</strong></span> <span class='ocrx_word' id='word_1_420' title='bbox 3723 1693 3822 1749; x_wconf 87' lang='lat' dir='ltr'><strong>die</strong></span> 
     </span>
    </p>
   </div>
   <div class='ocr_carea' id='block_1_65' title="bbox 2166 1784 3819 1856">
    <p class='ocr_par' dir='ltr' id='par_1_65' title="bbox 2166 1784 3819 1856">
     <span class='ocr_line' id='line_1_65' title="bbox 2166 1784 3819 1856; baseline 0.002 -18"><span class='ocrx_word' id='word_1_421' title='bbox 2166 1784 2524 1856; x_wconf 89' lang='lat' dir='ltr'><strong>triumphum</strong></span> <span class='ocrx_word' id='word_1_422' title='bbox 2578 1786 3008 1841; x_wconf 88' lang='lat' dir='ltr'><strong>resurrectionis</strong></span> <span class='ocrx_word' id='word_1_423' title='bbox 3062 1786 3213 1841; x_wconf 88' lang='lat' dir='ltr'><strong>illius</strong></span> <span class='ocrx_word' id='word_1_424' title='bbox 3257 1792 3639 1842; x_wconf 89' lang='lat' dir='ltr'><strong>consecratur.</strong></span> <span class='ocrx_word' id='word_1_425' title='bbox 3682 1787 3819 1843; x_wconf 89' lang='lat' dir='ltr'><strong>Ideo</strong></span> 
     </span>
    </p>
   </div>
   <div class='ocr_carea' id='block_1_66' title="bbox 2164 1879 3821 1952">
    <p class='ocr_par' dir='ltr' id='par_1_66' title="bbox 2164 1879 3821 1952">
     <span class='ocr_line' id='line_1_66' title="bbox 2164 1879 3821 1952; baseline 0.002 -19"><span class='ocrx_word' id='word_1_426' title='bbox 2164 1884 2356 1933; x_wconf 88' lang='lat' dir='ltr'><strong>autem</strong></span> <span class='ocrx_word' id='word_1_427' title='bbox 2382 1879 2707 1934; x_wconf 88' lang='lat' dir='ltr'><strong>venientem</strong></span> <span class='ocrx_word' id='word_1_428' title='bbox 2734 1880 3081 1936; x_wconf 89' lang='lat' dir='ltr'><strong>sacerdotem</strong></span> <span class='ocrx_word' id='word_1_429' title='bbox 3103 1881 3423 1952; x_wconf 86' lang='lat' dir='ltr'><strong>symbolum</strong></span> <span class='ocrx_word' id='word_1_430' title='bbox 3443 1882 3687 1947; x_wconf 85' lang='lat' dir='ltr'><strong>tradere,</strong></span> <span class='ocrx_word' id='word_1_431' title='bbox 3720 1898 3821 1936; x_wconf 85' lang='lat' dir='ltr'><strong>ex-</strong></span> 
     </span>
    </p>
   </div>
   <div class='ocr_carea' id='block_1_67' title="bbox 2164 1972 3903 2047">
    <p class='ocr_par' dir='ltr' id='par_1_67' title="bbox 2164 1972 3903 2047">
     <span class='ocr_line' id='line_1_67' title="bbox 2164 1972 3903 2047; baseline 0.005 -21"><span class='ocrx_word' id='word_1_432' title='bbox 2164 1972 2449 2043; x_wconf 88' lang='lat' dir='ltr'><strong>pandetur</strong></span> <span class='ocrx_word' id='word_1_433' title='bbox 2476 1989 2650 2044; x_wconf 91' lang='lat' dir='ltr'><strong>super</strong></span> <span class='ocrx_word' id='word_1_434' title='bbox 2689 1974 3005 2028; x_wconf 90' lang='lat' dir='ltr'><strong>cancellum</strong></span> <span class='ocrx_word' id='word_1_435' title='bbox 3051 1974 3311 2029; x_wconf 89' lang='lat' dir='ltr'><strong>molliciis</strong></span> <span class='ocrx_word' id='word_1_436' title='bbox 3338 1976 3690 2047; x_wconf 89' lang='lat' dir='ltr'><strong>plumarum,</strong></span> <span class='ocrx_word' id='word_1_437' title='bbox 3723 1976 3821 2031; x_wconf 88' lang='lat' dir='ltr'><strong>vel</strong></span> <span class='ocrx_word' id='word_1_438' title='bbox 3888 2020 3903 2035; x_wconf 69' lang='grc' dir='ltr'><strong><em>ρ</em></strong></span> 
     </span>
    </p>
   </div>
   <div class='ocr_carea' id='block_1_68' title="bbox 2166 2065 3819 2133">
    <p class='ocr_par' dir='ltr' id='par_1_68' title="bbox 2166 2065 3819 2133">
     <span class='ocr_line' id='line_1_68' title="bbox 2166 2065 3819 2133; baseline 0.002 -14"><span class='ocrx_word' id='word_1_439' title='bbox 2166 2065 2404 2119; x_wconf 90' lang='lat' dir='ltr'><strong>candida</strong></span> <span class='ocrx_word' id='word_1_440' title='bbox 2440 2066 2667 2133; x_wconf 90' lang='lat' dir='ltr'><strong>sabana,</strong></span> <span class='ocrx_word' id='word_1_441' title='bbox 2696 2071 2753 2121; x_wconf 90' lang='lat' dir='ltr'><strong>et</strong></span> <span class='ocrx_word' id='word_1_442' title='bbox 2782 2066 3033 2122; x_wconf 89' lang='lat' dir='ltr'><strong>defertur</strong></span> <span class='ocrx_word' id='word_1_443' title='bbox 3070 2067 3131 2122; x_wconf 90' lang='lat' dir='ltr'><strong>in</strong></span> <span class='ocrx_word' id='word_1_444' title='bbox 3169 2068 3353 2122; x_wconf 90' lang='lat' dir='ltr'><strong>calicis</strong></span> <span class='ocrx_word' id='word_1_445' title='bbox 3390 2069 3612 2122; x_wconf 85' lang='lat' dir='ltr'><strong>vascula</strong></span> <span class='ocrx_word' id='word_1_446' title='bbox 3657 2069 3819 2123; x_wconf 88' lang='lat' dir='ltr'><strong>chri-</strong></span> 
     </span>
    </p>
   </div>
   <div class='ocr_carea' id='block_1_69' title="bbox 2166 2158 3821 2234">
    <p class='ocr_par' dir='ltr' id='par_1_69' title="bbox 2166 2158 3821 2234">
     <span class='ocr_line' id='line_1_69' title="bbox 2166 2158 3821 2234; baseline 0.003 -23"><span class='ocrx_word' id='word_1_447' title='bbox 2166 2158 2359 2213; x_wconf 90' lang='lat' dir='ltr'><strong>smatis</strong></span> <span class='ocrx_word' id='word_1_448' title='bbox 2395 2163 2451 2213; x_wconf 92' lang='lat' dir='ltr'><strong>et</strong></span> <span class='ocrx_word' id='word_1_449' title='bbox 2485 2159 2587 2214; x_wconf 91' lang='lat' dir='ltr'><strong>olei</strong></span> <span class='ocrx_word' id='word_1_450' title='bbox 2628 2159 3031 2231; x_wconf 88' lang='lat' dir='ltr'><strong>benedicenda,</strong></span> <span class='ocrx_word' id='word_1_451' title='bbox 3059 2162 3149 2215; x_wconf 93' lang='lat' dir='ltr'><strong>vel</strong></span> <span class='ocrx_word' id='word_1_452' title='bbox 3177 2161 3339 2215; x_wconf 86' lang='lat' dir='ltr'><strong>codix</strong></span> <span class='ocrx_word' id='word_1_453' title='bbox 3366 2161 3507 2216; x_wconf 90' lang='lat' dir='ltr'><strong>sacri</strong></span> <span class='ocrx_word' id='word_1_454' title='bbox 3555 2162 3821 2234; x_wconf 87' lang='lat' dir='ltr'><strong>Evange-</strong></span> 
     </span>
    </p>
   </div>
   <div class='ocr_carea' id='block_1_70' title="bbox 2166 2251 3824 2327">
    <p class='ocr_par' dir='ltr' id='par_1_70' title="bbox 2166 2251 3824 2327">
     <span class='ocr_line' id='line_1_70' title="bbox 2166 2251 3824 2327; baseline 0.003 -21"><span class='ocrx_word' id='word_1_455' title='bbox 2166 2251 2228 2306; x_wconf 87' lang='lat' dir='ltr'><strong>lii</strong></span> <span class='ocrx_word' id='word_1_456' title='bbox 2270 2252 2443 2307; x_wconf 89' lang='lat' dir='ltr'><strong>rubro</strong></span> <span class='ocrx_word' id='word_1_457' title='bbox 2492 2257 2681 2307; x_wconf 87' lang='lat' dir='ltr'><strong>textus</strong></span> <span class='ocrx_word' id='word_1_458' title='bbox 2730 2253 3028 2322; x_wconf 90' lang='lat' dir='ltr'><strong>velamine,</strong></span> <span class='ocrx_word' id='word_1_459' title='bbox 3070 2254 3206 2326; x_wconf 90' lang='lat' dir='ltr'><strong>quia</strong></span> <span class='ocrx_word' id='word_1_460' title='bbox 3240 2255 3486 2327; x_wconf 90' lang='lat' dir='ltr'><strong>populus</strong></span> <span class='ocrx_word' id='word_1_461' title='bbox 3524 2255 3596 2309; x_wconf 88' lang='lat' dir='ltr'><strong>ad</strong></span> <span class='ocrx_word' id='word_1_462' title='bbox 3640 2255 3824 2311; x_wconf 91' lang='lat' dir='ltr'><strong>ﬁdem</strong></span> 
     </span>
    </p>
   </div>
   <div class='ocr_carea' id='block_1_71' title="bbox 2087 2329 3827 2417">
    <p class='ocr_par' dir='ltr' id='par_1_71' title="bbox 2087 2329 3827 2417">
     <span class='ocr_line' id='line_1_71' title="bbox 2087 2329 3827 2417; baseline 0.003 -17"><span class='ocrx_word' id='word_1_463' title='bbox 2087 2329 2143 2400; x_wconf 84' lang='lat' dir='ltr'><strong>B</strong></span> <span class='ocrx_word' id='word_1_464' title='bbox 2167 2345 2397 2400; x_wconf 89' lang='lat' dir='ltr'><strong>veniens</strong></span> <span class='ocrx_word' id='word_1_465' title='bbox 2438 2345 2693 2401; x_wconf 69' lang='lat' dir='ltr'><strong>infantia:</strong></span> <span class='ocrx_word' id='word_1_466' title='bbox 2736 2346 2982 2417; x_wconf 88' lang='lat' dir='ltr'><strong>ﬁguram</strong></span> <span class='ocrx_word' id='word_1_467' title='bbox 3015 2352 3191 2403; x_wconf 89' lang='lat' dir='ltr'><strong>tenet.</strong></span> <span class='ocrx_word' id='word_1_468' title='bbox 3232 2348 3385 2403; x_wconf 91' lang='lat' dir='ltr'><strong>Sicut</strong></span> <span class='ocrx_word' id='word_1_469' title='bbox 3434 2348 3589 2403; x_wconf 90' lang='lat' dir='ltr'><strong>enim</strong></span> <span class='ocrx_word' id='word_1_470' title='bbox 3628 2349 3827 2406; x_wconf 82' lang='lat' dir='ltr'><strong>infans</strong></span> 
     </span>
    </p>
   </div>
   <div class='ocr_carea' id='block_1_72' title="bbox 2167 2440 3827 2512">
    <p class='ocr_par' dir='ltr' id='par_1_72' title="bbox 2167 2440 3827 2512">
     <span class='ocr_line' id='line_1_72' title="bbox 2167 2440 3827 2512; baseline 0.003 -19"><span class='ocrx_word' id='word_1_471' title='bbox 2167 2443 2252 2493; x_wconf 89' lang='lat' dir='ltr'><strong>est</strong></span> <span class='ocrx_word' id='word_1_472' title='bbox 2276 2442 2437 2494; x_wconf 91' lang='lat' dir='ltr'><strong>tener</strong></span> <span class='ocrx_word' id='word_1_473' title='bbox 2468 2444 2524 2495; x_wconf 87' lang='lat' dir='ltr'><strong>et</strong></span> <span class='ocrx_word' id='word_1_474' title='bbox 2550 2456 2728 2494; x_wconf 91' lang='lat' dir='ltr'><strong>novus</strong></span> <span class='ocrx_word' id='word_1_475' title='bbox 2755 2440 2814 2494; x_wconf 92' lang='lat' dir='ltr'><strong>in</strong></span> <span class='ocrx_word' id='word_1_476' title='bbox 2843 2456 3077 2512; x_wconf 89' lang='lat' dir='ltr'><strong>corpore</strong></span> <span class='ocrx_word' id='word_1_477' title='bbox 3107 2457 3120 2494; x_wconf 91' lang='lat'>:</span> <span class='ocrx_word' id='word_1_478' title='bbox 3152 2440 3229 2496; x_wconf 85' lang='lat' dir='ltr'><strong>ita</strong></span> <span class='ocrx_word' id='word_1_479' title='bbox 3256 2441 3633 2497; x_wconf 89' lang='lat' dir='ltr'><strong>caticuminus</strong></span> <span class='ocrx_word' id='word_1_480' title='bbox 3653 2446 3827 2498; x_wconf 90' lang='lat' dir='ltr'><strong>tener</strong></span> 
     </span>
    </p>
   </div>
   <div class='ocr_carea' id='block_1_73' title="bbox 2168 2533 3826 2607">
    <p class='ocr_par' dir='ltr' id='par_1_73' title="bbox 2168 2533 3826 2607">
     <span class='ocr_line' id='line_1_73' title="bbox 2168 2533 3826 2607; baseline 0.004 -22"><span class='ocrx_word' id='word_1_481' title='bbox 2168 2536 2224 2586; x_wconf 91' lang='lat' dir='ltr'><strong>et</strong></span> <span class='ocrx_word' id='word_1_482' title='bbox 2248 2549 2426 2587; x_wconf 89' lang='lat' dir='ltr'><strong>novus</strong></span> <span class='ocrx_word' id='word_1_483' title='bbox 2455 2533 2516 2587; x_wconf 92' lang='lat' dir='ltr'><strong>in</strong></span> <span class='ocrx_word' id='word_1_484' title='bbox 2544 2533 2736 2603; x_wconf 87' lang='lat' dir='ltr'><strong>ﬁdem,</strong></span> <span class='ocrx_word' id='word_1_485' title='bbox 2776 2533 3007 2587; x_wconf 89' lang='lat' dir='ltr'><strong>infantis</strong></span> <span class='ocrx_word' id='word_1_486' title='bbox 3036 2535 3292 2589; x_wconf 89' lang='lat' dir='ltr'><strong>membra</strong></span> <span class='ocrx_word' id='word_1_487' title='bbox 3328 2552 3499 2607; x_wconf 90' lang='lat' dir='ltr'><strong>super</strong></span> <span class='ocrx_word' id='word_1_488' title='bbox 3530 2536 3826 2607; x_wconf 88' lang='lat' dir='ltr'><strong>plumacia</strong></span> 
     </span>
    </p>
   </div>
   <div class='ocr_carea' id='block_1_74' title="bbox 2167 2626 3827 2698">
    <p class='ocr_par' dir='ltr' id='par_1_74' title="bbox 2167 2626 3827 2698">
     <span class='ocr_line' id='line_1_74' title="bbox 2167 2626 3827 2698; baseline 0.003 -19"><span class='ocrx_word' id='word_1_489' title='bbox 2167 2631 2480 2698; x_wconf 89' lang='lat' dir='ltr'><strong>ponuntur,</strong></span> <span class='ocrx_word' id='word_1_490' title='bbox 2518 2632 2583 2681; x_wconf 91' lang='lat' dir='ltr'><strong>ut</strong></span> <span class='ocrx_word' id='word_1_491' title='bbox 2618 2626 2822 2681; x_wconf 89' lang='lat' dir='ltr'><strong>melius</strong></span> <span class='ocrx_word' id='word_1_492' title='bbox 2868 2626 3174 2683; x_wconf 88' lang='lat' dir='ltr'><strong>nutriatur.</strong></span> <span class='ocrx_word' id='word_1_493' title='bbox 3221 2628 3569 2683; x_wconf 89' lang='lat' dir='ltr'><strong>Caticumino</strong></span> <span class='ocrx_word' id='word_1_494' title='bbox 3609 2630 3827 2684; x_wconf 89' lang='lat' dir='ltr'><strong>blanda</strong></span> 
     </span>
    </p>
   </div>
   <div class='ocr_carea' id='block_1_75' title="bbox 2168 2719 3822 2793">
    <p class='ocr_par' dir='ltr' id='par_1_75' title="bbox 2168 2719 3822 2793">
     <span class='ocr_line' id='line_1_75' title="bbox 2168 2719 3822 2793; baseline 0.003 -20"><span class='ocrx_word' id='word_1_495' title='bbox 2168 2719 2339 2774; x_wconf 90' lang='lat' dir='ltr'><strong>verba</strong></span> <span class='ocrx_word' id='word_1_496' title='bbox 2366 2719 2589 2774; x_wconf 90' lang='lat' dir='ltr'><strong>Domini</strong></span> <span class='ocrx_word' id='word_1_497' title='bbox 2618 2720 3006 2791; x_wconf 84' lang='lat' dir='ltr'><strong>proferuntur,</strong></span> <span class='ocrx_word' id='word_1_498' title='bbox 3037 2738 3150 2792; x_wconf 92' lang='lat' dir='ltr'><strong>quo</strong></span> <span class='ocrx_word' id='word_1_499' title='bbox 3191 2722 3434 2793; x_wconf 90' lang='lat' dir='ltr'><strong>amplius</strong></span> <span class='ocrx_word' id='word_1_500' title='bbox 3482 2723 3822 2779; x_wconf 88' lang='lat' dir='ltr'><strong>delectetur.</strong></span> 
     </span>
    </p>
   </div>
   <div class='ocr_carea' id='block_1_76' title="bbox 2169 2813 3824 2888">
    <p class='ocr_par' dir='ltr' id='par_1_76' title="bbox 2169 2813 3824 2888">
     <span class='ocr_line' id='line_1_76' title="bbox 2169 2813 3824 2888; baseline 0.002 -21"><span class='ocrx_word' id='word_1_501' title='bbox 2169 2813 2291 2867; x_wconf 89' lang='lat' dir='ltr'><strong>Non</strong></span> <span class='ocrx_word' id='word_1_502' title='bbox 2330 2813 2488 2868; x_wconf 90' lang='lat' dir='ltr'><strong>enim</strong></span> <span class='ocrx_word' id='word_1_503' title='bbox 2538 2818 2724 2884; x_wconf 89' lang='lat' dir='ltr'><strong>potest</strong></span> <span class='ocrx_word' id='word_1_504' title='bbox 2767 2814 3047 2869; x_wconf 89' lang='lat' dir='ltr'><strong>sustinere</strong></span> <span class='ocrx_word' id='word_1_505' title='bbox 3085 2814 3320 2869; x_wconf 90' lang='lat' dir='ltr'><strong>fortiora</strong></span> <span class='ocrx_word' id='word_1_506' title='bbox 3361 2821 3643 2888; x_wconf 63' lang='lat' dir='ltr'><strong>praecepta</strong></span> <span class='ocrx_word' id='word_1_507' title='bbox 3684 2822 3824 2873; x_wconf 87' lang='lat' dir='ltr'><strong>ante</strong></span> 
     </span>
    </p>
   </div>
   <div class='ocr_carea' id='block_1_77' title="bbox 2169 2905 3826 2979">
    <p class='ocr_par' dir='ltr' id='par_1_77' title="bbox 2169 2905 3826 2979">
     <span class='ocr_line' id='line_1_77' title="bbox 2169 2905 3826 2979; baseline 0.003 -19"><span class='ocrx_word' id='word_1_508' title='bbox 2169 2922 2341 2978; x_wconf 91' lang='lat' dir='ltr'><strong>quam</strong></span> <span class='ocrx_word' id='word_1_509' title='bbox 2368 2922 2473 2977; x_wconf 91' lang='lat' dir='ltr'><strong>per</strong></span> <span class='ocrx_word' id='word_1_510' title='bbox 2496 2905 2844 2979; x_wconf 89' lang='lat' dir='ltr'><strong>baptismum</strong></span> <span class='ocrx_word' id='word_1_511' title='bbox 2875 2907 3117 2978; x_wconf 89' lang='lat' dir='ltr'><strong>Spiritus</strong></span> <span class='ocrx_word' id='word_1_512' title='bbox 3143 2909 3320 2963; x_wconf 90' lang='lat' dir='ltr'><strong>sancti</strong></span> <span class='ocrx_word' id='word_1_513' title='bbox 3352 2908 3721 2964; x_wconf 88' lang='lat' dir='ltr'><strong>conﬁrmetur</strong></span> <span class='ocrx_word' id='word_1_514' title='bbox 3754 2910 3826 2965; x_wconf 88' lang='lat' dir='ltr'><strong>in</strong></span> 
     </span>
    </p>
   </div>
   <div class='ocr_carea' id='block_1_78' title="bbox 2171 2999 3831 3072">
    <p class='ocr_par' dir='ltr' id='par_1_78' title="bbox 2171 2999 3831 3072">
     <span class='ocr_line' id='line_1_78' title="bbox 2171 2999 3831 3072; baseline 0.004 -20"><span class='ocrx_word' id='word_1_515' title='bbox 2171 2999 2370 3070; x_wconf 88' lang='lat' dir='ltr'><strong>gratia.</strong></span> <span class='ocrx_word' id='word_1_516' title='bbox 2398 3000 2647 3055; x_wconf 77' lang='lat' dir='ltr'><strong>Membra</strong></span> <span class='ocrx_word' id='word_1_517' title='bbox 2670 3000 2888 3072; x_wconf 88' lang='lat' dir='ltr'><strong>parvoli</strong></span> <span class='ocrx_word' id='word_1_518' title='bbox 2917 3000 3146 3068; x_wconf 88' lang='lat' dir='ltr'><strong>sabana,</strong></span> <span class='ocrx_word' id='word_1_519' title='bbox 3180 3001 3239 3056; x_wconf 91' lang='lat' dir='ltr'><strong>id</strong></span> <span class='ocrx_word' id='word_1_520' title='bbox 3266 3007 3351 3057; x_wconf 88' lang='lat' dir='ltr'><strong>est</strong></span> <span class='ocrx_word' id='word_1_521' title='bbox 3378 3002 3620 3057; x_wconf 91' lang='lat' dir='ltr'><strong>candido</strong></span> <span class='ocrx_word' id='word_1_522' title='bbox 3647 3020 3712 3057; x_wconf 92' lang='lat' dir='ltr'><strong>ac</strong></span> <span class='ocrx_word' id='word_1_523' title='bbox 3740 3003 3831 3058; x_wconf 83' lang='lat' dir='ltr'><strong>vi-</strong></span> 
     </span>
    </p>
   </div>
   <div class='ocr_carea' id='block_1_79' title="bbox 2168 3092 3831 3165">
    <p class='ocr_par' dir='ltr' id='par_1_79' title="bbox 2168 3092 3831 3165">
     <span class='ocr_line' id='line_1_79' title="bbox 2168 3092 3831 3165; baseline 0.003 -19"><span class='ocrx_word' id='word_1_524' title='bbox 2168 3092 2265 3147; x_wconf 90' lang='lat' dir='ltr'><strong>lati</strong></span> <span class='ocrx_word' id='word_1_525' title='bbox 2292 3092 2469 3147; x_wconf 89' lang='lat' dir='ltr'><strong>linteo</strong></span> <span class='ocrx_word' id='word_1_526' title='bbox 2514 3097 2923 3165; x_wconf 85' lang='lat' dir='ltr'><strong>exterguntur,.</strong></span> <span class='ocrx_word' id='word_1_527' title='bbox 2954 3109 3028 3149; x_wconf 94' lang='lat' dir='ltr'><strong>ne</strong></span> <span class='ocrx_word' id='word_1_528' title='bbox 3066 3094 3284 3149; x_wconf 89' lang='lat' dir='ltr'><strong>corium</strong></span> <span class='ocrx_word' id='word_1_529' title='bbox 3328 3094 3381 3151; x_wconf 91' lang='lat' dir='ltr'><strong>ei</strong></span> <span class='ocrx_word' id='word_1_530' title='bbox 3429 3096 3686 3151; x_wconf 56' lang='lat' dir='ltr'><strong>laedatur.</strong></span> <span class='ocrx_word' id='word_1_531' title='bbox 3737 3097 3831 3151; x_wconf 86' lang='lat' dir='ltr'><strong>Ita</strong></span> 
     </span>
    </p>
   </div>
   <div class='ocr_carea' id='block_1_80' title="bbox 2170 3185 3829 3260">
    <p class='ocr_par' dir='ltr' id='par_1_80' title="bbox 2170 3185 3829 3260">
     <span class='ocr_line' id='line_1_80' title="bbox 2170 3185 3829 3260; baseline 0.003 -21"><span class='ocrx_word' id='word_1_532' title='bbox 2170 3185 2509 3240; x_wconf 89' lang='lat' dir='ltr'><strong>caticumino</strong></span> <span class='ocrx_word' id='word_1_533' title='bbox 2551 3186 2830 3242; x_wconf 81' lang='lat' dir='ltr'><strong>subtilitas</strong></span> <span class='ocrx_word' id='word_1_534' title='bbox 2869 3187 3000 3241; x_wconf 89' lang='lat' dir='ltr'><strong>ﬁdei</strong></span> <span class='ocrx_word' id='word_1_535' title='bbox 3045 3188 3302 3258; x_wconf 85' lang='lat' dir='ltr'><strong>aperitur</strong></span> <span class='ocrx_word' id='word_1_536' title='bbox 3345 3189 3405 3243; x_wconf 92' lang='lat' dir='ltr'><strong>in</strong></span> <span class='ocrx_word' id='word_1_537' title='bbox 3445 3189 3722 3260; x_wconf 84' lang='lat' dir='ltr'><strong>symbolo,</strong></span> <span class='ocrx_word' id='word_1_538' title='bbox 3752 3194 3829 3245; x_wconf 87' lang='lat' dir='ltr'><strong>ut</strong></span> 
     </span>
    </p>
   </div>
   <div class='ocr_carea' id='block_1_81' title="bbox 2169 3278 3829 3353">
    <p class='ocr_par' dir='ltr' id='par_1_81' title="bbox 2169 3278 3829 3353">
     <span class='ocr_line' id='line_1_81' title="bbox 2169 3278 3829 3353; baseline 0.002 -20"><span class='ocrx_word' id='word_1_539' title='bbox 2169 3295 2272 3350; x_wconf 91' lang='lat' dir='ltr'><strong>per</strong></span> <span class='ocrx_word' id='word_1_540' title='bbox 2282 3278 2615 3335; x_wconf 89' lang='lat' dir='ltr'><strong>credulitate</strong></span> <span class='ocrx_word' id='word_1_541' title='bbox 2632 3285 2890 3352; x_wconf 89' lang='lat' dir='ltr'><strong>tergatur</strong></span> <span class='ocrx_word' id='word_1_542' title='bbox 2903 3280 2973 3334; x_wconf 92' lang='lat' dir='ltr'><strong>ab</strong></span> <span class='ocrx_word' id='word_1_543' title='bbox 2992 3280 3147 3335; x_wconf 91' lang='lat' dir='ltr'><strong>omni</strong></span> <span class='ocrx_word' id='word_1_544' title='bbox 3168 3285 3421 3353; x_wconf 87' lang='lat' dir='ltr'><strong>peccato.</strong></span> <span class='ocrx_word' id='word_1_545' title='bbox 3443 3282 3605 3337; x_wconf 90' lang='lat' dir='ltr'><strong>Prius</strong></span> <span class='ocrx_word' id='word_1_546' title='bbox 3623 3282 3829 3338; x_wconf 86' lang='lat' dir='ltr'><strong>liniter</strong></span> 
     </span>
    </p>
   </div>
   <div class='ocr_carea' id='block_1_82' title="bbox 2168 3372 3824 3445">
    <p class='ocr_par' dir='ltr' id='par_1_82' title="bbox 2168 3372 3824 3445">
     <span class='ocr_line' id='line_1_82' title="bbox 2168 3372 3824 3445; baseline 0.003 -19"><span class='ocrx_word' id='word_1_547' title='bbox 2168 3388 2271 3443; x_wconf 92' lang='lat' dir='ltr'><strong>per</strong></span> <span class='ocrx_word' id='word_1_548' title='bbox 2299 3372 2505 3428; x_wconf 89' lang='lat' dir='ltr'><strong>blanda</strong></span> <span class='ocrx_word' id='word_1_549' title='bbox 2530 3378 2834 3445; x_wconf 77' lang='lat' dir='ltr'><strong>praecepta,</strong></span> <span class='ocrx_word' id='word_1_550' title='bbox 2865 3390 2937 3429; x_wconf 92' lang='lat' dir='ltr'><strong>ne</strong></span> <span class='ocrx_word' id='word_1_551' title='bbox 2968 3380 3337 3445; x_wconf 84' lang='lat' dir='ltr'><strong>exasperetur</strong></span> <span class='ocrx_word' id='word_1_552' title='bbox 3361 3379 3524 3430; x_wconf 91' lang='lat' dir='ltr'><strong>tener</strong></span> <span class='ocrx_word' id='word_1_553' title='bbox 3550 3375 3610 3430; x_wconf 91' lang='lat' dir='ltr'><strong>in</strong></span> <span class='ocrx_word' id='word_1_554' title='bbox 3645 3376 3824 3431; x_wconf 80' lang='lat' dir='ltr'><strong>intel-</strong></span> 
     </span>
    </p>
   </div>
   <div class='ocr_carea' id='block_1_83' title="bbox 2169 3465 3827 3538">
    <p class='ocr_par' dir='ltr' id='par_1_83' title="bbox 2169 3465 3827 3538">
     <span class='ocr_line' id='line_1_83' title="bbox 2169 3465 3827 3538; baseline 0.003 -19"><span class='ocrx_word' id='word_1_555' title='bbox 2169 3465 2425 3538; x_wconf 88' lang='lat' dir='ltr'><strong>ligentia,</strong></span> <span class='ocrx_word' id='word_1_556' title='bbox 2455 3470 2585 3538; x_wconf 92' lang='lat' dir='ltr'><strong>post</strong></span> <span class='ocrx_word' id='word_1_557' title='bbox 2630 3466 2960 3522; x_wconf 90' lang='lat' dir='ltr'><strong>modum....</strong></span> <span class='ocrx_word' id='word_1_558' title='bbox 3009 3484 3114 3538; x_wconf 91' lang='lat' dir='ltr'><strong>per</strong></span> <span class='ocrx_word' id='word_1_559' title='bbox 3148 3468 3384 3523; x_wconf 87' lang='lat' dir='ltr'><strong>fortiora</strong></span> <span class='ocrx_word' id='word_1_560' title='bbox 3432 3469 3700 3524; x_wconf 88' lang='lat' dir='ltr'><strong>mandata</strong></span> <span class='ocrx_word' id='word_1_561' title='bbox 3750 3473 3827 3524; x_wconf 89' lang='lat' dir='ltr'><strong>ut</strong></span> 
     </span>
    </p>
   </div>
   <div class='ocr_carea' id='block_1_84' title="bbox 2170 3536 3828 3631">
    <p class='ocr_par' dir='ltr' id='par_1_84' title="bbox 2170 3536 3828 3631">
     <span class='ocr_line' id='line_1_84' title="bbox 2170 3536 3828 3631; baseline 0.002 -19"><span class='ocrx_word' id='word_1_562' title='bbox 2170 3536 2515 3614; x_wconf 76' lang='lat' dir='ltr'><strong>cOnvalescat</strong></span> <span class='ocrx_word' id='word_1_563' title='bbox 2541 3577 2644 3630; x_wconf 89' lang='lat' dir='ltr'><strong>per</strong></span> <span class='ocrx_word' id='word_1_564' title='bbox 2676 3576 2867 3631; x_wconf 89' lang='lat' dir='ltr'><strong>opera.</strong></span> <span class='ocrx_word' id='word_1_565' title='bbox 2898 3536 3085 3615; x_wconf 78' lang='lat' dir='ltr'><strong>Infans</strong></span> <span class='ocrx_word' id='word_1_566' title='bbox 3110 3560 3253 3615; x_wconf 89' lang='lat' dir='ltr'><strong>lacte</strong></span> <span class='ocrx_word' id='word_1_567' title='bbox 3279 3560 3552 3631; x_wconf 89' lang='lat' dir='ltr'><strong>nutritur,</strong></span> <span class='ocrx_word' id='word_1_568' title='bbox 3598 3567 3655 3617; x_wconf 91' lang='lat' dir='ltr'><strong>et</strong></span> <span class='ocrx_word' id='word_1_569' title='bbox 3688 3562 3828 3616; x_wconf 86' lang='lat' dir='ltr'><strong>cati-</strong></span> 
     </span>
    </p>
   </div>
   <div class='ocr_carea' id='block_1_85' title="bbox 2173 3653 3824 3725">
    <p class='ocr_par' dir='ltr' id='par_1_85' title="bbox 2173 3653 3824 3725">
     <span class='ocr_line' id='line_1_85' title="bbox 2173 3653 3824 3725; baseline 0.002 -19"><span class='ocrx_word' id='word_1_570' title='bbox 2173 3653 2427 3708; x_wconf 88' lang='lat' dir='ltr'><strong>cumenis</strong></span> <span class='ocrx_word' id='word_1_571' title='bbox 2454 3653 2757 3709; x_wconf 84' lang='lat' dir='ltr'><strong>chrismate</strong></span> <span class='ocrx_word' id='word_1_572' title='bbox 2797 3658 3110 3725; x_wconf 86' lang='lat' dir='ltr'><strong>unguetur.</strong></span> <span class='ocrx_word' id='word_1_573' title='bbox 3142 3655 3247 3709; x_wconf 90' lang='lat' dir='ltr'><strong>Lac</strong></span> <span class='ocrx_word' id='word_1_574' title='bbox 3289 3671 3359 3709; x_wconf 88' lang='lat' dir='ltr'><strong>ex</strong></span> <span class='ocrx_word' id='word_1_575' title='bbox 3404 3655 3601 3710; x_wconf 90' lang='lat' dir='ltr'><strong>matris</strong></span> <span class='ocrx_word' id='word_1_576' title='bbox 3640 3655 3824 3709; x_wconf 88' lang='lat' dir='ltr'><strong>ubera</strong></span> 
     </span>
    </p>
   </div>
   <div class='ocr_carea' id='block_1_86' title="bbox 2171 3746 3822 3818">
    <p class='ocr_par' dir='ltr' id='par_1_86' title="bbox 2171 3746 3822 3818">
     <span class='ocr_line' id='line_1_86' title="bbox 2171 3746 3822 3818; baseline 0.002 -18"><span class='ocrx_word' id='word_1_577' title='bbox 2171 3751 2468 3818; x_wconf 90' lang='lat' dir='ltr'><strong>suggetur,</strong></span> <span class='ocrx_word' id='word_1_578' title='bbox 2502 3750 2558 3802; x_wconf 89' lang='lat' dir='ltr'><strong>et</strong></span> <span class='ocrx_word' id='word_1_579' title='bbox 2585 3747 2833 3801; x_wconf 90' lang='lat' dir='ltr'><strong>chrisma</strong></span> <span class='ocrx_word' id='word_1_580' title='bbox 2861 3746 2921 3801; x_wconf 92' lang='lat' dir='ltr'><strong>in</strong></span> <span class='ocrx_word' id='word_1_581' title='bbox 2948 3746 3077 3802; x_wconf 91' lang='lat' dir='ltr'><strong>sinu</strong></span> <span class='ocrx_word' id='word_1_582' title='bbox 3097 3751 3303 3803; x_wconf 72' lang='lat' dir='ltr'><strong>sancta:</strong></span> <span class='ocrx_word' id='word_1_583' title='bbox 3328 3748 3526 3803; x_wconf 88' lang='lat' dir='ltr'><strong>matris</strong></span> <span class='ocrx_word' id='word_1_584' title='bbox 3556 3748 3822 3805; x_wconf 71' lang='lat' dir='ltr'><strong>Ecclesiae</strong></span> 
     </span>
    </p>
   </div>
   <div class='ocr_carea' id='block_1_87' title="bbox 2172 3845 2557 3895">
    <p class='ocr_par' dir='ltr' id='par_1_87' title="bbox 2172 3845 2557 3895">
     <span class='ocr_line' id='line_1_87' title="bbox 2172 3845 2557 3895; baseline 0.005 -2"><span class='ocrx_word' id='word_1_585' title='bbox 2172 3845 2557 3895; x_wconf 87' lang='lat' dir='ltr'><strong>consecratur.</strong></span> 
     </span>
    </p>
   </div>
   <div class='ocr_carea' id='block_1_88' title="bbox 2246 3933 3822 4007">
    <p class='ocr_par' dir='ltr' id='par_1_88' title="bbox 2246 3933 3822 4007">
     <span class='ocr_line' id='line_1_88' title="bbox 2246 3933 3822 4007; baseline 0.003 -20"><span class='ocrx_word' id='word_1_586' title='bbox 2246 3933 2409 3988; x_wconf 88' lang='lat' dir='ltr'><strong>Liber</strong></span> <span class='ocrx_word' id='word_1_587' title='bbox 2434 3939 2625 3989; x_wconf 89' lang='lat' dir='ltr'><strong>autem</strong></span> <span class='ocrx_word' id='word_1_588' title='bbox 2655 3934 2943 4007; x_wconf 90' lang='lat' dir='ltr'><strong>Evangelii</strong></span> <span class='ocrx_word' id='word_1_589' title='bbox 2986 3934 3048 3990; x_wconf 90' lang='lat' dir='ltr'><strong>in</strong></span> <span class='ocrx_word' id='word_1_590' title='bbox 3088 3935 3273 4007; x_wconf 90' lang='lat' dir='ltr'><strong>specie</strong></span> <span class='ocrx_word' id='word_1_591' title='bbox 3318 3935 3569 4007; x_wconf 91' lang='lat' dir='ltr'><strong>corporis</strong></span> <span class='ocrx_word' id='word_1_592' title='bbox 3610 3936 3822 3991; x_wconf 88' lang='lat' dir='ltr'><strong>Christi</strong></span> 
     </span>
    </p>
   </div>
   <div class='ocr_carea' id='block_1_89' title="bbox 2173 4026 3825 4100">
    <p class='ocr_par' dir='ltr' id='par_1_89' title="bbox 2173 4026 3825 4100">
     <span class='ocr_line' id='line_1_89' title="bbox 2173 4026 3825 4100; baseline 0.003 -19"><span class='ocrx_word' id='word_1_593' title='bbox 2173 4026 2347 4081; x_wconf 88' lang='lat' dir='ltr'><strong>rubro</strong></span> <span class='ocrx_word' id='word_1_594' title='bbox 2371 4027 2589 4099; x_wconf 89' lang='lat' dir='ltr'><strong>tegitur</strong></span> <span class='ocrx_word' id='word_1_595' title='bbox 2616 4028 2917 4097; x_wconf 88' lang='lat' dir='ltr'><strong>velamine,</strong></span> <span class='ocrx_word' id='word_1_596' title='bbox 2951 4028 3245 4100; x_wconf 88' lang='lat' dir='ltr'><strong>sanguinis</strong></span> <span class='ocrx_word' id='word_1_597' title='bbox 3276 4029 3438 4100; x_wconf 89' lang='lat' dir='ltr'><strong>signo</strong></span> <span class='ocrx_word' id='word_1_598' title='bbox 3463 4033 3825 4086; x_wconf 87' lang='lat' dir='ltr'><strong>monstrante</strong></span> 
     </span>
    </p>
   </div>
   <div class='ocr_carea' id='block_1_90' title="bbox 2176 4119 3825 4195">
    <p class='ocr_par' dir='ltr' id='par_1_90' title="bbox 2176 4119 3825 4195">
     <span class='ocr_line' id='line_1_90' title="bbox 2176 4119 3825 4195; baseline 0.002 -21"><span class='ocrx_word' id='word_1_599' title='bbox 2176 4120 2237 4174; x_wconf 91' lang='lat' dir='ltr'><strong>In</strong></span> <span class='ocrx_word' id='word_1_600' title='bbox 2260 4119 2447 4175; x_wconf 89' lang='lat' dir='ltr'><strong>calicis</strong></span> <span class='ocrx_word' id='word_1_601' title='bbox 2485 4125 2679 4176; x_wconf 90' lang='lat' dir='ltr'><strong>autem</strong></span> <span class='ocrx_word' id='word_1_602' title='bbox 2726 4122 2991 4177; x_wconf 58' lang='lat' dir='ltr'><strong>chrisma</strong></span> <span class='ocrx_word' id='word_1_603' title='bbox 3034 4122 3263 4177; x_wconf 88' lang='lat' dir='ltr'><strong>vascula</strong></span> <span class='ocrx_word' id='word_1_604' title='bbox 3287 4123 3644 4192; x_wconf 88' lang='lat' dir='ltr'><strong>deferuntur,</strong></span> <span class='ocrx_word' id='word_1_605' title='bbox 3685 4124 3825 4195; x_wconf 84' lang='lat' dir='ltr'><strong>quia</strong></span> 
     </span>
    </p>
   </div>
   <div class='ocr_carea' id='block_1_91' title="bbox 2175 4213 3824 4288">
    <p class='ocr_par' dir='ltr' id='par_1_91' title="bbox 2175 4213 3824 4288">
     <span class='ocr_line' id='line_1_91' title="bbox 2175 4213 3824 4288; baseline 0.003 -21"><span class='ocrx_word' id='word_1_606' title='bbox 2175 4213 2365 4268; x_wconf 81' lang='lat' dir='ltr'><strong>omnia</strong></span> <span class='ocrx_word' id='word_1_607' title='bbox 2411 4220 2757 4270; x_wconf 81' lang='lat' dir='ltr'><strong>sacramenta</strong></span> <span class='ocrx_word' id='word_1_608' title='bbox 2794 4215 3149 4287; x_wconf 86' lang='lat' dir='ltr'><strong>baptismatis</strong></span> <span class='ocrx_word' id='word_1_609' title='bbox 3200 4216 3259 4270; x_wconf 91' lang='lat' dir='ltr'><strong>in</strong></span> <span class='ocrx_word' id='word_1_610' title='bbox 3301 4216 3508 4271; x_wconf 87' lang='lat' dir='ltr'><strong>Christi</strong></span> <span class='ocrx_word' id='word_1_611' title='bbox 3560 4217 3824 4288; x_wconf 86' lang='lat' dir='ltr'><strong>passione</strong></span> 
     </span>
    </p>
   </div>
   <div class='ocr_carea' id='block_1_92' title="bbox 2174 4306 3821 4371">
    <p class='ocr_par' dir='ltr' id='par_1_92' title="bbox 2174 4306 3821 4371">
     <span class='ocr_line' id='line_1_92' title="bbox 2174 4306 3821 4371; baseline 0.003 -11"><span class='ocrx_word' id='word_1_612' title='bbox 2174 4306 2495 4363; x_wconf 87' lang='lat' dir='ltr'><strong>ﬁrmantur.</strong></span> <span class='ocrx_word' id='word_1_613' title='bbox 2526 4308 2710 4363; x_wconf 88' lang='lat' dir='ltr'><strong>Vitrea</strong></span> <span class='ocrx_word' id='word_1_614' title='bbox 2737 4313 2930 4363; x_wconf 89' lang='lat' dir='ltr'><strong>autem</strong></span> <span class='ocrx_word' id='word_1_615' title='bbox 2955 4309 3044 4364; x_wconf 89' lang='lat' dir='ltr'><strong>vel</strong></span> <span class='ocrx_word' id='word_1_616' title='bbox 3069 4309 3373 4365; x_wconf 89' lang='lat' dir='ltr'><strong>cristallina</strong></span> <span class='ocrx_word' id='word_1_617' title='bbox 3386 4327 3516 4365; x_wconf 90' lang='lat' dir='ltr'><strong>vasa</strong></span> <span class='ocrx_word' id='word_1_618' title='bbox 3540 4310 3821 4371; x_wconf 90' lang='lat' dir='ltr'><strong>chrisma-</strong></span> 
     </span>
    </p>
   </div>
   <div class='ocr_carea' id='block_1_93' title="bbox 2175 4400 3823 4474">
    <p class='ocr_par' dir='ltr' id='par_1_93' title="bbox 2175 4400 3823 4474">
     <span class='ocr_line' id='line_1_93' title="bbox 2175 4400 3823 4474; baseline 0.002 -19"><span class='ocrx_word' id='word_1_619' title='bbox 2175 4400 2267 4469; x_wconf 88' lang='lat' dir='ltr'><strong>tis,</strong></span> <span class='ocrx_word' id='word_1_620' title='bbox 2286 4401 2599 4457; x_wconf 85' lang='lat' dir='ltr'><strong>claritatem</strong></span> <span class='ocrx_word' id='word_1_621' title='bbox 2619 4401 2845 4474; x_wconf 89' lang='lat' dir='ltr'><strong>signant</strong></span> <span class='ocrx_word' id='word_1_622' title='bbox 2866 4402 3238 4473; x_wconf 87' lang='lat' dir='ltr'><strong>baptismatis.</strong></span> <span class='ocrx_word' id='word_1_623' title='bbox 3264 4403 3585 4458; x_wconf 90' lang='lat' dir='ltr'><strong>Balsamum</strong></span> <span class='ocrx_word' id='word_1_624' title='bbox 3621 4409 3823 4459; x_wconf 87' lang='lat' dir='ltr'><strong>autem</strong></span> 
     </span>
    </p>
   </div>
   <div class='ocr_carea' id='block_1_94' title="bbox 2176 4493 3820 4568">
    <p class='ocr_par' dir='ltr' id='par_1_94' title="bbox 2176 4493 3820 4568">
     <span class='ocr_line' id='line_1_94' title="bbox 2176 4493 3820 4568; baseline 0.002 -20"><span class='ocrx_word' id='word_1_625' title='bbox 2176 4493 2421 4549; x_wconf 89' lang='lat' dir='ltr'><strong>chrisma</strong></span> <span class='ocrx_word' id='word_1_626' title='bbox 2466 4494 2783 4550; x_wconf 91' lang='lat' dir='ltr'><strong>conﬁcitur.</strong></span> <span class='ocrx_word' id='word_1_627' title='bbox 2828 4495 3116 4551; x_wconf 88' lang='lat' dir='ltr'><strong>Lentiscus</strong></span> <span class='ocrx_word' id='word_1_628' title='bbox 3166 4513 3347 4568; x_wconf 86' lang='lat' dir='ltr'><strong>genus</strong></span> <span class='ocrx_word' id='word_1_629' title='bbox 3396 4497 3542 4568; x_wconf 90' lang='lat' dir='ltr'><strong>ligni</strong></span> <span class='ocrx_word' id='word_1_630' title='bbox 3588 4497 3820 4567; x_wconf 89' lang='lat' dir='ltr'><strong>dicitur,</strong></span> 
     </span>
    </p>
   </div>
   <div class='ocr_carea' id='block_1_95' title="bbox 2176 4587 3826 4660">
    <p class='ocr_par' dir='ltr' id='par_1_95' title="bbox 2176 4587 3826 4660">
     <span class='ocr_line' id='line_1_95' title="bbox 2176 4587 3826 4660; baseline 0.002 -18"><span class='ocrx_word' id='word_1_631' title='bbox 2176 4587 2328 4643; x_wconf 90' lang='lat' dir='ltr'><strong>unde</strong></span> <span class='ocrx_word' id='word_1_632' title='bbox 2383 4588 2559 4643; x_wconf 90' lang='lat' dir='ltr'><strong>risina</strong></span> <span class='ocrx_word' id='word_1_633' title='bbox 2602 4589 2869 4644; x_wconf 73' lang='lat' dir='ltr'><strong>balsama:</strong></span> <span class='ocrx_word' id='word_1_634' title='bbox 2916 4589 3165 4660; x_wconf 90' lang='lat' dir='ltr'><strong>tolletur,</strong></span> <span class='ocrx_word' id='word_1_635' title='bbox 3213 4590 3282 4645; x_wconf 92' lang='lat' dir='ltr'><strong>de</strong></span> <span class='ocrx_word' id='word_1_636' title='bbox 3335 4590 3443 4645; x_wconf 92' lang='lat' dir='ltr'><strong>hoc</strong></span> <span class='ocrx_word' id='word_1_637' title='bbox 3493 4590 3726 4645; x_wconf 88' lang='lat' dir='ltr'><strong>lentisco</strong></span> <span class='ocrx_word' id='word_1_638' title='bbox 3764 4591 3826 4646; x_wconf 89' lang='lat' dir='ltr'><strong>in</strong></span> 
     </span>
    </p>
   </div>
   <div class='ocr_carea' id='block_1_96' title="bbox 2177 4682 3829 4754">
    <p class='ocr_par' dir='ltr' id='par_1_96' title="bbox 2177 4682 3829 4754">
     <span class='ocr_line' id='line_1_96' title="bbox 2177 4682 3829 4754; baseline 0.002 -19"><span class='ocrx_word' id='word_1_639' title='bbox 2177 4698 2343 4736; x_wconf 91' lang='lat' dir='ltr'><strong>cruce</strong></span> <span class='ocrx_word' id='word_1_640' title='bbox 2370 4682 2654 4737; x_wconf 89' lang='lat' dir='ltr'><strong>dominica</strong></span> <span class='ocrx_word' id='word_1_641' title='bbox 2683 4682 2779 4736; x_wconf 87' lang='lat' dir='ltr'><strong>illa</strong></span> <span class='ocrx_word' id='word_1_642' title='bbox 2804 4699 2937 4754; x_wconf 88' lang='lat' dir='ltr'><strong>pars</strong></span> <span class='ocrx_word' id='word_1_643' title='bbox 2973 4683 3147 4738; x_wconf 86' lang='lat' dir='ltr'><strong>fuisse</strong></span> <span class='ocrx_word' id='word_1_644' title='bbox 3176 4682 3439 4753; x_wconf 86' lang='lat' dir='ltr'><strong>traditur,</strong></span> <span class='ocrx_word' id='word_1_645' title='bbox 3469 4684 3569 4738; x_wconf 89' lang='lat' dir='ltr'><strong>ubi</strong></span> <span class='ocrx_word' id='word_1_646' title='bbox 3604 4688 3829 4738; x_wconf 88' lang='lat' dir='ltr'><strong>sanctas</strong></span> 
     </span>
    </p>
   </div>
   <div class='ocr_carea' id='block_1_97' title="bbox 2175 4775 3827 4849">
    <p class='ocr_par' dir='ltr' id='par_1_97' title="bbox 2175 4775 3827 4849">
     <span class='ocr_line' id='line_1_97' title="bbox 2175 4775 3827 4849; baseline 0.002 -20"><span class='ocrx_word' id='word_1_647' title='bbox 2175 4792 2380 4829; x_wconf 90' lang='lat' dir='ltr'><strong>manus</strong></span> <span class='ocrx_word' id='word_1_648' title='bbox 2409 4775 2631 4830; x_wconf 88' lang='lat' dir='ltr'><strong>Domini</strong></span> <span class='ocrx_word' id='word_1_649' title='bbox 2651 4776 2808 4831; x_wconf 90' lang='lat' dir='ltr'><strong>clavo</strong></span> <span class='ocrx_word' id='word_1_650' title='bbox 2829 4776 3063 4832; x_wconf 88' lang='lat' dir='ltr'><strong>conﬁxit</strong></span> <span class='ocrx_word' id='word_1_651' title='bbox 3086 4776 3317 4849; x_wconf 88' lang='lat' dir='ltr'><strong>impius,</strong></span> <span class='ocrx_word' id='word_1_652' title='bbox 3347 4777 3664 4848; x_wconf 89' lang='lat' dir='ltr'><strong>perﬁcitur.</strong></span> <span class='ocrx_word' id='word_1_653' title='bbox 3693 4778 3827 4832; x_wconf 91' lang='lat' dir='ltr'><strong>Ideo</strong></span> 
     </span>
    </p>
   </div>
   <div class='ocr_carea' id='block_1_98' title="bbox 2177 4867 3830 4943">
    <p class='ocr_par' dir='ltr' id='par_1_98' title="bbox 2177 4867 3830 4943">
     <span class='ocr_line' id='line_1_98' title="bbox 2177 4867 3830 4943; baseline 0.002 -21"><span class='ocrx_word' id='word_1_654' title='bbox 2177 4873 2233 4922; x_wconf 91' lang='lat' dir='ltr'><strong>et</strong></span> <span class='ocrx_word' id='word_1_655' title='bbox 2257 4867 2432 4923; x_wconf 91' lang='lat' dir='ltr'><strong>risina</strong></span> <span class='ocrx_word' id='word_1_656' title='bbox 2457 4869 2598 4941; x_wconf 89' lang='lat' dir='ltr'><strong>ligni</strong></span> <span class='ocrx_word' id='word_1_657' title='bbox 2624 4868 2802 4941; x_wconf 89' lang='lat' dir='ltr'><strong>ipsius</strong></span> <span class='ocrx_word' id='word_1_658' title='bbox 2825 4869 3253 4942; x_wconf 88' lang='lat' dir='ltr'><strong>dispensante...</strong></span> <span class='ocrx_word' id='word_1_659' title='bbox 3272 4870 3443 4925; x_wconf 87' lang='lat' dir='ltr'><strong>etiam</strong></span> <span class='ocrx_word' id='word_1_660' title='bbox 3472 4871 3543 4924; x_wconf 90' lang='lat' dir='ltr'><strong>ab</strong></span> <span class='ocrx_word' id='word_1_661' title='bbox 3579 4871 3830 4943; x_wconf 89' lang='lat' dir='ltr'><strong>antiquis</strong></span> 
     </span>
    </p>
   </div>
   <div class='ocr_carea' id='block_1_99' title="bbox 2179 4962 3828 5035">
    <p class='ocr_par' dir='ltr' id='par_1_99' title="bbox 2179 4962 3828 5035">
     <span class='ocr_line' id='line_1_99' title="bbox 2179 4962 3828 5035; baseline 0.002 -20"><span class='ocrx_word' id='word_1_662' title='bbox 2179 4962 2530 5032; x_wconf 89' lang='lat' dir='ltr'><strong>temporibus</strong></span> <span class='ocrx_word' id='word_1_663' title='bbox 2572 4962 3006 5034; x_wconf 81' lang='lat' dir='ltr'><strong>imprimatis....</strong></span> <span class='ocrx_word' id='word_1_664' title='bbox 3053 4963 3506 5018; x_wconf 87' lang='lat' dir='ltr'><strong>transfundetur.</strong></span> <span class='ocrx_word' id='word_1_665' title='bbox 3569 4965 3828 5035; x_wconf 86' lang='lat' dir='ltr'><strong>Angelus</strong></span> 
     </span>
    </p>
   </div>
   <div class='ocr_carea' id='block_1_100' title="bbox 2099 5054 3831 5139">
    <p class='ocr_par' dir='ltr' id='par_1_100' title="bbox 2099 5054 3831 5139">
     <span class='ocr_line' id='line_1_100' title="bbox 2099 5054 3831 5139; baseline 0.001 -28"><span class='ocrx_word' id='word_1_666' title='bbox 2099 5068 2159 5139; x_wconf 84' lang='lat' dir='ltr'><strong>D</strong></span> <span class='ocrx_word' id='word_1_667' title='bbox 2181 5054 2335 5111; x_wconf 89' lang='lat' dir='ltr'><strong>enim</strong></span> <span class='ocrx_word' id='word_1_668' title='bbox 2361 5056 2459 5110; x_wconf 91' lang='lat' dir='ltr'><strong>Dei</strong></span> <span class='ocrx_word' id='word_1_669' title='bbox 2487 5055 2557 5110; x_wconf 90' lang='lat' dir='ltr'><strong>ad</strong></span> <span class='ocrx_word' id='word_1_670' title='bbox 2586 5060 2800 5111; x_wconf 90' lang='lat' dir='ltr'><strong>secreta</strong></span> <span class='ocrx_word' id='word_1_671' title='bbox 2816 5073 2991 5129; x_wconf 91' lang='lat' dir='ltr'><strong>super</strong></span> <span class='ocrx_word' id='word_1_672' title='bbox 3009 5056 3183 5111; x_wconf 87' lang='lat' dir='ltr'><strong>altare</strong></span> <span class='ocrx_word' id='word_1_673' title='bbox 3211 5060 3483 5128; x_wconf 89' lang='lat' dir='ltr'><strong>tanquam</strong></span> <span class='ocrx_word' id='word_1_674' title='bbox 3512 5073 3685 5129; x_wconf 89' lang='lat' dir='ltr'><strong>super</strong></span> <span class='ocrx_word' id='word_1_675' title='bbox 3711 5075 3831 5113; x_wconf 91' lang='lat' dir='ltr'><strong>mo-</strong></span> 
     </span>
    </p>
   </div>
   <div class='ocr_carea' id='block_1_101' title="bbox 2188 5149 3827 5221">
    <p class='ocr_par' dir='ltr' id='par_1_101' title="bbox 2188 5149 3827 5221">
     <span class='ocr_line' id='line_1_101' title="bbox 2188 5149 3827 5221; baseline 0.002 -19"><span class='ocrx_word' id='word_1_676' title='bbox 2188 5154 2530 5204; x_wconf 91' lang='lat' dir='ltr'><strong>numentum</strong></span> <span class='ocrx_word' id='word_1_677' title='bbox 2564 5149 2870 5219; x_wconf 89' lang='lat' dir='ltr'><strong>descendit,</strong></span> <span class='ocrx_word' id='word_1_678' title='bbox 2918 5153 2975 5204; x_wconf 90' lang='lat' dir='ltr'><strong>et</strong></span> <span class='ocrx_word' id='word_1_679' title='bbox 3009 5149 3195 5221; x_wconf 89' lang='lat' dir='ltr'><strong>ipsam</strong></span> <span class='ocrx_word' id='word_1_680' title='bbox 3238 5150 3484 5206; x_wconf 88' lang='lat' dir='ltr'><strong>hostiam</strong></span> <span class='ocrx_word' id='word_1_681' title='bbox 3525 5150 3827 5221; x_wconf 91' lang='lat' dir='ltr'><strong>benedicit,</strong></span> 
     </span>
    </p>
   </div>
   <div class='ocr_carea' id='block_1_102' title="bbox 2188 5242 3830 5315">
    <p class='ocr_par' dir='ltr' id='par_1_102' title="bbox 2188 5242 3830 5315">
     <span class='ocr_line' id='line_1_102' title="bbox 2188 5242 3830 5315; baseline 0.002 -19"><span class='ocrx_word' id='word_1_682' title='bbox 2188 5242 2366 5297; x_wconf 84' lang='lat' dir='ltr'><strong>instar</strong></span> <span class='ocrx_word' id='word_1_683' title='bbox 2390 5242 2540 5297; x_wconf 91' lang='lat' dir='ltr'><strong>illius</strong></span> <span class='ocrx_word' id='word_1_684' title='bbox 2569 5243 2757 5315; x_wconf 89' lang='lat' dir='ltr'><strong>angeli</strong></span> <span class='ocrx_word' id='word_1_685' title='bbox 2782 5242 2879 5315; x_wconf 90' lang='lat' dir='ltr'><strong>qui</strong></span> <span class='ocrx_word' id='word_1_686' title='bbox 2905 5242 3115 5298; x_wconf 90' lang='lat' dir='ltr'><strong>Christi</strong></span> <span class='ocrx_word' id='word_1_687' title='bbox 3138 5244 3617 5300; x_wconf 90' lang='lat' dir='ltr'><strong>resurrectionem</strong></span> <span class='ocrx_word' id='word_1_688' title='bbox 3654 5261 3830 5300; x_wconf 85' lang='lat' dir='ltr'><strong>evan-</strong></span> 
     </span>
    </p>
   </div>
   <div class='ocr_carea' id='block_1_103' title="bbox 2191 5335 3833 5408">
    <p class='ocr_par' dir='ltr' id='par_1_103' title="bbox 2191 5335 3833 5408">
     <span class='ocr_line' id='line_1_103' title="bbox 2191 5335 3833 5408; baseline 0.003 -20"><span class='ocrx_word' id='word_1_689' title='bbox 2191 5335 2465 5407; x_wconf 89' lang='lat' dir='ltr'><strong>gelizavit.</strong></span> <span class='ocrx_word' id='word_1_690' title='bbox 2495 5337 2649 5391; x_wconf 91' lang='lat' dir='ltr'><strong>Tunc</strong></span> <span class='ocrx_word' id='word_1_691' title='bbox 2684 5336 2862 5392; x_wconf 89' lang='lat' dir='ltr'><strong>libera</strong></span> <span class='ocrx_word' id='word_1_692' title='bbox 2895 5335 3112 5408; x_wconf 88' lang='lat' dir='ltr'><strong>lingua,</strong></span> <span class='ocrx_word' id='word_1_693' title='bbox 3166 5341 3223 5393; x_wconf 91' lang='lat' dir='ltr'><strong>et</strong></span> <span class='ocrx_word' id='word_1_694' title='bbox 3261 5353 3395 5392; x_wconf 90' lang='lat' dir='ltr'><strong>voce</strong></span> <span class='ocrx_word' id='word_1_695' title='bbox 3444 5339 3593 5393; x_wconf 87' lang='lat' dir='ltr'><strong>clara</strong></span> <span class='ocrx_word' id='word_1_696' title='bbox 3641 5339 3833 5393; x_wconf 89' lang='lat' dir='ltr'><strong>omnia</strong></span> 
     </span>
    </p>
   </div>
   <div class='ocr_carea' id='block_1_104' title="bbox 2190 5428 3833 5501">
    <p class='ocr_par' dir='ltr' id='par_1_104' title="bbox 2190 5428 3833 5501">
     <span class='ocr_line' id='line_1_104' title="bbox 2190 5428 3833 5501; baseline 0.002 -18"><span class='ocrx_word' id='word_1_697' title='bbox 2190 5429 2407 5484; x_wconf 89' lang='lat' dir='ltr'><strong>cantica</strong></span> <span class='ocrx_word' id='word_1_698' title='bbox 2448 5445 2575 5501; x_wconf 67' lang='lat' dir='ltr'><strong>qua:</strong></span> <span class='ocrx_word' id='word_1_699' title='bbox 2614 5429 2676 5485; x_wconf 91' lang='lat' dir='ltr'><strong>in</strong></span> <span class='ocrx_word' id='word_1_700' title='bbox 2721 5428 3155 5501; x_wconf 89' lang='lat' dir='ltr'><strong>quadragesima</strong></span> <span class='ocrx_word' id='word_1_701' title='bbox 3189 5430 3423 5486; x_wconf 89' lang='lat' dir='ltr'><strong>fuerunt</strong></span> <span class='ocrx_word' id='word_1_702' title='bbox 3459 5432 3564 5487; x_wconf 90' lang='lat' dir='ltr'><strong>sub</strong></span> <span class='ocrx_word' id='word_1_703' title='bbox 3607 5432 3833 5489; x_wconf 88' lang='lat' dir='ltr'><strong>silentio</strong></span> 
     </span>
    </p>
   </div>
   <div class='ocr_carea' id='block_1_105' title="bbox 2191 5522 3835 5595">
    <p class='ocr_par' dir='ltr' id='par_1_105' title="bbox 2191 5522 3835 5595">
     <span class='ocr_line' id='line_1_105' title="bbox 2191 5522 3835 5595; baseline 0.004 -19"><span class='ocrx_word' id='word_1_704' title='bbox 2191 5524 2376 5577; x_wconf 89' lang='lat' dir='ltr'><strong>clausa</strong></span> <span class='ocrx_word' id='word_1_705' title='bbox 2415 5522 2787 5595; x_wconf 81' lang='lat' dir='ltr'><strong>recipiuntur,</strong></span> <span class='ocrx_word' id='word_1_706' title='bbox 2820 5525 2878 5578; x_wconf 92' lang='lat' dir='ltr'><strong>et</strong></span> <span class='ocrx_word' id='word_1_707' title='bbox 2902 5522 3217 5579; x_wconf 89' lang='lat' dir='ltr'><strong>submersio</strong></span> <span class='ocrx_word' id='word_1_708' title='bbox 3255 5524 3564 5580; x_wconf 88' lang='lat' dir='ltr'><strong>Pharaonis</strong></span> <span class='ocrx_word' id='word_1_709' title='bbox 3599 5530 3657 5581; x_wconf 90' lang='lat' dir='ltr'><strong>et</strong></span> <span class='ocrx_word' id='word_1_710' title='bbox 3702 5527 3835 5584; x_wconf 84' lang='lat' dir='ltr'><strong>San-</strong></span> 
     </span>
    </p>
   </div>
   <div class='ocr_carea' id='block_1_106' title="bbox 2191 5616 3837 5691">
    <p class='ocr_par' dir='ltr' id='par_1_106' title="bbox 2191 5616 3837 5691">
     <span class='ocr_line' id='line_1_106' title="bbox 2191 5616 3837 5691; baseline 0.004 -21"><span class='ocrx_word' id='word_1_711' title='bbox 2191 5620 2313 5671; x_wconf 89' lang='lat' dir='ltr'><strong>ctus</strong></span> <span class='ocrx_word' id='word_1_712' title='bbox 2343 5616 2413 5671; x_wconf 91' lang='lat' dir='ltr'><strong>de</strong></span> <span class='ocrx_word' id='word_1_713' title='bbox 2438 5616 2589 5671; x_wconf 65' lang='lat' dir='ltr'><strong>caelis</strong></span> <span class='ocrx_word' id='word_1_714' title='bbox 2630 5620 2687 5673; x_wconf 92' lang='lat' dir='ltr'><strong>et</strong></span> <span class='ocrx_word' id='word_1_715' title='bbox 2720 5616 2942 5674; x_wconf 89' lang='lat' dir='ltr'><strong>alleluia</strong></span> <span class='ocrx_word' id='word_1_716' title='bbox 2992 5634 3124 5672; x_wconf 91' lang='lat' dir='ltr'><strong>cum</strong></span> <span class='ocrx_word' id='word_1_717' title='bbox 3164 5617 3382 5689; x_wconf 87' lang='lat' dir='ltr'><strong>gaudiis</strong></span> <span class='ocrx_word' id='word_1_718' title='bbox 3422 5619 3555 5691; x_wconf 89' lang='lat' dir='ltr'><strong>quia</strong></span> <span class='ocrx_word' id='word_1_719' title='bbox 3589 5622 3837 5678; x_wconf 88' lang='lat' dir='ltr'><strong>surrexit</strong></span> 
     </span>
    </p>
   </div>
   <div class='ocr_carea' id='block_1_107' title="bbox 2192 5709 3834 5770">
    <p class='ocr_par' dir='ltr' id='par_1_107' title="bbox 2192 5709 3834 5770">
     <span class='ocr_line' id='line_1_107' title="bbox 2192 5709 3834 5770; baseline 0.004 -6"><span class='ocrx_word' id='word_1_720' title='bbox 2192 5709 2480 5765; x_wconf 88' lang='lat' dir='ltr'><strong>Dominus.</strong></span> <span class='ocrx_word' id='word_1_721' title='bbox 2520 5710 2699 5766; x_wconf 87' lang='lat' dir='ltr'><strong>Media</strong></span> <span class='ocrx_word' id='word_1_722' title='bbox 2736 5713 2927 5768; x_wconf 88' lang='lat' dir='ltr'><strong>autem</strong></span> <span class='ocrx_word' id='word_1_723' title='bbox 2956 5714 3120 5766; x_wconf 87' lang='lat' dir='ltr'><strong>nocte</strong></span> <span class='ocrx_word' id='word_1_724' title='bbox 3157 5711 3219 5766; x_wconf 92' lang='lat' dir='ltr'><strong>in</strong></span> <span class='ocrx_word' id='word_1_725' title='bbox 3254 5710 3439 5767; x_wconf 86' lang='lat' dir='ltr'><strong>ofﬁcio</strong></span> <span class='ocrx_word' id='word_1_726' title='bbox 3468 5728 3834 5770; x_wconf 87' lang='lat' dir='ltr'><strong>consumma-</strong></span> 
     </span>
    </p>
   </div>
   <div class='ocr_carea' id='block_1_108' title="bbox 2192 5802 3836 5878">
    <p class='ocr_par' dir='ltr' id='par_1_108' title="bbox 2192 5802 3836 5878">
     <span class='ocr_line' id='line_1_108' title="bbox 2192 5802 3836 5878; baseline 0.004 -21"><span class='ocrx_word' id='word_1_727' title='bbox 2192 5808 2305 5873; x_wconf 88' lang='lat' dir='ltr'><strong>tur,</strong></span> <span class='ocrx_word' id='word_1_728' title='bbox 2324 5802 2457 5875; x_wconf 87' lang='lat' dir='ltr'><strong>quia</strong></span> <span class='ocrx_word' id='word_1_729' title='bbox 2484 5802 2673 5859; x_wconf 86' lang='lat' dir='ltr'><strong>media</strong></span> <span class='ocrx_word' id='word_1_730' title='bbox 2698 5808 2864 5860; x_wconf 92' lang='lat' dir='ltr'><strong>nocte</strong></span> <span class='ocrx_word' id='word_1_731' title='bbox 2893 5804 3067 5876; x_wconf 88' lang='lat' dir='ltr'><strong>fregit</strong></span> <span class='ocrx_word' id='word_1_732' title='bbox 3091 5803 3384 5860; x_wconf 89' lang='lat' dir='ltr'><strong>infernum</strong></span> <span class='ocrx_word' id='word_1_733' title='bbox 3405 5805 3676 5878; x_wconf 89' lang='lat' dir='ltr'><strong>Salvator,</strong></span> <span class='ocrx_word' id='word_1_734' title='bbox 3696 5813 3836 5864; x_wconf 87' lang='lat' dir='ltr'><strong>tunc</strong></span> 
     </span>
    </p>
   </div>
   <div class='ocr_carea' id='block_1_109' title="bbox 2190 5895 3837 5977">
    <p class='ocr_par' dir='ltr' id='par_1_109' title="bbox 2190 5895 3837 5977">
     <span class='ocr_line' id='line_1_109' title="bbox 2190 5895 3837 5977; baseline 0.002 -23"><span class='ocrx_word' id='word_1_735' title='bbox 2190 5897 2260 5953; x_wconf 86' lang='lat' dir='ltr'><strong>ab</strong></span> <span class='ocrx_word' id='word_1_736' title='bbox 2287 5913 2382 5954; x_wconf 91' lang='lat' dir='ltr'><strong>ore</strong></span> <span class='ocrx_word' id='word_1_737' title='bbox 2408 5895 2590 5954; x_wconf 87' lang='lat' dir='ltr'><strong>ﬁdelis</strong></span> <span class='ocrx_word' id='word_1_738' title='bbox 2615 5898 2811 5970; x_wconf 90' lang='lat' dir='ltr'><strong>populi</strong></span> <span class='ocrx_word' id='word_1_739' title='bbox 2831 5897 2980 5971; x_wconf 83' lang='lat' dir='ltr'><strong>Agni</strong></span> <span class='ocrx_word' id='word_1_740' title='bbox 2999 5914 3127 5954; x_wconf 88' lang='lat' dir='ltr'><strong>caro</strong></span> <span class='ocrx_word' id='word_1_741' title='bbox 3157 5897 3494 5973; x_wconf 85' lang='lat' dir='ltr'><strong>comeditur,</strong></span> <span class='ocrx_word' id='word_1_742' title='bbox 3518 5904 3575 5957; x_wconf 90' lang='lat' dir='ltr'><strong>et</strong></span> <span class='ocrx_word' id='word_1_743' title='bbox 3599 5904 3837 5977; x_wconf 87' lang='lat' dir='ltr'><strong>sanguis</strong></span> 
     </span>
    </p>
   </div>
  </div>
