4020 6232
188 321 247 371 97
1006 316 1351 372 EXPOSITIO
1388 315 1628 372 BREVIS
1665 316 1977 383 ANTIQUI:
2018 317 2349 373 LITURGDE
2386 318 2796 374 GALLICANXE.
3518 325 3585 379 98

187 424 426 481 dulciter
475 423 748 494 hibetur,
809 440 913 496 per
953 426 1102 496 quod
1140 424 1325 480 omnis
1377 425 1624 480 mundus
1663 425 1844 496 pretio
1868 437 1926 510 Α
1965 456 1987 480 π
2018 427 2427 482 Vestimentum
2456 427 2775 498 parvolum,
2800 427 2951 499 quod
2979 442 3093 482 non
3129 426 3201 483 sit
3240 426 3298 483 in
3325 428 3434 483 alio
3459 445 3583 499 uso,

188 520 339 574 claro
362 518 696 588 redimitur,
712 522 885 590 atque
911 519 1056 573 illico
1083 519 1318 574 discitur
1342 524 1404 575 ut
1433 519 1650 574 auroris
1672 522 1843 573 tenta:
1945 518 2052 573 nisi
2104 520 2175 574 ad
2222 521 2704 592 frequentandum
2764 519 3124 591 sacriﬁcium,
3174 522 3262 576 vel
3306 522 3588 594 signiﬁcat

191 611 422 667 diliculo
473 612 606 666 laus
654 612 1054 667 resurrectioni
1118 613 1341 668 Domini
1401 614 1553 667 claro
1624 613 1843 667 cantico
1944 613 2094 684 quod
2111 629 2228 667 non
2252 618 2560 684 graventur
2578 630 2786 668 manus
2802 619 3011 669 nostras
3039 614 3350 669 honoribus
3372 616 3583 683 saeculi,

193 722 326 760 cum
350 704 851 760 benedictionibus
879 706 1212 762 celebretur.
1945 706 2041 760 sed
2092 707 2516 762 circumdantur
2558 707 2784 761 subtilia
2850 707 3125 763 exercitia
3178 708 3587 763 mandatorum

265 799 522 854 Palleum
552 816 688 854 vero
720 799 777 853 in
806 800 1021 871 pascha
1047 816 1177 854 cum
1208 799 1606 855 tintinnabulis
1632 800 1844 855 Eucha-
1946 798 2061 853 Dei.
2102 798 2366 853 Prohibet
2396 803 2585 855 autem
2616 800 2843 855 manica
2872 801 3059 855 tonica
3085 817 3157 856 ne
3180 805 3457 873 appareat
3482 800 3588 855 vile

194 893 360 947 ristia
399 893 620 947 velatus
656 892 839 947 instar
884 893 1086 948 veteris
1126 894 1471 963 testamenti,
1515 893 1611 947 ubi
1656 892 1844 947 tonica
1941 893 2363 959 vestimentum,
2418 897 2517 947 aut
2583 910 2942 965 quocumque
2998 894 3301 965 indignum
3372 898 3588 950 tactum

194 985 505 1040 sacerdotis
533 986 703 1057 plena
732 986 1134 1041 tintinnabulis
1162 986 1397 1058 signans
1422 986 1594 1041 verba
1632 986 1839 1057 prmdi-
1943 986 2193 1040 sordium
2234 1000 2404 1055 super
2429 986 2619 1041 divina
2662 986 2957 1055 sacriﬁcia,
2989 1004 3101 1059 quo
3143 1004 3350 1043 manus
3378 987 3589 1042 immo-

195 1079 442 1133 cationis
494 1079 835 1135 ostenditur.
894 1080 1226 1134 Prtecinctio
1276 1084 1467 1134 autem
1524 1077 1842 1134 vestimenti
1942 1079 2124 1133 lantes
2155 1078 2498 1134 discurrunt.

196 1172 428 1226 candidi
468 1172 618 1243 quod
658 1173 916 1228 sacerdos
950 1173 1342 1244 baptizatums
1378 1172 1751 1245 praecingitur
1784 1172 1841 1225 in
2014 1172 2179 1226 Albas
2214 1188 2364 1241 vero,
2396 1188 2534 1243 quas
2572 1172 2755 1226 levitas
2798 1177 3060 1243 utuntur,
3098 1173 3223 1229 ideo
3265 1178 3593 1230 statuerunt

197 1264 365 1336 signa
397 1265 579 1320 sancti
609 1266 839 1320 Joannis
867 1270 1090 1337 agetur,
1114 1267 1209 1338 qui
1232 1266 1569 1337 praecinctus
1597 1264 1843 1336 baptiza-
1941 1271 2151 1336 patres,
2171 1265 2306 1336 quia
2334 1264 2390 1318 in
2417 1265 2757 1320 vestimento
2783 1266 2957 1320 tincto
2976 1284 3096 1321 non
3119 1267 3196 1321 sic
3216 1270 3457 1339 apparet
3479 1268 3589 1322 cito

195 1359 277 1412 vit
326 1359 655 1413 Dominum.
690 1359 846 1414 Albis
889 1363 1083 1413 autem
1127 1360 1374 1414 vestibus
1418 1360 1477 1413 in
1513 1358 1721 1413 Pascha
1758 1358 1844 1412 in-
1942 1359 2162 1413 macula
2191 1359 2478 1429 quomodo
2522 1358 2583 1413 in
2618 1359 2746 1413 albo
2778 1375 2790 1413 :
2822 1364 2878 1413 et
2918 1359 3177 1414 minister
3228 1360 3422 1415 altaris
3466 1361 3593 1415 ideo

196 1452 408 1506 duetur
459 1452 771 1507 secundum
804 1453 957 1524 quod
1008 1454 1243 1524 angelus
1285 1453 1355 1507 ad
1402 1455 1839 1506 monumentum
1940 1451 2141 1520 utitur,
2179 1456 2244 1505 ut
2286 1451 2543 1506 observet
2596 1456 2652 1506 et
2687 1456 2881 1506 caveat
2925 1468 3155 1506 omnem
3203 1454 3505 1522 maculam,
3538 1459 3594 1508 et

199 1544 342 1599 albis
371 1545 623 1600 vestibus
651 1551 995 1601 cerneretur.
1038 1546 1193 1600 Alba‘
1236 1546 1448 1601 etenim
1494 1545 1662 1600 vestis
1688 1545 1843 1599 exul-
1940 1544 2267 1599 nullatenus
2285 1545 2621 1599 vestimenta
2637 1544 3086 1600 ministrantium
3107 1547 3193 1599 vel
3209 1545 3415 1601 leviore
3434 1549 3589 1601 tactu

198 1638 479 1693 tationem
506 1639 847 1710 signiﬁcant.
1943 1641 2259 1709 appareant
2283 1638 2526 1707 sordita;
2558 1638 2654 1693 sed
2683 1638 2925 1693 candida
2969 1638 3085 1693 sint
3124 1639 3373 1694 extrarius
3414 1645 3587 1710 veste,

271 1731 477 1785 CaSula
513 1748 690 1803 quam
727 1732 1116 1804 amphibalum
1148 1737 1370 1801 vocant,
1404 1732 1558 1804 quod
1588 1731 1841 1786 sacerdos
1944 1731 2182 1785 interius
2214 1734 2421 1786 mente.
2452 1731 2624 1786 Sirico
2650 1736 2749 1786 aut
2774 1731 2980 1786 vellere
3011 1731 3199 1801 ﬁetur,
3237 1733 3371 1802 quia
3408 1732 3595 1788 Domi-

198 1824 496 1893 induetur,
527 1830 643 1879 tota
668 1825 830 1880 unita
856 1842 959 1897 per
986 1827 1226 1897 Moysem
1255 1825 1557 1897 legiferum
1588 1824 1845 1879 instituta
1866 1808 1922 1879 B
1945 1840 2052 1878 nus
2068 1824 2451 1879 sacerdotibus
2469 1825 2596 1880 ideo
2615 1825 2816 1879 exinde
2844 1825 3058 1880 habere
3077 1825 3412 1880 indumenta
3432 1842 3595 1881 man-

201 1917 474 1989 primitus
511 1918 954 1973 demonstratur.
1005 1919 1176 1973 Jussit
1220 1936 1356 1990 ergo
1402 1917 1678 1972 Dominus
1726 1914 1848 1972 ﬁeri
1948 1916 2117 1983 davit,
2146 1922 2212 1972 ut
2237 1934 2434 1972 eorum
2471 1918 2636 1972 vestis
2663 1934 2820 1989 spem
2866 1918 3294 1972 resurrectionis
3326 1919 3591 1973 ostende-

201 2011 606 2065 dissimilatum
650 2012 1076 2082 vestimentum,
1131 2015 1197 2067 ut
1239 2014 1414 2066 talem
1466 2011 1734 2065 sacerdos
1767 2011 1848 2065 iu-
1947 2015 2052 2065 ret.
2080 2010 2253 2065 Sirico
2278 2010 2431 2066 enim
2468 2011 2537 2065 de
2578 2010 2734 2083 ligno
2781 2027 2884 2081 per
2921 2028 3110 2066 verme
3149 2011 3334 2066 ﬁctur.
3380 2011 3597 2067 Vermis

201 2102 413 2172 duerit,
432 2104 602 2175 quale
626 2104 782 2159 indui
804 2107 1049 2176 populus
1073 2122 1188 2160 non
1216 2105 1541 2159 auderetur.
1573 2104 1700 2158 ldeo
1728 2103 1847 2159 sine
1947 2109 2072 2174 post
2096 2108 2340 2159 mortem
2379 2104 2633 2174 procedit
2675 2103 2734 2157 in
2762 2103 2929 2173 alate,
2978 2108 3035 2159 et
3082 2110 3208 2175 post
3250 2121 3509 2160 occasum
3543 2109 3600 2160 et

201 2197 478 2266 manicas,
510 2197 644 2268 quia
684 2198 941 2253 sacerdos
979 2199 1165 2269 potius
1205 2197 1487 2253 benedicit
1531 2213 1707 2268 quam
1745 2197 1848 2251 mi-
1947 2196 2195 2251 volatum
2245 2197 2501 2268 ﬁgurans
2547 2196 2855 2266 Christum,
2907 2196 3003 2269 qui
3075 2213 3143 2251 ex
3195 2198 3350 2268 ligno
3412 2198 3597 2253 crucis

201 2291 428 2346 nistrat.
456 2290 584 2345 ldeo
611 2291 774 2345 unita
790 2291 1101 2362 prinsecus,
1128 2308 1245 2346 non
1272 2292 1459 2361 scissa,
1489 2306 1602 2345 non
1629 2295 1844 2361 aperta,
1947 2290 2240 2361 quiescens
2265 2292 2324 2345 in
2349 2291 2648 2363 sepulchro
2681 2295 2979 2362 tamquam
3025 2291 3234 2346 vermis
3273 2292 3497 2347 clausus
3534 2292 3593 2346 in

204 2384 340 2457 quia
365 2384 566 2438 multae
610 2388 743 2438 sunt
771 2384 1063 2455 scripturae
1102 2402 1276 2439 sacra:
1310 2389 1524 2439 secreta
1553 2384 1844 2456 mysteria,
1947 2385 2166 2439 sacculo
2209 2388 2474 2455 augusto,
2526 2384 2775 2439 surrexit
2823 2385 2893 2439 de
2936 2384 3180 2454 tumulo,
3224 2389 3280 2439 et
3322 2385 3393 2441 ad
3432 2385 3598 2440 caelos

203 2494 337 2548 quae
360 2477 526 2550 quasi
556 2477 661 2532 sub
687 2477 872 2548 sigillo
904 2478 1179 2533 sacerdoti
1202 2479 1397 2533 doctus
1424 2477 1590 2533 debet
1618 2478 1849 2533 abscon-
1948 2478 2152 2532 sumsit
2192 2478 2467 2533 volatum.
2512 2478 2757 2533 Alterius
2817 2494 2946 2532 vero
2987 2478 3211 2533 velleris
3263 2479 3389 2533 alba
3438 2478 3599 2534 inno-

203 2571 363 2641 dere,
415 2575 471 2626 et
516 2571 798 2626 unitatem
846 2571 977 2628 ﬁdei
1016 2572 1317 2645 custodire,
1368 2588 1485 2627 non
1524 2570 1583 2626 iu
1633 2573 1849 2627 haerese
1949 2570 2195 2625 centiam
2224 2575 2449 2626 tantum
2478 2571 2607 2626 vitae
2634 2571 3054 2626 demonstrant.
3085 2572 3224 2626 Alba
3257 2577 3451 2627 autem
3478 2560 3615 2627 non»

201 2665 292 2719 vel
318 2664 629 2719 schismata
658 2664 963 2721 declinare.
1949 2664 2357 2736 constringitur
2379 2664 2627 2735 cingulo,
2662 2665 2759 2720 sed
2786 2681 3062 2736 suspensa
3090 2665 3235 2736 tegit
3261 2666 3445 2721 levitas
3475 2683 3595 2721 cor-

275 2758 536 2813 Palleum
579 2774 713 2812 vero
758 2759 910 2829 quod
946 2759 1097 2813 circa
1146 2759 1288 2813 collo
1326 2775 1503 2831 usque
1547 2759 1620 2814 ad
1655 2763 1850 2831 pectus
1947 2758 2271 2829 pusculum,
2300 2758 2434 2829 quia
2464 2758 2650 2813 omnis
2676 2758 3029 2813 conversatio
3069 2758 3311 2813 Levitica
3353 2759 3412 2813 in
3457 2759 3600 2815 desi-

205 2851 384 2919 venit,
414 2851 694 2906 rationale
718 2852 1029 2906 vocabatur
1066 2850 1125 2906 in
1151 2856 1340 2907 vetere
1364 2856 1722 2922 testamento,
1751 2852 1851 2905 sci-
1950 2851 2107 2906 derio
2133 2851 2367 2905 caelestis
2393 2851 2595 2922 patriae
2627 2869 2659 2905 a
2698 2850 2937 2906 terrenis
2974 2852 3237 2923 operibus
3285 2853 3452 2907 debet
3478 2868 3598 2907 esse

204 2944 342 3000 licet
368 2945 599 3015 signum
643 2944 951 2999 sanctitatis
996 2962 1168 3018 super
1202 2946 1539 3000 memoriam
1583 2945 1846 3017 pectoris,
1949 2961 2239 3016 suspensa,
2270 2960 2374 2999 nec
2402 2944 2632 3014 cingulo
2657 2925 3029 3015 peccatorum
3058 2944 3385 3001 constricta.

207 3039 436 3094 dicente
465 3038 747 3109 propheta
765 3055 835 3093 ex
860 3055 1104 3109 persona
1131 3039 1353 3093 Domini
1373 3041 1611 3111 Spiritus
1640 3040 1854 3094 Domini
2023 3038 2180 3092 Stola
2222 3042 2414 3092 autem
2450 3054 2625 3109 quam
2662 3054 2833 3108 super
2887 3038 3013 3092 alba
3063 3038 3336 3093 diaconus
3392 3038 3596 3107 induit,

206 3148 373 3203 super
394 3147 499 3187 me.
531 3133 597 3186 Et
621 3136 748 3204 post
772 3148 978 3203 pauca,
1009 3136 1072 3187 ut
1106 3148 1360 3203 ponerem
1403 3134 1634 3202 gloriam
1663 3133 1850 3202 lugen-
1875 3175 1930 3249 C
1955 3130 2236 3203 signiﬁcat
2262 3130 2586 3186 subtilitatis
2611 3129 3050 3202 intelligentiam
3078 3130 3137 3186 in
3164 3130 3355 3186 divina
3382 3137 3595 3220 myste-

211 3227 358 3249 A:l.-.-
399 3227 523 3249 σέ-..
582 3230 627 3249 ,Δ
680 3225 856 3249 Δ-..,....
906 3228 973 3249 Α)-
1016 3241 1254 3249 --..-.._...
1298 3241 1394 3249 μ..-
1444 3228 1609 3249 -.·μ...-
1688 3227 1850 3249 -Ι,.-....
1956 3224 2032 3249 ..2-
2080 3224 2205 3249 1.“-..l
2231 3224 2402 3249 ..λιιι-,ε
2428 3224 2562 3249 ,ιΑιη
2598 3224 2896 3249 :...A.......t..-
2930 3224 3196 3249 .....-J:.-....
3224 3224 3595 3249 --1.._._:I._L:_

211 3227 359 3281 tibus
394 3227 547 3287 Sion,
576 3230 627 3280 et
672 3225 860 3280 darem
900 3228 973 3281 eis
1011 3241 1260 3281 coronam
1293 3241 1396 3296 pro
1438 3228 1629 3292 cinere,
1683 3227 1855 3280 oleum
1877 3224 1930 3249 υ
1954 3224 2057 3295 ria,
2080 3224 2213 3279 licet
2231 3224 2406 3279 veteri
2426 3224 2569 3279 stola
2598 3224 2898 3279 induentes
2926 3224 3201 3295 gaudium
3222 3224 3600 3281 solemnitatis

210 3319 412 3390 gaudii
447 3334 547 3389 pro
593 3319 739 3374 luctu
786 3319 934 3389 (Isai.
962 3335 1070 3386 LXI,
1101 3318 1173 3389 3).
1219 3318 1477 3374 Palleum
1514 3319 1708 3374 laudes
1750 3335 1854 3390 pro
1954 3336 2012 3373 se
2040 3318 2252 3374 habere
2279 3318 2696 3372 monstrabant.
2727 3319 2794 3371 Et
2821 3334 2925 3389 pro
2954 3318 3058 3372 hac
3078 3335 3249 3373 causa
3277 3318 3337 3373 in
3358 3319 3602 3391 quadra-

211 3411 416 3484 spiritu
442 3411 721 3466 maeroris.
756 3412 916 3476 Quod
956 3416 1148 3466 autem
1196 3412 1339 3467 collo
1377 3412 1574 3484 cingit,
1605 3412 1853 3483 antiquae
1956 3413 2173 3483 gesima
2199 3429 2304 3483 pro
2335 3409 2723 3466 humiliatione
2748 3427 2864 3465 non
2893 3412 3107 3481 utetur,
3138 3411 3282 3467 sicut
3316 3402 3419 3467 nec
3466 3412 3601 3468 alle«

211 3504 644 3561 consuetudinis
670 3509 772 3575 est,
805 3505 937 3577 quia
978 3522 1140 3576 reges
1178 3508 1236 3560 et
1280 3506 1597 3561 sacerdotes
1621 3506 1857 3561 circum-
1954 3505 2065 3559 luia
2117 3505 2175 3560 in
2225 3510 2420 3560 nostra
2490 3504 2755 3574 Ecclesia,
2811 3506 3066 3572 Sanctus,
3132 3506 3220 3561 vel
3272 3506 3596 3578 prophetia,

210 3600 329 3656 dati
355 3603 524 3654 erant
565 3599 751 3670 palleo
802 3602 955 3654 veste
997 3599 1275 3670 fulgente,
1323 3600 1474 3671 quod
1503 3599 1688 3671 gratia
1714 3616 1857 3671 praz-
1957 3599 2240 3669 hymnum
2263 3599 2437 3653 trium
2458 3614 2790 3669 puerorum,
2812 3600 2898 3653 vel
2919 3598 3207 3653 canticum
3228 3599 3405 3654 Rubri
3427 3596 3600 3653 maris

212 3693 497 3765 signabat.
512 3692 873 3756 Quodautem
889 3691 1127 3747 ﬁmbriis
1144 3693 1477 3748 vestimenta
1493 3690 1856 3748 sacerdotalia
1956 3691 2067 3746 illis
2093 3691 2289 3747 diebus
2317 3692 2704 3746 decantantur.
2734 3691 2887 3746 Stola
2916 3692 3042 3745 alba
3085 3708 3337 3763 namque
3365 3692 3600 3763 angelus

215 3787 622 3856 adnectuntur,
650 3786 922 3840 Dominus
966 3786 1139 3857 Moysi
1168 3787 1439 3857 praecepit
1478 3787 1538 3840 in
1574 3786 1853 3855 Numeris,
1956 3785 2292 3856 praecinctus
2319 3784 2587 3856 apparuit
2624 3785 2850 3855 quando
2889 3785 3089 3839 sedens
3130 3785 3189 3839 in
3225 3788 3600 3839 monumento

212 3885 278 3935 ut
296 3896 404 3951 per
421 3883 669 3951 quatuor
694 3878 936 3950 angulos
962 3880 1274 3951 palleorum
1294 3878 1392 3933 ﬁlii
1420 3879 1585 3934 Israel
1605 3878 1858 3933 ﬁmbrias
1958 3878 2201 3948 Domini,
2250 3878 2666 3932 solemnitatem
2707 3877 3133 3932 resurrectionis
3176 3877 3323 3931 illius
3367 3875 3601 3932 nuncia-

212 3973 491 4039 facerent,
521 3978 587 4027 ut
622 3973 860 4044 populus
899 3972 1124 4028 Domini
1151 3989 1267 4027 non
1318 3972 1504 4027 solum
1544 3988 1736 4045 opere,
1762 3972 1858 4027 sed
1959 3972 2057 4026 vit.
2092 3971 2221 4026 Ideo
2260 3971 2319 4025 in
2360 3970 2805 4041 Quadragesima
2840 3970 3262 4043 prohibendum
3312 3970 3435 4026 haec
3474 3987 3600 4026 can-

217 4067 395 4122 etiam
422 4068 479 4119 et
502 4064 705 4120 vestitu
735 4066 1136 4122 mandatorum
1178 4065 1278 4120 Dei
1313 4065 1542 4138 signum
1585 4068 1855 4137 portaret.
1958 4065 2088 4134 tica,
2119 4064 2253 4136 quia
2291 4063 2536 4119 cmlestia
2569 4068 2626 4119 et
2662 4064 2919 4137 angelica
2960 4069 3110 4120 sunt.
3146 4066 3220 4120 De
3260 4064 3413 4120 caelis
3440 4065 3599 4120 enim

286 4159 570 4215 Manualia
601 4175 755 4228 vero,
783 4160 927 4215 idest
952 4160 1205 4215 manicas
1230 4158 1466 4215 induere
1483 4159 1862 4214 sacerdotibus
1960 4160 2228 4213 columna
2269 4157 2417 4228 ignis
2460 4156 2519 4210 in
2554 4161 2738 4227 nocte,
2784 4162 2841 4213 et
2877 4158 3144 4213 columna
3185 4158 3353 4214 nubis
3399 4159 3458 4214 in
3486 4158 3598 4227 die,

217 4268 345 4309 mos
364 4257 453 4308 est
480 4254 662 4308 instar
689 4252 1064 4323 armillarum,
1094 4270 1238 4326 quas
1260 4269 1467 4325 regum
1494 4254 1583 4309 vel
1609 4252 1862 4308 sacerdo-
1961 4252 2198 4324 angelus
2224 4250 2283 4306 in
2312 4251 2538 4306 camino
2569 4251 2817 4306 ﬂammae
2842 4252 2903 4307 in
2929 4252 3079 4307 caelis
3106 4252 3298 4308 audita
3324 4257 3428 4308 est.
3456 4252 3604 4308 Alle-

218 4352 345 4402 tum
371 4347 607 4402 brachia
632 4347 1187 4419 constringebantur.
1222 4347 1351 4402 Ideo
1376 4350 1568 4402 autem
1593 4362 1662 4401 ex
1689 4346 1864 4418 quoli-
1961 4346 2075 4401 luia
2100 4345 2189 4401 vel
2214 4344 2397 4401 Sancti
2452 4348 2709 4399 tacentur
2736 4361 2874 4417 ergo
2901 4346 2961 4400 in
2985 4346 3334 4417 poenitentia,
3369 4350 3431 4400 ut
3456 4362 3603 4403 nova

218 4439 317 4495 bet
344 4440 596 4512 pretioso
620 4440 846 4509 vellere,
886 4457 1004 4495 non
1047 4440 1260 4495 metalli
1300 4440 1507 4495 duritia
1536 4444 1752 4508 extant,
1778 4440 1866 4495 vel
1963 4440 2102 4495 ﬁant
2126 4440 2186 4493 in
2217 4437 2649 4495 Resurrectione
2689 4438 2972 4493 dominica
3005 4440 3234 4511 quando
3276 4443 3603 4494 reserantur

219 4538 287 4589 ut
312 4550 516 4589 omnes
541 4532 922 4589 communiter
946 4534 1283 4604 sacerdotes,
1312 4532 1483 4589 etiam
1510 4532 1747 4588 minoris
1777 4532 1863 4588 di-
1966 4537 2024 4589 et
2061 4533 2359 4604 baptisma.
2394 4531 2630 4604 Oportet
2670 4548 2808 4605 ergo
2864 4532 3033 4588 levita
3075 4531 3357 4588 caelestem
3410 4533 3602 4588 cantet

222 4626 457 4700 gnitatis
482 4627 546 4683 in
570 4628 778 4684 saeculo
800 4626 1018 4683 facilius
1044 4625 1354 4684 inveniant.
1968 4626 2275 4683 canticum.

294 4810 321 4839 ι
344 4797 404 4854 Id
436 4799 523 4853 est
565 4798 767 4853 breves
804 4797 1085 4870 orationes
1120 4796 1233 4852 illa:
1271 4812 1400 4869 quae
1439 4813 1471 4851 a
1508 4794 1683 4852 verbo
1713 4797 1944 4854 Sanctus
1983 4791 2354 4867 incipiebant,
2394 4792 2586 4866 quales
2630 4792 3005 4851 cantabantur
3043 4797 3175 4852 ante
3215 4795 3599 4870 prophetiam,

225 4875 351 4925 ante
377 4874 435 4926 et
461 4870 596 4943 post
624 4867 1014 4942 Evangelium.

292 5013 463 5093 Nam.
495 5014 562 5093 in
588 5011 697 5066 hac
728 5012 782 5068 S.
814 5010 1082 5093 Germani
1110 5013 1457 5093 Eqposiiione
1493 5008 1816 5093 recudenda
1851 5006 2314 5093 Mabillonianum
2341 5005 2652 5093 exemplar,
2682 5008 2797 5065 sive
2834 5010 2989 5093 quod
3022 5009 3181 5093 idem
3217 5008 3604 5093 e‘st,.codicem

220 5084 814 5160 Augustodunensem
832 5083 1100 5160 de_verbo
1127 5079 1466 5160 {id—verbum
1493 5082 1916 5158 exscripsimus.
1943 5081 2144 5138 Menda
2171 5081 2348 5153 igitur
2372 5079 2578 5154 quibus
2604 5097 2720 5138 non
2753 5079 2928 5137 seniel
2964 5079 3214 5156 syntaxis
3240 5079 3485 5156 laeditur,
3513 5081 3603 5141 cui

216 5153 433 5237 par'est
458 5156 688 5215 tribuat
710 5154 893 5212 lector
916 5153 1246 5213 benevolus.
1274 5154 1424 5214 Edit.
1675 5153 1697 5158 “
2390 5153 2400 5154 ί
2993 5153 3004 5156 -
3132 5176 3137 5180 .
