4020 6232
762 530 2041 706 ΑΡΡΕΝΒΙΧ
2160 533 2490 699 ΑΙ)
2614 531 3496 704 ΟΡΕΒΑ

957 806 1477 918 SANCTI
1571 805 2237 917 GERMANI
2330 808 3289 948 PARISIENSIS,

869 1012 1204 1090 VARIA
1295 1010 1874 1087 LITURGICA
1970 1010 2640 1090 MONUMENTA
2736 1010 3372 1090 CONTINENS.

1854 1299 2383 1373 MONITUM.

503 1442 559 1499 Si
582 1439 706 1515 quis
729 1439 1009 1495 lectorum
1045 1432 1495 1506 interrogaverit,
1524 1449 1787 1506 quaenam
1818 1432 2014 1488 relatio
2051 1433 2106 1489 S.
2135 1432 2401 1488 Germani
2426 1448 2598 1505 opera
2628 1432 2993 1505 sequentibus
3024 1434 3412 1489 monumentis
3436 1433 3515 1489 ita
3549 1433 3811 1506 colliget,

430 1539 495 1590 ut
522 1532 613 1588 his
637 1529 965 1601 Appendicis
987 1542 1199 1580 nomen
1219 1524 1407 1595 aliquo
1432 1524 1601 1577 modo
1617 1522 1931 1590 conveniat,
1960 1523 2111 1577 ultro
2135 1523 2462 1590 fatebimur,
2490 1540 2607 1578 non
2633 1524 2801 1577 aliam
2826 1525 3159 1580 relationem
3185 1523 3336 1578 inter
3361 1528 3600 1595 utraque
3629 1523 3819 1578 inter-

433 1623 633 1679 cedere
656 1618 763 1673 nisi
792 1617 946 1689 quod
971 1618 1198 1669 sanctus
1224 1613 1343 1684 ipse
1369 1613 1680 1667 Germanus
1709 1629 1887 1684 pauca
1916 1612 2179 1684 quaedam
2203 1612 2272 1666 de
2302 1612 2530 1683 liturgia
2554 1612 2836 1667 Gallicana
2859 1613 3164 1685 scripserit,
3193 1628 3411 1684 nosque
3441 1628 3511 1668 ex
3540 1612 3810 1684 Scripta.-

431 1727 564 1767 rum
593 1708 747 1763 illius
774 1706 1018 1761 editione
1040 1703 1230 1758 minus
1256 1718 1481 1757 causam
1505 1718 1677 1773 quam
1707 1702 2059 1757 occasionem
2084 1702 2232 1756 hanc
2262 1702 2606 1757 summulam
2640 1703 2965 1775 liturgicam
3001 1703 3325 1775 proferendi
3354 1702 3692 1773 suscepisse,
3724 1704 3815 1756 rei

433 1801 602 1854 etiam
632 1794 1055 1868 opportunitate
1083 1793 1432 1861 stimulante,
1459 1791 1737 1862 siquidem
1766 1792 2007 1846 Ecclesia
2032 1796 2224 1846 nostra
2251 1792 2593 1864 quotidianis
2621 1792 2691 1847 de
2717 1792 2823 1846 hoc
2858 1793 3109 1847 themate
3133 1792 3350 1847 ferveat
3376 1790 3811 1847 controversiis.

432 1890 733 1955 Caeterum,
758 1887 1141 1956 praeterquam
1177 1882 1329 1953 quod
1356 1882 1409 1936 S.
1439 1882 1750 1935 Germanus
1775 1880 2067 1952 liturgiam
2106 1880 2319 1935 calamo
2345 1880 2618 1953 attigerit,
2646 1880 2868 1936 nullum
2908 1880 3056 1936 inter
3079 1885 3337 1936 auctores
3373 1880 3811 1949 ecclesiasticos,

431 1976 639 2048 quibus
664 1973 834 2028 Gallia
871 1976 1068 2026 nostra
1103 1975 1234 2025 ante
1259 1970 1523 2026 Carolum
1553 1971 1819 2040 Magnum
1856 1971 2091 2042 gloriata
2118 1973 2222 2041 est,
2252 1970 2617 2026 illustriorem
2651 1971 2972 2042 excogitare
3001 1970 3312 2042 potuimus,
3341 1970 3505 2041 cujus
3534 1969 3814 2041 operibus

432 2064 557 2120 haec
600 2064 967 2118 monumenta
1008 2060 1227 2115 meliori
1256 2060 1388 2131 jure
1423 2060 1857 2130 subjicerentur.
1895 2062 1961 2114 Et
1996 2060 2122 2131 quis
2161 2060 2510 2132 antiquitatis
2550 2060 2940 2116 ecclesiasticae
2980 2061 3269 2116 studiosus
3311 2059 3588 2114 maximas
3637 2058 3816 2113 nobis

435 2153 641 2226 gratias
667 2151 971 2222 abjudicet,
1003 2166 1135 2204 cum
1161 2148 1549 2221 perpenderit,
1579 2165 1637 2203 se
1659 2149 2004 2220 jamdudum
2037 2150 2400 2221 conspicuam
2426 2149 2675 2222 liturgiae
2703 2151 2969 2205 Romanae
2996 2153 3220 2222 partem
3243 2150 3393 2204 inter
3416 2147 3615 2204 Gelasii
3642 2164 3815 2219 papas

432 2241 856 2297 lucubrationes
884 2238 1034 2311 typis
1052 2239 1261 2293 nostris
1300 2255 1622 2310 expressam
1670 2238 1971 2311 accepisse,
2004 2240 2376 2311 ejusdemque
2412 2240 2828 2311 complemento
2868 2240 3037 2295 simul
3075 2256 3140 2294 ac
3168 2238 3425 2312 Gregorii
3454 2237 3642 2310 Magni
3671 2253 3816 2309 ope-

433 2333 590 2389 ribus
625 2349 744 2388 esse
782 2330 1139 2403 potiturum?
1176 2330 1391 2394 Quibus
1431 2330 1478 2384 si
1517 2329 1810 2401 liturgiam
1850 2331 2273 2401 Mozarabicam,
2320 2330 2514 2387 lsidori
2549 2330 2888 2402 Hispalensis
2930 2330 3154 2403 scriptis
3193 2328 3664 2399 subnectendam,
3706 2328 3814 2383 ad-

428 2422 707 2493 junxerit,
747 2402 933 2475 statim
975 2419 1133 2491 quasi
1174 2437 1272 2491 spe
1312 2420 1609 2491 repentina
1652 2424 1970 2475 commotus
2011 2421 2332 2492 exsultabit,
2372 2421 2770 2477 traditionibus
2813 2402 3063 2493 antiqua:
3102 2402 3351 2492 liturgiie
3388 2417 3820 2490 pretiosissimis

439 2512 737 2566 fruiturus.

510 2611 601 2666 His
629 2609 936 2683 praemissis
974 2609 1288 2665 notandum
1314 2610 1478 2665 nobis
1508 2615 1784 2683 superest,
1815 2618 2117 2684 sequentes
2142 2612 2317 2668 libros
2351 2612 2421 2668 de
2447 2610 2619 2667 verbo
2658 2610 2729 2665 ad
2754 2610 2991 2666 verbum
3035 2626 3105 2666 ex
3143 2607 3537 2666 Mabilloniana
3563 2606 3819 2663 editione

435 2701 607 2757 fuisse
632 2700 961 2772 exscriptos,
989 2716 1062 2754 ne
1088 2700 1320 2770 scilicet,
1348 2717 1480 2755 cum
1505 2718 1687 2771 voces,
1717 2703 2144 2775 orthographia,
2173 2702 2425 2775 syntaxis
2459 2704 2837 2757 exauctoratze
2864 2701 2949 2755 vel
2978 2699 3149 2755 etiam
3182 2699 3469 2756 mendosae
3497 2695 3819 2753 identidem

436 2790 808 2860 occurrerint,
835 2806 950 2844 non
975 2793 1091 2844 tam
1119 2790 1377 2845 codicum
1404 2794 1740 2846 vetustatem
1766 2809 1938 2864 quam
1966 2796 2221 2847 nostram
2247 2791 2527 2847 incuriam
2550 2807 2791 2863 arguere
2816 2790 3134 2846 videantur.

1037 3108 1255 3288 DE
1373 3108 2164 3290 LITUBGIA
2289 3109 3214 3291 GALLICANA

1458 3412 2065 3551 LIBRI
2157 3412 2801 3600 TBES,

1212 3691 1433 3749 QUIBUS
1478 3686 1897 3735 SUBJUNGITUR
1938 3686 2312 3743 DISQUISITIO
2355 3688 2435 3734 DE
2477 3687 2673 3736 CURSU
2715 3688 3063 3735 GALLICANO

1800 3796 2038 3836 meroes
2078 3781 2458 3837 MARILLomo‘.

1259 4036 1449 4106 Praeter
1486 4047 1573 4106 eas
1598 4032 1915 4106 beatissimie
1949 4037 2018 4106 et.
2037 4033 2337 4106 apostolicae
2371 4033 2517 4106 sedis
2548 4033 3227 4106 inviolabiles‘sanctiones,
3254 4030 3444 4106 quibus
3472 4045 3572 4083 nos
3598 4028 3823 4106 piissimi

1264 4102 1392 4161 tres,
1410 4095 1672 4161 pestiferas
1698 4096 1944 4161 novitatis
1973 4095 2199 4161 elatione
2224 4096 2447 4161 dejecta,
2472 4100 2525 4147 et
2548 4096 2702 4147 home
2721 4097 3000 4161 voluntatis
3023 4096 3255 4161 exordia,
3271 4095 3824 4161 etincrementapro-

1264 4112 1392 4158 ires,
1410 4112 1672 4161 pesuieraa
1698 4112 1944 4145 novuaus
1973 4112 2199 4145 eiauone
2224 4112 2429 4160 αριθοω
2472 4112 2525 4147 ει
2549 4112 2702 4147 nonas
2721 4112 3000 4147 vomntaus
3023 4112 3255 4156 exorata,
3273 4112 3325 4144 ει
3350 4112 3676 4145 incrementa
3700 4112 3824 4160 pro-

1196 4112 1454 4230 gaabilium
1475 4157 1811 4230 studiorum,
1833 4161 1887 4206 et
1922 4157 1977 4207 in
2016 4157 2092 4207 eis
2129 4172 2293 4222 usque
2326 4158 2382 4208 in
2404 4132 2567 4230 tinem
2591 4159 3049 4230 perseverantiam,
3076 4158 3141 4230 ad
3165 4157 3352 4230 _Christi
3375 4158 3595 4230 gratiam
3620 4158 3824 4230 referre

1199 4222 1494 4285 docuerunt
1510 4236 1533 4285 ;_
1555 4220 1977 4285 obsecrationum
2002 4220 2639 4285 quoque‘sacerdptalium
2654 4227 2981 4285 sacramenta
2998 4220 3498 4285 respiciamus,_que
3521 4220 3586 4270 ab
3610 4224 3825 4285 aposto-

1192 4285 1259 4336 lis
1280 4282 1492 4345 tradita,
1520 4282 1583 4345 in
1602 4285 1713 4345 toto
1742 4281 1963 4344 mundo,
1984 4281 2141 4345 atque
2163 4282 2217 4332 in
2242 4283 2386 4333 omni
2409 4283 2646 4333 Ecclesia
2669 4283 2927 4334 catholica
2947 4281 3272 4334 unifo‘rmiter
3297 4281 3730 4345 celebrantur,'ut
3746 4282 3822 4333 le-

1193 4359 1314 4410 gem
1337 4343 1590 4397 credendi
1609 4344 1694 4394 lex
1719 4347 1907 4395 statuat
1929 4343 2279 4409 supplicandi.
2306 4345 2596 4411 (Caelestius
2614 4360 2751 4412 papa
2777 4347 2830 4396 in
2851 4346 3078 4412 epistola
3112 4345 3183 4397 ad
3208 4346 3482 4411 Episcopo:
3505 4343 3742 4410 Gallia.)

1380 4608 1989 4780 (Epistula
2061 4608 2828 4752 behitatoria.

449 4832 839 4893 ILLusrmssiuo
886 4821 1151 4885 Eccnssu;
1192 4838 1418 4883 eamcm
1456 4826 1668 4883 Caaom
1707 4828 1972 4884 MAURICIO
2009 4826 2275 4882 TELLERIO
2321 4826 2630 4885 Ruenoauu
2678 4840 3117 4894 ARCBIEPISCOPO,
3158 4838 3309 4896 DUCl,
3350 4838 3512 4881 emno
3560 4823 3816 4883 Famem

964 4932 1105 4979 PAR],
1148 4932 1360 4971 SANCTB
1398 4932 1544 4972 SEDIS
1581 4931 1913 4972 APOSTOLICE
1950 4931 2154 4970 LEGATO
2191 4931 2330 4971 ΝΔΤΟ
2367 4917 2583 4972 δΔῐιιιῙΒ
2621 4918 2866 4973 Βειρῐελε
2902 4931 3141 4985 PRIIATI,
3184 4931 3296 4970 ETC.

522 5047 675 5116 Quod
710 5044 944 5099 litterati
972 5056 1149 5116 omnes
1186 5044 1245 5097 in
1288 5046 1336 5098 te
1364 5046 1685 5115 suspiciunt,
1713 5042 1857 5116 quod
1895 5045 2045 5116 tuum
2084 5045 2327 5116 certatim
2352 5046 2719 5116 patrocinium
2757 5043 3024 5116 ambiunt,
3051 5041 3413 5097 illustrissime
3440 5041 3817 5116 arcbipraesul,

450 5112 557 5178 hoc'
581 5117 847 5186 dignitati
869 5115 1180 5183 meritisque
1214 5117 1343 5186 tuis,
1373 5112 1473 5171 hoc
1501 5120 1608 5170 tuae
1636 5118 1695 5171 in
1720 5112 1946 5168 litteras
1980 5113 2245 5168 charitati
2269 5117 2320 5168 et
2345 5112 2703 5186 sollicitudini
2744 5114 2898 5170 debes
2936 5116 3209 5186 imputare
3228 5128 3346 5186 ,-_ne
3365 5112 3501 5183 quid
3538 5112 3721 5168 dicam
3751 5112 3818 5169 de

446 5183 728 5262 splendore
763 5186 1109 5262 amplissimae
1137 5184 1370 5252 familiae
1401 5191 1526 5249 tuae,
1560 5201 1680 5256 quae
1708 5185 1889 5262 omnia
1925 5199 2154 5262 summa,
2188 5186 2388 5262 virtute
2422 5185 2572 5262 duce,
2604 5187 2839 5262 maximi
2870 5185 3138 5262 principis
3167 5183 3378 5262 judicio
3411 5188 3689 5262 consecuta
3714 5188 3816 5262 est.

447 5255 590 5318 Hihi
612 5273 735 5313 vero
762 5255 895 5311 adeo
922 5272 1028 5311 non
1053 5255 1244 5311 desunt
1266 5273 1460 5320 causa,
1487 5255 1607 5327 qua
1630 5270 1714 5310 me
1738 5256 1814 5310 ad
1846 5256 1984 5310 hunc
2009 5255 2206 5309 librum
2234 5258 2442 5311 nomini
2475 5261 2564 5312 tuo
2590 5255 2987 5312 inscribendum
3025 5255 3364 5326 impulerint,
3391 5258 3454 5309 ut
3488 5260 3676 5310 contra
3700 5258 3819 5327 tam

448 5330 545 5389 diu
565 5329 919 5400 praetermissi
937 5342 1021 5383 me
1045 5328 1353 5400 suppudeat
1378 5326 1565 5397 ofﬁcii;
1594 5332 1645 5382 et
1664 5327 1817 5396 longe
1838 5328 2014 5396 magis
2034 5327 2330 5382 timendum
2355 5330 2447 5392 sit,
2473 5343 2539 5383 ne
2555 5329 2693 5384 mihi
2709 5328 2889 5383 desint
2903 5327 3070 5396 justz
3093 5327 3475 5390 excusationis,
3495 5341 3663 5397 quam
3691 5326 3825 5381 libri

520 5477 542 5500 ⁴
569 5476 794 5547 Integer
819 5474 988 5547 huius
1016 5474 1204 5547 operis
1226 5475 1424 5530 titulus
1450 5470 1612 5547 sicse
1638 5472 1808 5527 habet
1836 5489 1848 5527 :
1876 5477 1958 5547 De,
1983 5476 2075 5530 Li—
2178 5490 2337 5530 cursu
2380 5476 2681 5541 Gallicano,
2714 5488 2808 5547 seu
2846 5474 2913 5529 de
2948 5475 3256 5547 divinorum
3281 5474 3573 5543 officiorum

446 5549 632 5619 iurgia
661 5540 944 5604 Gallicana
989 5540 1118 5619 libri
1159 5547 1409 5619 tre_s,_tin_
1434 5545 1628 5619 quibus
1664 5546 1858 5599 veteris
1882 5540 2075 5619 missa,
2179 5550 2230 5619 e_t
2250 5562 2538 5616 progressu
2585 5540 2927 5619 in
2974 5546 3291 5619 Gallicanis.
3312 5540 3508 5616 Opera
3550 5540 3821 5619 et_studio

445 5615 565 5694 quas
589 5622 714 5674 ante
740 5633 905 5675 annos
928 5618 1079 5674 mille
1106 5616 1257 5694 apud
1285 5615 1466 5694 Gallos
1507 5616 1566 5668 in
1598 5631 1700 5694 usu
1732 5618 2079 5694 erathforma
2179 5615 2371 5694 damni
2388 5617 2955 5694 _Joan_nis_1llabillon,
2979 5617 3285 5694 presbyteri
3320 5615 3399 5694 et;
3410 5616 3667 5694 [nonacbi
3688 5616 3819 5694 prd.

445 5688 688 5768 {itusgue
711 5694 973 5768 eruuntur
998 5688 1329 5768 ea:_antiquis
1339 5689 1719 5768 monumentis,
1748 5689 2080 5768 Lectiongrio
2178 5690 2363 5768 sancti
2381 5689 2655 5746 Benedicti
2689 5705 2717 5747 e
2739 5690 3161 5768 congregatione
3176 5689 3355 5747 sancti
3368 5690 3577 5756 Mauri,
3594 5688 3821 5746 Lutetia

449 5757 728 5822 Gallicana
763 5763 1016 5819 hactenus
1056 5757 1260 5812 inedita
1302 5762 1352 5812 et
1391 5757 1561 5814 tribus
1602 5760 1913 5817 Missalibus
1941 5759 2078 5814 Tho-
2179 5760 2535 5827 Parisiorum,
2562 5776 2703 5819 anno
2731 5757 2889 5819 £785.

446 5835 811 5908 masiam'sque
834 5834 1046 5903 integra
1076 5828 1405 5899 referuntur.
1435 5830 1655 5889 Accedit
1672 5831 1997 5895 Disomsmo
2017 5828 2083 5889 de
