4020 6232
466 328 563 382 403
1248 317 1581 374 APPENDIX
1617 316 1704 372 AD
1740 315 1960 369 oram
1999 312 2233 369 SANCTI
2270 311 2570 381 GERMANI
2608 311 3034 368 PARISIENSIS.
3732 313 3843 366 40;

460 429 854 488 deﬁcientibus
885 422 1095 500 quippe
1125 425 1349 481 idoneis
1374 426 1542 496 hujus
1571 424 1653 478 rei
1690 421 2101 477 monumentis.
2135 420 2279 475 Illud
2309 420 2461 492 apud
2488 437 2689 475 omnes
2720 421 2778 475 in
2806 421 3066 475 confesso
3100 423 3204 487 est,
3234 417 3549 491 Liturgiam
3582 419 3841 475 Gallica-

459 540 597 579 nam
639 519 918 592 principio
950 535 984 573 a
1020 518 1284 572 Romana
1326 516 1499 569 fuisse
1546 514 1850 580 diversam,
1884 512 2122 583 ejusque
2165 511 2548 565 mutationem
2584 514 2717 565 ante
2763 528 2981 565 annum
3026 510 3233 566 Christi
3277 508 3841 581 octingentesimum

456 611 765 682 contigisse
805 607 990 665 Caroli
1031 607 1218 677 Magni
1258 604 1597 675 principatu.
1632 606 1682 656 Is
1712 602 1869 657 enim
1911 601 2091 655 sancti
2123 600 2383 671 Gregorii
2414 600 2959 665 Sacramentarium,
2991 616 3103 670 quo
3136 599 3379 653 Romani
3406 599 3462 653 in
3495 598 3672 653 sacris
3704 600 3843 651 ute-

456 703 688 769 bantur,
722 702 1072 767 utunturque
1105 696 1278 748 etiam
1314 709 1484 761 nunc,
1519 694 1591 747 ab
1621 692 1875 747 Adriano
1901 708 2051 762 papa
2084 690 2269 762 primo
2299 690 2562 760 suscepit,
2594 688 2747 744 edito
2776 689 3106 760 Capitulari,
3138 693 3199 742 ut
3228 688 3400 742 missa
3435 687 3493 740 in
3526 690 3839 759 posterum

457 792 645 848 ordine
671 793 910 846 Romano
937 786 995 840 in
1027 783 1328 840 Gallicanis
1354 782 1604 837 ecclesiis
1636 782 2039 836 celebraretur.

530 943 594 996 II.
634 935 913 999 Quanam
946 931 1119 986 fuerit
1152 928 1386 999 hujusce
1431 928 1767 983 mutationis
1806 944 1995 995 causa,
2035 926 2093 980 in
2137 926 2409 997 ambiguo
2452 928 2555 980 est.
2596 927 2709 980 Hoc
2746 926 2866 980 sine
2903 925 3242 980 temeritatis
3278 928 3417 980 nota
3455 924 3647 978 dicere
3673 922 3836 986 licet,

456 1033 775 1093 Adrianum
801 1024 858 1078 id
888 1021 1023 1076 satis
1057 1019 1240 1090 egisse
1284 1017 1437 1088 apud
1474 1018 1743 1072 Carolum
1773 1034 1785 1072 :
1818 1017 1915 1087 qui
1966 1017 2139 1083 ultro,
2172 1019 2234 1069 ut
2269 1016 2530 1070 Romano
2569 1014 2822 1086 pontiﬁci
2874 1015 3312 1085 gratiﬁcaretur,
3342 1013 3565 1089 petenti
3603 1027 3834 1067 annue-

457 1124 550 1180 rit.
574 1121 732 1176 Idem
753 1127 966 1183 magno
988 1108 1287 1163 molimine
1318 1106 1557 1160 tandem
1586 1105 1752 1159 evicit
1775 1105 2083 1176 Gregorius
2107 1106 2197 1157 VII
2220 1104 2372 1174 apud
2401 1104 2698 1174 Hispanos,
2725 1104 2821 1174 qui
2845 1104 2915 1158 ab
2939 1104 3101 1158 avitis
3127 1108 3184 1158 et
3209 1098 3407 1175 patriis
3428 1102 3631 1156 ritibus
3653 1117 3841 1173 ager-

456 1214 601 1269 rime
639 1202 1037 1261 discesserunt.
1070 1196 1353 1252 Nimirum
1383 1196 1504 1249 hac
1539 1211 1770 1266 semper
1803 1196 2038 1249 fuerunt
2069 1210 2427 1247 summorum
2449 1194 2785 1265 pontiﬁcum
2809 1192 3213 1247 ardentissima
3233 1192 3440 1258 studia,
3466 1195 3527 1245 ut
3548 1192 3838 1246 Romana

455 1296 717 1357 Ecclesia
748 1293 888 1347 ritus
927 1289 1051 1343 aliis
1080 1284 1341 1339 Ecclesiis
1372 1284 1762 1355 approbarent
1801 1301 1865 1338 ac
1905 1283 2340 1355 persuaderent,
2374 1283 2482 1337 rati
2511 1283 2569 1336 id
2606 1282 2760 1353 quod
2787 1299 2879 1337 res
2905 1285 3048 1350 erat,
3079 1300 3175 1337 eas
3200 1282 3422 1338 facilius
3448 1282 3505 1336 in
3550 1298 3667 1335 una
3694 1279 3837 1334 ﬁdei

456 1399 800 1456 morumque
829 1376 1155 1442 concordia,
1187 1377 1358 1445 atque
1386 1373 1446 1427 in
1476 1373 1753 1428 Romana
1778 1373 2041 1427 Ecclesia
2073 1372 2348 1443 obsequio
2374 1372 2731 1443 perstituras,
2767 1373 2811 1427 si
2840 1371 3058 1426 eisdem
3090 1371 3468 1438 caremoniis,
3503 1370 3835 1440 eademque

458 1491 751 1533 sacrorum
780 1473 969 1526 forma
996 1465 1448 1521 continerentur.
1480 1464 1558 1516 Ea
1588 1480 1755 1517 mens
1782 1462 1889 1516 fuit
1927 1461 2245 1517 Innocentii
2276 1463 2297 1514 Ι
2327 1461 2385 1514 in
2430 1461 2670 1532 epistola
2707 1462 2781 1516 ad
2818 1461 3155 1515 Decentium
3196 1461 3526 1531 episcopum
3572 1459 3835 1531 Eugubi-

458 1582 598 1623 num
626 1582 640 1619 :
670 1561 875 1618 eadem
914 1557 1088 1610 etiam
1120 1553 1381 1608 omnium
1411 1553 1687 1623 cujusque
1720 1552 1885 1624 regni
1918 1554 2018 1606 aut
2037 1550 2343 1623 provincia
2368 1551 2789 1622 pracipuorum
2811 1551 3151 1615 antistitum,
3176 1550 3380 1621 quibus
3402 1548 3603 1604 hacin
3625 1548 3836 1620 primis

457 1672 596 1711 cura
620 1652 747 1717 fuit,
781 1651 843 1703 ut
874 1647 947 1701 ad
984 1644 1334 1704 uniformem
1362 1641 1600 1696 modum
1633 1658 1835 1696 omnes
1866 1641 1971 1695 sibi
2010 1640 2250 1694 subdita
2284 1640 2544 1694 Ecclesia
2582 1642 3085 1711 componerentur.
3120 1641 3203 1693 Ita
3230 1639 3492 1693 Patribus
3519 1638 3748 1693 concilii
3776 1654 3835 1691 Iv

454 1739 734 1807 Toletani,
772 1733 1131 1792 Bracarensis
1166 1733 1206 1798 ἰ,
1244 1734 1301 1785 et
1337 1730 1724 1785 Gerundensis
1758 1730 1912 1802 apud
1944 1729 2225 1801 Hispanos
2264 1732 2436 1799 atque
2468 1729 2719 1783 Venetici
2748 1732 2806 1782 et
2844 1728 3197 1799 Epaonensis
3236 1727 3390 1799 apud
3419 1728 3607 1783 Gallos
3642 1728 3833 1781 visum

459 1837 563 1888 est.
598 1832 754 1885 Hanc
786 1828 999 1881 rituum
1025 1822 1082 1876 in
1111 1820 1315 1875 divinis
1342 1819 1544 1874 ofﬁciis
1569 1819 1939 1874 concordiam
1964 1835 2319 1890 magnopere
2349 1822 2640 1885 curarunt,
2675 1822 2819 1872 teste
2851 1818 3143 1883 Cassiano,
3172 1817 3344 1871 etiam
3380 1816 3549 1887 primi
3575 1818 3708 1871 vita
3736 1833 3827 1870 re-

460 1922 676 1993 ligiosa
704 1915 1056 1971 institutores
1080 1928 1093 1965 :
1131 1934 1157 1959 ‹‹
1184 1911 1459 1963 Verentes
1489 1909 1719 1977 scilicet,
1751 1926 1822 1963 ne
1852 1925 1964 1979 qua
1988 1908 2045 1961 in
2081 1907 2431 1978 quotidianis
2456 1907 2915 1961 solemnitatibus
2947 1907 3099 1961 inter
3126 1906 3277 1961 viros
3303 1905 3561 1975 ejusdem
3589 1906 3833 1959 cultura

461 1992 754 2066 censortes
779 2000 1131 2059 dissonantia
1156 1999 1244 2052 vel
1271 1998 1515 2052 varietas
1542 2000 1757 2063 exorta,
1792 1997 2140 2068 quandoque
2173 1996 2231 2050 in
2264 1999 2557 2067 posterum
2586 1996 2813 2061 erroris,
2836 1996 2921 2050 vel
2951 1995 3352 2061 amulationis,
3380 2011 3477 2049 seu
3506 1992 3836 2048 schismatis

463 2098 695 2154 noxium
724 2107 963 2167 germen
989 2088 1297 2154 emitteret,
1332 2108 1360 2136 ››
1391 2090 1452 2140 ut
1482 2086 1601 2158 ipse
1630 2086 1823 2140 scribit
1849 2086 1906 2140 in
1935 2086 2031 2140 lib.
2069 2102 2107 2140 ιι
2134 2085 2549 2151 Institutorum,
2580 2102 2704 2156 cap.
2739 2089 2788 2139 5.

530 2252 619 2308 III.
647 2251 775 2305 Hac
803 2244 1071 2316 Liturgia
1101 2241 1405 2298 Gallicana
1434 2240 1492 2295 in
1519 2242 1843 2295 Romanam
1869 2239 2113 2295 mutatio
2143 2243 2306 2295 tanta
2331 2240 2608 2295 universa
2640 2240 2832 2295 Gallia
2858 2239 3236 2295 Ecclesiarum
3266 2239 3645 2295 consensione
3677 2240 3833 2293 facta

461 2345 566 2408 est,
593 2343 657 2396 ut
683 2338 965 2409 regnante
992 2332 1195 2388 Carolo
1223 2332 1413 2397 Calvo,
1444 2331 1633 2401 Magni
1664 2333 1897 2401 nepote,
1924 2329 2112 2384 missa
2145 2329 2450 2384 Gallicana
2479 2328 2684 2384 notitia
2706 2330 2830 2400 jam
2860 2329 3087 2400 penitus
3112 2329 3440 2383 oblitterata
3466 2331 3634 2382 esset.
3665 2327 3834 2382 Unde

461 2431 697 2486 Carolus
727 2427 947 2489 Calvus,
982 2425 1045 2476 ut
1069 2421 1191 2491 ejus
1222 2436 1255 2473 a
1281 2421 1543 2474 Romana
1569 2419 1877 2473 discrimen
1908 2418 2085 2473 oculis
2110 2419 2434 2489 perciperet
2475 2435 2539 2473 ac
2565 2419 2987 2488 comprobaret,
3026 2418 3259 2472 missam
3293 2419 3568 2472 Toletano
3596 2432 3766 2470 more
3803 2431 3837 2469 a

464 2517 805 2593 quibusdam
852 2510 1215 2584 presbyteris,
1252 2511 1350 2580 qui
1379 2525 1447 2563 ea
1473 2510 1727 2580 partibus
1779 2509 2045 2563 Toletana
2084 2509 2331 2564 Ecclesia
2376 2508 2449 2561 ad
2500 2525 2559 2561 se
2608 2511 2906 2573 venerant,
2948 2507 3225 2561 celebrari
3265 2507 3441 2561 voluit
3490 2523 3502 2559 :
3550 2505 3837 2576 quoniam

462 2614 716 2665 veterem
762 2605 1053 2660 Gallorum
1097 2599 1412 2671 Liturgiam
1447 2616 1577 2653 cum
1612 2600 1886 2654 Toletana
1920 2598 2251 2653 convenisse
2298 2598 2594 2652 didicerat.
2633 2598 2695 2651 Id
2730 2601 2890 2669 patet
2933 2614 2999 2652 ex
3042 2598 3165 2668 ejus
3209 2598 3449 2669 epistola
3484 2595 3558 2650 ad
3599 2596 3838 2651 Clerum

462 2698 877 2760 Ravennatem,
905 2691 963 2745 in
992 2706 1105 2761 qua
1131 2689 1252 2742 hac
1285 2687 1477 2742 subdit
1504 2704 1516 2742 :
1551 2710 1577 2737 ‹‹
1609 2688 1910 2744 Celebrate
1938 2688 2113 2742 etiam
2142 2690 2275 2742 sunt
2305 2704 2500 2742 coram
2527 2686 2693 2741 nobis
2712 2687 3022 2741 missarum
3048 2687 3327 2742 solemnia
3354 2703 3515 2741 more
3540 2684 3836 2755 Jerosoly-

463 2790 706 2853 mitano,
749 2785 979 2839 auctore
1018 2778 1229 2834 Jacobo
1265 2778 1555 2848 apostolo;
1589 2780 1647 2831 et
1683 2793 1845 2831 more
1890 2776 2550 2848 Constantinopolitano,
2589 2780 2821 2831 auctore
2863 2777 3068 2831 Basilio
3107 2793 3119 2830 :
3166 2776 3265 2830 sed
3316 2792 3422 2830 nos
3471 2773 3837 2845 sequendam

466 2878 725 2934 ducimus
763 2874 1086 2927 Romanam
1128 2866 1436 2921 Ecclesiam
1476 2868 1533 2921 in
1576 2867 1880 2921 missarum
1922 2868 2327 2922 celebratione.
2359 2888 2386 2916 ››
2420 2867 2513 2921 His
2546 2866 2732 2921 verbis
2758 2868 2993 2922 Carolus
3017 2865 3222 2932 innuit,
3256 2882 3387 2919 eam
3425 2865 3663 2936 hujusce
3696 2863 3836 2917 facti

466 2970 751 3027 rationem
781 2961 975 3027 fuisse,
1008 2960 1071 3011 ut
1099 2956 1229 3011 visis
1255 2955 1676 3027 compertisque
1709 2956 2063 3010 diversarum
2091 2957 2471 3011 Ecclesiarum
2497 2956 2666 3011 variis
2691 2956 3050 3011 celebranda
3083 2955 3269 3010 missa
3296 2954 3496 3009 ritibus
3527 2955 3835 3019 statueret,

467 3060 697 3134 qualem
725 3052 888 3108 alteri
917 3051 1169 3105 formam
1198 3047 1618 3119 praeferendam
1648 3047 1999 3101 existimaret
2031 3064 2043 3102 :
2074 3047 2175 3102 sed
2202 3049 2525 3103 Romanum
2548 3048 2785 3103 tandem
2812 3048 2985 3102 ritum
3009 3048 3113 3101 sibi
3141 3063 3258 3118 pra
3284 3046 3504 3101 cateris
3525 3045 3835 3117 placuisse.

464 3151 550 3206 Ab
576 3164 645 3203 eo
669 3149 931 3214 tempore
957 3138 1175 3193 nemini
1202 3138 1272 3192 de
1292 3137 1647 3191 restituenda
1672 3137 1928 3208 Liturgia
1948 3136 2257 3204 Gallicana,
2283 3138 2610 3192 Romanave
2634 3137 2978 3191 dimittenda
2999 3137 3313 3209 quidquam
3344 3139 3568 3190 tentare
3592 3134 3756 3189 venit
3776 3135 3838 3189 in

467 3238 746 3303 animum,
781 3248 886 3287 nec
916 3232 1049 3284 ante
1081 3230 1338 3283 nostram
1365 3229 1593 3281 atatem
1626 3227 1779 3298 apud
1808 3227 1997 3281 Gallos
2028 3227 2098 3280 de
2126 3226 2310 3297 prisco
2336 3226 2433 3282 illo
2463 3226 2576 3280 ritu
2601 3226 2709 3281 fuit
2737 3227 2851 3281 ulla
2880 3227 3001 3281 fere
3042 3226 3260 3282 mentio
3288 3227 3386 3280 aut
3414 3219 3731 3280 memoria.‘

538 3392 622 3447 IV.
657 3391 811 3443 Inter
842 3383 1059 3457 primos
1093 3382 1216 3453 ejus
1248 3380 1511 3436 notitiam
1543 3381 1733 3435 denuo
1768 3380 2076 3435 revocandi
2106 3379 2466 3435 occasionem
2492 3380 2737 3451 prabuit
2760 3380 3022 3435 Matthias
3059 3381 3287 3435 Flaccus
3320 3379 3588 3452 Illyricus,
3629 3381 3835 3433 centu-

464 3479 743 3538 riatorum
767 3469 1346 3545 Magdeburgensium
1376 3470 1542 3525 facile
1569 3469 1836 3541 princeps
1867 3486 1879 3523 :
1916 3469 2012 3540 qui
2038 3485 2167 3523 cum
2204 3472 2458 3523 veterem
2490 3470 2805 3540 quamdam
2838 3468 3073 3524 missam
3098 3470 3362 3524 Latinam
3388 3487 3457 3525 ex
3484 3466 3691 3525 Codice
3720 3484 3835 3521 ms.

465 3568 724 3634 eruisset,
758 3564 928 3635 atque
955 3560 1285 3632 Argentina
1311 3575 1464 3614 anno
1496 3563 1629 3614 1557
1655 3559 1944 3625 edidisset,
1975 3576 2105 3612 eam
2135 3575 2255 3612 esse
2284 3558 2598 3629 suspicatus
2631 3563 2716 3613 est
2750 3577 2876 3631 qua
2902 3562 3036 3614 ante
3064 3560 3385 3614 Romanam
3417 3560 3476 3613 in
3507 3576 3611 3612 usu
3641 3557 3840 3611 fuerat

466 3658 622 3732 apud
661 3656 849 3712 Gallos
880 3655 938 3706 et
963 3651 1299 3706 Germanos.
1333 3650 1488 3703 Hanc
1520 3648 1915 3719 conjecturam
1944 3664 2048 3719 pro
2083 3645 2408 3702 indubitata
2432 3648 2720 3703 sententia
2748 3649 2969 3720 excepit
2990 3649 3301 3705 Guillemus
3324 3650 3597 3718 Peyratus
3622 3647 3681 3701 in
3708 3646 3838 3700 His-

464 3730 614 3806 toria
649 3744 894 3816 Capella
937 3756 1143 3812 regum
1181 3740 1558 3806 Francorum;
1595 3755 1844 3809 eumque
1877 3741 2101 3792 secutus
2137 3738 2372 3793 Carolus
2409 3738 2686 3806 Cointius,
2725 3739 3085 3794 doctissimus
3120 3738 3365 3794 Oratorii
3408 3737 3726 3808 presbyter,
3773 3736 3837 3793 in

462 3842 624 3895 tomo
663 3837 705 3890 II
752 3847 983 3887 suorum
1021 3829 1352 3885 Annalium.
1391 3827 1693 3899 Utriusque
1735 3827 2083 3881 sententiam
2120 3827 2192 3881 ad
2234 3844 2472 3883 examen
2510 3829 2796 3884 revocavit
2830 3829 3157 3883 clarissima
3192 3827 3486 3882 memoria
3524 3825 3839 3880 cardinalis

463 3928 624 3984 Bona
647 3926 707 3980 in
736 3921 944 3993 insigni
976 3936 1149 3991 opere
1175 3919 1389 3973 Rerum
1415 3917 1840 3988 liturgicarum;
1870 3916 2207 3988 idoneisque
2229 3917 2471 3972 asseruit
2497 3919 2873 3991 argumentis,
2901 3920 3073 3991 longe
3095 3918 3377 3973 diversam
3407 3916 3478 3970 ab
3510 3914 3838 3987 Illyriciana

462 4015 636 4074 fuisse
664 4012 897 4069 missam
929 4009 1281 4065 Gallicanam
1309 4025 1321 4062 :
1346 4008 1405 4061 in
1429 4007 1589 4077 cujus
1614 4010 1811 4061 tamen
1838 4006 2208 4078 inquisitione
2240 4024 2299 4062 se
2324 4009 2660 4079 implicatum
2689 4010 2857 4064 fateri
2880 4026 2997 4064 non
3025 4007 3253 4063 erubuit
3275 4007 3359 4060 vir
3382 4005 3681 4061 modestia
3712 4004 3835 4058 sin-

466 4105 698 4181 gularis.
738 4101 922 4158 Nihilo
965 4099 1155 4153 minus
1193 4096 1461 4167 Liturgia
1500 4096 1805 4157 Gallicana
1843 4100 2090 4167 quatuor
2128 4097 2439 4168 assignavit
2481 4099 2720 4166 indicia;
2758 4103 2816 4153 et
2856 4099 3097 4154 Missalia
3143 4099 3277 4165 duo,
3318 4113 3496 4151 unum
3542 4094 3838 4149 Vaticana

461 4194 843 4259 bibliotheca,
871 4190 1117 4243 alterum
1156 4184 1534 4239 serenissima
1567 4184 1881 4239 Succorum
1917 4185 2153 4257 regina,
2181 4185 2471 4255 indicavit,
2501 4204 2629 4259 qua
2658 4205 2763 4259 pro
2792 4187 3056 4260 genuinis
3082 4186 3382 4243 Gallicanis
3411 4183 3681 4240 habenda
3707 4200 3838 4239 esse

465 4285 771 4342 arbitratus
799 4283 903 4336 est.
931 4280 1054 4333 Duo
1081 4277 1203 4330 hac
1231 4273 1474 4329 Missalia
1500 4276 1632 4328 ante
1657 4273 1956 4328 biennium
1983 4275 2211 4348 integra
2236 4276 2475 4348 protulit
2500 4277 2558 4332 in
2590 4279 2778 4333 lucem
2808 4279 3089 4350 Iosephus
3116 4276 3470 4342 Thomasius,
3493 4273 3837 4329 clericorum

461 4373 817 4447 regularium
847 4370 907 4424 in
932 4367 1082 4422 Urbe
1112 4363 1412 4435 presbyter
1440 4379 1635 4417 rerum
1667 4380 1958 4418 sacrarum
1999 4365 2463 4435 studiosissimus,
2491 4367 2661 4423 tertio
2687 4368 2890 4424 Missali
2917 4368 3134 4435 addito,
3167 4366 3322 4439 quod
3353 4365 3553 4421 itidem
3579 4362 3654 4418 ad
3684 4362 3834 4433 pris-

464 4481 596 4521 cum
622 4461 926 4519 Gallicana
950 4453 1213 4510 Ecclesia
1241 4452 1415 4506 ritum
1446 4451 1739 4525 pertinere
1771 4453 2131 4510 existimavit.

533 4620 597 4676 ν.
627 4621 770 4677 Cum
793 4629 886 4669 res
910 4611 990 4666 ita
1020 4625 1080 4664 se
1107 4607 1408 4676 haberent,
1442 4607 1711 4665 adeundo
1741 4609 2111 4666 Germaniam
2137 4610 2378 4684 contigit
2404 4615 2466 4668 ut
2495 4610 2553 4668 in
2580 4613 2927 4670 Luxoviense
2957 4611 3372 4669 monasterium
3401 4611 3832 4679 accederemus,

463 4715 635 4785 atque
665 4705 817 4762 inter
843 4700 1205 4756 semilaceras
1229 4697 1436 4753 veteris
1463 4698 1586 4769 ejus
1613 4698 1721 4753 loci
1746 4699 2111 4756 bibliotheca
2136 4702 2410 4773 reliquias
2436 4702 2899 4774 antiquissimum
2929 4702 3372 4769 Lectionarium,
3398 4701 3554 4773 quod
3574 4702 3632 4756 in
3656 4701 3836 4757 sacris

463 4803 541 4859 ad
565 4790 841 4869 legendas
868 4786 1202 4862 prophetias
1226 4790 1286 4842 et
1308 4787 1588 4859 Epistolas
1613 4805 1744 4843 cum
1771 4789 2094 4861 Evangeliis
2121 4794 2255 4845 ante
2285 4808 2470 4846 annos
2496 4792 2652 4846 mille
2683 4792 2742 4847 in
2771 4810 2875 4847 usu
2898 4793 3108 4860 fuerat,
3138 4792 3545 4847 inveniremus.
3567 4790 3692 4845 Mox
3712 4806 3835 4862 pra

464 4887 678 4967 gaudio
705 4880 1045 4947 exsilientes,
1073 4874 1213 4933 illud
1238 4877 1543 4933 Gallicana
1577 4878 1839 4933 Ecclesia
1873 4879 2171 4951 proprium
2205 4880 2378 4935 fuisse
2410 4882 2674 4953 suspicati
2709 4898 2925 4937 sumus.
2954 4883 3067 4937 Nec
3100 4899 3202 4936 nos
3237 4881 3442 4937 fefellit
3475 4881 3830 4951 conjectura.

461 4985 608 5041 Nam
633 4992 695 5031 re
720 4969 1001 5029 maturius
1029 4969 1087 5023 in
1114 4967 1302 5023 reditu
1339 4983 1606 5039 expensa,
1641 4968 1829 5023 nullus
1868 4968 2033 5024 nobis
2070 4968 2300 5023 relictus
2341 4973 2426 5024 est
2464 4970 2799 5042 ambigendi
2843 4973 3017 5039 locus,
3053 4971 3160 5026 hoc
3204 4987 3325 5025 esse
3366 4968 3833 5041 antiquissimum

461 5062 887 5130 Lectionarium
914 5056 1177 5114 Ecclesia
1204 5055 1527 5111 Gallicana.
1557 5057 1741 5121 Quam
1768 5058 1840 5112 ob
1868 5074 1993 5112 rem
2022 5058 2339 5113 amicorum
2371 5060 2634 5115 consultu
2674 5060 2969 5131 quoddam
3005 5076 3195 5132 opera
3225 5060 3474 5131 pretium
3505 5058 3629 5113 fore
3669 5058 3832 5114 duxi-

462 5176 611 5225 mus,
640 5155 685 5211 si
731 5154 841 5209 hoc
884 5150 955 5204 de
997 5149 1341 5219 argumento
1382 5145 1733 5218 singularem
1773 5147 2154 5203 conderemus
2196 5152 2548 5205 tractatum:
2581 5150 2641 5203 in
2681 5166 2794 5220 quo
2834 5150 3103 5222 Liturgia
3132 5134 3671 5220 Gallicanafqualis
3699 5150 3834 5203 ante

463 5247 732 5307 Carolum
755 5242 1022 5313 Magnum
1048 5235 1203 5309 apud
1226 5236 1476 5308 majores
1509 5239 1736 5293 nostros
1761 5240 1991 5309 recepta
2024 5242 2167 5307 erat,
2194 5254 2329 5293 vera
2368 5239 2576 5307 forma,
2609 5238 2961 5311 genuinique
2987 5238 3130 5294 ritus
3164 5237 3603 5310 explicarentur.
3632 5236 3698 5292 Id
3727 5252 3835 5308 pro

462 5335 699 5398 modulo
725 5326 972 5389 exsecuti
997 5343 1191 5382 sumus
1218 5343 1231 5383 :
1260 5332 1380 5400 quo
1409 5327 1618 5396 fructu,
1652 5325 1747 5382 alii
1772 5326 2038 5383 viderint.
2068 5326 2240 5384 Nobis
2269 5331 2422 5384 certe
2453 5328 2596 5401 (sine
2621 5327 2903 5399 jactantia
2934 5328 3125 5384 dicere
3167 5326 3355 5398 liceat)
3384 5326 3688 5399 diligentia
3727 5341 3834 5399 pro

464 5426 724 5488 materia
754 5420 1037 5494 dignitate
1061 5434 1179 5475 non
1211 5417 1412 5475 defuit.

535 5585 621 5640 VI.
648 5583 853 5639 Totum
880 5594 1022 5651 opus
1050 5574 1110 5632 in
1139 5577 1256 5632 tres
1288 5570 1466 5631 libros
1499 5566 1823 5629 tribuimus.
1857 5573 1918 5629 In
1950 5572 2157 5647 primo,
2185 5572 2493 5649 postquam
2532 5567 2603 5632 de
2645 5568 2814 5631 variis
2852 5568 3114 5632 Ecclesia
3147 5568 3364 5630 Latina
3401 5571 3671 5646 Liturgiis
3699 5573 3835 5629 bre-

462 5678 609 5734 viter
642 5675 833 5730 actum
867 5672 972 5740 est,
1004 5666 1310 5725 Gallicana
1350 5661 1565 5719 indicia
1596 5676 1861 5738 veraque
1898 5668 2049 5722 nota
2099 5666 2436 5736 afferuntur,
2478 5667 2898 5741 expenduntur,
2943 5670 3001 5722 et
3042 5665 3380 5738 probantur.
3420 5664 3642 5720 Deinde
3681 5664 3837 5720 facta

466 5762 725 5839 ejusdem
768 5758 1039 5833 Liturgia
1085 5771 1216 5813 cum
1263 5752 1613 5811 Mozarabica
1658 5755 2112 5827 comparatione,
2144 5757 2329 5812 totam
2360 5757 2482 5829 ejus
2521 5756 2730 5813 seriem
2771 5773 2838 5812 ex
2871 5755 3147 5828 Gregorio
3181 5754 3499 5811 Turonensi
3539 5755 3833 5827 episcopo,

462 5853 701 5927 aliisque
731 5849 930 5927 priscis
960 5843 1354 5905 monumentis
1379 5842 1632 5901 eruimus
1658 5847 1717 5901 et
1739 5844 2107 5908 illustramus.
2142 5844 2357 5913 Quibus
2384 5846 2677 5914 absolutis,
2700 5850 2860 5902 vetus
2887 5861 3059 5903 sacra
3082 5844 3445 5917 supellectilis
3467 5843 3622 5917 apud
3643 5843 3835 5915 Galloq
