4020 6232
163 283 240 336 105
995 277 1062 332 ΙΝ
1102 274 1337 332 LIBROS
1373 275 1459 330 DE
1496 276 1808 334 LITURGIA
1846 277 2218 334 GALLICANA
2256 277 2622 334 PRxEFATIO.
3384 289 3480 341 106

154 395 410 459 nostrates,
442 387 924 460 ecclesiarumqne
960 388 1142 444 forma
1177 394 1232 444 et
1270 394 1573 460 apparatus
1617 390 1969 446 describitur.
2003 392 2173 445 Porro
2214 391 2273 446 in
2309 391 2540 446 exordio
2581 395 2637 446 et
2669 389 2782 446 ﬁne
2810 391 2940 447 libri
2972 392 3274 464 exponitur
3299 398 3483 467 qualis

153 480 297 535 fuerit
328 479 606 550 majorum
649 485 973 534 nostrorum
1007 495 1110 550 per
1150 479 1208 532 id
1248 484 1473 550 tempus
1505 480 1572 534 de
1605 479 1956 535 Eucharistia
1980 481 2119 535 fides
2145 485 2201 536 et
2226 481 2536 552 persuasio.
2569 483 2922 552 Argumenta
2949 488 3203 553 repetere
3233 485 3338 540 hoc
3361 487 3482 541 loco

154 588 246 624 non
263 572 427 640 juvat.
456 571 602 624 Illud
629 571 874 641 quadam
901 570 1271 640 explicatione
1302 571 1543 641 indiget,
1567 572 1719 642 quod
1747 572 1966 642 agendo
1997 572 2065 626 de
2093 571 2318 626 ciboriis
2344 573 2593 643 antiquis
2621 571 2889 642 (aedicula:
2919 579 3080 627 erant
3106 575 3483 630 umbellamm

153 661 304 714 instar
325 677 486 730 super
512 661 735 727 altaria,
760 666 1000 730 quatuor
1025 660 1333 714 minimum
1364 661 1640 715 columnis
1665 662 1896 732 innixm)
1924 661 1984 715 in
2012 663 2338 733 exemplum
2364 662 2696 716 adducimus
2724 662 2897 716 altare
2927 664 3292 733 parthenonis
3319 665 3484 719 Vallis

156 751 324 802 Gratia:
348 750 491 819 apud
522 750 787 817 Parisios,
816 750 967 820 quod
997 750 1298 804 recentiori
1327 751 1715 804 Romanorum
1741 765 1850 804 usu
1884 767 1999 805 non
2027 750 2326 818 ciborium,
2356 751 2450 805 sed
2477 751 2879 806 baldachinum
2911 752 3181 822 appellari
3207 753 3394 819 debet,
3423 759 3486 809 ut

153 853 228 891 me
265 838 470 891 monuit
517 838 777 892 eruditus
823 843 879 892 et
929 839 1269 892 venerabilis
1309 840 1576 893 Claudius
1613 841 1959 894 Castellanus
2007 839 2262 894 Ecclesiae
2308 839 2631 894 Parisiensis
2675 841 2999 894 canonicus.
3053 841 3111 894 Id
3159 858 3289 896 vero
3336 842 3486 897 inter

151 930 420 996 utrumque
445 926 790 980 discriminis
817 932 919 996 est,
952 928 1105 998 quod
1145 928 1466 982 baldachini
1500 946 1628 999 pars
1655 930 1916 1001 superior
1940 935 2155 1000 aperta,
2185 934 2242 983 et
2269 930 2329 982 iu
2359 946 2579 984 coronae
2605 930 2841 984 modum
2871 947 3117 985 convexa
3141 937 3256 1001 est;
3291 933 3486 987 ciborii

155 1031 290 1085 aequa
312 1021 361 1069 et
379 1016 568 1086 plana,
592 1034 708 1070 non
735 1022 961 1088 aperta;
992 1018 1307 1071 armarium
1333 1019 1675 1089 quadratum
1704 1020 1764 1072 in
1790 1036 2014 1074 summo
2040 1019 2257 1073 habens
2278 1020 2347 1072 ad
2367 1020 2732 1073 asservandas
2754 1019 3050 1090 reliquias;
3078 1024 3134 1074 et
3157 1021 3481 1090 porticulas,

153 1106 294 1175 vulgo
319 1109 631 1174 ringuie'res,
659 1107 718 1160 in
745 1107 983 1160 circuitu
1011 1107 1262 1161 armarii.
1299 1109 1375 1161 Ita
1409 1109 1601 1162 Romae
1638 1108 1915 1162 ciborium
1947 1109 2122 1163 sancti
2149 1108 2397 1177 Joannis,
2428 1113 2484 1162 et
2519 1112 2727 1161 sanctas
2763 1109 3054 1175 Praxedis;
3085 1109 3485 1164 baldachinum

153 1194 300 1246 sancti
338 1195 479 1247 Petri
515 1195 856 1265 appellatur.
883 1199 971 1249 An
1011 1201 1322 1267 utrumque
1361 1199 1514 1268 apud
1555 1199 1817 1270 antiquos
1854 1200 1913 1253 in
1957 1216 2064 1253 usu
2105 1199 2297 1267 fuerit,
2331 1215 2445 1252 non
2492 1197 2670 1268 liquet
2703 1214 2716 1251 :
2749 1203 2807 1252 at
2844 1203 2993 1251 certe
3031 1214 3148 1252 una
3182 1198 3292 1252 fuit
3332 1199 3484 1269 apud

153 1298 319 1336 omnes
355 1283 544 1337 cibarii
583 1284 908 1354 appellatio.
939 1285 1096 1339 Unde
1138 1286 1415 1340 ciborium
1459 1288 1703 1359 sepulcri
1742 1288 1920 1342 sancti
1955 1289 2105 1342 Petri
2143 1288 2204 1342 in
2231 1287 2494 1342 Vaticano
2534 1290 2765 1340 vocatur
2800 1303 2833 1339 a
2867 1287 3136 1357 Gregorio
3170 1288 3486 1342 Turonensi

153 1372 377 1441 episcopo
405 1372 464 1424 in
488 1371 590 1426 lib.
625 1389 641 1424 ι
667 1373 736 1426 de
764 1373 953 1426 Gloria
979 1380 1296 1444 martyrum
1323 1392 1448 1446 cap.
1477 1379 1568 1432 28.
1601 1378 1658 1430 Id
1687 1377 1974 1432 monuisse
2003 1379 2111 1431 hoc
2137 1377 2260 1430 loco
2285 1375 2560 1447 aliquanti
2589 1375 2866 1429 momenti
2893 1380 2995 1429 est.

209 1500 303 1553 VII.
330 1500 615 1555 Secundus
650 1501 796 1556 liber
833 1502 1064 1557 exhibet
1104 1503 1520 1559 Lectionarium
1558 1506 1929 1574 Gallicanum,
1963 1506 2114 1578 quod
2155 1506 2212 1560 in
2247 1504 2582 1559 Luxoviensi
2621 1503 2997 1557 Benedictinee
3037 1502 3487 1574 congregationis

153 1589 304 1642 sancti
329 1590 506 1643 Vitoni
533 1591 847 1661 percelebri
877 1593 1220 1647 monasterio
1249 1595 1586 1664 reperimus.
1621 1597 1680 1649 In
1721 1596 1843 1666 ipso
1877 1596 2111 1666 hujusce
2139 1595 2268 1648 libri
2299 1594 2499 1647 limine
2535 1593 2808 1646 nonnulla
2849 1592 2916 1646 de
2958 1591 3216 1645 Adventu
3244 1590 3484 1662 Domini,

152 1683 196 1731 et
220 1677 278 1731 de
316 1679 464 1732 festis
505 1681 658 1750 apud
689 1681 873 1736 Gallos
912 1682 1228 1754 antiquitus
1255 1685 1494 1755 receptis
1534 1686 1983 1756 praemittuntur,
2013 1683 2348 1756 singillatim
2388 1683 2590 1737 deinde
2627 1681 2741 1735 suis
2770 1681 2906 1736 locis
2934 1698 3035 1751 per
3069 1686 3251 1735 totum
3277 1680 3489 1735 librum

152 1768 466 1837 explicanda.
497 1769 648 1823 Nihil
676 1770 732 1824 in
769 1771 862 1824 illo
897 1772 1249 1827 Lectionario
1276 1791 1390 1827 non
1431 1775 1672 1847 dignum
1709 1775 2101 1830 observatione
2131 1792 2144 1828 :
2177 1774 2359 1828 multa
2390 1772 2725 1844 singularia,
2748 1771 3066 1842 prasertim
3093 1786 3221 1840 quas
3249 1769 3319 1823 ad
3354 1786 3486 1840 pas-

150 1855 334 1911 sionem
360 1858 580 1912 Domini
609 1864 662 1914 et
691 1860 759 1914 ad
789 1862 1131 1932 Rogationes
1161 1862 1469 1934 pertinent.
1501 1865 1790 1920 Lectiones
1817 1882 1883 1919 ex
1915 1866 2204 1936 Scriptura
2235 1881 2338 1918 nec
2367 1863 2614 1917 multum
2643 1861 2915 1915 recedunt
2944 1877 2977 1914 a
3004 1860 3245 1931 Vulgata
3271 1864 3486 1927 nostra,

150 1961 236 2000 nec
262 1947 479 2001 omnino
510 1965 643 2003 cum
673 1949 771 2004 illa
793 1953 1158 2007 conveniunt.
1182 1954 1492 2009 Varietates
1513 1954 1848 2026 insigniores
1869 1955 1926 2009 in
1947 1957 2058 2009 tine
2079 1954 2264 2026 operis
2282 1954 2615 2007 referemus.
2641 1949 2972 2004 Lectionarii
2995 1949 3164 2020 hujus
3183 1948 3491 2019 antiquitas

151 2051 206 2089 ex
230 2036 372 2091 festis
397 2037 456 2091 in
492 2055 559 2092 eo
589 2041 899 2110 recensitis,
931 2047 987 2096 et
1016 2059 1086 2098 ex
1113 2043 1456 2112 litterarum,
1486 2046 1693 2117 quibus
1729 2051 1996 2101 exaratus
2025 2050 2107 2100 est
2143 2045 2349 2112 Codex,
2378 2044 2562 2096 forma
2591 2039 2950 2110 intelligitur.
2981 2041 3168 2092 Pauca
3194 2039 3404 2109 quippe
3430 2037 3491 2091 in

151 2139 202 2178 eo
230 2126 354 2181 festa
382 2144 394 2181 :
425 2129 652 2184 nullum
699 2136 908 2185 sanctae
944 2133 1239 2188 Genovefa:
1268 2134 1358 2189 die
1397 2137 1574 2190 natali
1613 2136 1918 2192 recentius.
1947 2137 2314 2190 Characteres
2346 2132 2450 2204 ipsi
2488 2128 2926 2200 Merovingicam
2957 2128 3212 2182 referunt
3243 2127 3488 2198 scriptu-

150 2230 271 2284 ram,
297 2233 416 2288 qua:
446 2219 551 2273 sub
581 2219 769 2290 prima
798 2237 1001 2294 regum
1031 2229 1354 2279 nostrorum
1382 2227 1556 2298 stirpe
1579 2226 1788 2282 usitata
1817 2231 1955 2281 erat.
1986 2225 2092 2281 Sed
2117 2241 2188 2279 ne
2213 2222 2409 2278 lectori
2435 2223 2631 2276 fucum
2657 2220 2844 2275 facere
2863 2217 3180 2284 videamur,
3203 2215 3490 2289 specimen

150 2305 426 2377 scripturae,
458 2324 591 2380 quae
617 2309 676 2363 in
702 2309 798 2365 illo
827 2312 1017 2368 codice
1044 2313 1256 2387 ubique
1288 2316 1519 2388 aequalis
1538 2322 1639 2386 est,
1672 2317 1771 2372 aeri
1798 2316 2044 2372 incisum
2075 2315 2168 2370 hic
2199 2312 2554 2370 exhibemus.

395 2548 2257 2840 twitmmitmuu‘atmap
2274 2621 2587 2840 am
2621 2511 3393 2840 ψωθῃὶ

268 2624 1855 3014 ἒωῳεωωὼωωηω

1825 2990 2018 3297 ait
2165 2988 3412 3312 αςῦξςὸῖξαὶεβὶὶδνὶω

157 3331 162 3333 ε
259 3067 1255 3312 φθιὶππκίελιιτδιτέ
1289 3085 1744 3302 amt

1824 3077 2018 3297 κβ
2165 3067 3411 3357 ωθξςδῖείειεβωω

147 3488 240 3546 Hoc
270 3494 550 3565 specimen
591 3499 637 3553 si
678 3500 803 3572 quis
852 3518 984 3556 cum
1025 3501 1158 3572 illis,
1201 3518 1331 3574 quae
1370 3500 1428 3555 in
1469 3500 1615 3556 libro
1654 3517 1686 3554 v
1729 3502 1798 3556 de
1841 3503 1921 3556 Re
1967 3499 2331 3571 diplomatica
2369 3503 2754 3570 exponuntur,
2801 3498 3057 3554 conferre
3095 3499 3336 3555 voluerit
3370 3516 3494 3556 eam

148 3578 545 3658 Merovingicam
587 3605 706 3643 esse
744 3591 1085 3662 scripturam
1120 3591 1418 3646 nobiscum
1455 3590 1602 3644 ultro
1642 3590 1932 3645 fatebitur.
1962 3590 2126 3644 Haud
2156 3589 2269 3643 scio
2308 3605 2381 3643 an
2417 3589 2602 3643 ullum
2639 3588 2711 3642 sit
2740 3588 3156 3642 Lectionarium
3192 3590 3300 3643 hoc
3330 3590 3496 3644 Galli-

149 3684 266 3725 cano
288 3677 573 3748 antiquius
610 3694 622 3731 :
651 3679 696 3732 si
720 3678 864 3734 forte
895 3681 1144 3752 excipias
1170 3681 1384 3734 librum
1410 3679 1650 3746 comitis,
1681 3679 2031 3734 indicantem
2063 3679 2332 3733 lectiones
2358 3679 2428 3732 ad
2453 3693 2623 3732 usum
2649 3676 2910 3732 Ecclesiae
2939 3678 3210 3731 Romanae
3243 3695 3255 3731 :
3284 3694 3398 3748 quo
3423 3678 3493 3732 de

147 3757 268 3814 libro
300 3767 507 3820 mentio
553 3767 619 3820 Iit
663 3767 723 3821 in
770 3769 968 3824 charta
1010 3770 1379 3837 Cornutiana,
1426 3785 1556 3840 quae
1599 3771 1767 3824 Leone
1802 3769 2047 3838 Augusto
2097 3784 2170 3836 1v,
2209 3774 2259 3822 et
2299 3769 2567 3822 Probiano
2606 3781 2759 3828 coss.,
2807 3781 2907 3819 seu
2952 3782 3101 3820 anno
3142 3766 3347 3820 Christi
3386 3767 3483 3821 471

150 3847 258 3904 data
275 3859 369 3909 est.

205 3976 323 4033 VIII.
352 3981 608 4038 Tertium
647 3984 860 4042 librum
903 3988 1258 4043 constituunt
1283 3985 1523 4042 Missalia
1561 3986 1698 4056 tria,
1728 4002 1974 4058 quorum
1999 3985 2248 4058 primam
2279 3983 2585 4040 editionem
2614 3983 2855 4054 Josepho
2879 3981 3181 4038 Thomasio
3204 3999 3339 4037 mox
3363 3983 3487 4037 lau-

150 4063 256 4120 dato
282 4077 564 4142 acceptam
594 4076 808 4131 referre
839 4078 1131 4133 debemus.
1161 4078 1417 4132 Primum
1449 4082 1531 4132 est
1557 4077 1852 4132 Gothicam
1882 4094 1983 4132 seu
2006 4076 2588 4148 Gothicogallicanum
2611 4091 2626 4128 :
2649 4090 2761 4146 quo
2786 4073 2994 4128 scilicet
3020 4073 3327 4128 utebantur
3349 4071 3490 4127 Galli

151 4152 534 4227 Visigothorum
560 4163 803 4236 imperio
832 4168 1091 4239 subjecti.
1119 4168 1422 4240 Exemplar
1441 4173 1623 4222 exstat
1640 4168 1701 4221 in
1731 4167 2074 4222 bibliotheca
2101 4166 2475 4222 serenissimm
2499 4164 2797 4219 Christinae
2825 4164 3134 4219 Succorum
3160 4163 3374 4234 reginae
3405 4163 3492 4218 lit-

148 4245 260 4298 teris
282 4251 566 4318 quadratis
598 4260 655 4309 et
687 4258 1019 4327 majusculis
1049 4258 1326 4329 scriptum
1351 4261 1484 4312 ante
1513 4251 1692 4312 annos
1717 4261 2065 4328 nongentos,
2096 4262 2158 4312 ut
2187 4257 2503 4329 peritorum
2521 4254 2736 4326 judicio
2767 4254 2983 4308 censuit
3009 4252 3488 4308 eminentissimus

148 4335 409 4393 cardinalis
449 4343 627 4410 Bona,
659 4351 714 4399 et
753 4347 1087 4402 Thomasius
1132 4352 1259 4419 post
1299 4365 1451 4403 eum.
1485 4348 1711 4402 Nullum
1757 4347 1815 4402 in
1857 4364 1922 4402 eo
1958 4348 2168 4402 festum
2206 4346 2490 4402 recentius
2531 4362 2702 4417 quam
2746 4342 2920 4398 sancti
2964 4342 3308 4413 Leodegarii,
3340 4358 3488 4396 anno

147 4422 230 4476 678
261 4442 387 4483 nece
421 4433 632 4488 affecti.
661 4436 911 4491 Alterum
950 4439 1166 4493 Missale
1214 4439 1440 4493 brevius
1477 4443 1708 4492 vocatur
1745 4439 2119 4506 Francorum,
2153 4454 2222 4492 ex
2265 4437 2463 4491 eadem
2507 4435 2879 4504 bibliotheca,
2917 4432 3069 4504 quod
3106 4432 3410 4485 uncialibus
3438 4435 3488 4485 et

146 4515 398 4577 quadratis
424 4522 623 4577 litteris
654 4524 853 4580 itidem
884 4527 1159 4598 scriptum
1190 4527 1387 4582 asserit
1420 4527 1688 4597 Morinus,
1719 4527 1816 4598 qui
1853 4526 1993 4582 illud
2031 4527 2322 4599 quondam
2353 4525 2507 4594 vidit,
2539 4530 2595 4580 et
2627 4530 2758 4579 ante
2792 4539 3009 4579 annum
3045 4524 3146 4576 560
3189 4523 3486 4574 exaratum

145 4601 472 4664 existimavit.
502 4612 693 4667 Malim
724 4615 908 4670 dicere
934 4622 1061 4688 post
1089 4618 1425 4688 Gregorium
1450 4618 1742 4689 Magnum,
1774 4617 1934 4688 cujus
1970 4617 2423 4671 additamentum
2449 4615 2508 4669 in
2537 4631 2748 4669 canone
2777 4615 2982 4683 missae,
3015 4627 3241 4682 nempe,
3272 4612 3488 4681 diesque

145 4696 320 4766 nostros
343 4701 398 4751 in
427 4705 525 4755 tua
545 4719 682 4773 pace
703 4705 1056 4775 disponas,‘in
1083 4725 1148 4762 eo
1168 4707 1380 4762 missali
1403 4708 1666 4762 habetur.
1692 4709 1751 4761 ln
1772 4708 2122 4762 orationibus
2148 4723 2253 4779 pro
2279 4722 2458 4777 regno
2485 4710 2541 4760 et
2565 4705 2794 4775 regibus
2819 4702 3144 4758 indicantur
3162 4703 3486 4756 Francorum

145 4794 267 4869 teges
293 4792 340 4840 et
365 4796 611 4846 rectores.
641 4794 798 4857 Quod
838 4803 1178 4869 argumento
1207 4803 1291 4852 est
1317 4815 1431 4852 non
1467 4799 1537 4853 ad
1567 4783 1770 4868 unum,
1802 4799 1898 4853 sed
1925 4798 1994 4851 ad
2031 4799 2223 4869 plures
2262 4801 2398 4850 tunc
2437 4794 2776 4867 pertinuisse
2802 4792 3204 4865 principatum.
3233 4791 3486 4846 Tertium

145 4866 328 4928 Missale
372 4879 580 4934 dicitur
619 4866 995 4958 Gallicanum,
1025 4905 1058 4942 a
1095 4889 1378 4943 cardinale
1418 4891 1572 4943 Bona
1607 4866 1905 4943 laudatum
1938 4907 1950 4942 :
1983 4889 2073 4942 cui
2106 4887 2404 4958 imperitus
2440 4901 2726 4940 nonnemo
2765 4887 2940 4940 Missa
2980 4885 3232 4938 Romanae
3254 4881 3484 4937 titulum

146 4958 392 5021 atﬁxerat.
421 4970 634 5026 Eodem
673 4975 1066 5033 characterum
1104 4995 1310 5051 genere
1353 4979 1626 5050 scriptum
1669 4983 1753 5033 est
1788 4995 1852 5033 ac
1891 4978 2083 5050 priora
2121 4977 2253 5032 duo.
2281 4980 2615 5032 Asservatur
2645 4975 2703 5028 in
2742 4973 3084 5028 bibliotheca
3109 4972 3390 5041 Vaticana,
3420 4988 3485 5028 eo

145 5050 453 5111 translatum
481 5076 554 5114 ex
583 5062 834 5120 Palatina
849 5084 950 5122 seu
978 5050 1461 5140 Heidelbergensi.
1490 5069 1658 5123 Plura
1684 5069 1752 5124 de
1779 5068 1868 5122 his
1899 5069 2080 5123 tribus
2106 5065 2415 5124 Missalibus
2444 5065 2606 5121 initio
2633 5065 2763 5119 libri
2792 5081 2871 5119 Ill.

203 5173 274 5232 ῙΧ.
307 5179 535 5240 Duobus
576 5188 697 5244 aliis
731 5196 855 5247 tum
893 5193 1244 5266 integritate,
1273 5199 1397 5250 tum
1433 5194 1788 5266 antiquitate,
1819 5195 1989 5266 longe
2030 5199 2263 5266 praestat
2296 5194 2513 5249 Missale
2554 5191 2829 5263 primum,
2858 5190 3010 5262 quod
3052 5187 3351 5245 Gothicum
3387 5204 3485 5244 seu

146 5258 702 5343 Gothicogallicanum
745 5258 1114 5354 appellamvus.
1147 5258 1326 5357 Hujus
1363 5258 1688 5358 fragmenta
1725 5258 1988 5357 quaedam
2024 5258 2082 5339 in
2117 5287 2270 5340 tumo
2313 5258 2599 5356 postrem—o
2635 5258 2998 5336 Bibliotheca:
3035 5282 3265 5334 Patrum
3305 5279 3484 5333 addu-

147 5361 324 5448 Cllfltur
361 5381 430 5419 ex
457 5367 646 5423 ofﬁcio
685 5371 856 5426 tridui
896 5381 1027 5430 ante
1072 5377 1308 5431 Pascha.
1339 5378 1405 5432 Et
1443 5377 1676 5448 quidem
1718 5376 1776 5429 in
1815 5376 1998 5430 oflicio
2041 5375 2266 5431 Sabbati
2307 5374 2508 5443 sancti,
2541 5389 2672 5427 cum
2711 5373 2990 5427 orationes
3024 5370 3096 5423 ad
3135 5368 3485 5439 baptismum

145 5443 461 5525 referuntur,
492 5460 757 5529 quaedam
801 5463 1056 5520 lectionis
1081 5466 1320 5520 varietas
1349 5466 1514 5521 estin
1549 5467 1756 5521 ultima
1783 5466 2112 5521 collectione
2142 5466 2214 5521 ad
2247 5465 2369 5519 haec
2404 5464 2579 5518 verba
2611 5480 2624 5517 :
2656 5465 2896 5522 Oremus,
2919 5463 3122 5527 fratres
3159 5460 3483 5520 οὴανὶεεὺηίρ

146 5533 398 5628 Dominum
423 5552 473 5600 et
500 5552 666 5604 Deum
693 5557 935 5608 nostrum
959 5572 1061 5624 pro
1086 5559 1288 5624 aufetis
1314 5560 1531 5612 nostris.
1556 5560 1637 5610 Ita
1659 5558 1812 5628 apud
1839 5557 2236 5622 Thomasium;
2261 5559 2320 5609 at
2345 5556 2403 5609 in
2427 5554 2777 5608 Bibliotheca
2805 5552 3057 5616 Patrum,
3076 5563 3178 5618 pro
3198 5549 3489 5618 amphibiz’s

145 5627 254 5680 suis.
278 5630 384 5685 Sed
436 5641 642 5692 neutra
680 5641 846 5696 lectio
894 5644 1059 5698 nobis
1096 5645 1404 5715 probatur;
1445 5627 1748 5718 potiusque
1792 5646 2106 5718 legendum
2150 5645 2393 5713 videtur,
2427 5660 2528 5715 pro
2561 5643 2841 5712 neoph-ytis
2867 5640 3083 5701 nostris,
3114 5642 3176 5692 ut
3215 5654 3316 5693 suo
3358 5639 3480 5692 loco

147 5719 467 5779 monuimus.
497 5727 809 5786 Luculenta
837 5748 972 5788 vero
995 5750 1063 5788 ex
1086 5735 1196 5790 hoc
1223 5736 1426 5791 Missali
1458 5737 1694 5792 Gothico
1726 5738 2059 5793 testimonia
2086 5739 2366 5791 eruuntur
2391 5734 2466 5789 ad
2501 5728 3014 5788 demonstrandam
3052 5745 3249 5783 veram
3277 5723 3480 5783 Christi

151 5812 374 5878 Corporis
404 5819 463 5869 et
487 5821 780 5890 sanguinis
807 5822 866 5876 in
893 5824 1248 5881 Eucharistia
1271 5828 1659 5898 przesentiam,
1686 5844 1999 5901 verumque
2025 5828 2213 5883 missae
2249 5823 2608 5892 sacriﬁcium,
2644 5825 2701 5876 et
2735 5818 2977 5874 Romani
3003 5818 3288 5890 pontificis
3316 5825 3483 5884 super

447 5913 718 5984 PATBOL.
768 5920 1004 5987 LXXII.
3133 5923 3168 5978 4
