4020 6232
501 308 600 379 lor
1286 298 1619 369 APPENDIX
1656 309 1743 366 AD
1780 308 2000 365 oram
2038 303 2271 365 sanan
2307 302 2605 366 cannam
2642 294 3068 367 PARISIENSIS.
3770 306 3868 368 mg

498 453 701 496 omnes
727 432 1024 507 episcOpos
1048 426 1380 503 primatum.
1415 429 1536 482 Non
1567 422 1881 495 repetimus
1906 422 2082 478 modo
2111 439 2238 494 quae
2266 422 2337 477 de
2360 422 2484 494 ipsa
2509 421 2715 479 Christi
2743 423 3050 497 prmsentia
3079 422 3138 478 in
3166 421 3398 479 exordio
3426 424 3483 479 et
3510 421 3569 479 in
3595 422 3717 479 ﬁne
3738 421 3870 478 libri

495 527 666 602 primi
692 525 826 581 inde
859 520 1218 603 protulimus.
1249 516 1392 572 Illud
1425 518 1649 570 tantum
1683 512 1949 603 addimus
1973 512 2030 603 in
2066 528 2337 583 praesens,
2370 513 2711 568 vocabulum
2740 516 3237 582 transformationis
3265 514 3470 585 saepius
3496 513 3761 568 adhiberi
3795 513 3869 568 ad

496 613 935 690 significandam
963 610 1159 680 (quam
1192 605 1479 673 vocamus)
1513 602 2232 670 transsubstantiationem,
2262 605 2324 655 ut
2352 602 2413 656 in
2440 602 2615 657 missa
2642 607 2841 658 octava
2867 604 2938 658 de
2966 603 3429 671 Circumcisione,
3459 619 3592 674 pag.
3620 606 3783 668 202',
3808 602 3867 656 in

495 707 669 763 missa
696 701 967 758 vicesima
992 714 1095 770 pro
1126 694 1401 750 cathedra
1426 692 1606 746 sancti
1636 691 1809 759 Petri,
1843 695 1902 746 et
1940 692 1998 746 in
2034 691 2210 746 missa
2244 692 2672 763 septuagesima
2708 692 2910 764 quinta
2944 692 3015 747 de
3050 696 3249 748 sancto
3286 692 3660 763 Leodegario.
3692 691 3866 746 Simi-

494 797 626 851 liter
652 791 898 849 occurrit
926 788 1080 844 idem
1105 783 1443 838 vocabulum
1472 781 1532 836 in
1562 780 1777 836 missali
1802 783 2172 850 Francorum,
2198 797 2331 853 pag.
2367 784 2490 849 307,
2523 785 2580 835 et
2613 782 2673 837 in
2702 782 3013 851 Gallicano,
3040 783 3200 853 cujus
3229 782 3576 837 sententiam
3611 797 3745 836 mox
3772 796 3863 834 re-

493 883 663 941 laturi
695 895 908 937 sumus.

562 1056 622 1110 X.
656 1048 931 1123 Egregius
955 1046 1112 1101 locus
1138 1045 1225 1097 est
1253 1040 1487 1097 Missalis
1516 1039 1739 1096 Gothici
1781 1039 1839 1094 in
1867 1039 2057 1095 officio
2086 1040 2511 1113 septuagesimo
2541 1046 2741 1097 octavo
2777 1042 2848 1096 de
2882 1041 3159 1097 sacrificio
3192 1039 3446 1112 corporis
3476 1042 3535 1094 et
3565 1038 3865 1109 sanguinis

493 1144 577 1199 sui
610 1159 644 1197 a
667 1139 890 1195 Christo
917 1136 976 1190 in
1005 1149 1169 1189 coena
1199 1131 1481 1187 instituto.
1518 1132 1624 1198 Qui
1645 1132 1883 1198 formam
1909 1133 2163 1199 sacriﬁcii
2180 1134 2434 1201 perennis
2460 1134 2769 1196 instituens,
2798 1133 3031 1187 hostiam
3055 1146 3110 1186 se
3134 1131 3237 1185 tibi
3264 1131 3467 1202 (Deum
3501 1130 3734 1183 Patrem
3768 1144 3861 1182 sa-

490 1231 692 1288 cerdos
718 1224 1046 1297 alloquitur)
1067 1225 1309 1293 primum
1334 1221 1550 1282 obtulit,
1574 1224 1625 1274 et
1646 1222 1861 1290 primus
1889 1220 2070 1275 docuit
2093 1220 2295 1290 offerri.
2327 1220 2493 1284 Quod
2521 1221 2592 1275 de
2624 1221 2920 1287 sacriﬁcio,
2952 1238 3068 1276 non
3095 1220 3295 1285 crucis,
3321 1219 3422 1272 sed
3445 1235 3620 1272 coenae
3642 1216 3863 1271 dictum

490 1337 612 1376 esse
644 1315 824 1389 quivis
849 1313 1117 1370 cordatus
1145 1312 1326 1365 lector
1355 1308 1644 1379 intelligit.
1677 1309 1893 1363 Praeter
1918 1309 2026 1363 hoc
2055 1309 2471 1378 testimonium,
2501 1311 2657 1381 quod
2682 1311 2845 1365 initio
2870 1310 3001 1365 libri
3029 1327 3090 1365 ιη
3111 1308 3492 1381 exposuimus,
3517 1306 3672 1360 aliud
3695 1305 3863 1360 nobis

487 1410 643 1466 idem
671 1405 890 1462 Missale
919 1399 1247 1473 suppeditat
1273 1399 1332 1452 in
1361 1398 1524 1453 Missa
1554 1398 1940 1469 praecedente,
1970 1398 2066 1453 ubi
2093 1398 2151 1453 in
2182 1399 2443 1454 oratione
2463 1405 2588 1470 post
2615 1403 2955 1469 mysterium,
2985 1400 3044 1453 id
3069 1402 3156 1453 est
3184 1401 3313 1470 post
3341 1394 3859 1460 consecrationem,

485 1502 609 1556 haec
634 1498 907 1568 leguntur
933 1511 946 1548 :
976 1495 1236 1562 Magnum
1263 1491 1357 1545 hoc
1381 1505 1574 1544 munus
1598 1490 1978 1544 misericordiae
2006 1495 2103 1555 est,
2130 1493 2228 1561 qui
2250 1491 2401 1546 nobis
2426 1491 2606 1568 docuit
2630 1492 3014 1562 redemptionis
3053 1494 3249 1545 nostra
3272 1489 3536 1557 sacriﬁcia
3569 1485 3859 1546 celebrare,

482 1593 621 1646 sicut
647 1566 845 1642 Obtulit
868 1584 1124 1639 Dominus
1151 1584 1328 1635 noster
1350 1581 1500 1635 Iesus
1529 1579 1770 1637 Christus
1798 1580 1858 1633 in
1885 1580 2062 1634 terris.
2090 1579 2185 1633 His
2225 1579 2447 1634 accedit
2486 1566 2687 1633 tertius
2720 1580 2877 1634 locus
2914 1597 2981 1633 ex
3018 1578 3222 1634 Missali
3264 1577 3553 1633 Gallicano
3585 1574 3647 1628 in
3683 1573 3861 1629 Coena

485 1675 735 1741 Domini,
767 1676 826 1729 in
861 1688 972 1742 qua
1010 1671 1262 1726 Dominus
1305 1672 1482 1723 noster
1520 1670 1670 1723 Iesus
1709 1668 1952 1726 Christus
1995 1671 2054 1723 in
2090 1685 2225 1723 novo
2255 1672 2589 1724 Testamento
2618 1669 2966 1738 sacriﬁcandi
2989 1672 3157 1724 ritum
3187 1669 3480 1723 instituisse
3505 1667 3859 1723 memoratur,

485 1769 616 1823 dum
638 1778 839 1837 panem
866 1766 917 1816 et
938 1763 1145 1822 vinum,
1176 1774 1294 1828 qua:
1333 1758 1715 1813 Melchisedech
1742 1760 1811 1835 in
1838 1760 2277 1828 prwﬁguratione
2301 1760 2486 1826 futuri
2509 1762 2758 1828 mysterii
2789 1759 3034 1815 sacerdos
3065 1759 3352 1820 obtulerat,
3376 1758 3436 1810 in
3460 1755 3860 1810 sacramentum

481 1859 571 1914 sui
589 1854 824 1926 corporis
849 1856 900 1907 et
923 1850 1206 1920 sanguinis
1235 1849 1668 1915 transformavit.
1696 1848 1810 1901 Nec
1838 1846 2223 1902 omittendum
2250 1847 2359 1903 hoc
2391 1848 2516 1903 loco
2544 1848 2601 1902 id
2631 1848 2787 1920 quod
2812 1848 3023 1920 legitur
3040 1848 3100 1901 in
3125 1845 3328 1901 Missali
3350 1846 3699 1899 Francorum
3718 1855 3854 1911 pag.

487 1949 589 2002 325
619 1961 632 1999 :
663 1942 895 2001 Remotis
923 1938 1416 1995 obumbrationibus
1443 1938 1746 1993 carnalium
1770 1939 2135 2002 victimarum,
2163 1939 2467 2009 spiritalem
2501 1939 2620 2001 tibi,
2649 1954 2851 1993 summe
2874 1940 3058 2001 Pater,
3088 1938 3317 1991 hostiam
3343 1934 3578 2005 supplici
3600 1933 3860 1987 servitute

483 2035 775 2102 deferimus
803 2050 818 2085 :
850 2044 969 2101 quae
992 2031 1131 2083 miro
1165 2027 1535 2097 ineffabilique
1561 2029 1816 2097 mysterio
1842 2031 1894 2081 et
1918 2027 2234 2082 immolatur
2254 2043 2481 2098 semper,
2518 2032 2569 2082 et
2603 2027 2790 2082 eadem
2825 2042 3033 2098 semper
3074 2026 3326 2096 offertur;
3350 2025 3668 2094 pariterque
3694 2024 3746 2073 et
3771 2020 3859 2072 de-

480 2129 724 2180 uotarum
748 2134 962 2182 munus,
994 2123 1045 2173 et
1072 2119 1467 2173 remunerantis
1493 2121 1570 2172 est
1589 2120 1901 2187 praemium.
1925 2116 2029 2171 Ubi
2057 2119 2361 2188 spiritalem
2386 2119 2618 2172 hostiam
2639 2117 2776 2172 dicit
2798 2116 3084 2184 sacerdos,
3113 2114 3268 2186 quod
3299 2111 3629 2185 spiritaliter
3653 2109 3860 2164 immo-

480 2212 630 2268 letur
651 2228 787 2266 vera
816 2206 1021 2266 Christi
1047 2222 1201 2274 caro,
1232 2222 1513 2278 verusque
1542 2206 1792 2277 sanguis.
1824 2206 2013 2272 Quid?
2040 2207 2196 2279 quod
2221 2207 2508 2262 adoranda
2534 2210 2799 2278 sacriﬁcia
2828 2207 3192 2279 appellantur
3210 2205 3269 2259 in
3290 2205 3404 2258 ﬁne
3424 2200 3578 2257 tertii
3596 2196 3855 2263 Missalis,

482 2301 695 2356 scilicet
721 2297 1014 2363 Gallicani,
1043 2312 1176 2367 pag.
1207 2298 1330 2350 377.
1360 2295 1486 2350 Alia
1511 2295 1569 2349 id
1597 2311 1781 2367 genus
1805 2312 1923 2351 non
1949 2313 2133 2367 pauca
2158 2295 2675 2368 praetermittimus.

551 2471 635 2526 XI.
660 2466 825 2532 Quod
848 2464 1055 2520 attinet
1074 2464 1146 2519 ad
1172 2464 1486 2535 primatum
1506 2465 1753 2519 Romani
1773 2466 2080 2536 pontificis,
2105 2483 2238 2521 eum
2259 2467 2467 2539 probat
2486 2466 2660 2521 missa
2681 2467 2752 2521 de
2774 2468 2971 2522 sancto
2990 2468 3159 2538 Xysto
3180 2482 3330 2538 papa
3350 2466 3408 2518 et
3425 2465 3701 2534 martyre,
3726 2477 3857 2533 qua:

479 2558 542 2615 in
569 2554 774 2614 Missali
803 2555 1041 2610 Gothico
1070 2555 1157 2607 est
1185 2552 1388 2607 ordine
1415 2553 1897 2626 quinquagesima
1926 2559 2127 2611 octava
2155 2573 2167 2611 :
2197 2560 2283 2613 Ea:
2307 2558 2502 2627 quibus
2527 2562 2604 2612 est
2628 2562 2845 2613 sanctus
2872 2572 2936 2612 ac
2955 2556 3276 2611 venerabilis
3307 2556 3495 2611 Sicctus
3519 2556 3856 2621 martyr.....

478 2650 577 2719 qui
612 2648 743 2702 dum
775 2644 1080 2715 apostolicae
1112 2642 1254 2698 sedis
1292 2645 1576 2713 accepisset
1613 2646 1872 2714 insignia,
1899 2649 1950 2700 et
1983 2661 2039 2701 se
2070 2648 2313 2716 primum
2346 2662 2453 2702 esse
2484 2649 2806 2717 conspiceret
2842 2646 3199 2708 sacerdotum,
3229 2643 3289 2699 id
3314 2646 3401 2697 est
3429 2641 3853 2712 episcoporum,

480 2736 578 2809 qui
603 2736 663 2791 in
688 2733 777 2788 his
798 2732 1110 2788 Missalibus
1139 2732 1327 2786 solent
1353 2732 1629 2803 appellari
1655 2734 1973 2797 sacerdotes,
2003 2734 2321 2806 presbyteri
2351 2752 2485 2791 vero
2519 2754 2634 2792 non
2678 2736 2855 2790 semel
2882 2738 3132 2797 seniores,
3160 2736 3224 2787 ut
3247 2733 3355 2787 col.
3385 2734 3508 2785 000.
3540 2729 3718 2799 Hujus
3744 2728 3857 2782 loci

479 2824 779 2881 occasione
825 2821 884 2877 in
925 2824 1180 2875 mentem
1224 2821 1468 2874 recurrit
1506 2822 1777 2877 solemnis
1813 2824 1969 2877 locus
2007 2842 2074 2878 ex
2104 2825 2372 2896 Cypriani
2407 2826 2552 2881 libro
2585 2826 2656 2880 de
2696 2825 2924 2880 Unitate
2962 2823 3246 2890 Ecclesiae,
3278 2821 3373 2876 ubi
3393 2823 3668 2891 primatus
3696 2819 3857 2872 Petro

476 2916 663 2971 datur.
694 2911 758 2967 Id
780 2914 1061 2982 tanquam
1092 2913 1487 2964 assumentum
1514 2910 1842 2981 rejecerunt
1869 2913 2074 2983 nuperi
2101 2913 2351 2969 editores
2378 2914 2750 2983 Oxonienses,
2782 2912 2915 2968 freti
2947 2913 3318 2983 antiquorum
3340 2906 3680 2964 auctoritate
3702 2904 3859 2959 codi-

478 3019 629 3069 cum,
664 3015 911 3073 quorum
937 2998 1199 3053 nonnulli
1228 2999 1376 3053 hanc
1404 3000 1717 3054 clausulam
1746 3019 1863 3056 non
1889 3002 2125 3071 habent,
2157 3003 2280 3057 aliis
2315 3021 2446 3058 eam
2485 3004 2831 3059 habentibus
2871 3019 3113 3057 numero
3154 3004 3210 3054 et
3248 3000 3405 3054 bona
3434 3000 3572 3051 nota
3598 2995 3684 3065 (ut
3717 2993 3857 3065 ipsis

474 3091 719 3162 videtur)
734 3089 1003 3162 potiores.
1017 3090 1089 3142 At
1108 3089 1330 3143 nullum
1351 3088 1620 3144 Codicem
1641 3091 1940 3161 proferent
1954 3091 2039 3163 (ut
2058 3092 2295 3163 quidem
2315 3094 2602 3165 putamus)
2622 3093 3011 3165 antiquiorem
3031 3090 3262 3161 Pelagio
3284 3104 3434 3160 papa
3461 3087 3581 3157 ejus
3600 3084 3858 3139 nominis

476 3180 750 3247 secundo,
784 3178 882 3250 qui
912 3177 971 3231 in
1002 3177 1243 3248 epistola
1274 3181 1431 3232 sexta
1455 3179 1609 3232 hunc
1634 3180 1902 3250 Cypriani
1933 3181 2123 3235 locum
2152 3181 2231 3236 ita
2261 3183 2441 3237 refert
2465 3200 2477 3237 :
2498 3185 2605 3240 Sed
2632 3188 2684 3238 et
2713 3184 2898 3238 beatus
2926 3183 3251 3252 Cyprianus,
3272 3178 3517 3247 egregius
3541 3179 3779 3243 martyr,
3796 3175 3857 3226 in

476 3271 632 3332 libro,
664 3283 819 3337 quem
844 3267 911 3321 de
941 3268 1176 3321 Unitatis
1209 3268 1420 3321 nomine
1454 3268 1719 3331 titulavit,
1746 3271 1888 3323 inter
1930 3269 2047 3323 alia
2076 3272 2153 3325 sic
2186 3271 2362 3325 dicit:
2392 3273 2694 3327 Emordium
2729 3272 2799 3325 ab
2835 3273 3047 3326 unitate
3078 3269 3454 3340 proﬁciscitur,
3492 3268 3544 3319 et
3577 3265 3859 3334 primatus

472 3361 630 3415 Petro
655 3357 841 3419 datur,
867 3359 929 3409 ut
957 3370 1069 3408 una
1096 3356 1299 3413 Christi
1330 3357 1565 3411 Ecclesia
1604 3362 1655 3412 et
1688 3357 1948 3412 cathedra
1972 3363 2317 3414 monstretur.
2346 3363 2417 3415 Et
2442 3365 2689 3430 pastores
2725 3364 2852 3415 sunt
2892 3374 3091 3421 omnes,
3118 3363 3170 3412 et
3200 3372 3335 3427 grew
3359 3368 3498 3410 unus
3528 3351 3855 3420 ostenditur,

473 3450 572 3519 qui
595 3447 664 3501 ab
691 3445 947 3517 apostolis
973 3446 1226 3498 unanimi
1251 3447 1888 3517 consensionepascatur.
1918 3448 2027 3502 Pro
2054 3448 2161 3502 hac
2185 3448 2431 3503 lectione
2461 3449 2711 3503 editores
2739 3449 2919 3503 citant
2952 3447 3188 3504 Codices
3228 3446 3429 3499 decem
3458 3460 3470 3497 :
3505 3441 3606 3496 sed
3633 3456 3735 3496 eos
3759 3457 3856 3495 re-

467 3535 695 3608 jiciunt,
725 3534 883 3589 nulla
906 3532 1120 3604 Pelagii
1149 3549 1314 3604 papae
1338 3534 1490 3588 facta
1515 3535 1833 3590 mentione.
1855 3538 1928 3589 At
1948 3537 2159 3591 sufﬁcit
2180 3537 2254 3591 ad
2274 3537 2589 3608 primatum
2609 3537 2782 3605 Petri,
2810 3537 2965 3608 quod
2987 3536 3303 3608 Cyprianus
3334 3532 3598 3587 Ecclesia:
3618 3532 3858 3585 unitatis

472 3628 754 3695 originem,
783 3624 853 3679 ab
880 3638 1006 3685 uno,
1029 3621 1088 3676 id
1110 3625 1197 3676 est
1227 3639 1260 3676 a
1279 3623 1469 3690 Petro,
1492 3626 1856 3694 incipientem,
1881 3625 2083 3679 asserit
2104 3642 2137 3680 a
2158 3626 2382 3681 Christo
2404 3627 2746 3682 institutam.
2768 3626 2986 3682 Clarius
3006 3625 3067 3680 in
3091 3625 3341 3697 Epistola
3362 3623 3435 3677 ad
3460 3622 3810 3678 Jubaianum
3838 3636 3852 3675 :

473 3717 629 3772 Petro
657 3716 899 3785 primum
931 3715 1207 3775 Dominus,
1242 3727 1405 3783 super
1441 3728 1598 3783 quem
1636 3713 1925 3783 aediﬁcavit
1949 3715 2262 3778 Ecclesium,
2292 3722 2342 3771 et
2379 3717 2522 3773 unde
2554 3718 2786 3772 unitatis
2824 3719 3086 3786 originem
3113 3717 3353 3770 instituit
3379 3717 3433 3767 et
3456 3711 3725 3777 ostendit;
3747 3727 3853 3782 po-

473 3809 717 3860 testatem
750 3803 907 3858 illam
941 3802 1113 3865 dedit,
1140 3795 1249 3856 etc.
1281 3801 1396 3856 Sed
1438 3818 1613 3873 quam
1652 3804 1960 3874 praeclarus
1999 3804 2156 3858 locus
2195 3805 2254 3858 in
2286 3805 2544 3876 ejusdem
2581 3806 2822 3877 epistola
2865 3805 2940 3859 ad
2983 3804 3300 3869 Quintum:
3332 3804 3477 3860 Nam
3504 3815 3597 3855 nec
3635 3802 3853 3863 Petrus,

471 3910 626 3966 quem
646 3895 889 3964 Primum
914 3893 1170 3946 Dominus
1207 3891 1386 3960 elegit.
1415 3897 1467 3946 et
1508 3907 1670 3962 super
1697 3908 1854 3963 quem
1886 3893 2176 3963 aediﬁcavit
2208 3896 2500 3951 Ecclesiam
2531 3911 2709 3959 suam,
2748 3911 2867 3950 cum
2903 3910 3080 3950 secum
3118 3893 3324 3948 Paulus
3363 3892 3430 3946 de
3454 3889 3859 3945 circumcisione

465 3981 807 4055 postmodum
846 3980 1194 4049 disceptaret,
1218 3980 1518 4036 vindicavit
1554 3982 1662 4037 sibi
1692 3983 1909 4053 aliquid
1946 3984 2255 4048 insolenter,
2283 3989 2381 4040 aut
2422 3990 2745 4055 arroganter
2785 3986 3095 4055 assumpsit,
3123 3987 3185 4037 ut
3225 3983 3423 4037 diceret
3459 3994 3515 4034 se
3545 3980 3857 4050 primatum

473 4078 666 4133 tenere,
697 4071 806 4122 etc.
835 4069 1004 4121 Petro
1023 4070 1390 4138 prioritatem,
1420 4072 1478 4123 et
1505 4069 1551 4124 si
1579 4070 1741 4125 lubet
1757 4074 2061 4142 primatum
2088 4074 2415 4129 concedunt
2439 4074 2689 4129 editores
2718 4073 3068 4129 Oxonienses
3095 4072 3154 4127 in
3186 4069 3336 4126 notis
3360 4068 3434 4124 ad
3458 4068 3610 4122 hanc
3635 4067 3855 4139 episto-

474 4161 612 4226 lam,
641 4156 817 4212 modo
851 4172 922 4210 ne
952 4159 1342 4227 principatum.
1369 4158 1747 4222 Quantumvis
1779 4164 1973 4215 autem
2006 4161 2089 4234 (ut
2113 4163 2219 4234 ipsi
2248 4163 2591 4235 obtendunt)
2616 4162 2867 4218 Africani
2893 4163 3165 4235 praesules
3190 4160 3567 4233 prohiberent
3591 4157 3855 4228 appella-

471 4248 660 4304 tiones
684 4245 1128 4314 transmarinas;
1154 4248 1309 4318 apud
1336 4265 1434 4304 eos
1460 4252 1656 4303 tamen
1677 4251 1911 4306 Ecclesia
1935 4255 2180 4309 Romana
2202 4259 2367 4324 caput
2391 4257 2630 4310 omnium
2647 4255 3005 4310 Ecclesiarum
3030 4253 3391 4319 censebatur,
3416 4253 3561 4304 teste
3588 4247 3854 4319 Eugenio

474 4337 741 4410 episcopo
768 4336 1209 4408 Carthaginensi
1242 4339 1396 4410 apud
1426 4338 1714 4394 Victorem
1737 4341 2030 4397 Vitensem
2058 4343 2118 4398 in
2139 4344 2235 4398 lib.
2262 4361 2322 4398 ιι.
2347 4345 2461 4400 Sed
2482 4344 2710 4416 longius
2732 4344 3120 4416 provehimur.
3144 4345 3333 4399 Unum
3354 4344 3551 4395 tamen
3580 4336 3855 4392 addimus

473 4444 682 4500 nempe
710 4443 778 4482 ex
811 4429 1213 4499 praeconcepta
1240 4426 1337 4482 illa
1361 4427 1432 4481 de
1461 4428 1705 4483 Romani
1733 4431 2017 4501 pontiﬁcis
2037 4432 2291 4504 primatu
2315 4433 2469 4505 apud
2495 4434 2817 4490 Catholicos
2845 4433 3215 4505 persuasione
3239 4432 3435 4486 forsan
3460 4429 3678 4483 factum
3700 4441 3853 4492 esse,

472 4520 535 4573 ut
564 4516 840 4574 Catholici
867 4516 1021 4587 apud
1048 4517 1388 4588 Gregorium
1415 4518 1808 4574 Turonensem
1840 4522 2172 4595 episcopum
2199 4526 2431 4580 Romani
2458 4540 2576 4578 non
2605 4525 2785 4578 semel
2812 4523 2947 4578 dicti
2977 4523 3108 4578 sint.
3138 4524 3294 4577 Unus
3318 4521 3477 4575 locus
3502 4520 3589 4572 est
3618 4516 3677 4570 in
3699 4514 3800 4569 lib.
3834 4530 3853 4568 ι

473 4606 543 4661 de
575 4606 765 4661 Gloria
790 4609 1110 4677 martyrum
1140 4623 1266 4677 cap.
1296 4610 1384 4675 25,
1416 4607 1510 4662 ubi
1536 4608 1843 4681 Gregorius
1868 4628 2048 4683 agens
2077 4612 2148 4668 de
2178 4612 2401 4667 violatis
2428 4630 2534 4684 per
2566 4613 2868 4668 haereticos
2902 4612 3207 4667 Lusitaniae
3237 4609 3512 4676 fontibus,
3541 4609 3600 4661 et
3629 4604 3699 4658 de
3732 4619 3854 4658 coe-

470 4695 598 4749 lesti
625 4694 877 4749 vindicta
903 4695 961 4749 in
991 4695 1318 4765 violatores,
1351 4697 1474 4753 haec
1499 4698 1691 4753 subdit
1718 4717 1731 4755 :
1764 4721 1793 4750 «
1820 4701 2057 4773 Deniquc

2270 4702 2558 4774 degisilus,
2587 4703 2758 4774 hujus
2784 4720 2882 4757 rex
2907 4702 3180 4775 regionis,
3208 4716 3338 4755 cum
3359 4697 3594 4753 vidisset
3611 4694 3723 4749 hoc
3742 4692 3857 4746 mi-

470 4784 749 4852 raculum,
778 4784 933 4856 quod
963 4785 1022 4839 in
1049 4786 1136 4840 his
1165 4787 1399 4842 sacratis
1426 4789 1542 4843 Deo
1574 4789 1828 4845 fontibus
1854 4792 2184 4863 gerebatur,
2218 4791 2490 4864 cogitavit
2514 4793 2667 4847 intra
2695 4810 2755 4848 se
2788 4792 3002 4860 dicens,
3032 4792 3167 4864 quia
3194 4788 3495 4861 ingenium
3525 4787 3612 4839 est
3638 4776 3857 4838 Roma-

472 4889 680 4929 norum
707 4872 1018 4946 (Romanos
1049 4876 1204 4930 enim
1235 4877 1487 4932 vocitant
1516 4879 1783 4935 homines
1812 4884 2022 4936 nostra:
2048 4881 2363 4954 religionis)
2390 4885 2455 4937 ut
2476 4882 2559 4937 ita
2589 4882 2828 4950 accidat,
2856 4886 2913 4936 et
2941 4898 3059 4936 non
3091 4882 3179 4935 est
3204 4877 3305 4934 Dei
3332 4876 3528 4931 virtus.
3551 4895 3580 4923 ι»
3603 4872 3766 4926 Idem
3787 4870 3855 4927 in

472 4961 731 5035 ejusdem
758 4962 887 5017 libri
914 4980 1039 5035 cap.
1070 4967 1137 5019 80
1166 4966 1347 5022 refert
1372 4968 1714 5025 miraculum
1740 4987 1845 5042 pro
1877 4970 2011 5025 ﬁdei
2039 4971 2378 5026 Christianas
2409 4972 2829 5045 approbatione
2855 4973 3073 5027 factum
3107 4971 3167 5025 in
3198 4968 3535 5043 presbytero
3562 4960 3855 5018 catholico

470 5051 742 5107 adversus
768 5052 1169 5124 presbyterum
1194 5057 1469 5114 Arianum
1501 5076 1514 5115 :
1548 5059 1645 5131 qui
1673 5060 1985 5114 catholicus
2011 5061 2312 5134 presbyter
2329 5068 2526 5119 nostrae
2550 5064 2829 5133 religionis
2856 5080 2890 5117 a
2908 5060 3213 5134 Gregorio;
3234 5063 3598 5116 Romanorum
3615 5066 3753 5107 vero
3772 5050 3855 5105 ab

468 5141 752 5197 haereticis
777 5142 1116 5214 appellatur.
1144 5147 1264 5202 Imo
1292 5147 1469 5203 etiam
1503 5165 1535 5203 a
1566 5148 1872 5204 Catholicis
1900 5150 2036 5221 ipsis
2064 5155 2307 5208 Romana
2333 5153 2477 5208 ﬁdes
2508 5170 2612 5225 pro
2653 5152 2934 5208 catholica
2970 5154 3106 5206 ante
3132 5150 3192 5204 id
3230 5153 3458 5220 tempus
3489 5143 3852 5199 sumebatur.

469 5230 561 5287 Sic
592 5231 971 5304 Hieronymus
1001 5232 1060 5288 in
1086 5235 1273 5307 prima
1298 5237 1581 5309 Apologia
1613 5237 1886 5294 adversus
1912 5240 2181 5297 Ruﬁnum
2217 5258 2229 5297 :
2265 5264 2292 5293 ‹‹
2323 5243 2521 5299 Fidem
2553 5259 2716 5303 suam
2749 5259 2923 5314 quam
2954 5240 3162 5296 vocat?
3186 5241 3425 5306 Eamne,
3449 5252 3563 5307 qua
3585 5235 3856 5287 Romana

469 5321 648 5392 pollet
667 5321 935 5391 Ecclesia,
957 5340 1030 5378 an
1054 5324 1231 5395 illam,
1252 5344 1381 5399 quae
1402 5326 1460 5380 in
1485 5326 1750 5399 Origenis
1770 5330 2156 5386 voluminibus
2178 5333 2547 5389 continetur?
2564 5333 2622 5389 Si
2647 5334 2970 5387 Romanam
2991 5327 3547 5402 responderitzErgo
3570 5319 3857 5378 Catholici

469 5426 684 5465 sumus.
709 5433 736 5462 ››
765 5413 888 5468 Non
917 5430 1054 5487 ergo
1087 5416 1364 5471 novitium
1400 5420 1504 5483 est,
1539 5417 1695 5488 quod
1721 5420 1997 5477 Catholici
2020 5426 2253 5479 Romani
2277 5423 2540 5479 dicimur.
2574 5425 2701 5478 Haec
2740 5422 3039 5479 occasione
3065 5418 3374 5477 Missalium
3399 5413 3851 5471 Gallicanorum.

534 5572 644 5628 XII.
666 5574 785 5631 Erit
807 5576 1048 5633 fortasse
1078 5576 1176 5648 qui
1200 5575 1457 5648 inquirat
1482 5595 1595 5651 quo
1622 5585 1791 5653 pacto
1818 5584 1941 5640 haec
1964 5583 2207 5641 Missalia
2233 5603 2301 5642 ex
2323 5586 2506 5644 Gallia
2528 5588 2774 5642 Romam
2797 5585 3101 5658 deportata
3121 5583 3264 5650 sint;
3289 5579 3626 5650 nullumque
3650 5577 3855 5633 forsan

469 5663 714 5736 supersit
729 5666 884 5740 apud
905 5666 1057 5739 ipsos
1079 5662 1269 5721 Gallos
1289 5665 1559 5743 Liturgiee
1579 5671 1886 5731 Gallicanae
1908 5677 2254 5749 exemplum.
2278 5678 2560 5735 Nimirum
2581 5678 2704 5734 haec
2727 5676 3068 5733 nostratium
3082 5675 3293 5748 (neque
3311 5670 3469 5726 enim
3485 5666 3852 5724 dissimulare

525 5858 547 5889 ‘
574 5859 667 5915 Hlo
695 5864 747 5915 et
769 5859 903 5916 intra
925 5845 1203 5916 revocatur
1222 5862 1392 5919 lector
1414 5864 1481 5922 ad
1504 5881 1757 5925 numeros
1780 5870 1835 5925 tn
1859 5873 2004 5926 textu
2027 5873 2271 5929 creatori
2295 5875 2597 5930 charactere
2624 5882 2922 5941 expressos.
2948 5870 3096 5925 Emr.
