4020 6232
103 413 194 467 ιω
976 402 1046 461 IN
1082 402 1323 461 uanos
1358 400 1446 459 DE
1483 398 1797 459 LITURGIA
1832 399 2207 458 GALLICANA
2244 401 2611 461 meum.
3381 414 3481 469 no

98 519 244 590 licet)
266 515 495 573 incuria
520 516 656 583 fuit,
680 517 746 571 ut
772 514 845 570 ad
867 517 1092 570 exteros
1111 517 1232 568 tam
1255 512 1531 583 praclara
1549 527 1745 566 rerum
1766 513 2095 566 nostrarum
2114 515 2496 567 monumenta
2516 512 3004 571 transferrentur:
3028 518 3333 591 actumque
3356 526 3481 578 erat

98 609 167 664 de
193 606 469 679 Liturgia
500 606 819 662 Gallicana
848 602 1152 668 memoria,
1178 601 1285 656 nisi
1312 602 1437 656 hac
1465 600 1708 656 Missalia
1736 600 1795 655 in
1822 600 2019 655 doctas
2046 604 2104 655 et
2131 601 2384 657 eruditas
2406 618 2514 657 nec
2535 602 2775 659 minime
2797 603 3106 661 invidiosas
3125 624 3331 665 manus
3346 611 3483 666 inci-

97 698 333 753 dissent.
368 696 497 761 Quo
525 699 702 767 pacto
734 696 855 750 hac
890 692 1268 765 migraverint
1300 691 1567 759 Romam,
1588 690 1713 761 jam
1752 690 2015 745 diximus.
2053 691 2269 762 Nempe
2306 691 2419 747 duo
2457 709 2525 747 ex
2553 692 2641 747 his
2677 710 2782 764 per
2809 695 3236 752 serenissimam
3265 699 3482 755 Suecia

92 786 365 859 reginam
394 802 464 840 eo
499 785 727 852 delata;
750 784 986 839 tertium
1012 800 1081 838 ex
1107 780 1458 836 bibliotheca
1476 781 1737 836 Palatina
1756 780 1816 834 in
1836 780 2190 835 Vaticanam.
2218 782 2285 834 Et
2306 780 2401 836 illa
2426 782 2661 853 quidem
2684 783 2797 839 duo
2820 802 2887 840 ex
2905 786 3230 843 Alexandro
3251 789 3480 845 Petavio

92 879 441 948 comparata
466 876 705 930 fuerant
730 893 742 931 :
769 875 878 929 hoc
900 889 1037 929 vero
1058 872 1295 927 tertium
1320 888 1387 926 ex
1409 871 1605 926 Jacobi
1632 870 1929 942 Bongarsii
1951 870 2287 925 hareditate
2309 871 2367 925 in
2389 872 2662 944 principis
2680 874 2922 929 Palatini
2950 880 3297 947 potestatem
3315 894 3485 933 vene-

93 970 207 1020 rat.
237 965 406 1020 Unde
434 969 635 1019 autem
669 965 791 1019 hac
812 964 1063 1035 supellex
1085 962 1199 1016 sive
1220 960 1471 1027 Petavio,
1497 961 1610 1015 sive
1634 961 1947 1032 Bongarsio
1968 961 2317 1032 provenerit,
2341 962 2515 1016 modo
2538 964 2963 1033 exponendum.
2988 967 3112 1022 Uno
3135 968 3310 1023 verbo
3331 967 3480 1036 dico,

94 1055 221 1109 fere
249 1054 444 1109 omnis
472 1072 542 1108 ex
572 1054 923 1108 bibliotheca
950 1051 1315 1106 Floriacensi.
1350 1051 1493 1104 Rem
1524 1050 1775 1105 breviter
1804 1067 1997 1105 narro.
2027 1052 2168 1105 Cum
2194 1066 2349 1104 anno
2391 1054 2527 1105 1562
2560 1052 2834 1121 haeretici,
2866 1056 3307 1112 Aurelianorum
3342 1057 3481 1111 urbe

96 1146 437 1215 expugnata
458 1147 519 1197 et
540 1143 807 1214 expilata,
824 1142 1000 1197 etiam
1022 1140 1271 1195 ﬁnitima
1292 1141 1418 1194 loca
1438 1139 1771 1210 diriperent,
1792 1139 2003 1210 prada
2021 1138 2169 1193 avidi
2188 1139 2362 1193 etiam
2381 1141 2757 1207 convolarunt
2776 1143 3113 1212 Floriacum,
3129 1147 3288 1216 cujus
3306 1146 3484 1203 abbas

96 1233 394 1287 sacularis
422 1235 561 1287 tunc
587 1236 713 1286 erat
737 1231 1045 1286 cardinalis
1070 1230 1488 1297 Castillioneus,
1515 1233 1573 1283 et
1592 1229 1712 1300 ipse
1736 1229 2081 1283 accerrimus
2103 1228 2505 1283 hareticorum
2528 1230 2737 1284 fautor.
2762 1231 2898 1285 Huic
2920 1232 2978 1287 in
2998 1235 3197 1305 primis
3217 1239 3483 1306 acceptus

96 1326 225 1376 erat
244 1323 455 1377 Petrus
474 1322 698 1389 Daniel,
722 1321 1054 1378 Causidicus
1076 1320 1228 1392 apud
1247 1320 1589 1373 Aurelianos
1610 1319 1884 1385 eruditus,
1911 1323 1969 1373 et
1990 1318 2363 1374 Floriacensis
2384 1319 2680 1374 Ballivius:
2705 1321 2802 1391 qui
2823 1323 3127 1378 cardinalis
3149 1327 3334 1396 gratia
3354 1326 3484 1379 dex-

96 1415 222 1466 tere
250 1428 412 1478 usus,
436 1410 811 1466 Floriacensis
834 1411 1200 1466 Bibliotheca
1222 1409 1461 1465 Codices
1486 1425 1621 1463 mss.
1648 1425 1681 1463 a
1700 1408 2138 1479 pradatoribus,
2164 1408 2369 1480 quibus
2390 1409 2600 1463 nullius
2623 1410 2805 1464 ferme
2830 1411 2992 1483 pensi
3017 1418 3200 1481 erant,
3225 1431 3338 1486 qua
3360 1417 3483 1470 arte

98 1516 216 1572 quo
249 1500 443 1571 pretio
470 1501 640 1555 facile
665 1501 1012 1571 impetravit.
1048 1500 1142 1554 His
1173 1514 1328 1553 anno
1368 1499 1503 1552 1564
1529 1514 1594 1552 ex
1621 1514 1735 1552 uno
1764 1498 1972 1552 horum
2000 1498 2185 1552 Plauti
2206 1498 2592 1565 Aululariam;
2617 1515 2684 1553 ex
2707 1500 2818 1554 alio
2840 1500 3017 1556 Servii
3039 1505 3484 1562 commentarios

97 1590 159 1645 in
184 1589 497 1661 Virgilium
531 1606 684 1645 anno
715 1593 850 1645 1600
880 1588 1149 1660 vulgavit.
1186 1587 1328 1659 Lupi
1360 1587 1737 1642 Ferrariensis
1769 1588 2024 1659 epistola
2054 1587 2307 1659 primum
2333 1604 2401 1641 ex
2427 1588 2637 1642 eodem
2664 1606 2839 1659 penu,
2873 1593 3044 1661 atque
3072 1593 3276 1647 Justini
3309 1594 3483 1650 editio

98 1681 425 1734 correctior
448 1679 808 1751 prodierunt.
830 1682 999 1733 Anno
1034 1680 1189 1745 1603,
1213 1681 1444 1732 mortuo
1472 1676 1728 1743 Daniele,
1750 1678 1958 1731 Paulus
1977 1676 2239 1731 Petavius
2261 1681 2494 1732 senator
2513 1677 2866 1745 Parisiensis,
2891 1683 2949 1733 et
2965 1682 3209 1736 Jacobus
3230 1683 3483 1755 Bongar-

99 1769 237 1837 sius,
266 1769 530 1823 Danielis
557 1770 730 1823 ambo
756 1767 923 1822 amici
959 1770 1017 1822 et
1043 1768 1267 1835 afﬁnes,
1296 1770 1464 1837 pacto
1486 1784 1618 1821 cum
1650 1766 1772 1836 ejus
1792 1766 2120 1821 haredibus
2145 1767 2301 1821 mille
2324 1767 2776 1838 quingentorum
2798 1769 3128 1825 francorum
3150 1772 3357 1842 pretio,
3381 1775 3488 1829 hos

97 1858 281 1912 libros
308 1858 467 1912 inter
495 1875 554 1912 se
584 1857 780 1929 partiti
807 1859 956 1911 sunt.
990 1856 1149 1910 Pauli
1180 1856 1368 1927 portio
1402 1856 1726 1910 Alexandro
1754 1856 1870 1911 filio
1903 1856 2106 1911 cessit:
2132 1856 2229 1927 qui
2252 1872 2317 1910 ex
2345 1856 2426 1910 eis
2444 1857 2690 1913 Andrea
2716 1857 2961 1913 Chesnio
2991 1860 3280 1931 suppetias
3305 1862 3379 1917 ad
3405 1863 3487 1917 in-

100 1947 452 2003 struendam
482 1951 744 2002 veterum
772 1946 967 2002 Gallia
1007 1944 1351 2016 scriptorum
1391 1944 1787 2000 collectionem
1830 1945 2298 2013 subministravit,
2327 1962 2605 2017 suamque
2647 1946 2882 2001 demum
2916 1952 3176 2004 veterum
3212 1951 3487 2007 Codicum

98 2041 336 2109 partem
364 2037 749 2091 serenissima
770 2035 1071 2092 Christina
1092 2035 1369 2089 vendidit.
1396 2035 1741 2106 Bongarsius
1762 2035 2002 2106 publicis
2022 2035 2093 2089 ab
2112 2035 2357 2091 Henrico
2379 2036 2446 2089 1V
2468 2035 2817 2090 Francorum
2836 2053 2975 2107 rege
2996 2038 3149 2109 apud
3170 2040 3487 2097 Germanos

102 2127 360 2197 negotiis
388 2126 681 2193 admotus,
709 2142 840 2180 eam
869 2141 997 2196 qua
1028 2124 1133 2179 sibi
1165 2124 1491 2195 contigerat
1514 2124 1843 2195 portionem
1874 2127 2344 2195 Argentoratum,
2368 2124 2466 2178 ubi
2495 2124 2749 2178 residere
2780 2126 2978 2180 solitus
2999 2131 3140 2195 erat,
3168 2131 3487 2185 convehen-

101 2216 242 2270 dam
264 2216 520 2282 curavit;
544 2232 792 2286 eamque
817 2214 1053 2269 demum
1076 2214 1316 2285 hospita
1339 2231 1453 2268 sua
1478 2214 1627 2286 (qua
1648 2213 2066 2285 Lugdunensis,
2085 2216 2142 2267 et
2163 2213 2467 2283 gemmarii
2489 2213 2741 2268 hominis
2760 2230 2901 2268 uxor
2921 2214 3064 2287 erat)
3087 2216 3224 2285 filio,
3248 2219 3484 2274 nomine

98 2306 438 2372 Graniceto,
470 2307 822 2360 testamento
862 2304 1094 2375 legavit.
1128 2307 1327 2375 Itaque
1368 2321 1497 2359 cum
1540 2304 1778 2359 Lutetia
1809 2303 2157 2358 Parisiorum
2201 2318 2355 2357 anno
2400 2306 2537 2358 1612
2579 2303 2922 2374 Bongarsius
2962 2321 3030 2369 ex
3069 2306 3274 2361 morbo
3311 2307 3485 2364 decu-

95 2394 344 2461 buisset,
378 2394 649 2466 princeps
686 2394 998 2461 Palatinus,
1037 2394 1163 2449 Jani
1201 2394 1428 2449 Gruteri
1466 2393 1885 2449 bibliothecarii
1926 2394 2011 2447 sui
2056 2409 2352 2464 persuasu,
2391 2392 2685 2464 Bongarsii
2722 2394 3015 2449 librariam
3053 2396 3483 2468 supellectilem,

96 2485 482 2555 Argentorati
505 2472 789 2553 relictam,
810 2487 1116 2538 numerata
1138 2484 1383 2555 pecunia
1403 2484 1776 2555 comparavit,
1801 2487 1859 2538 et
1877 2483 1935 2538 in
1956 2482 2365 2538 bibliothecam
2389 2499 2552 2538 suam
2572 2482 3117 2555 Heidelbergensem
3136 2486 3488 2557 comportari

99 2573 346 2628 curavit.
376 2574 639 2646 Denique
667 2574 821 2628 bello
852 2573 1006 2628 inter
1034 2573 1465 2628 Ferdinandum
1495 2573 1907 2645 imperatorem
1930 2576 1989 2627 et
2013 2572 2378 2628 Fredericum
2399 2574 2707 2628 electorem
2728 2574 3069 2645 palatinum,
3093 2575 3191 2647 qui
3211 2575 3283 2630 de
3303 2592 3486 2647 regno

102 2663 402 2719 Bohemia
444 2664 843 2729 decertabant,
883 2666 1110 2731 exorto;
1139 2664 1441 2719 Bavaricus
1474 2664 1759 2735 princeps,
1794 2664 1946 2719 facto
1983 2663 2043 2717 in
2070 2663 2458 2718 Palatinatum
2498 2663 2736 2735 impetu,
2776 2680 3054 2735 magnam
3097 2664 3220 2736 ejus
3261 2668 3488 2737 partem

100 2753 430 2825 occupavit,
460 2753 908 2824 Heidelbergam
938 2770 1093 2808 anno
1126 2756 1263 2808 1622
1288 2754 1346 2808 in
1376 2770 1539 2810 suam
1566 2756 1912 2826 potestatem
1941 2753 2188 2825 redegit,
2220 2753 2397 2809 libros
2427 2753 2661 2808 abstth
2684 2770 2752 2807 ex
2781 2753 3149 2822 bibliotheca,
3181 2755 3486 2826 plerosque

98 2859 339 2898 summo
366 2842 629 2914 pontifici
656 2842 933 2913 Gregorio
964 2844 1050 2897 XV
1088 2842 1243 2898 dono
1279 2843 1457 2911 dedit,
1490 2844 1549 2898 in
1590 2843 1923 2898 Vaticanam
1967 2842 2381 2899 bibliothecam
2422 2842 2661 2897 tandem
2704 2842 2911 2898 illatos.
2954 2845 3084 2898 Hac
3121 2843 3487 2900 bibliotheca

98 2930 487 2987 Floriacensis
512 2932 769 2998 fortuna,
800 2932 1034 3003 qualem
1059 2930 1364 2987 didicimus
1394 2948 1461 2986 ex
1486 2932 1868 3004 integerrimo
1898 2933 2020 2988 viro
2048 2932 2262 2988 Iacobo
2288 2933 2355 2987 de
2382 2932 2554 2995 Givet,
2582 2931 2736 3003 apud
2759 2931 3098 2988 Aurelianos
3121 2931 3283 3003 regio
3311 2932 3486 2988 advo-

100 3024 257 3076 cato.
292 3021 438 3076 Hinc
462 3020 750 3092 conjicere
774 3020 927 3090 licet,
956 3021 1067 3075 tria
1096 3022 1219 3076 hac
1245 3021 1500 3076 missalia
1530 3038 1599 3077 ex
1628 3021 2001 3077 Floriacensis
2034 3021 2397 3077 bibliotheca
2430 3020 2799 3076 distractione
2836 3022 3081 3078 Romam
3119 3021 3357 3078 tandem
3384 3039 3486 3095 ap-

100 3110 344 3183 pulisse,
368 3114 545 3184 atque
576 3109 789 3182 duplici
815 3110 905 3167 via
933 3110 1076 3167 istuc
1097 3112 1511 3184 commigrasse
1544 3129 1675 3168 cum
1704 3111 1829 3167 aliis
1858 3111 2122 3184 ejusdem
2148 3110 2514 3166 bibliotheca
2539 3110 2715 3166 libris.

176 3373 286 3430 XII.
318 3373 451 3428 Hac
476 3371 732 3429 missalia
762 3389 893 3429 cum
919 3371 1279 3429 Lectionario
1306 3376 1504 3429 nostro
1532 3372 1839 3445 conjuncta
1864 3375 2048 3429 totam
2076 3371 2501 3445 prOpemodum
2519 3371 2727 3427 veteris
2746 3370 2935 3428 missa
2955 3371 3259 3431 Gallicana
3280 3372 3489 3433 seriem

104 3464 278 3519 nobis
303 3466 749 3535 repraesentant.
773 3463 898 3518 Duo
926 3466 1155 3519 tantum
1180 3464 1601 3533 desiderantur,
1625 3480 1835 3536 nempe
1862 3464 2110 3536 capitula
2130 3464 2228 3518 illa
2246 3464 2625 3532 Psalmorum,
2651 3463 2964 3518 aliarumve
2986 3480 3161 3520 sacra
3182 3465 3488 3538 Scriptura

102 3553 414 3621 librorum,
449 3569 578 3624 qua
611 3557 733 3607 tum
762 3552 837 3608 ad
865 3553 1052 3608 missa
1079 3553 1329 3622 initium,
1355 3557 1477 3609 tum
1509 3557 1639 3627 post
1666 3554 2031 3626 propheticas
2053 3558 2111 3608 et
2130 3553 2471 3626 apostolicas
2490 3553 2785 3623 lectiones,
2811 3570 2876 3609 ac
2902 3557 3162 3626 tempore
3184 3555 3489 3610 oblationis

105 3644 238 3698 cani
269 3659 402 3697 mos
424 3646 550 3697 erat
572 3660 584 3697 :
611 3647 670 3697 et
690 3642 879 3699 forma
898 3644 1225 3712 verborum,
1250 3644 1455 3716 quibus
1480 3644 1835 3700 consecratio
1856 3644 2058 3717 peragi
2083 3647 2365 3699 censetur.
2392 3645 2689 3699 Canonem
2710 3643 2946 3716 quidem
2966 3643 3154 3698 missa
3174 3661 3278 3716 pro
3301 3644 3489 3716 singu-

104 3733 177 3787 lis
202 3733 396 3787 missis
421 3732 734 3803 diversum,
767 3733 868 3788 sed
898 3734 1297 3789 brevissimum
1329 3734 1559 3789 exhibet
1580 3734 1798 3791 Missale
1830 3734 2449 3806 Gothico-gallicanum
2483 3750 2496 3787 :
2526 3735 2585 3787 at
2609 3749 2742 3787 cum
2773 3732 2847 3787 ad
2870 3733 2993 3786 hac
3020 3733 3213 3801 verba,
3242 3735 3349 3800 Qui
3362 3737 3488 3804 pri-

107 3823 198 3878 die
222 3839 395 3893 quam
413 3827 718 3893 pateretur,
746 3826 983 3878 ventum
1014 3828 1119 3892 est,
1145 3824 1463 3895 sequentia,
1494 3842 1621 3897 qua
1653 3824 2148 3880 consecrationem
2173 3822 2469 3878 continere
2497 3821 2807 3889 debebant,
2833 3824 3111 3892 tanquam
3134 3837 3202 3875 eo
3225 3823 3487 3894 tempore

106 3911 392 3983 vulgaria,
423 3927 541 3966 uno
572 3917 670 3967 etc.
699 3912 1290 3984 comprehenduntur.
1324 3916 1527 3970 Morem
1552 3914 1871 3969 catholicum
1896 3914 2003 3968 hac
2033 3913 2091 3967 in
2116 3929 2179 3967 re
2210 3929 2244 3966 a
2271 3910 2480 3966 nostris
2518 3911 2883 3965 observatum
2912 3913 3155 3964 testatur
3182 3910 3488 3982 Gregorius

108 4000 168 4055 in
196 4017 331 4072 cap.
364 4003 433 4055 16
459 3999 531 4055 de
557 4001 698 4055 Vitis
724 4003 976 4057 Patrum.
1012 4004 1280 4059 Formam
1304 4003 1749 4059 Ambrosianam
1786 4004 1845 4058 in
1874 4003 2040 4075 panis
2069 4000 2498 4058 consecratione
2541 3999 2861 4055 adhibitam
2898 4000 3072 4054 fuisse
3108 4016 3225 4055 non
3262 3999 3486 4055 dubita-

110 4104 258 4144 mus.
293 4090 394 4143 Est
419 4093 617 4144 autem
642 4090 974 4161 hujusmodi
1001 4110 1015 4148 :
1043 4096 1153 4149 Hoc
1176 4098 1254 4150 est
1282 4096 1424 4149 enim
1449 4109 1639 4165 corpus
1666 4109 1861 4161 meum,
1890 4093 2035 4163 quod
2057 4109 2157 4163 pro
2182 4092 2332 4147 vobis
2356 4093 2747 4161 confringatur.
2781 4089 3039 4154 Quatuor
3072 4093 3366 4161 postrema
3387 4106 3487 4145 vo-

111 4178 322 4233 cabula
348 4178 509 4250 (nam
547 4178 617 4233 de
644 4179 930 4250 prioribus
961 4183 1116 4237 nulla
1152 4181 1479 4254 difﬁcultas)
1510 4198 1543 4237 a
1568 4183 1741 4238 Gallis
1772 4181 1981 4237 nostris
2008 4180 2204 4236 addita
2230 4180 2404 4235 fuisse
2434 4179 2571 4233 inde
2596 4178 2936 4250 colligimus,
2972 4178 3128 4251 quod
3162 4178 3222 4233 in
3270 4178 3490 4234 duabus

109 4272 241 4341 post
266 4284 495 4323 sacram
521 4268 812 4324 actionem
841 4271 1214 4341 orationibus,
1239 4273 1299 4327 in
1319 4272 1525 4343 quibus
1548 4289 1683 4328 mox
1708 4273 1875 4327 facta
1902 4269 2348 4327 consecrationis
2369 4270 2435 4324 fit
2452 4268 2714 4341 specialis
2735 4272 2793 4322 et
2819 4271 3041 4323 attenta
3066 4284 3489 4325 commemora

109 4359 213 4426 tio,
244 4358 474 4413 mentio
503 4358 759 4429 injicitur
790 4359 861 4413 de
885 4364 1160 4429 confracto
1186 4362 1394 4418 Christi
1420 4379 1681 4434 corpore,
1710 4363 1789 4417 uti
1823 4366 1881 4417 et
1910 4362 1981 4417 de
2014 4361 2296 4433 sanguine
2319 4361 2504 4431 effuso.
2534 4358 2701 4424 Quod
2729 4357 2942 4413 indicio
2970 4361 3074 4427 est,
3097 4359 3337 4414 verbum
3363 4374 3488 4415 con-

106 4450 392 4516 fringetur
416 4447 477 4502 in
507 4449 941 4505 consecratione
971 4451 1138 4523 panis
1162 4452 1524 4524 praemissum
1550 4453 1745 4521 fuisse,
1778 4452 1860 4507 uti
1886 4455 1945 4506 et
1966 4452 2270 4523 e/fundetur
2288 4450 2348 4505 in
2374 4448 2807 4505 consecratione
2828 4448 3036 4503 calicis.
3060 4448 3311 4519 Uterque
3333 4448 3491 4503 locus

109 4540 197 4592 est
224 4536 287 4591 in
312 4536 522 4591 Missali
554 4539 794 4594 Gothico
829 4557 843 4594 :
877 4543 936 4595 et
964 4541 1184 4613 primus
1216 4543 1453 4615 quidem
1480 4543 1539 4598 in
1577 4543 1754 4598 missa
1785 4542 1857 4597 de
1890 4542 2195 4597 Nativitate
2226 4540 2456 4597 Domini
2484 4543 2612 4596 Post
2643 4544 2847 4595 secreta
2875 4557 2892 4593 :
2922 4538 3218 4601 Credimus,
3247 4539 3488 4601 Domine,

109 4627 412 4682 adventum
444 4632 627 4696 tuum;
657 4630 939 4686 recolimus
958 4635 1265 4703 passionem
1296 4638 1466 4690 tuam.
1499 4636 1703 4706 Corpus
1732 4638 1885 4690 tuum
1924 4636 1984 4688 in
2003 4637 2347 4704 peccatorum
2381 4635 2686 4686 nostrorum
2713 4630 3076 4685 remissionem
3109 4629 3443 4695 confractum
3471 4643 3486 4681 :

108 4718 340 4787 δανιστιὺ
371 4722 591 4773 sanam
626 4723 751 4774 tuus
787 4722 848 4775 in
868 4725 1110 4792 pretium
1142 4728 1339 4779 nostra:
1364 4725 1748 4796 redemptionis
1774 4724 1969 4794 effusus
1994 4728 2092 4779 est.
2118 4723 2247 4777 Hac
2274 4721 2472 4777 omnia
2498 4720 2673 4774 verba
2697 4718 2771 4773 ad
2804 4716 3160 4790 praemissam
3190 4732 3487 4772 consecra-

114 4804 295 4859 tionis
323 4805 579 4861 formam
606 4809 941 4865 referuntur
971 4829 984 4867 :
1014 4812 1076 4866 in
1107 4829 1221 4885 qua
1245 4813 1369 4869 hac
1393 4814 1625 4869 recitari
1648 4813 1912 4868 solebant
1940 4812 2014 4867 ad
2038 4811 2333 4884 utriusque
2360 4809 2608 4883 symboli
2638 4807 3133 4864 consecrationem
3165 4823 3178 4862 :
3206 4809 3329 4863 Haec
3355 4822 3489 4878 quo-

117 4897 428 4966 tiescunque
450 4898 708 4963 feceritis,
734 4902 793 4956 in
832 4903 941 4957 mei
960 4906 1277 4959 memoriam
1303 4906 1538 4972 facietis.
1570 4903 1730 4960 Unde
1756 4902 2023 4958 sacerdos
2043 4902 2125 4958 ait
2151 4919 2164 4957 :
2190 4902 2468 4958 recolimus
2488 4902 2795 4972 passionem
2815 4903 2986 4953 tuam.
3007 4896 3259 4953 Verbum
3281 4898 3493 4964 confra-

114 4990 259 5041 ctum
289 4986 375 5056 (ut
402 5002 539 5041 mox
568 4987 921 5063 dicebamus)
948 4992 1024 5047 ad
1051 4995 1454 5064 confringetur;
1482 4994 1680 5064 effusus
1710 4993 1784 5049 ad
1810 4993 2117 5064 emtndetur
2142 4995 2380 5064 spectat.
2400 4990 2491 5048 Sic
2517 5006 2648 5045 cum
2678 4988 2887 5044 affectu
2911 4986 3178 5044 sacerdos
3200 4985 3376 5042 verba
3396 5001 3493 5058 ge.

117 5070 386 5131 minabat
414 5080 546 5148 post
568 5080 817 5146 Sanctus,
848 5081 1099 5139 subdens
1123 5101 1135 5139 :
1166 5086 1301 5142 Vere
1316 5089 1552 5149 sanctus,
1579 5101 1700 5141 vere
1726 5084 2047 5148 benedictus,
2070 5087 2179 5138 etc.
2201 5084 2361 5138 Alter
2379 5083 2536 5137 locus
2558 5082 2645 5135 est
2663 5079 2724 5134 in
2744 5078 2921 5133 missa
2941 5076 3295 5145 dominicali,
3316 5094 3373 5131 n.
3399 5078 3487 5145 78,

121 5164 216 5220 ubi
236 5169 369 5223 Post
392 5173 615 5234 secreta,
645 5171 913 5226 sacerdos
939 5171 1020 5227 ita
1044 5176 1313 5244 precatur
1340 5192 1353 5230 :
1388 5175 1686 5239 Credimus,
1713 5177 1955 5239 Domine,
1985 5174 2251 5230 credimus
2275 5175 2335 5227 in
2359 5173 2459 5227 hac
2489 5172 2852 5238 confractione
2877 5170 3132 5241 wrporis,
3163 5172 3215 5223 et
3238 5166 3490 5236 effusione

121 5258 203 5309 tui
218 5260 513 5328 sanguinis
537 5275 631 5316 nos
657 5276 764 5317 esse
790 5262 1111 5334 redemptos.
1137 5265 1467 5320 Pronomen
1498 5267 1599 5322 hac
1625 5265 1866 5319 denotat
1894 5263 2052 5336 prius
2090 5264 2305 5319 factam
2336 5278 2457 5317 esse
2495 5262 2876 5329 confractionis
2904 5257 3283 5314 mentionem.
3316 5253 3484 5309 Simi-

120 5344 249 5399 liter
276 5346 339 5400 in
366 5350 804 5405 consecratione
829 5352 1022 5407 calicis
1050 5359 1424 5425 pracesserat
1446 5355 1667 5412 mentio
1698 5353 1999 5427 sanguinis
2022 5354 2182 5425 eﬂ‘usi
2205 5370 2218 5408 :
2242 5352 2359 5408 sive
2391 5351 2598 5408 eadem
2624 5349 2800 5405 fuerit
2828 5350 3018 5405 forma
3046 5363 3178 5403 cum
3205 5346 3486 5412 Romana,

122 5434 233 5490 sive
263 5436 462 5509 potius
488 5438 695 5495 eadem
720 5456 851 5497 cum
880 5442 1251 5514 Mozarahica,
1284 5462 1413 5517 qua
1438 5446 1518 5502 sic
1542 5445 1892 5501 efferebatur
1924 5460 1938 5499 :
1965 5447 2066 5501 Hic
2093 5448 2171 5500 est
2194 5444 2343 5499 catis
2363 5445 2490 5498 novi
2513 5443 2837 5498 Testamenti
2861 5443 2919 5495 in
2945 5439 3208 5507 sanguine
3231 5449 3365 5499 meo,
3397 5436 3495 5507 qui

115 5541 213 5597 pro
236 5527 389 5583 vobis
413 5532 468 5582 et
488 5544 594 5601 pro
619 5531 807 5587 multis
832 5532 1138 5603 e/fundetur
1162 5537 1223 5589 in
1249 5538 1609 5592 remissionem
1629 5540 1991 5608 peccatorum.
2021 5534 2165 5591 Cum
2189 5532 2573 5589 Ambrosiana
2596 5531 2720 5587 hac
2750 5533 2978 5585 tantum
3004 5525 3264 5593 haberet,
3290 5527 3392 5581 Hic
3415 5528 3492 5580 est

123 5619 257 5672 enim
282 5620 512 5689 sanguis
549 5635 717 5676 meus.
745 5621 870 5677 Non
909 5622 1032 5679 hac
1072 5627 1197 5680 erat
1226 5624 1347 5680 sine
1380 5624 1554 5683 dubio
1586 5625 1741 5699 apud
1778 5625 1967 5682 Gallos
2004 5625 2195 5681 forma
2233 5624 2540 5680 verborum
2565 5622 2627 5678 in
2658 5620 2849 5678 calicis
2873 5615 3325 5684 consecratione,
3360 5629 3487 5688 qua

127 5708 361 5765 verbum
390 5708 700 5785 effundatur
725 5712 1080 5784 continebat,
1112 5716 1174 5770 ut
1203 5730 1272 5771 ex
1300 5715 1584 5790 superiori
1607 5715 1954 5790 repetitione
1984 5714 2347 5789 intelligitur.

196 5954 327 6014 XIII.
356 5956 490 6014 Hac
517 5959 653 6013 sunt
676 5971 802 6031 qua
830 5950 1064 6034 prafari
1084 5959 1269 6018 visum
1302 5964 1388 6019 est
1425 5958 1500 6020 ad
1536 5961 1939 6037 exponendam
1970 5959 2215 6022 instituti
2246 5961 2428 6018 nostri
2460 5959 2748 6015 rationem
2788 5956 2859 6011 de
2885 5952 3145 6024 Liturgia
3174 5951 3483 6009 Gallicana.
