4020 6232
549 384 641 460 ill
987 422 991 426 ‘
1323 401 1654 457 APPENDIX
1690 400 1777 455 AD
1816 399 2038 454 OPERA
2074 399 2307 454 SANCTI
2342 398 2639 455 GERMANI
2681 401 3105 457 PARISIENSIS.
3825 408 3928 461 ΗΞ

545 513 685 569 Huic
714 511 876 585 operi
904 510 1195 568 coronidis
1220 511 1401 566 instar
1432 509 1766 580 subjicimus
1796 508 2267 579 Disquisitionem
2295 509 2366 563 de
2394 526 2560 564 cursu
2589 510 2902 579 Gallicano,
2932 511 2991 565 id
3018 515 3104 565 est
3130 511 3201 565 de
3229 510 3554 568 divinorum
3587 513 3929 570 ofﬁciorum

545 602 770 673 origine
796 605 855 656 et
883 618 1189 673 progressu
1219 601 1277 655 in
1309 600 1570 654 Ecclesiis
1600 597 1907 654 Gallicanis
1941 615 1954 652 :
1987 598 2079 652 cui
2107 598 2507 669 Disquisitioni
2535 600 2844 654 succedent
2874 602 3153 655 nonnulla
3194 606 3574 657 monumenta
3599 602 3678 657 ad
3706 604 3925 658 utrius-

545 709 656 763 que
684 692 874 763 operis
906 691 1327 762 probationem.
1358 689 1493 752 Quas
1526 688 1724 743 omnia
1750 687 1892 742 faxit
1916 688 2066 741 Deus
2095 688 2346 758 optimus
2370 690 2653 743 maximus
2676 692 2737 743 ut
2762 690 2972 744 cedant
2997 691 3055 744 in
3083 691 3406 762 profectum
3431 692 3699 747 Ecclesiae
3726 694 3929 748 catho-

542 780 687 845 lica},
721 781 880 850 cujus
916 780 1134 850 judicio
1178 796 1243 832 ac
1284 795 1537 832 censurae
1578 779 1728 832 hanc
1768 778 2037 848 opellam,
2072 793 2290 848 nosque
2321 778 2474 849 ipsos
2498 779 2766 833 lubenter
2803 779 3210 833 submittimus.
3243 781 3355 834 Nec
3384 781 3709 852 refugimus
3739 782 3927 836 etiam

541 886 844 923 censuram
877 869 1232 922 eruditorum
1267 868 1591 922 hominum.
1622 870 1743 924 Non
1776 870 1917 921 enim
1952 870 2240 931 vincimur,
2281 869 2498 938 quando
2533 869 2832 939 o/feruntur
2856 870 3290 934 nobis‘meliora,
3325 871 3418 925 sed
3459 873 3812 934 instruimur,
3861 873 3926 922 ut

542 958 730 1012 verbis
762 960 991 1011 utamur
1017 956 1217 1027 magni
1249 957 1521 1028 Cypriani
1548 974 1616 1012 ex
1646 956 1891 1027 epistola
1921 956 1995 1010 ad
2025 956 2323 1020 Quintum.

935 1269 1222 1517 DE
1324 1368 2276 1518 LITURGIA
2399 1369 3515 1520 GALLICANA

1695 1617 2118 1720 LIBER
2194 1619 2752 1722 PRIMUS.

1070 1913 1292 1970 CAPUT
1344 1911 1625 1969 PRIMUM.
2188 1905 2247 1980 Α
2264 1914 2429 1981 ﬁcata
2455 1912 2732 1968 accedant.
2758 1911 2923 1977 Quod
2951 1928 3067 1967 non
3095 1912 3281 1967 solum
3310 1911 3380 1966 de
3401 1911 3512 1966 ﬁde
3533 1910 3837 1967 Trinitatis
3857 1916 3915 1967 et

532 2010 905 2081 Liturgiarum
931 2008 1285 2081 consideratio
1324 2024 1489 2081 quam
1526 2008 1679 2061 utilis
1692 2006 1780 2081 ad
1802 2006 1961 2081 ﬁdem
1986 2006 2165 2061 Eccle-

673 2077 767 2138 siae
798 2081 1070 2136 catholica
1109 2080 1175 2133 de
1198 2080 1548 2134 Eucharistia
1575 2077 2020 2147 conﬁrmandam.

603 2198 653 2271 1
698 2201 746 2253 1.
768 2198 909 2253 Cum
931 2195 1089 2250 varia
1113 2195 1229 2248 sint
1248 2197 1594 2266 argumenta
1615 2211 1743 2266 quae
1763 2210 1959 2249 veram
1980 2194 2041 2247 in
2064 2194 2166 2263 Eu-

531 2291 802 2349 charistia
836 2289 1044 2344 Christi
1079 2288 1333 2358 corporis
1359 2288 1769 2359 sanguinisque
1798 2287 2174 2358 praesentiam

530 2385 812 2459 probant;
837 2399 954 2437 non
976 2381 1311 2436 inferiorem
1336 2381 1394 2434 in
1417 2380 1505 2434 his
1524 2382 1715 2435 locum
1743 2383 1944 2434 tenent
1964 2396 2166 2450 augus-

530 2477 738 2533 tissimi
778 2476 920 2529 ritus
950 2491 1015 2529 ac
1053 2475 1342 2529 solemnes
1369 2473 1480 2527 illae
1507 2490 1706 2545 preces
1738 2473 1945 2544 quibus
1971 2472 2164 2528 Chris-

529 2572 704 2627 tianae
724 2569 908 2623 ubivis
930 2568 1190 2639 gentium
1211 2566 1486 2637 legitimae
1506 2567 1807 2621 societates
1829 2566 1900 2620 ab
1920 2565 2087 2621 initio
2105 2566 2164 2620 in

529 2681 592 2720 re
621 2680 781 2718 sacra
810 2678 925 2716 usae
956 2664 1105 2715 sunt.
1135 2660 1197 2715 1d
1224 2660 1381 2715 enim
1402 2660 1591 2714 modis
1614 2660 1883 2714 omnibus
1904 2660 2025 2731 agit
2045 2658 2165 2730 Spi-

529 2759 644 2813 ritu
669 2760 865 2811 sancto
892 2754 1150 2809 animata
1174 2753 1444 2821 Ecclesia,
1474 2757 1536 2807 ut
1560 2769 1839 2824 magnum
1860 2752 2079 2823 aliquid
2100 2769 2163 2806 ac

528 2852 699 2923 plane
728 2848 986 2904 divinum
1006 2848 1114 2902 hoc
1135 2846 1412 2901 sacriﬁcio
1431 2846 1715 2901 contineri
1735 2848 1927 2917 palam
1951 2849 2164 2917 protes-

527 2948 699 2999 tetur.
741 2943 857 2997 Huc
889 2943 1150 3013 spectant
1174 2938 1399 3011 prazvize
1430 2957 1496 2993 ex
1526 2943 1769 3011 utroque
1796 2940 2161 2994 Testamento

527 3037 822 3103 lectiones,
857 3050 1100 3106 quarum
1146 3032 1525 3087 meditatione
1567 3032 1826 3086 ﬁdelium
1869 3032 2048 3086 animi
2089 3032 2163 3085 ad

527 3134 755 3186 tantum
793 3127 1132 3199 mysterium
1179 3126 1602 3197 disponantur:
1630 3126 1741 3179 huc
1786 3125 1952 3197 panis
1984 3125 2163 3180 studio

519 3228 887 3296 praeparatus,
912 3220 1286 3290 ejusdemque
1319 3235 1451 3273 cum
1480 3218 1613 3273 vino
1635 3219 1751 3273 Deo
1774 3219 1925 3272 facta
1946 3217 2160 3272 oblatio

526 3317 715 3372 verbis
741 3314 964 3370 arcanis
990 3329 1119 3367 cum
1146 3310 1207 3385 2
1234 3327 1395 3365 sacro
1424 3312 1645 3378 sufﬁtu;
1674 3312 1785 3365 huc
1813 3311 1886 3365 ad
1916 3311 2159 3365 circum-

528 3413 744 3465 stantes
769 3423 1042 3463 conversa
1067 3405 1250 3461 oratio
1276 3405 1635 3460 Praefationis
1655 3404 1855 3471 instar,
1876 3408 1937 3458 ut
1959 3419 2159 3458 eorum

526 3520 696 3559 aures
725 3506 783 3557 et
822 3500 996 3557 corda
1017 3500 1076 3554 in
1107 3498 1357 3554 coelestia
1387 3498 1721 3569 erigantur:
1746 3498 1856 3551 huc
1889 3498 2037 3552 actio
2070 3513 2156 3550 sa-

528 3614 642 3664 cra,
683 3599 740 3651 et
779 3592 1133 3651 consecratio
1178 3592 1431 3664 mysticis
1475 3591 1683 3647 Christi
1730 3590 1917 3645 verbis
1959 3589 2160 3662 peragi

528 3690 723 3757 solita;
759 3694 880 3744 tum
919 3686 1122 3743 hostiae
1163 3686 1469 3756 calicisque
1511 3684 1753 3739 elevatio
1790 3701 1919 3738 cum
1945 3682 2160 3754 insigni

526 3782 851 3840 reverentia
891 3779 1204 3836 sacerdotis
1247 3783 1305 3833 et
1346 3778 1543 3849 populi
1583 3777 2043 3850 procumbentis;
2086 3775 2160 3830 ad

526 3878 648 3932 haec
678 3877 935 3932 vivorum
967 3874 1486 3943 defunctorumque
1517 3870 1829 3939 memoria;
1862 3870 1973 3924 huc
2004 3869 2161 3924 deni-

528 3988 638 4043 que
683 3968 1014 4025 communio
1062 3983 1193 4020 cum
1237 3966 1309 4019 iis
1347 3963 1645 4037 religionis
1675 3968 1733 4019 et
1771 3962 2159 4019 venerationis

527 4064 724 4135 signis,
748 4079 879 4117 cum
912 4078 982 4114 ea
1006 4059 1323 4130 gratiarum
1351 4059 1598 4125 actione,
1631 4059 1819 4112 nullus
1844 4061 1906 4111 ut
1938 4057 2161 4112 intuen-

526 4158 679 4212 tibus
705 4152 1010 4209 dubitandi
1038 4153 1196 4206 locus
1236 4152 1617 4222 relinquatur,
1650 4152 1799 4205 hanc
1830 4167 1973 4219 esse,
2008 4166 2157 4205 sem-

527 4264 746 4323 perque
797 4247 969 4301 fuisse
1024 4244 1288 4299 Ecclesia:
1348 4244 1524 4298 ﬁdem
1582 4261 1647 4298 ac
1701 4244 2155 4315 persuasionem,

528 4343 817 4399 Christum
847 4356 980 4394 vere
1008 4339 1066 4393 in
1095 4338 1205 4393 hoc
1234 4337 1511 4391 sacriﬁcio
1543 4336 1819 4391 exhiberi.

598 4441 650 4493 2’.
684 4438 753 4491 Et
795 4436 917 4490 haec
951 4432 1187 4505 quidem
1224 4431 1282 4485 in
1327 4447 1634 4485 commune
1664 4428 1931 4501 Liturgiaa
1957 4445 2160 4485 omnes

525 4532 963 4604 repraesentant.
985 4527 1044 4582 Si
1060 4541 1193 4580 vero
1211 4524 1532 4596 singulares
1553 4523 1995 4594 uniuscujusque
2017 4524 2159 4577 ritus

2268 2006 2706 2073 lncarnationis,
2740 2007 2841 2061 sed
2874 2006 3049 2060 etiam
3083 2005 3154 2061 de
3194 2005 3306 2060 ﬁde
3334 2004 3706 2059 Eucharistiae
3737 2004 3913 2060 intel-

2266 2098 2566 2169 ligendum
2606 2104 2711 2167 est,
2741 2099 3056 2155 secundum
3095 2099 3238 2153 illud
3274 2098 3427 2170 quod
3456 2099 3515 2152 in
3546 2099 3758 2153 Missali
3798 2099 3911 2154 Go-

2267 2191 2421 2246 thico
2464 2193 2749 2263 gallicano
2794 2193 3025 2264 legitur,
3069 2192 3347 2247 nimirum
3394 2191 3455 2246 in
3502 2192 3677 2246 missa
3719 2196 3811 2246 75.
3849 2194 3916 2248 L't

2263 2286 2492 2341 solemne
2535 2287 2629 2342 hoc
2663 2290 2986 2356 sacriﬁcium
3023 2289 3315 2355 sanctiﬁcet
3348 2286 3510 2340 corda
3534 2290 3745 2349 nostra,
3777 2286 3914 2340 dum

2263 2380 2523 2443 creditur,
2551 2381 2728 2436 deleat
2752 2386 2990 2451 peccata,
3019 2382 3149 2435 dum
3172 2382 3426 2435 sumitur.

2338 2470 2400 2545 3
2418 2475 2468 2527 3.
2488 2474 2698 2528 Verum
2721 2474 2768 2528 si
2789 2474 2863 2529 ad
2882 2473 3245 2546 precationes
3266 2472 3325 2528 in
3345 2471 3615 2543 Liturgiis
3635 2471 3914 2528 adhiberi

2266 2566 2461 2619 solitas
2504 2567 2900 2633 attendamus;
2931 2568 3097 2638 plura
3122 2566 3340 2638 utique,
3376 2582 3559 2637 eaque
3589 2566 3781 2637 magis
3807 2582 3909 2620 ex-

2264 2675 2480 2729 pressa,
2509 2660 2642 2714 huic
2672 2661 2758 2714 rei
2791 2660 3206 2715 conﬁrmandae
3242 2659 3576 2715 testimonia
3603 2658 3773 2713 nobis
3803 2675 3906 2714 oc-

2262 2756 2511 2807 current.
2536 2756 2599 2808 In
2626 2754 2717 2807 his
2736 2755 3091 2808 luculentum
3115 2756 3201 2806 est
3222 2752 3381 2818 illud,
3407 2751 3562 2823 quod
3584 2751 3751 2806 nobis
3776 2769 3913 2825 sup-

2262 2848 2485 2919 peditat
2530 2848 2699 2902 Liber
2738 2848 3245 2903 Sacramentorum
3286 2845 3549 2916 Gregorii
3592 2845 3795 2917 magni
3844 2847 3909 2900 in

2264 2941 2563 2996 Dominica
2601 2941 2802 3012 quinta
2848 2944 2977 3011 post
3020 2939 3424 3010 Epiphaniam,
3453 2938 3553 2992 ubi
3591 2937 3650 2991 in
3686 2939 3908 2994 Praefa-

2261 3034 2419 3088 tione
2461 3035 2581 3088 ha>c
2619 3035 2926 3104 leguntur:
2955 3034 3173 3102 Singuli
3198 3035 3469 3102 accipiunt
3496 3033 3769 3089 Christum
3793 3036 3908 3088 Do-

2260 3130 2488 3191 minum,
2527 3132 2580 3183 et
2612 3131 2672 3181 in
2707 3128 2936 3197 singulis
2973 3127 3313 3197 portionibus
3353 3130 3493 3180 totus
3535 3130 3649 3191 est;
3686 3140 3781 3180 nec
3804 3142 3912 3197 per

2261 3222 2501 3291 singulos
2524 3223 2812 3284 minuitur,
2839 3220 2935 3275 sed
2961 3222 3232 3289 integrum
3255 3234 3310 3274 se
3330 3219 3534 3289 prebet
3560 3221 3619 3271 in
3646 3220 3906 3288 singulis.

2264 3314 2428 3379 Quod
2467 3314 2865 3369 testimonium
2906 3312 3260 3368 Guitmundo
3300 3312 3449 3366 tanti
3483 3311 3667 3366 visum
3697 3315 3804 3378 est,
3846 3318 3909 3368 ut

2261 3408 2401 3461 illud
2431 3406 2692 3461 retulerit
2729 3407 2789 3460 in
2824 3407 3035 3461 librum
3079 3422 3245 3460 suum
3284 3404 3354 3459 de
3393 3420 3633 3477 corpore
3676 3408 3735 3459 et
3767 3422 3904 3461 san-

2262 3500 2435 3571 guine
2475 3500 2739 3565 Domini;
2768 3499 3086 3571 itidemque
3112 3500 3354 3570 Algerus
3380 3498 3441 3552 in
3470 3498 3566 3552 lib.
3602 3515 3619 3552 ι
3647 3514 3772 3570 cap.
3813 3502 3901 3563 15,

2262 3611 2328 3648 ex
2355 3593 2676 3661 Ambrosio,
2704 3593 2762 3647 id
2791 3596 2878 3647 est
2902 3609 2967 3647 ex
2988 3592 3245 3663 Liturgia
3270 3592 3671 3659 Ambrosiana,
3695 3592 3757 3645 in
3785 3609 3904 3663 qua

2262 3687 2381 3741 huic
2424 3688 2694 3758 leguntur
2722 3686 2875 3757 apud
2910 3685 3229 3741 Pamelium
3256 3684 3558 3740 Dominica
3589 3685 3813 3756 quinta,
3848 3688 3903 3741 et

2262 3781 2321 3835 in
2375 3779 2658 3835 hodierno
2702 3779 2908 3835 Missali
2957 3778 3339 3834 Ambrosiano
3388 3779 3688 3834 Dominica
3742 3785 3900 3835 sexta

2260 3876 2390 3945 post
2414 3872 2816 3945 Epiphaniam.

2330 3967 2383 4021 4.
2416 3966 2581 4031 Quod
2616 3965 2664 4020 si
2704 3968 2966 4021 auctores
3003 3965 3085 4020 illi
3123 3965 3266 4021 alias
3293 3965 3469 4021 etiam
3494 3964 3803 4038 Liturgias,
3840 3968 3897 4024 in

2260 4059 2462 4130 primis
2492 4063 2749 4115 veterem
2776 4059 3151 4127 Gallicanam,
3186 4060 3246 4114 in
3274 4063 3506 4131 promtu
3535 4059 3896 4127 habuissent,

2260 4153 2416 4208 haud
2465 4154 2637 4208 dubie
2685 4154 2895 4208 multas
2940 4153 3077 4208 inde
3123 4153 3414 4225 suppetias
3452 4154 3781 4210 hausissent
3823 4156 3897 4210 ad

2260 4247 2632 4303 asserendam
2682 4247 3023 4302 catholicam
3062 4247 3257 4301 ﬁdem.
3295 4248 3430 4301 Tres
3474 4250 3698 4303 tantum
3740 4249 3895 4305 locos

2259 4342 2369 4397 huc
2399 4341 2685 4396 adducere
2702 4341 2866 4412 juvat
2895 4358 2960 4395 ex
2983 4341 3189 4395 Missali
3207 4340 3445 4395 Gothico
3476 4357 3575 4395 seu
3598 4342 3894 4397 Gallicano

2258 4434 2623 4507 perantiquo,
2657 4434 2863 4505 quibus
2902 4434 3040 4489 locis
3078 4433 3222 4487 nihil
3260 4433 3581 4505 signantius
3609 4438 3710 4489 aut
3735 4437 3893 4491 lucu-

2259 4530 2469 4583 lentius
2500 4528 2696 4583 aﬁ'erri
2721 4530 2928 4599 potest.
2958 4529 3113 4582 Unus
3146 4530 3328 4581 exstat
3364 4527 3424 4580 in
3455 4527 3630 4583 missa
3660 4528 3735 4583 de
3763 4530 3893 4601 Epi-

526 4626 893 4683 considerare
910 4637 1062 4676 nunc
1080 4622 1326 4685 vacaret,
1347 4619 1532 4673 nullos
1551 4618 1609 4672 in
1633 4617 1903 4673 eumdem
1921 4633 2157 4689 scopum
2178 4645 2233 4719 Ο
2258 4622 2493 4693 phania,
2522 4622 2619 4676 ubi
2659 4621 2853 4675 statim
2893 4622 2964 4675 ab
2998 4620 3165 4675 initio
3202 4622 3322 4675 haec
3359 4621 3695 4675 solemnitas
3719 4639 3892 4678 vene-

526 4737 646 4775 non
672 4718 965 4773 collimare
995 4713 1163 4769 facile
1191 4711 1666 4783 intelligeremus.
1692 4711 1816 4776 Quo
1846 4710 1906 4765 in
1943 4728 2157 4783 genere

525 4813 867 4886 praeclarum
909 4811 996 4864 est
1036 4808 1094 4861 in
1132 4806 1309 4860 missa
1344 4805 1697 4860 Mozarabica
1722 4805 2068 4873 institutum,
2097 4807 2159 4858 ut

523 4905 764 4961 recitato
778 4904 1009 4960 Canone
1029 4898 1294 4955 sacerdos
1311 4899 1559 4954 hostiam
1576 4902 1970 4955 consecratam
1987 4914 2159 4970 super

527 4998 763 5055 calicem
786 5000 1010 5060 tenens,
1034 4992 1371 5064 Symbolum
1396 4994 1502 5048 CP.
1530 4993 1809 5065 praecinat
1832 5010 1899 5047 ex
1925 4992 2155 5047 decreto

526 5092 752 5149 concilii
784 5106 844 5145 ιιι
864 5087 1142 5154 Toletani,
1166 5087 1549 5158 subsequente
1571 5088 1709 5142 cleri
1729 5091 1788 5141 et
1809 5086 2007 5159 populi
2026 5103 2157 5141 con-

524 5190 713 5243 centu.
748 5186 862 5238 Hac
890 5181 1047 5237 enim
1074 5180 1433 5236 confessione
1465 5198 1667 5237 omnes
1697 5184 1755 5235 et
1780 5179 1992 5252 singuli
2017 5196 2153 5235 con-

522 5279 724 5336 testari
747 5277 1033 5343 videntur,
1068 5291 1126 5329 se
1158 5291 1226 5329 ea
1256 5274 1369 5329 ﬁde
1394 5291 1594 5330 verum
1624 5273 1833 5329 Christi
1865 5289 2073 5345 corpus
2098 5275 2157 5326 et

522 5374 868 5445 sanguinem
890 5369 953 5423 in
973 5368 1326 5424 Eucharistia
1346 5369 1603 5436 credere,
1629 5383 1741 5438 qua
1761 5366 1873 5421 ﬁde
1896 5366 2157 5438 omnipo-

520 5470 743 5522 tentem
770 5466 951 5519 Deum
972 5479 1150 5518 unum
1177 5467 1349 5535 atque
1379 5463 1616 5526 trinum,
1651 5476 1716 5514 ac
1741 5459 1945 5514 Filium
1974 5460 2156 5515 incar-

521 5563 724 5616 natum
773 5557 1031 5615 credunt.
1068 5558 1202 5613 Ideo
1248 5557 1460 5628 quippe
1501 5552 1762 5610 Toletani
1800 5554 1999 5609 Patres
2045 5554 2153 5609 hoc

520 5652 876 5726 Symbolum,
905 5655 1227 5725 priusquam
1253 5652 1528 5706 Dominica
1553 5648 1770 5703 dicatur
1791 5652 1987 5712 oratio,
2002 5648 2155 5704 clara

516 5764 636 5806 voce
664 5766 699 5805 a
725 5749 932 5821 papula
958 5746 1243 5803 decantari
1265 5741 1623 5815 praecipiunt,
1656 5757 1761 5814 quo
1787 5749 1838 5799 et
1870 5744 2001 5813 ﬁdes
2024 5758 2153 5798 cera

515 5845 865 5913 manifestum
892 5840 1252 5899 testimonium
1271 5837 1486 5904 habeat,
1508 5841 1559 5894 et
1577 5837 1653 5893 ad
1673 5838 1876 5897 Christi
1892 5852 2082 5910 corpus
2102 5840 2155 5895 et

514 5942 830 6019 sanguinem
851 5931 1252 6011 pralibandum
1272 5935 1495 6011 pectora
1514 5931 1840 6007 populorum
1862 5930 1968 6004 ﬁdc
1993 5932 2152 6009 puri-

2259 4716 2443 4771 randa
2469 4714 2832 4787 proponitur,
2863 4715 3220 4770 exhortando
3246 4715 3445 4769 ﬁdeles
3474 4714 3546 4769 ad
3571 4716 3891 4772 ferventem

2260 4809 2606 4876 orationem,
2631 4825 2840 4879 nempe
2865 4813 2927 4863 ut
2948 4810 3048 4878 qui
3074 4812 3197 4863 tunc
3220 4824 3393 4879 aquas
3409 4811 3467 4862 in
3486 4811 3615 4863 vina
3634 4814 3890 4871 mutavit,

2255 4918 2398 4958 nunc
2442 4905 2501 4956 in
2530 4904 2849 4971 sanguinem
2882 4917 3039 4956 suum
3085 4902 3416 4957 oblationum
3440 4904 3569 4956 vina
3593 4909 3888 4959 convertat.

2258 4996 2357 5050 Hic
2386 5011 2618 5051 necesse
2645 4997 2732 5048 est
2758 5010 3073 5065 agnoscere
3103 5011 3297 5050 veram
3326 5011 3391 5049 ac
3430 4995 3738 5063 sinceram,
3776 5013 3889 5052 non

2256 5089 2564 5160 ﬁguratam
2601 5087 2879 5143 duntaxat
2903 5088 3022 5142 vini
3043 5089 3427 5144 mutationem
3458 5089 3517 5142 in
3547 5090 3892 5160 sanguinem

2257 5182 2494 5247 Christi;
2524 5181 2597 5236 ad
2626 5198 2801 5252 quam
2828 5182 3043 5238 scilicet
3082 5182 3451 5238 efﬁciendam
3480 5184 3621 5238 coalo
3650 5183 3888 5240 devoca-

2256 5278 2350 5330 tur
2377 5275 2803 5346 omnipotentia
2832 5276 2955 5342 Dei,
2993 5291 3063 5330 ea
3094 5274 3330 5346 quidem
3370 5276 3512 5347 ipsa,
3544 5292 3673 5347 qua:
3715 5293 3890 5349 aquas

2256 5369 2315 5423 in
2343 5369 2540 5424 vinum
2567 5368 2879 5439 aliquando
2907 5370 3206 5424 convertit.

2327 5450 2378 5517 δ’.
2403 5462 2517 5518 Sed
2544 5462 2830 5532 insignior
2855 5462 3001 5517 alter
3022 5463 3179 5518 locus
3200 5465 3287 5517 est
3305 5462 3409 5518 sub
3432 5463 3610 5518 ﬁnem
3631 5464 3886 5535 ejusdem

2252 5555 2488 5611 Missalis
2526 5555 2585 5609 in
2621 5555 2797 5610 missa
2835 5555 3189 5610 dominicali.
3224 5557 3316 5612 Sic
3347 5557 3504 5612 enim
3541 5557 3793 5612 habetur
3835 5558 3887 5611 in

2255 5651 2517 5706 oratione
2541 5653 2760 5705 secreta
2790 5653 3116 5707 :Precamur
3140 5657 3314 5707 mente
3338 5652 3531 5707 devota
3552 5656 3620 5715 te,
3639 5652 3890 5721 Majestas

2253 5751 2474 5811 aeterna,
2494 5743 2555 5818 4
2585 5751 2647 5802 ut
2664 5750 2918 5816 operante
2942 5748 3161 5808 virtute,
3185 5760 3385 5817 panem
3409 5751 3680 5803 mutatum
3692 5747 3755 5802 in
3772 5762 3887 5801 car-

2253 5854 2395 5906 nem,
2420 5840 2676 5912 poculum
2716 5855 2927 5897 versum
2964 5842 3023 5896 in
3064 5842 3404 5911 sanguinem,
3434 5840 3594 5898 illum
3616 5853 3889 5899 sumamus

2254 5936 2312 5991 in
2338 5934 2517 6000 calice,
2540 5936 2636 6009 qui
2662 5933 2727 5990 de
2748 5938 2796 5992 te
2818 5935 2980 6006 [lusit
3003 5936 3061 5993 in
3087 5949 3235 5993 cruce
3254 5950 3321 5993 ex
3341 5935 3528 5995 latere.
3553 5934 3691 6004 Quis
3712 5934 3881 5999 hodie
