4020 6232
138 366 221 441 lll

1107 383 1194 445 DE
1235 385 1547 447 LITURGIA
1583 388 1956 451 GALLICANA
1994 388 2193 451 LIBER
2229 388 2493 452 PRIMUS.

3380 364 3481 447 ut

135 483 533 593 Cathplicorum
568 506 738 549 suam
777 493 1243 593 de-Eucharistia
1279 498 1458 554 ﬁdem
1492 500 1745 572 apertius
1766 518 1826 593 Α
1849 507 2257 575 respexerunt;
2284 506 2531 560 multum
2563 497 2912 558 discriminis
2940 495 3002 556 in
3028 489 3204 557 sacris
3233 510 3480 572 agnovm

133 589 179 643 et
199 586 466 642 efficacius
488 592 693 659 posset
720 588 1060 659 exprimere,
1085 608 1261 662 quam
1290 593 1455 648 istius
1475 592 1745 667 Liturgise

134 680 404 735 auctores?
447 697 597 752 quos
637 686 773 737 ante
820 699 1003 738 annos
1038 684 1196 739 mille
1244 686 1447 741 vixisse
1497 691 1740 755 constat,

133 790 242 828 cum
277 773 467 840 codex,
497 774 658 829 unde
700 776 820 830 haec
860 780 1129 848 excerpta
1154 783 1258 846 est,
1290 779 1495 834 litteris
1526 781 1742 851 majus-

134 866 251 921 culis
286 870 337 920 et
370 867 671 938 quadratis
711 868 971 940 scriptus,
1003 876 1234 942 superet
1266 889 1450 927 annos
1476 889 1741 945 nongen-

134 963 222 1025 tos,
252 964 307 1014 ut
329 960 387 1014 in
416 962 912 1033 consequentibus
937 978 1310 1035 exponemus.

192 1056 235 1107 6.
262 1053 523 1123 Ejusdem
575 1059 663 1109 est
703 1057 989 1111 momenti
1029 1057 1186 1112 aliud
1226 1075 1294 1112 ex
1333 1059 1539 1114 eadem
1569 1059 1744 1114 missa

133 1146 491 1201 testimonium
511 1151 647 1219 post
659 1150 984 1205 orationem
999 1150 1353 1206 dominicam
1370 1169 1384 1206 :
1402 1154 1593 1209 Libera
1602 1169 1698 1208 nos
1709 1170 1745 1209 a

133 1241 271 1301 mala,
302 1240 503 1297 Christe
529 1244 677 1297 Iesu.
711 1245 913 1313 Corpus
944 1249 1095 1299 tuum
1130 1260 1230 1315 pro
1259 1246 1412 1300 nobis
1434 1248 1745 1316 cruciﬁxum

135 1334 328 1396 edimus,
355 1340 405 1388 et
431 1338 757 1403 sanguinem
780 1341 1028 1391 sanctum
1059 1342 1212 1392 tuum
1230 1354 1333 1408 pro
1352 1340 1503 1393 nobis
1520 1339 1745 1409 ejfusum

137 1426 349 1480 bibimus.
379 1427 527 1481 Nihil
574 1427 1061 1499 interpretatione
1102 1430 1195 1484 hic
1231 1447 1375 1503 opus
1406 1435 1510 1485 est.
1543 1434 1746 1503 Corpus

138 1521 310 1577 Christi
330 1519 386 1573 in
416 1520 778 1576 Eucharistia
802 1523 1030 1585 edimus,
1058 1539 1175 1578 non
1199 1525 1616 1596 qualecunque,
1640 1525 1743 1580 sed

138 1612 253 1666 illud
279 1612 453 1691 ipsum
483 1615 634 1683 quod
655 1630 760 1685 pro
775 1616 926 1670 nobis
946 1619 1259 1685 cruciﬁxum
1279 1621 1397 1672 est:
1420 1621 1743 1688 sanguinem

136 1705 226 1774 ejus
249 1706 482 1769 bibimus,
513 1723 636 1763 non
668 1708 1077 1777 umbraticum,
1102 1709 1203 1763 sed
1226 1710 1390 1764 illum
1410 1710 1619 1782 ipsum,
1644 1711 1743 1782 qui

132 1814 215 1867 pro
250 1800 389 1855 nobis
429 1800 634 1870 effusus
676 1804 778 1855 est.
809 1803 933 1858 Uno
967 1802 1143 1857 verbo
1181 1820 1395 1873 panem
1441 1804 1740 1873 sumimus,

1844 601 1998 665 runt,
2032 616 2146 653 non
2194 602 2419 654 tantum
2458 598 2612 652 inter
2646 596 3000 652 Orientalem
3042 596 3101 650 et
3140 592 3479 649 Occidenta<

1843 693 1978 757 lem,
2010 692 2107 747 sed
2136 692 2311 748 etiam
2342 692 2494 746 inter
2520 691 2750 746 Latinas
2778 689 3027 745 invicem
3050 686 3349 743 Ecclesias.

1913 797 1963 849 3.
1997 797 2057 848 In
2096 794 2390 849 occidente
2419 811 2519 847 seu
2553 793 2707 864 apud
2746 793 2999 859 Latinos,
3026 794 3273 862 quatuor
3303 790 3479 845 mini-

1843 904 2005 942 mum
2032 889 2318 942 solemnes
2347 886 2630 957 Liturgias
2660 885 2812 939 inter
2841 901 2964 939 sese
2993 884 3245 940 diversas
3272 884 3477 939 distin-

1846 997 2020 1051 guere
2067 981 2200 1035 licet
2250 996 2263 1035 :
2314 984 2452 1051 puta
2499 980 2842 1045 Romanam,
2888 978 3331 1033 Ambrosianam
3376 994 3479 1031 seu

1842 1074 2346 1141 Mediolanensem,
2376 1072 2749 1139 Gallicanam,
2787 1075 2847 1125 et
2880 1071 3266 1142 Hispanicam,
3300 1087 3477 1142 quam

1844 1168 2022 1223 secuti
2047 1171 2180 1222 sunt
2207 1166 2360 1238 apud
2391 1166 2670 1236 Hispanos
2699 1164 3007 1220 Christiani
3035 1164 3319 1219 Arabibus
3344 1180 3474 1235 per-

1842 1261 2018 1327 misti,
2047 1262 2120 1316 ob
2144 1260 2203 1315 id
2234 1260 2595 1315 Mozarabum
2627 1260 2973 1329 appellatam
3004 1274 3017 1312 :
3046 1258 3252 1329 quibus
3286 1256 3477 1313 Litur-

1845 1355 1952 1426 giis
1978 1354 2115 1409 addi
2140 1356 2379 1425 possunt
2401 1353 2671 1407 Africana
2703 1355 2761 1405 et
2796 1351 3118 1405 Hibernica.

1912 1458 1965 1511 4.
1990 1458 2265 1512 Romana:
2290 1455 2559 1527 Liturgize
2589 1454 2793 1525 triplex
2813 1453 2988 1507 veluti
3014 1452 3154 1507 ordo
3177 1468 3275 1506 seu
3296 1454 3476 1506 status

1843 1550 2295 1606 considerandus
2331 1553 2435 1603 est.
2483 1550 2639 1603 Unus
2672 1545 3072 1619 primigenius,
3102 1546 3172 1601 ab
3213 1545 3476 1600 Ecclesiaa

1844 1644 2130 1699 nascentis
2152 1643 2385 1698 exordio
2409 1642 2482 1697 ad
2504 1641 2792 1697 Gelasium
2814 1656 2993 1711 usque
3015 1642 3308 1711 receptus;
3333 1639 3478 1694 alter

1843 1738 2195 1805 Gelasianus,
2248 1739 2543 1791 auctorem
2591 1752 2690 1789 seu
2733 1733 3209 1805 amplificatorem
3257 1732 3477 1787 habens

1845 1831 2131 1885 Gelasium
2180 1847 2391 1901 papam
2447 1829 2571 1899 ejus
2631 1827 2884 1883 nominis
2932 1827 3220 1898 primum;
3276 1825 3479 1880 tertius

139 1890 303 1948 dmna
326 1900 581 1995 operante
605 1898 809 1995 virtute
829 1900 1100 1995 mutatum
1118 1899 1180 1950 in
1203 1912 1451 1995 carnem;
1472 1898 1741 1995 P031119"?
1762 1891 1821 1963 B
1845 1924 2250 1995 Gregorianus,
2285 1923 2364 1976 ita
2404 1923 2586 1976 dictus
2624 1938 2691 1975 ex
2734 1920 2969 1975 nomine
3001 1918 3261 1990 Gregorii
3287 1917 3479 1990 Magni

136 2002 313 2041 versum
352 1991 407 2042 in
443 1990 789 2057 sanguinem,
826 1988 923 2060 qui
949 1992 1009 2043 in
1040 2004 1192 2044 cruce
1230 2006 1297 2044 ea:
1332 1991 1498 2045 latere
1532 1991 1743 2046 Christi

138 2077 287 2146 ﬂuxit,
316 2081 394 2135 uti
423 2081 693 2152 superior
718 2083 875 2137 locus
901 2082 1112 2136 diserte
1141 2083 1363 2137 astruit.

195 2178 237 2225 7.
262 2175 332 2227 Ex
361 2174 567 2244 quibus
598 2175 944 2246 intelligitur
974 2179 1257 2246 quantum
1295 2176 1523 2230 intersit
1548 2178 1737 2249 reipu-

138 2265 271 2321 blicm
310 2267 647 2323 Christianae
674 2268 745 2322 de
789 2269 1025 2322 vetustis
1061 2269 1173 2323 illis
1198 2269 1471 2340 Liturgiis
1507 2286 1737 2325 accura-

138 2362 236 2413 tam
266 2360 469 2415 habere
511 2361 803 2428 notitiam,
834 2365 896 2415 ut
930 2378 998 2416 ex
1036 2361 1147 2416 illis
1185 2362 1467 2417 catholica
1504 2363 1739 2418 traditio

137 2452 275 2507 reddi
300 2454 471 2524 possit
510 2454 807 2509 illustrior.
839 2455 1203 2526 Quapropter
1238 2472 1310 2509 ne
1341 2455 1401 2509 in
1444 2460 1739 2527 posterum

139 2546 356 2616 Liturgia
405 2548 725 2614 Gallicana,
781 2565 907 2619 quae
956 2548 1371 2619 Gregorianam
1430 2551 1737 2620 praecessit,

140 2640 344 2694 obscura
379 2645 640 2705 maneat,
672 2641 869 2696 induxi
902 2641 1162 2697 animum
1191 2659 1261 2696 ea
1287 2642 1348 2696 in
1392 2659 1574 2698 unum
1601 2642 1737 2699 cen-

139 2734 280 2799 ferre,
305 2750 424 2804 qua:
454 2734 528 2788 ad
562 2735 726 2789 illam
755 2752 787 2789 e
815 2735 1070 2789 tenebris
1111 2735 1415 2791 oblivionis
1438 2736 1736 2792 vindican-

142 2824 249 2880 dam
279 2828 525 2898 reperire
566 2828 864 2900 potuimus
900 2832 1005 2883 :ut
1038 2830 1271 2900 quando
1309 2831 1430 2885 hac
1468 2830 1528 2884 in
1572 2847 1739 2885 usum

136 2918 235 2987 jam
256 2922 489 2991 amplius
519 2922 783 2977 revocari
810 2922 1031 2994 nequit,
1065 2924 1270 2977 saltem
1297 2940 1364 2977 ex
1395 2923 1516 2994 ejus
1546 2925 1740 2995 cogni-

139 3012 267 3068 tione
291 3020 573 3069 asseratur
597 3016 887 3086 majorum
916 3019 1267 3079 nostrorum,
1290 3016 1350 3071 id
1377 3020 1463 3071 est
1481 3021 1737 3072 veterum

140 3105 412 3175 Gallorum,
440 3109 673 3180 religio.

143 3267 293 3322 Varia:
314 3270 570 3338 Liturgiw
600 3189 1335 3341 apwcfaltiiigs,liarumque
1372 3274 1737 3329 convenientia
1757 3256 1811 3330 C

706 3345 757 3396 et
794 3341 1130 3411 differentia.

196 3415 312 3489 51.
341 3420 399 3472 In
444 3420 797 3474 celebrando
838 3425 1197 3476 sacrosancto
1240 3422 1427 3476 missae
1458 3422 1734 3479 sacrificio

142 3525 308 3565 omnes
357 3511 608 3567 Orientis
672 3518 729 3567 et
795 3513 1119 3569 Occidentis
1174 3515 1436 3569 Ecclesiae
1494 3517 1733 3571 modum

143 3604 410 3672 quemdam
430 3606 491 3660 in
512 3622 744 3660 summa
765 3623 1135 3662 communem
1156 3610 1228 3663 ab
1249 3608 1415 3664 initio
1438 3610 1691 3664 habuere
1718 3627 1730 3664 :

142 3696 341 3768 singula:
366 3703 565 3754 tamen
593 3700 736 3754 ritus
762 3701 985 3772 aliquos
1018 3702 1336 3773 singulares
1365 3719 1429 3756 ac
1460 3702 1730 3757 diversos.

144 3788 244 3845 Haec
270 3792 525 3847 omnibus
569 3809 811 3864 semper
835 3795 1187 3863 communia,
1220 3812 1430 3867 nempe
1460 3796 1735 3851 lectiones

144 3898 390 3940 sacrarum
416 3887 845 3958 Scripturarum
870 3888 1037 3943 initio
1064 3889 1353 3961 Liturgiaa,
1378 3890 1735 3962 psalmorum

144 3974 457 4051 aliorumque
490 3980 851 4035 canticorum
892 3982 1185 4047 recitatio;
1218 3984 1432 4039 oblatio
1472 3984 1636 4055 panis
1679 3986 1737 4038 et

144 4067 236 4123 vini
252 4087 386 4142 aqua
408 4073 597 4139 misti;
621 4074 977 4129 consecratio
1000 4075 1293 4148 utriusque
1316 4077 1503 4131 verbis
1527 4076 1735 4133 Christi

145 4159 333 4218 Domini
369 4182 495 4221 cum
535 4167 944 4222 benedictione
975 4185 1039 4223 ac
1076 4169 1239 4241 signo
1272 4171 1454 4225 crucis
1483 4187 1516 4225 a
1545 4186 1733 4226 sacer-

146 4252 251 4308 dote
288 4258 462 4326 l’acto;
497 4260 686 4315 oratio
736 4261 1071 4329 Dominica;
1106 4265 1164 4316 et
1205 4280 1365 4317 sacra
1401 4264 1732 4318 communio

143 4362 246 4401 cum
269 4352 573 4420 gratiarum
612 4353 858 4409 actione.
887 4357 961 4409 At
995 4355 1320 4427 designatio
1352 4361 1641 4412 certarum
1668 4374 1734 4411 ex

144 4438 391 4512 Scriptura
422 4447 767 4514 lectionum;
801 4449 1178 4518 psalmorum,
1212 4450 1571 4522 aliarumque
1602 4467 1731 4521 pre-

144 4546 248 4587 cum
275 4552 535 4594 numerus
572 4543 632 4594 et
674 4532 963 4607 deﬁnitio,
990 4542 1387 4598 ministrorum
1414 4544 1557 4598 ritus
1586 4560 1731 4614 prae-

1844 2018 1943 2087 qui
2000 2017 2366 2071 Gelasianum
2423 2016 2688 2071 ordinem
2740 2012 3049 2068 correxisse
3098 2016 3475 2068 memoratur.

1843 2110 2037 2174 Qualis
2062 2108 2235 2164 fuerit
2264 2109 2645 2179 primigenius
2672 2108 2786 2173 ille,
2816 2124 2932 2160 non
2962 2106 3201 2161 omnino
3230 2107 3473 2161 constat.

1842 2202 2174 2258 Gelasianus
2200 2202 2299 2255 diu
2325 2201 2680 2255 desideratus
2710 2203 2797 2253 est
2826 2217 2839 2253 :
2868 2199 2969 2253 sed
2994 2199 3230 2252 tandem
3258 2198 3419 2252 illum
3443 2213 3475 2252 e

1842 2295 2097 2350 tenebris
2140 2295 2289 2349 eruit
2332 2294 2418 2348 vir
2460 2295 2531 2348 de
2571 2292 2821 2347 Ecclesia
2858 2292 3006 2346 bene
3052 2291 3293 2345 meritus
3314 2291 3474 2346 Jose-

1842 2390 1988 2460 phus
2034 2388 2209 2443 Maria
2256 2387 2612 2453 Thomasius,
2660 2386 2899 2441 clericus
2950 2384 3251 2455 regularis,
3302 2386 3474 2456 atque

1842 2486 1974 2536 ante
2006 2499 2190 2536 annos
2217 2484 2463 2552 quatuor
2492 2479 2767 2535 Romanis
2788 2478 2936 2551 typis
2960 2477 3230 2549 vulgavit.
3259 2478 3475 2548 Grego-

1839 2576 2036 2630 rianus
2080 2575 2315 2629 demum
2364 2575 2424 2629 in
2458 2591 2575 2628 'usu
2621 2572 2918 2628 communi
2959 2576 3046 2625 est
3098 2571 3273 2626 modo
3322 2570 3477 2641 apud

1841 2686 2043 2723 omnes
2086 2670 2206 2723 fere
2256 2668 2553 2734 Ecclesias,
2600 2667 2752 2721 notis
2796 2670 2854 2721 et
2896 2664 3391 2721 observationibus
3442 2680 3478 2720 a

1838 2762 2107 2816 Menardo
2137 2764 2334 2816 nostro
2363 2761 2692 2815 illustratus.

1912 2868 1961 2918 5.
1995 2863 2337 2937 Gregoriani
2361 2880 2394 2918 a
2422 2863 2724 2918 Gelasiano
2756 2865 2937 2918 totum
2966 2861 3275 2916 discrimen
3309 2859 3472 2914 estin

1838 2957 2113 3013 varietate
2131 2960 2188 3011 et
2204 2974 2446 3011 numero
2466 2974 2666 3012 earum
2686 2956 3015 3012 orationum
3034 2972 3174 3026 quas
3195 2954 3475 3009 Collectas

1838 3053 2070 3117 vocant;
2091 3067 2227 3105 nam
2247 3054 2453 3105 caetera
2474 3049 2769 3120 utriusque
2786 3048 3005 3103 eaedem
3025 3046 3264 3103 omnino
3281 3048 3474 3118 partes

1839 3147 1993 3198 sunt.
2016 3146 2080 3200 In
2111 3143 2412 3198 Gelasiano
2441 3142 2566 3197 duae
2592 3146 2690 3197 aut
2710 3146 2826 3196 tres
2847 3145 2980 3196 ante
3002 3140 3317 3213 Epistolam
3343 3155 3471 3195 ora-

1839 3238 2024 3292 tiones
2046 3254 2059 3304 ;
2087 3236 2257 3292 unica
2278 3237 2509 3292 Secreta
2531 3239 2663 3289 ante
2682 3235 3120 3300 Praefationem;
3145 3237 3317 3304 atque
3347 3232 3475 3289 dum

1837 3334 1966 3402 post
1986 3330 2479 3397 communionem,
2501 3346 2746 3402 quarum
2769 3345 2885 3383 una
2907 3331 2992 3383 est
3006 3344 3173 3399 supra
3188 3328 3470 3398 populum.

1835 3427 1908 3479 At
1936 3425 1995 3480 in
2018 3425 2074 3498 '7
2102 3423 2457 3496 Gregoriano
2492 3427 2605 3479 tres
2639 3426 2864 3478 tantum
2892 3423 2965 3477 ad
2988 3422 3243 3493 singulas
3269 3421 3472 3476 missas

1837 3518 2206 3589 assignantur
2232 3517 2542 3584 orationes,
2577 3534 2821 3588 quarum
2851 3533 2966 3571 una
2992 3519 3126 3570 ante
3156 3515 3474 3586 Epistolam

1837 3613 2017 3666 altera
2038 3611 2289 3678 Secreta,
2315 3611 2482 3666 tertia
2507 3612 2637 3681 post
2661 3609 3153 3664 communionem.
3172 3608 3235 3662 Id
3254 3624 3389 3663 vero
3412 3608 3473 3663 in

1836 3705 2048 3759 Ordine
2075 3704 2377 3760 Gelasiano
2398 3703 2662 3775 prmstitit
2687 3702 3012 3773 Gregorius,
3034 3703 3280 3755 testante
3305 3703 3475 3757 Joan-

1836 3816 1908 3852 ne
1930 3798 2204 3864 Diacono,
2226 3797 2421 3869 quoda
2437 3797 2616 3851 multa
2641 3794 2936 3861 subtraxit,
2958 3810 3139 3865 pauca
3168 3793 3468 3861 convertit,
3504 3790 3531 3806 ⁸

1835 3892 2115 3947 nonnulla
2125 3890 2390 3962 adjecit,»
2405 3893 2576 3960 atque
2591 3887 2959 3943 Gelasianum
2971 3885 3263 3953 Codicem,
3280 3886 3340 3939 in
3354 3889 3470 3940 tres

1835 3984 2010 4040 libros
2041 3984 2393 4052 distinctum,
2433 3998 2597 4035 «uno
2628 3979 2920 4036 volumine
2952 3979 3280 4035 coarctavit.
3304 3980 3470 4044 Quod

1834 4080 2102 4133 volumen
2154 4077 2388 4131 Librum
2444 4076 2952 4131 Sacramentorum
3000 4074 3385 4148 prmtitulavit.
3438 4096 3467 4125 ››

1905 4175 1956 4226 6.
1989 4172 2072 4225 ita
2098 4187 2236 4241 ergo
2269 4169 2532 4241 procedit
2562 4168 2714 4224 Ordo
2746 4168 3058 4237 Romanus,
3079 4172 3141 4223 ut
3169 4169 3357 4241 primo
3381 4169 3468 4224 di-

1834 4267 1997 4319 catur
2022 4263 2360 4335 antiphona,
2385 4279 2510 4334 quae
2530 4264 2699 4335 vulgo
2722 4262 2990 4317 introitus
3011 4263 3351 4334 appellatur,
3376 4262 3472 4316 de-

1834 4357 1968 4411 inde
1996 4359 2162 4426 Kyrie
2181 4358 2395 4419 eleison,
2418 4360 2542 4409 tum
2569 4356 2818 4427 hymnus
2841 4356 3137 4427 angelicas
3160 4372 3261 4409 seu
3283 4356 3469 4413 Gloria

1833 4454 1892 4504 in
1916 4452 2132 4506 emcelsis
2158 4449 2295 4504 olim
2325 4449 2528 4504 diebus
2563 4450 2726 4503 festis
2760 4452 2818 4503 et
2852 4448 3166 4503 Dominicis
3196 4448 3255 4500 in
3294 4447 3468 4502 missa

1835 4543 2164 4615 episcopali,
2194 4543 2252 4597 in
2284 4542 2503 4597 caeteris
2528 4544 2755 4596 tantum
2778 4541 2835 4595 in
2862 4542 3106 4608 Pascha;
3131 4543 3331 4611 postea
3353 4557 3470 4595 una

139 4627 208 4678 ter
241 4644 325 4683 eos
368 4633 464 4703 qui
516 4637 649 4688 sunt
686 4650 752 4688 ex
788 4634 1148 4690 institutione
1192 4637 1405 4703 divina,
1450 4638 1570 4691 haec
1600 4634 1813 4705 veroD
1835 4638 1922 4691 vel
1955 4638 2146 4708 plures
2185 4635 2505 4702 orationes;
2549 4634 2678 4689 exin
2716 4634 2989 4706 Epistola,
3027 4633 3309 4690 Graduale
3337 4649 3469 4689 cum

142 4722 301 4775 omnia
325 4740 422 4795 pro
444 4727 585 4781 locis
617 4744 681 4782 ac
709 4728 1068 4799 temporibus
1096 4730 1254 4785 varia
1283 4730 1639 4785 exstiterunt.

196 4815 238 4866 2.
276 4816 375 4880 Qui
419 4820 674 4890 priorem
734 4821 974 4876 modum
1025 4823 1400 4878 attenderunt
1446 4827 1726 4891 auctores,

140 4904 292 4962 missis
322 4911 581 4968 ordinem
610 4913 822 4985 ubique
857 4914 1211 4970 uniformem
1240 4917 1413 4971 fuisse
1442 4917 1727 4971 dixerunt.

142 4995 265 5058 Quos
290 5002 431 5059 inter
453 5006 723 5073 Isidorus,
754 5011 809 5061 et
830 5012 961 5078 post
987 5025 1121 5064 eum
1139 5010 1426 5064 Etherius
1448 5013 1505 5065 et
1526 5011 1731 5065 Beatus

142 5088 387 5161 Hispanici
421 5099 729 5171 scriptores
768 5100 826 5154 in
866 5101 1011 5156 libro
1050 5119 1066 5156 ι
1112 5106 1316 5157 contra
1362 5103 1728 5174 Elipandum,

144 5184 344 5242 totidem
366 5193 552 5246 verbis
576 5193 635 5247 id
657 5198 1057 5250 asseruerunt:
1079 5196 1222 5253 Ordo
1238 5199 1414 5251 missa
1432 5198 1518 5251 vel
1537 5199 1733 5252 oratio-

143 5289 259 5342 num,
284 5285 466 5351 quibus
492 5287 677 5342 oblata
705 5291 809 5343 Deo
837 5291 1100 5359 sacriﬁcia
1135 5294 1528 5353 consecrantur,
1550 5292 1732 5361 primo

143 5382 167 5418 α
188 5379 342 5430 sancto
364 5379 518 5435 Petro
543 5385 622 5435 est
644 5383 925 5437 institutus
954 5402 969 5437 :
999 5383 1147 5452 cujus
1183 5384 1588 5439 celebrationem
1624 5399 1731 5439 uno

144 5463 379 5538 Maon
404 5473 561 5529 modo
590 5475 872 5530 universus
905 5479 1124 5547 peragit
1152 5478 1312 5532 orbis.
1342 5478 1467 5531 Non
1497 5476 1728 5547 ignora-

147 5551 255 5611 bant
291 5564 490 5619 eruditi
530 5567 614 5621 illi
657 5571 920 5623 auctores
964 5568 1412 5642 discrepantiam
1462 5569 1731 5639 Liturgiae

146 5644 412 5720 Hispanicae
441 5675 474 5712 a
513 5659 795 5728 Romana,
827 5666 885 5715 et
916 5662 1061 5729 aliis,
1095 5664 1195 5717 sed
1232 5663 1312 5717 ita
1346 5664 1733 5735 loquebantur

150 5736 304 5800 habita
327 5751 543 5807 ratione
586 5754 745 5809 modi
774 5755 923 5811 illius
952 5756 1240 5829 generalis
1271 5756 1595 5811 uniformis.
1623 5758 1728 5811 Ve-

149 5846 250 5888 ΠΙΠι
267 5842 352 5910 qui
382 5845 450 5899 ad
477 5847 616 5901 ritus
642 5848 880 5920 singulis
901 5850 1169 5906 Ecclesiis
1192 5848 1251 5923 6
1275 5867 1374 5905 seu
1396 5849 1733 5921 regionibus

154 5931 386 6001 Proprias,
414 5939 485 5993 ad
519 5942 808 5999 orationes
845 5944 1183 6017 peculiares,
1212 5944 1438 6018 aliaque
1466 5943 1525 5999 id
1552 5959 1734 6018 genus

1831 4730 2092 4797 Alleluia,
2130 4728 2525 4800 Evangelium,
2566 4727 2954 4794 Oﬁ‘ertorium,
2988 4727 3173 4782 oratio
3214 4726 3466 4794 Secreta,

1832 4822 2119 4888 Praefatio,
2142 4821 2460 4892 Trisagion,
2485 4821 2704 4886 Canon,
2730 4819 2913 4874 oratio
2936 4819 3258 4887 Dominica,
3283 4821 3472 4890 Agnus

1831 4918 1946 4978 Dei,
1976 4914 2295 4988 antiphona
2335 4914 2407 4968 ad
2449 4912 2943 4981 communionem,
2976 4913 3467 4981 Postcommunio,

1832 5012 1891 5063 et
1917 5008 2264 5063 benedictio.
2295 5007 2668 5079 Evangelium
2703 5006 2889 5061 sancti
2922 5007 3160 5062 Joannis
3191 5007 3473 5062 recentio-

1831 5102 1910 5156 ris
1944 5105 2031 5156 est
2059 5101 2322 5167 instituti,
2356 5105 2419 5155 ut
2453 5117 2518 5154 ex
2554 5100 2864 5173 Micrologo
2906 5100 3267 5172 intelligitur.
3303 5102 3466 5172 Sym-

1830 5196 2029 5250 bolum
2063 5198 2193 5266 post
2224 5195 2601 5266 Evangelium
2632 5194 2881 5249 Romani
2912 5213 2940 5247 ‹(
2973 5196 3131 5250 nullo
3170 5194 3347 5248 modo
3375 5210 3467 5247 ce-

1833 5289 2099 5343 cinerunt
2128 5304 2306 5360 usque
2336 5288 2408 5342 ad
2441 5291 2708 5360 tempora
2743 5287 2888 5343 divae
2918 5287 3215 5342 memoriae
3242 5285 3473 5340 Henrici

1832 5382 2220 5455 Imperatoris,
2249 5404 2277 5431 »
2307 5381 2522 5436 scilicet
2556 5381 2750 5454 primi,
2782 5385 2928 5437 teste
2956 5381 3218 5435 Bernone
3260 5379 3469 5434 abbate

1831 5476 2105 5548 Augiensi
2157 5493 2170 5531 :
2222 5492 2433 5547 nempe
2479 5475 2633 5547 quod
2672 5495 2700 5528 «
2746 5476 3008 5530 Romana
3054 5473 3303 5527 Ecclesia
3352 5490 3470 5529 non

1832 5570 2035 5625 fuisset
2091 5569 2403 5641 aliquando
2456 5571 2572 5624 ulla
2625 5570 2911 5625 haereseos
2958 5568 3097 5621 faece
3150 5567 3383 5622 infecta.
3438 5588 3465 5616 ››

1835 5664 1999 5728 Quod
2045 5681 2184 5736 ergo
2232 5663 2378 5720 Galli
2434 5665 2610 5719 etiam
2672 5663 2953 5733 regnante
3014 5660 3219 5715 Carolo
3265 5661 3468 5733 Magno

1835 5758 2171 5830 Symbolum
2201 5760 2347 5813 lecto
2370 5756 2680 5829 Evangelio
2708 5754 3096 5822 recitaverint,
3122 5755 3181 5810 id
3203 5764 3268 5809 e‘x
3288 5752 3466 5810 veteri

1835 5851 2047 5905 Ordine
2075 5852 2365 5907 Gallicano
2393 5851 2619 5905 videtur
2641 5865 2926 5903 manasse.

1906 5949 1957 6000 7.
1990 5944 2245 6019 Liturgia
2273 5943 2655 5999 Ambrosiana
2687 5958 2787 5997 seu
2815 5940 3254 5997 Mediolanensis
3279 5940 3467 6013 plures
