4020 6232
508 386 609 441 115

1291 381 1622 438 ΑΡΡΕΝΒΙΧ
1664 380 1750 434 AD
1787 379 2010 434 OPERA
2049 379 2284 436 SANCTI
2321 378 2619 435 GERMANI
2657 378 3083 435 PARISIENSIS.

3789 375 3890 434 116

504 491 684 550 habet
710 493 921 563 partes.
953 487 1326 546 Pramittitur
1343 487 1528 544 oratio
1550 486 1800 555 Secreta,
1824 490 2139 557 antequam
2160 497 2219 573 Α
2240 487 2333 541 tur
2353 483 2688 540 Ambrosius
2711 486 2771 540 in
2796 487 3138 557 prafatione
3159 502 3331 560 super
3349 488 3637 561 psalmum
3660 488 3894 547 uulu-

505 586 774 643 sacerdos
803 584 1081 656 procedat
1113 584 1189 638 ad
1215 583 1423 647 altare;
1453 580 1707 651 itemque
1739 580 1873 647 alia,
1905 596 2037 635 cum
2063 580 2138 635 ad

505 680 648 736 illud
689 679 929 735 accedit.
973 678 1117 732 Dein
1156 679 1285 747 post
1326 676 1666 744 ingressam,
1707 690 1835 744 qua
1874 673 2139 729 Introitui

505 776 702 829 nostro
728 771 1057 844 respondet,
1082 768 1339 840 sequitur
1357 766 1554 839 populi
1577 766 1842 821 salutatio
1864 782 1994 820 cum
2016 782 2138 821 ora-

504 866 663 922 tione
707 882 879 937 super
920 864 1215 935 populum.
1266 862 1478 916 Rursus
1524 860 1638 914 alia
1684 859 1972 927 salutatio,
2013 863 2137 914 tum

502 961 752 1033 hymnus
781 957 1091 1029 angelicus,
1125 954 1188 1029 8
1217 958 1417 1027 postea
1442 956 1609 1023 Kyrie
1646 954 1873 1020 eleison;
1904 956 1962 1007 et
1990 970 2133 1024 pra-

497 1053 676 1110 missa
717 1050 1060 1107 salutatione
1105 1048 1277 1104 lectio
1328 1047 1646 1119 propheta,
1696 1049 1757 1102 et
1797 1046 2133 1114 Psalmulus,

501 1148 669 1219 quale
697 1148 784 1200 est
808 1146 1069 1199 nostrum
1095 1142 1399 1198 Graduale.
1431 1139 1810 1211 Subsequitur
1836 1155 1967 1193 cum
1992 1140 2137 1194 salu-

497 1238 717 1294 tatione
733 1237 902 1292 lectio
926 1235 1184 1308 epistolae
1203 1233 1413 1288 deinde
1434 1232 1677 1287 Alleluia
1690 1248 1820 1287 cum
1833 1248 1935 1287 suo
1949 1249 2134 1300 versu,

495 1335 620 1386 tum
648 1330 760 1386 alia
785 1330 1124 1400 antiphona,
1151 1344 1285 1382 mox
1315 1326 1692 1397 Evangelium
1717 1325 2013 1396 pramissa
2033 1326 2135 1380 be-

497 1424 846 1483 nedictione.
881 1422 1068 1477 Finito
1106 1420 1418 1492 Evangelio
1458 1436 1653 1474 rursus
1688 1418 1978 1486 salutatio,
2012 1422 2136 1473 tum

495 1520 663 1588 Kyrie
700 1518 915 1580 eleison,
954 1515 1096 1570 item
1141 1512 1432 1580 salutatio,
1475 1515 1598 1566 tum
1645 1512 1965 1583 antiphona
2009 1515 2139 1583 post

498 1609 896 1682 Evangelium,
915 1624 1020 1663 nos
1037 1606 1404 1663 Offertorium
1422 1621 1713 1660 vocamus.
1737 1605 1872 1659 Post
1890 1605 2011 1659 hac
2029 1621 2137 1676 pax

501 1706 561 1759 et
594 1701 880 1770 salutatio,
911 1700 1096 1757 oratio
1132 1716 1303 1771 super
1344 1697 1655 1753 sindonem
1685 1714 1785 1752 seu
1816 1698 2133 1769 corporale,

499 1799 563 1852 ut
582 1796 894 1867 loquimur,
918 1794 1131 1850 oblatio
1153 1792 1318 1865 panis
1340 1794 1397 1847 et
1416 1791 1552 1859 vini,
1578 1792 1869 1846 orationes
1891 1790 2136 1845 Secreta

2240 579 2409 634 lieres
2435 580 2741 650 Apostolus
2775 580 2835 634 in
2878 581 3118 636 ecclesia
3149 585 3339 636 tacere
3371 582 3557 653 jubet,
3588 584 3891 655 psalmum

2240 671 2415 727 etiam
2430 673 2580 726 bene
2597 673 2913 728 clamant...
2931 674 3222 739 Quantum
3244 676 3539 731 laboratur
3558 675 3618 731 in
3638 677 3893 731 ecclesia

2240 770 2302 821 ut
2332 766 2433 820 ﬁat
2482 766 2774 821 silentium
2812 783 2942 821 cum
2983 768 3260 823 lectiones
3304 771 3606 841 leguntur!
3640 770 3705 825 Si
3736 789 3891 826 unus

2238 860 2510 930 loquitur,
2544 860 2885 930 obstrepunt
2909 861 3177 916 universi.
3202 862 3345 917 Cum
3366 863 3619 933 psalmus
3639 864 3887 934 legitur,

2238 953 2358 1023 ipse
2396 952 2503 1005 sibi
2539 951 2777 1007 effector
2809 956 2896 1008 est
2931 953 3144 1008 silentii
3174 972 3187 1009 :
3218 972 3420 1009 omnes
3450 956 3799 1027 loquuntur,
3832 960 3892 1011 et

2239 1046 2427 1100 nullus
2451 1045 2750 1116 obstrepit.
2781 1066 2809 1095 ››
2844 1047 2973 1100 Hac
3007 1047 3181 1102 verba
3213 1048 3463 1103 innuunt
3492 1065 3700 1104 omnes
3728 1050 3889 1104 inter

2238 1138 2602 1210 psallendum
2643 1142 2817 1193 cantu
2857 1144 3164 1210 occupatos
3193 1141 3401 1209 fuisse;
3429 1158 3559 1196 cum
3596 1143 3889 1198 lectiones

2239 1233 2589 1303 legerentur,
2619 1232 2709 1286 vix
2739 1232 3032 1286 silentium
3058 1232 3452 1305 impetratum.
3484 1234 3597 1290 Sed
3627 1236 3887 1290 fortasse

2239 1325 2344 1379 iste
2370 1325 2527 1379 locus
2557 1325 2631 1379 ad
2659 1325 2976 1395 Liturgiam
3003 1343 3226 1381 sacram
3255 1343 3371 1382 non
3392 1328 3579 1398 magis
3600 1345 3789 1399 quam
3811 1329 3886 1384 ad

2238 1417 2381 1474 alios
2406 1418 2670 1473 Ecclesia
2702 1422 3015 1474 conventus
3046 1420 3315 1491 pertinet.
3353 1423 3416 1475 In
3448 1421 3642 1476 libello
3675 1422 3757 1476 de
3793 1423 3883 1476 Li-

2238 1512 2432 1578 taniis,
2466 1528 2639 1582 quem
2686 1529 2753 1567 ex
2798 1512 2912 1567 ritu
2955 1514 3337 1569 Ambrosiano
3377 1517 3606 1568 sanctus
3638 1515 3888 1570 Carolus

2240 1605 2597 1660 Borromaus
2624 1605 2774 1676 typis
2792 1606 3016 1677 vulgari
3037 1607 3276 1674 curavit,
3301 1611 3389 1661 ter
3410 1608 3707 1663 silentium
3734 1609 3888 1664 indi-

2239 1697 2385 1754 citur
2412 1702 2546 1754 ante
2572 1699 2869 1769 Evangelii
2898 1700 3206 1756 lectionem
3236 1701 3298 1755 in
3331 1701 3511 1755 tribus
3538 1701 3749 1757 diebus
3778 1704 3888 1757 Ro-

2241 1791 2567 1863 gationum,
2587 1792 2695 1847 hoc
2715 1792 2891 1847 modo
2912 1810 2923 1847 :
2947 1796 3213 1849 Diaconus
3233 1794 3398 1849 dicit:
3420 1796 3635 1850 Parcite
3646 1797 3884 1863 fabulis.

501 1894 561 1946 et
598 1866 937 1945 offerenda:
972 1891 1094 1942 tum
1131 1886 1343 1958 pravia
1388 1884 1734 1939 salutatione
1777 1884 2134 1955 Symbolum,
2158 1866 2215 1940 B
2242 1888 2425 1943 Custos
2458 1888 2587 1941 item
2626 1905 2643 1940 :
2683 1887 2972 1943 Silentium
3007 1888 3214 1943 habete.
3253 1891 3326 1943 Et
3367 1889 3507 1943 alter
3543 1890 3882 1960 respondet:

498 2000 695 2039 rursus
724 1982 987 2038 salutatio
1016 1984 1074 2035 et
1099 1980 1283 2035 oratio
1311 1995 1484 2050 super
1510 1978 1723 2045 oblata,
1754 1977 1964 2031 deinde
1996 1979 2141 2031 Pra.
2237 1980 2440 2035 Habete
2473 1980 2770 2035 silentium.
2798 1980 3175 2051 Evangelium
3215 1981 3426 2036 deinde
3466 1986 3888 2053 pronuntiatur

499 2078 662 2144 fatio,
693 2074 1012 2146 Trisagion,
1042 2074 1242 2130 Canon
1284 2072 1546 2126 Romano
1588 2086 1871 2142 perquam
1914 2068 2135 2136 similis,
2241 2071 2368 2145 1ο
2398 2076 2533 2126 ante
2560 2074 2815 2128 missam.
2849 2075 2976 2127 Hac
3002 2073 3072 2128 de
3105 2074 3361 2145 Liturgia
3385 2076 3795 2131 Ambrosiana.

500 2170 611 2226 nisi
636 2168 791 2242 quod
816 2168 947 2223 lotis
972 2166 1240 2222 manibus
1266 2165 1533 2220 sacerdos
1556 2165 1733 2219 verba
1756 2163 2140 2219 consecratio-
2311 2168 2361 2220 9.
2395 2166 2520 2220 Non
2550 2166 2746 2221 minor
2772 2170 2856 2221 est
2880 2168 3151 2238 Liturgia
3170 2168 3538 2223 Mozarabica
3560 2186 3594 2223 a
3615 2170 3885 2224 Romana

500 2264 589 2320 nis
627 2263 706 2318 sic
736 2262 903 2317 effert
933 2279 946 2316 :
980 2264 1089 2318 Hoc
1123 2264 1202 2315 est
1243 2261 1385 2314 enim
1431 2273 1621 2330 corpus
1645 2274 1841 2322 meum,
1873 2258 2018 2328 quod
2036 2272 2140 2328 pro
2241 2258 2645 2330 discrepantia.
2662 2260 2794 2330 Ejus
2814 2265 3007 2331 partes
3026 2261 3294 2328 Isidorus,
3314 2265 3372 2315 et
3389 2265 3517 2333 post
3536 2280 3670 2317 eum
3690 2264 3888 2318 Ethe-

497 2359 684 2414 multis
720 2357 1109 2424 confringatur.
1148 2354 1217 2407 Et
1246 2368 1259 2407 :
1286 2355 1387 2408 Hic
1420 2357 1498 2407 est
1532 2354 1673 2407 enim
1708 2354 1934 2421 sanguis
1969 2366 2138 2413 meus,
2240 2352 2359 2407 rius
2388 2356 2446 2407 et
2471 2354 2678 2407 Beatus
2704 2354 2911 2409 iisdem
2935 2355 3123 2409 verbis
3149 2355 3480 2409 describunt
3503 2355 3561 2409 in
3582 2356 3738 2411 hunc
3762 2374 3886 2411 mo-

501 2468 608 2506 nec
634 2451 817 2521 plura.
842 2450 976 2503 Post
999 2448 1293 2503 Canonem
1323 2446 1526 2501 hostia
1550 2444 1868 2500 confractio
1897 2448 1955 2499 et
1980 2460 2139 2499 com-
2243 2446 2413 2501 dum:
2438 2447 2673 2501 «Prima
2695 2448 2880 2503 oratio
2912 2449 3171 2519 ejusdem
3198 2449 3387 2503 missa
3408 2450 3887 2506 commonitionis

500 2544 694 2600 mistio
712 2543 773 2598 in
790 2542 985 2609 calice,
1001 2541 1140 2596 dum
1161 2540 1395 2595 interim
1412 2539 1639 2595 canitur
1655 2538 2136 2594 Confractorium.
2242 2556 2381 2610 erga
2392 2541 2669 2611 p0pulum
2687 2543 2790 2608 est,
2807 2544 2869 2595 ut
2884 2558 3087 2596 omnes
3097 2542 3419 2597 excitentur
3433 2542 3506 2596 ad
3520 2544 3883 2598 exorandum

502 2638 619 2693 sive
666 2636 984 2708 antiphona
1026 2635 1100 2690 ad
1146 2633 1601 2689 confractionem
1641 2648 1653 2686 :
1698 2631 1907 2686 deinde
1954 2630 2139 2686 oratio
2243 2634 2443 2688 Deum.
2478 2633 2743 2688 Secunda
2781 2634 3161 2690 invocationis
3195 2636 3270 2690 ad
3305 2637 3487 2690 Deum
3528 2638 3633 2703 est,
3663 2640 3729 2691 ut
3769 2639 3884 2692 cle-

503 2730 821 2797 Dominica,
855 2728 1011 2800 pacis
1042 2728 1350 2795 nuntiatio,
1379 2725 1744 2793 Communio,
1768 2724 2141 2797 postmodum
2242 2730 2472 2781 menter
2494 2727 2741 2799 excipiat
2760 2745 2958 2799 preces
2982 2730 3264 2798 fidelium,
3287 2731 3762 2803 oblationemque
3792 2748 3886 2787 eo-

504 2825 795 2881 orationes
833 2825 964 2894 post
998 2821 1502 2877 Communionem.
1538 2820 1752 2884 Quibus
1790 2818 1956 2872 dictis
1982 2834 2137 2872 com-

503 2919 702 2974 munio
729 2917 1017 2989 praebetur
1034 2914 1352 2969 astantibus
1368 2913 1456 2967 his
1473 2912 1678 2980 verbis,
1696 2916 1897 2983 Corpus
1919 2913 2139 2974 Christi,

505 3016 564 3067 et
600 3010 1003 3083 respondetur,
1036 3010 1229 3064 Amen.
1261 3008 1376 3063 Sub
1408 3007 1529 3061 hac
1566 3006 1885 3077 antiphona
1923 3004 2143 3059 Transi-

505 3105 718 3162 torium
745 3104 926 3170 dicta;
961 3105 1163 3174 postea
1203 3100 1467 3155 salutatio
1502 3102 1560 3153 et
1599 3099 1784 3154 oratio
1815 3101 1944 3170 post
1972 3099 2139 3153 Com-

504 3198 846 3254 munionem
882 3214 894 3251 :
937 3196 1149 3249 iterum
1185 3193 1475 3258 salutatio,
1504 3195 1671 3261 Kyrie
1708 3194 1922 3255 eleison,
1961 3192 2136 3245 bene-

2161 3239 2217 3313 C

2242 2837 2390 2875 rum.
2424 2820 2614 2875 Tertia
2638 2824 2833 2875 autem
2860 2822 3175 2877 effunditur
3200 2841 3305 2895 pro
3331 2825 3728 2893 offerentibus,
3764 2826 3884 2879 sive

2242 2931 2346 2984 pro
2373 2913 2658 2968 defunctis
2682 2914 2966 2982 ﬁdelibus,
2995 2920 3057 2970 ut
3083 2934 3186 2987 per
3212 2917 3399 2988 ipsum
3427 2919 3774 2973 sacriﬁcium
3796 2935 3884 2972 ve-

2244 3007 2400 3062 niam
2431 3011 2879 3079 consequantur.
2910 3009 3126 3073 Quarta
3167 3015 3297 3081 post
3334 3012 3457 3066 hac
3492 3012 3743 3067 infertur
3778 3029 3883 3084 pro

2243 3102 2434 3155 osculo
2460 3101 2617 3172 pacis
2642 3104 2701 3155 et
2720 3102 3033 3170 charitatis,
3060 3107 3122 3156 ut
3145 3105 3499 3159 reconciliati
3525 3122 3733 3161 omnes
3753 3123 3886 3161 con-

2243 3194 2531 3248 socientur
2546 3195 2722 3265 digne
2740 3211 2843 3265 per
2856 3196 3293 3252 Sacramentum
3313 3199 3568 3270 corporis
3584 3203 3642 3253 et
3654 3217 3759 3254 san
3766 3199 3884 3271 gui-

507 3292 681 3347 dictio
710 3290 925 3362 populi,
955 3288 1331 3359 ejusdemque
1359 3285 1617 3340 dimissio
1649 3285 1737 3340 his
1767 3286 1955 3340 verbis
1981 3303 1993 3341 :
2016 3288 2143 3341 Pro-
2163 3285 2217 3313 υ
2244 3287 2333 3341 nis
2363 3287 2636 3342 Christi...
2663 3287 2875 3352 Quinta
2895 3288 3107 3343 deinde
3131 3289 3377 3345 infertur
3404 3291 3603 3347 inlatio
3637 3293 3695 3347 in
3725 3309 3883 3348 sanc-

505 3386 754 3442 cedamus
796 3386 856 3437 in
885 3397 1040 3453 pace.
1085 3380 1485 3451 Respondetur
1526 3382 1633 3435 :In
1672 3384 1884 3435 nomine
1922 3381 2141 3438 Christi.

506 3481 571 3534 In
595 3476 846 3533 Ecclesia
874 3473 1285 3530 Mediolanensi
1315 3473 1389 3528 ad
1420 3473 1572 3527 hunc
1599 3490 1778 3545 usque
1807 3473 1963 3527 diem
1990 3472 2147 3544 viget

509 3574 558 3628 is
583 3572 744 3638 ritus,
773 3570 934 3641 cujus
964 3570 1257 3623 auctorem
1286 3567 1656 3622 Ambrosium
1692 3567 1955 3639 agnoscit
1977 3567 2141 3621 Vala-

508 3666 692 3723 fridus
718 3664 955 3720 Strabus
983 3663 1042 3717 in
1068 3679 1193 3733 cap.
1232 3664 1299 3716 22
1328 3678 1341 3716 :
1366 3660 1743 3715 «Ambrosius
1773 3676 2002 3732 quoque
2031 3660 2145 3714 Me-

511 3759 862 3816 diolanensis
886 3758 1206 3830 episcOpus,
1232 3760 1351 3809 tam
1387 3754 1574 3809 missa
1603 3770 1778 3825 quam
1806 3756 2145 3808 caterorum

511 3853 948 3927 dispositionem
992 3850 1315 3906 ofﬁciorum
1351 3865 1466 3903 sua
1501 3847 1766 3902 Ecclesia
1806 3850 1863 3901 et
1902 3847 2028 3901 aliis
2054 3846 2144 3901 Li-

511 3948 746 4022 guribus
775 3945 1079 4001 ordinavit.
1113 3943 1251 4007 Qua
1278 3944 1336 3996 et
1369 3958 1547 4012 usque
1582 3940 1754 3995 hodie
1788 3940 1844 3994 in
1875 3939 2141 3995 Mediola-

510 4030 679 4099 nensi
721 4041 994 4094 tenentur
1039 4036 1367 4091 Ecclesia.»
1396 4035 1560 4105 Certe
1601 4035 1891 4105 pleraque
1936 4034 2145 4089 funda-

509 4136 773 4190 mentum
803 4131 1020 4185 habent
1055 4129 1116 4183 in
1155 4128 1314 4182 libris
1347 4127 1417 4181 de
1449 4127 1853 4195 Sacramentis,
1884 4128 1979 4198 qui
2008 4129 2143 4182 Am-

508 4226 701 4282 brosio
723 4224 1072 4279 tribuuntur.

582 4318 642 4392 9
671 4322 723 4373 8.
757 4318 914 4371 Hunc
956 4315 1144 4370 missa
1172 4314 1569 4369 Ambrosiana
1596 4314 1862 4369 ordinem
1894 4313 2149 4369 exhibuit

511 4429 665 4469 anno
698 4414 826 4468 1571
864 4409 1169 4476 Pamelius,
1200 4407 1355 4462 haud
1386 4407 1559 4462 dubie
1589 4425 1655 4461 ex
1676 4407 1914 4479 antiquo
1938 4408 2049 4462 ritu
2075 4425 2087 4463 ε
2112 4424 2146 4463 a

511 4524 624 4580 quo
644 4505 931 4577 discrepat
948 4504 1007 4559 in
1030 4502 1321 4558 nonnullis
1340 4501 1557 4557 Missale
1569 4501 2016 4556 Ambrosianum
2033 4501 2148 4556 edi-

2244 3380 2559 3434 tiﬁcatione
2592 3380 2937 3435 oblationis:
2966 3382 3025 3436 in
3054 3400 3167 3454 qua
3201 3385 3376 3439 etiam
3408 3386 3483 3439 ad
3514 3385 3616 3440 Dei
3645 3386 3883 3441 laudem

2245 3473 2605 3528 terrestrium
2666 3477 3060 3530 creaturarum
3111 3476 3501 3549 virtutumque
3563 3479 3882 3534 calestium

2247 3568 2587 3638 angelorum
2636 3567 2978 3623 universitas
3022 3575 3384 3641 provocatur,
3428 3574 3487 3625 et
3523 3574 3786 3627 Hosanna
3828 3575 3885 3627 in

2246 3661 2462 3715 excelsis
2490 3664 2765 3716 cantatur.
2789 3663 2966 3717 Porro
2992 3667 3150 3717 sexta
3182 3664 3426 3735 proinde
3462 3665 3716 3720 succedit
3743 3682 3880 3722 con-

2244 3753 2495 3808 firmatio
2532 3754 2908 3822 Sacramenti,
2944 3758 3006 3810 ut
3040 3756 3254 3813 oblatio
3302 3774 3429 3830 qua
3467 3760 3584 3813 Deo
3619 3758 3882 3824 offertur,

2248 3847 2599 3901 sanctificata
2628 3864 2732 3919 per
2772 3848 3051 3919 Spiritum
3089 3854 3372 3918 sanctum,
3405 3852 3613 3907 Christi
3652 3852 3885 3925 corpori

2248 3943 2306 3994 et
2356 3940 2627 4012 sanguini
2676 3942 3070 3998 confirmetur.
3126 3944 3340 3999 Ultima
3391 3963 3525 4001 vero
3581 3946 3885 4001 Dominica

2249 4034 2432 4089 oratio
2464 4036 2568 4087 est.
2599 4053 2625 4085 »
2662 4035 2963 4106 Hucusque
2994 4036 3243 4092 Isidorus
3278 4042 3337 4092 et
3368 4039 3590 4093 Beatus.

2323 4130 2406 4182 10.
2439 4127 2776 4182 Mozarabici
2818 4129 2961 4182 ritus
3002 4134 3197 4201 partes
3246 4131 3568 4187 distinctius
3611 4137 3671 4187 et
3705 4134 3886 4189 fusius

2249 4220 2604 4292 explicarunt
2629 4222 2840 4276 Vaseus
2864 4222 2925 4276 in
2955 4223 3260 4292 Chronico,
3286 4230 3345 4280 et
3366 4243 3430 4280 ex
3452 4227 3547 4281 illo
3573 4229 3883 4295 Pamelius,

2249 4318 2306 4369 et
2328 4317 2455 4386 post
2476 4331 2575 4369 eos
2589 4315 2757 4369 clara
2779 4316 3077 4371 memoria
3095 4319 3347 4374 Joannes
3366 4321 3522 4375 Bona
3537 4321 3883 4377 cardinalis:

2250 4408 2457 4480 quibus
2483 4408 2632 4463 adde
2665 4409 3003 4480 scriptorem
3027 4411 3164 4466 Vita
3185 4412 3469 4468 Francisci
3488 4413 3758 4469 Ximeues
3779 4418 3881 4471 To-

2248 4501 2427 4556 letani
2454 4501 2868 4573 archiepiscopi
2894 4507 2952 4557 et
2978 4504 3304 4560 cardinalis.
3336 4507 3434 4561 Hic
3458 4508 3678 4563 Missale
3698 4510 3880 4565 Moza-

508 4605 633 4657 tum
680 4616 833 4656 anno
876 4601 1031 4663 1560,
1064 4599 1124 4652 at
1166 4597 1338 4667 longe
1386 4596 1445 4650 in
1476 4595 1735 4667 pluribus
1761 4612 1973 4650 novum
2005 4595 2224 4683 anniD
2248 4595 2505 4650 rabicum
2524 4596 2705 4649 Toleti
2732 4597 2932 4651 excudi
2954 4598 3253 4653 mandavit
3273 4616 3427 4655 anno
3452 4602 3734 4657 1500.Sed
3754 4603 3890 4674 quia

514 4696 668 4750 l669.
690 4693 881 4748 Primo
910 4692 970 4746 in
1001 4690 1189 4745 missis
1221 4690 1382 4745 deest
1401 4689 1711 4761 Prophetia
1732 4689 1790 4743 in
1814 4706 1982 4757 novo,
2008 4705 2147 4760 pra-

508 4790 775 4858 terquam
801 4786 861 4840 in
887 4784 1075 4840 missis
1102 4785 1172 4839 de
1196 4783 1670 4855 Quadragesima,
1695 4782 1766 4837 de
1789 4783 2147 4838 sanctissimo

511 4880 905 4946 Sacramento,
939 4881 997 4933 et
1034 4878 1095 4932 in
1136 4877 1324 4932 missis
1354 4880 1484 4949 post
1511 4878 1908 4931 Pentecosten.
1942 4878 2004 4931 In
2034 4875 2146 4931 alio

511 4974 668 5027 nulla
694 4974 829 5026 ante
856 4972 1169 5042 Epistolam
1197 4970 1366 5024 lectio
1396 4987 1461 5025 ex
1489 4970 1671 5024 veteri
1696 4971 2064 5025 Testamento
2087 4969 2146 5023 in

509 5064 824 5121 Dominicis
854 5067 983 5134 post
1015 5065 1394 5118 Pentecosten
1426 5079 1439 5117 :
1470 5062 1548 5117 sic
1574 5079 1709 5119 vero
1742 5064 1800 5118 in
1845 5063 2144 5117 nativitate

508 5158 760 5225 Domini,
790 5157 1030 5227 aliisque
1066 5155 1508 5211 solemnioribus
1538 5157 1716 5225 festis,
1751 5157 1832 5211 uti
1861 5158 1919 5210 et
1946 5155 2004 5208 in
2032 5156 2145 5210 Do-

507 5253 736 5309 minicis
760 5249 1248 5322 Quadragesima.
1278 5252 1339 5304 In
1376 5250 1537 5305 festis
1566 5251 1809 5323 pascha,
1843 5248 2141 5304 Ascensio-

508 5346 596 5401 nis
614 5350 672 5402 et
683 5347 1051 5401 Pentecostes
1068 5344 1333 5415 Epistola
1346 5344 1717 5417 pramittitur
1728 5342 1898 5398 lectio
1918 5359 1983 5396 ex
1998 5341 2145 5396 Acti-

506 5439 613 5494 bus
640 5440 1031 5510 apostolorum
1057 5437 1117 5492 in
1144 5440 1388 5510 utroque
1408 5437 1632 5493 Missali.
1650 5438 1792 5490 Item
1819 5435 1875 5489 in
1900 5438 2142 5505 utroque

506 5532 680 5586 verba
708 5532 1155 5588 consecrationis
1185 5532 1411 5599 eadem,
1442 5547 1568 5601 qua
1592 5531 1654 5583 in
1677 5530 1959 5595 Romano,
1983 5528 2144 5599 cujus

506 5624 672 5679 multi
693 5625 835 5679 ritus
851 5625 911 5681 in
931 5624 1195 5681 ordinem
1212 5622 1660 5679 Ambrosianum
1676 5638 1710 5676 a
1724 5621 2144 5676 recentioribus

508 5717 725 5774 inducti
761 5724 910 5776 sunt.
952 5720 1195 5791 Ubique,
1234 5717 1295 5771 id
1332 5719 1417 5770 est
1457 5718 1575 5769 tam
1620 5715 1774 5787 apud
1821 5715 2141 5771 Pamelium

507 5827 680 5881 quam
712 5813 771 5868 in
802 5813 1015 5885 duplici
1045 5810 1271 5878 Missali,
1302 5809 1461 5863 nulla
1486 5808 1551 5862 fit
1569 5808 1790 5863 mentio
1818 5808 1890 5862 de
1911 5806 2139 5862 silentio

506 5907 637 5962 ante
667 5906 943 5963 lectiones
963 5903 1201 5961 indicto.
1221 5901 1394 5974 Cujus
1413 5904 1610 5958 tamen
1632 5900 1965 5957 meminisse
1987 5900 2139 5956 vide-

2250 4688 2543 4743 rarissima
2569 4691 2700 4743 sunt
2722 4689 2779 4744 in
2810 4690 2899 4744 his
2925 4692 3184 4762 partibus
3214 4692 3375 4747 istius
3402 4694 3673 4750 editionis
3700 4712 3888 4751 exem-

2248 4782 2452 4853 plaria,
2486 4782 2723 4853 ejusque
2759 4784 2967 4839 notitia
3014 4786 3497 4857 subsequentibus
3535 4788 3885 4844 illustrandis

2249 4874 2560 4945 plurimum
2582 4875 2877 4944 conducit;
2901 4876 3052 4931 illius
3073 4878 3343 4951 Liturgia
3361 4884 3552 4952 partes
3568 4883 3888 4937 accuratius

2250 4984 2534 5039 exponere
2585 4985 2776 5040 opera
2819 4970 3070 5041 pretium
3111 4975 3213 5025 est.
3252 4973 3541 5045 Principio
3592 4977 3887 5046 pramissa

2248 5062 2607 5116 confessione
2632 5065 2690 5115 et
2709 5063 2993 5130 oratione,
3013 5065 3079 5118 ﬁt
3098 5065 3327 5120 initium
3351 5067 3422 5121 ab
3445 5068 3766 5139 antiphona
3791 5086 3885 5125 seu

2247 5154 2489 5209 Introitu
2520 5171 2648 5210 cum
2678 5155 2901 5210 duobus
2930 5157 3187 5212 versibus
3211 5162 3269 5213 et
3295 5161 3483 5217 Gloria
3508 5166 3560 5217 et
3585 5163 3754 5218 honor
3776 5167 3882 5220 Pa-

2248 5250 2340 5303 tri.
2390 5248 2662 5318 Sequitur
2709 5252 2867 5303 extra
2912 5249 3223 5307 adventum
3269 5256 3328 5307 et
3367 5254 3883 5327 Quadragesimam

2248 5342 2433 5398 Gloria
2462 5344 2520 5397 in
2546 5343 2782 5405 excelsis,
2806 5341 2966 5413 cujus
2996 5344 3122 5400 loco
3156 5345 3248 5399 die
3271 5347 3574 5403 Dominica
3602 5348 3650 5422 1
3669 5348 3717 5422 1
3750 5355 3881 5404 ante

2247 5435 2427 5489 sancti
2447 5434 2685 5490 Joannis
2702 5436 2966 5506 Baptista
2983 5437 3352 5493 Nativitatem
3372 5440 3583 5496 dicitur
3597 5443 3881 5498 canticum

2244 5529 2575 5585 Benedictus.
2604 5530 2745 5583 Tum
2778 5529 2962 5584 oratio
2990 5530 3178 5601 prima
3199 5532 3477 5588 recitatur
3502 5536 3718 5608 absque
3746 5554 3884 5608 pra~

2243 5622 2333 5677 vio
2353 5624 2591 5686 Oremus,
2611 5638 2796 5694 eaque
2812 5623 3054 5679 recitata
3072 5626 3340 5681 sacerdos
3361 5627 3486 5682 sine
3510 5631 3881 5687 conversione

2243 5716 2319 5770 ad
2351 5717 2629 5788 populum
2666 5715 2823 5785 dicit,
2863 5719 3122 5773 Dominus
3156 5721 3229 5774 sit
3264 5735 3472 5792 semper
3498 5724 3799 5793 vobiscum;
3831 5727 3884 5780 et

2243 5809 2438 5865 audito
2478 5809 2674 5880 populi
2712 5825 2987 5879 responso
3020 5811 3161 5882 legit
3198 5813 3592 5884 Prophetiam,
3622 5818 3697 5873 ad
3727 5820 3882 5889 cujus

2241 5902 2470 5958 titulum
2506 5902 2751 5974 populus
2790 5902 3123 5975 respondet,
3150 5908 3255 5964 Deo
3289 5911 3523 5978 gratias,
3550 5913 3609 5966 et
3649 5911 3709 5969 in
3746 5912 3877 5980 ﬂne,
