  <div class='ocr_page' id='page_1' title='image "/cluster/home/n/w/nwhite01/storage/ocr_20150623/72/uva.x000827084/074.png"; bbox 0 0 4020 6232; ppageno 0'>
   <div class='ocr_carea' id='block_1_1' title="bbox 175 348 2548 426">
    <p class='ocr_par' dir='ltr' id='par_1_1' title="bbox 175 348 2548 426">
     <span class='ocr_line' id='line_1_1' title="bbox 175 348 2548 426; baseline 0.001 -8"><span class='ocrx_word' id='word_1_1' title='bbox 175 348 264 419; x_wconf 63' lang='lat' dir='ltr'><strong>il?</strong></span> <span class='ocrx_word' id='word_1_2' title='bbox 1158 363 1247 421; x_wconf 87' lang='lat' dir='ltr'><strong>DE</strong></span> <span class='ocrx_word' id='word_1_3' title='bbox 1285 360 1599 422; x_wconf 83' lang='lat' dir='ltr'><strong>LITURGIA</strong></span> <span class='ocrx_word' id='word_1_4' title='bbox 1634 362 2008 423; x_wconf 79' lang='lat' dir='ltr'><strong>GALLICANA</strong></span> <span class='ocrx_word' id='word_1_5' title='bbox 2044 362 2244 426; x_wconf 83' lang='lat' dir='ltr'><strong>LIBER</strong></span> <span class='ocrx_word' id='word_1_6' title='bbox 2280 358 2548 425; x_wconf 75' lang='lat' dir='ltr'><strong>PRIMUS.</strong></span> 
     </span>
    </p>
   </div>
   <div class='ocr_carea' id='block_1_2' title="bbox 3430 346 3534 420">
    <p class='ocr_par' dir='ltr' id='par_1_2' title="bbox 3430 346 3534 420">
     <span class='ocr_line' id='line_1_2' title="bbox 3430 346 3534 420; baseline 0 0"><span class='ocrx_word' id='word_1_7' title='bbox 3430 346 3534 420; x_wconf 72' lang='lat' dir='ltr'><strong>ut</strong></span> 
     </span>
    </p>
   </div>
   <div class='ocr_carea' id='block_1_3' title="bbox 167 460 3534 561">
    <p class='ocr_par' dir='ltr' id='par_1_3' title="bbox 167 460 3534 561">
     <span class='ocr_line' id='line_1_3' title="bbox 167 460 3534 561; baseline -0.001 -30"><span class='ocrx_word' id='word_1_8' title='bbox 167 471 343 531; x_wconf 75' lang='lat' dir='ltr'><strong>Amen.</strong></span> <span class='ocrx_word' id='word_1_9' title='bbox 374 464 607 526; x_wconf 81' lang='lat' dir='ltr'><strong>Deinde</strong></span> <span class='ocrx_word' id='word_1_10' title='bbox 646 467 894 543; x_wconf 83' lang='lat' dir='ltr'><strong>repetita</strong></span> <span class='ocrx_word' id='word_1_11' title='bbox 922 469 1268 528; x_wconf 73' lang='lat' dir='ltr'><strong>salutatione</strong></span> <span class='ocrx_word' id='word_1_12' title='bbox 1297 472 1524 529; x_wconf 87' lang='lat' dir='ltr'><strong>canitur</strong></span> <span class='ocrx_word' id='word_1_13' title='bbox 1552 476 1654 529; x_wconf 89' lang='lat' dir='ltr'><strong>aut</strong></span> <span class='ocrx_word' id='word_1_14' title='bbox 1676 489 1805 547; x_wconf 85' lang='lat' dir='ltr'><strong>pro-</strong></span> <span class='ocrx_word' id='word_1_15' title='bbox 1823 484 1884 561; x_wconf 79' lang='grc' dir='ltr'><strong>Α</strong></span> <span class='ocrx_word' id='word_1_16' title='bbox 1904 477 2014 530; x_wconf 88' lang='lat' dir='ltr'><strong>tur.</strong></span> <span class='ocrx_word' id='word_1_17' title='bbox 2042 474 2185 531; x_wconf 88' lang='lat' dir='ltr'><strong>Tum</strong></span> <span class='ocrx_word' id='word_1_18' title='bbox 2216 473 2467 531; x_wconf 80' lang='lat' dir='ltr'><strong>hostiam</strong></span> <span class='ocrx_word' id='word_1_19' title='bbox 2499 473 2685 531; x_wconf 81' lang='lat' dir='ltr'><strong>elevat</strong></span> <span class='ocrx_word' id='word_1_20' title='bbox 2712 487 2831 529; x_wconf 91' lang='lat' dir='ltr'><strong>non</strong></span> <span class='ocrx_word' id='word_1_21' title='bbox 2858 469 3077 528; x_wconf 90' lang='lat' dir='ltr'><strong>elevato</strong></span> <span class='ocrx_word' id='word_1_22' title='bbox 3104 460 3297 528; x_wconf 86' lang='lat' dir='ltr'><strong>calice.</strong></span> <span class='ocrx_word' id='word_1_23' title='bbox 3327 468 3534 527; x_wconf 88' lang='lat' dir='ltr'><strong>Postea</strong></span> 
     </span>
    </p>
   </div>
   <div class='ocr_carea' id='block_1_4' title="bbox 168 563 1798 637">
    <p class='ocr_par' dir='ltr' id='par_1_4' title="bbox 168 563 1798 637">
     <span class='ocr_line' id='line_1_4' title="bbox 168 563 1798 637; baseline 0.002 -17"><span class='ocrx_word' id='word_1_24' title='bbox 168 564 336 620; x_wconf 77' lang='lat' dir='ltr'><strong>fertur</strong></span> <span class='ocrx_word' id='word_1_25' title='bbox 358 563 762 632; x_wconf 88' lang='lat' dir='ltr'><strong>Psallendum,</strong></span> <span class='ocrx_word' id='word_1_26' title='bbox 791 564 943 637; x_wconf 90' lang='lat' dir='ltr'><strong>quod</strong></span> <span class='ocrx_word' id='word_1_27' title='bbox 972 564 1126 620; x_wconf 90' lang='lat' dir='ltr'><strong>idem</strong></span> <span class='ocrx_word' id='word_1_28' title='bbox 1156 570 1243 621; x_wconf 91' lang='lat' dir='ltr'><strong>est</strong></span> <span class='ocrx_word' id='word_1_29' title='bbox 1270 583 1403 621; x_wconf 89' lang='lat' dir='ltr'><strong>cum</strong></span> <span class='ocrx_word' id='word_1_30' title='bbox 1432 570 1629 623; x_wconf 89' lang='lat' dir='ltr'><strong>nostra</strong></span> <span class='ocrx_word' id='word_1_31' title='bbox 1661 568 1798 624; x_wconf 87' lang='lat' dir='ltr'><strong>Gra-</strong></span> 
     </span>
    </p>
   </div>
   <div class='ocr_carea' id='block_1_5' title="bbox 172 656 1804 728">
    <p class='ocr_par' dir='ltr' id='par_1_5' title="bbox 172 656 1804 728">
     <span class='ocr_line' id='line_1_5' title="bbox 172 656 1804 728; baseline 0.002 -15"><span class='ocrx_word' id='word_1_32' title='bbox 172 656 331 713; x_wconf 88' lang='lat' dir='ltr'><strong>duali.</strong></span> <span class='ocrx_word' id='word_1_33' title='bbox 367 657 583 712; x_wconf 80' lang='lat' dir='ltr'><strong>Postea</strong></span> <span class='ocrx_word' id='word_1_34' title='bbox 623 658 891 714; x_wconf 81' lang='lat' dir='ltr'><strong>sacerdos</strong></span> <span class='ocrx_word' id='word_1_35' title='bbox 937 659 1024 713; x_wconf 90' lang='lat' dir='ltr'><strong>vel</strong></span> <span class='ocrx_word' id='word_1_36' title='bbox 1071 659 1349 715; x_wconf 79' lang='lat' dir='ltr'><strong>diaconus</strong></span> <span class='ocrx_word' id='word_1_37' title='bbox 1388 660 1487 728; x_wconf 87' lang='lat' dir='ltr'><strong>ait,</strong></span> <span class='ocrx_word' id='word_1_38' title='bbox 1517 661 1804 717; x_wconf 75' lang='lat' dir='ltr'><strong>Silentium</strong></span> 
     </span>
    </p>
   </div>
   <div class='ocr_carea' id='block_1_6' title="bbox 167 751 1803 824">
    <p class='ocr_par' dir='ltr' id='par_1_6' title="bbox 167 751 1803 824">
     <span class='ocr_line' id='line_1_6' title="bbox 167 751 1803 824; baseline 0.002 -19"><span class='ocrx_word' id='word_1_39' title='bbox 167 753 340 818; x_wconf 80' lang='lat' dir='ltr'><strong>facite,</strong></span> <span class='ocrx_word' id='word_1_40' title='bbox 362 754 692 822; x_wconf 83' lang='lat' dir='ltr'><strong>antequam</strong></span> <span class='ocrx_word' id='word_1_41' title='bbox 715 751 1097 808; x_wconf 86' lang='lat' dir='ltr'><strong>subdiaconus</strong></span> <span class='ocrx_word' id='word_1_42' title='bbox 1116 753 1429 823; x_wconf 89' lang='lat' dir='ltr'><strong>Epistolam</strong></span> <span class='ocrx_word' id='word_1_43' title='bbox 1449 754 1624 824; x_wconf 86' lang='lat' dir='ltr'><strong>legat.</strong></span> <span class='ocrx_word' id='word_1_44' title='bbox 1647 755 1803 809; x_wconf 86' lang='lat' dir='ltr'><strong>Hanc</strong></span> 
     </span>
    </p>
   </div>
   <div class='ocr_carea' id='block_1_7' title="bbox 170 843 1801 919">
    <p class='ocr_par' dir='ltr' id='par_1_7' title="bbox 170 843 1801 919">
     <span class='ocr_line' id='line_1_7' title="bbox 170 843 1801 919; baseline 0.002 -21"><span class='ocrx_word' id='word_1_45' title='bbox 170 843 524 915; x_wconf 85' lang='lat' dir='ltr'><strong>subsequitur</strong></span> <span class='ocrx_word' id='word_1_46' title='bbox 545 844 723 899; x_wconf 88' lang='lat' dir='ltr'><strong>lectio</strong></span> <span class='ocrx_word' id='word_1_47' title='bbox 747 844 1062 916; x_wconf 81' lang='lat' dir='ltr'><strong>Evangelii,</strong></span> <span class='ocrx_word' id='word_1_48' title='bbox 1083 861 1196 917; x_wconf 92' lang='lat' dir='ltr'><strong>quo</strong></span> <span class='ocrx_word' id='word_1_49' title='bbox 1214 845 1378 901; x_wconf 93' lang='lat' dir='ltr'><strong>ﬁnito</strong></span> <span class='ocrx_word' id='word_1_50' title='bbox 1399 847 1801 919; x_wconf 86' lang='lat' dir='ltr'><strong>respondetur,</strong></span> 
     </span>
    </p>
   </div>
   <div class='ocr_carea' id='block_1_8' title="bbox 170 936 1802 1011">
    <p class='ocr_par' dir='ltr' id='par_1_8' title="bbox 170 936 1802 1011">
     <span class='ocr_line' id='line_1_8' title="bbox 170 936 1802 1011; baseline 0.002 -19"><span class='ocrx_word' id='word_1_51' title='bbox 170 939 344 993; x_wconf 79' lang='lat' dir='ltr'><strong>Amen.</strong></span> <span class='ocrx_word' id='word_1_52' title='bbox 374 936 545 1001; x_wconf 88' lang='lat' dir='ltr'><strong>Quod</strong></span> <span class='ocrx_word' id='word_1_53' title='bbox 590 942 822 992; x_wconf 90' lang='lat' dir='ltr'><strong>sanctus</strong></span> <span class='ocrx_word' id='word_1_54' title='bbox 859 937 1202 992; x_wconf 86' lang='lat' dir='ltr'><strong>Benedictus</strong></span> <span class='ocrx_word' id='word_1_55' title='bbox 1240 942 1370 1010; x_wconf 91' lang='lat' dir='ltr'><strong>post</strong></span> <span class='ocrx_word' id='word_1_56' title='bbox 1407 939 1705 1011; x_wconf 79' lang='lat' dir='ltr'><strong>Evangelii</strong></span> <span class='ocrx_word' id='word_1_57' title='bbox 1742 940 1802 995; x_wconf 90' lang='lat' dir='ltr'><strong>in</strong></span> 
     </span>
    </p>
   </div>
   <div class='ocr_carea' id='block_1_9' title="bbox 169 1028 1804 1104">
    <p class='ocr_par' dir='ltr' id='par_1_9' title="bbox 169 1028 1804 1104">
     <span class='ocr_line' id='line_1_9' title="bbox 169 1028 1804 1104; baseline 0.002 -21"><span class='ocrx_word' id='word_1_58' title='bbox 169 1028 361 1100; x_wconf 73' lang='lat' dir='ltr'><strong>vigiliis</strong></span> <span class='ocrx_word' id='word_1_59' title='bbox 382 1030 692 1085; x_wconf 86' lang='lat' dir='ltr'><strong>nocturnis</strong></span> <span class='ocrx_word' id='word_1_60' title='bbox 711 1030 1023 1087; x_wconf 88' lang='lat' dir='ltr'><strong>lectionem</strong></span> <span class='ocrx_word' id='word_1_61' title='bbox 1045 1032 1350 1103; x_wconf 89' lang='lat' dir='ltr'><strong>prescribit</strong></span> <span class='ocrx_word' id='word_1_62' title='bbox 1370 1032 1428 1086; x_wconf 92' lang='lat' dir='ltr'><strong>in</strong></span> <span class='ocrx_word' id='word_1_63' title='bbox 1449 1034 1666 1104; x_wconf 64' lang='lat' dir='ltr'><strong>regulae</strong></span> <span class='ocrx_word' id='word_1_64' title='bbox 1688 1050 1804 1088; x_wconf 59' lang='lat' dir='ltr'><strong>suae</strong></span> 
     </span>
    </p>
   </div>
   <div class='ocr_carea' id='block_1_10' title="bbox 171 1123 1804 1197">
    <p class='ocr_par' dir='ltr' id='par_1_10' title="bbox 171 1123 1804 1197">
     <span class='ocr_line' id='line_1_10' title="bbox 171 1123 1804 1197; baseline 0.002 -21"><span class='ocrx_word' id='word_1_65' title='bbox 171 1139 284 1193; x_wconf 85' lang='lat' dir='ltr'><strong>cap.</strong></span> <span class='ocrx_word' id='word_1_66' title='bbox 330 1126 413 1177; x_wconf 86' lang='lat' dir='ltr'><strong>ll.</strong></span> <span class='ocrx_word' id='word_1_67' title='bbox 461 1123 642 1178; x_wconf 87' lang='lat' dir='ltr'><strong>Lecto</strong></span> <span class='ocrx_word' id='word_1_68' title='bbox 691 1124 1003 1195; x_wconf 91' lang='lat' dir='ltr'><strong>Evangelia</strong></span> <span class='ocrx_word' id='word_1_69' title='bbox 1048 1128 1179 1197; x_wconf 91' lang='lat' dir='ltr'><strong>post</strong></span> <span class='ocrx_word' id='word_1_70' title='bbox 1221 1126 1627 1181; x_wconf 84' lang='lat' dir='ltr'><strong>salutationem</strong></span> <span class='ocrx_word' id='word_1_71' title='bbox 1671 1143 1804 1183; x_wconf 83' lang='lat' dir='ltr'><strong>mox</strong></span> 
     </span>
    </p>
   </div>
   <div class='ocr_carea' id='block_1_11' title="bbox 171 1216 1805 1274">
    <p class='ocr_par' dir='ltr' id='par_1_11' title="bbox 171 1216 1805 1274">
     <span class='ocr_line' id='line_1_11' title="bbox 171 1216 1805 1274; baseline 0.002 -4"><span class='ocrx_word' id='word_1_72' title='bbox 171 1217 420 1270; x_wconf 89' lang='lat' dir='ltr'><strong>cantatur</strong></span> <span class='ocrx_word' id='word_1_73' title='bbox 461 1216 716 1270; x_wconf 81' lang='lat' dir='ltr'><strong>Alleluia</strong></span> <span class='ocrx_word' id='word_1_74' title='bbox 754 1233 886 1271; x_wconf 90' lang='lat' dir='ltr'><strong>cum</strong></span> <span class='ocrx_word' id='word_1_75' title='bbox 929 1234 1031 1272; x_wconf 88' lang='lat' dir='ltr'><strong>suo</strong></span> <span class='ocrx_word' id='word_1_76' title='bbox 1071 1233 1256 1272; x_wconf 90' lang='lat' dir='ltr'><strong>versu.</strong></span> <span class='ocrx_word' id='word_1_77' title='bbox 1296 1217 1563 1274; x_wconf 89' lang='lat' dir='ltr'><strong>Succedit</strong></span> <span class='ocrx_word' id='word_1_78' title='bbox 1605 1219 1805 1274; x_wconf 66' lang='lat' dir='ltr'><strong>hostiae</strong></span> 
     </span>
    </p>
   </div>
   <div class='ocr_carea' id='block_1_12' title="bbox 174 1308 1802 1383">
    <p class='ocr_par' dir='ltr' id='par_1_12' title="bbox 174 1308 1802 1383">
     <span class='ocr_line' id='line_1_12' title="bbox 174 1308 1802 1383; baseline 0.002 -20"><span class='ocrx_word' id='word_1_79' title='bbox 174 1308 372 1363; x_wconf 90' lang='lat' dir='ltr'><strong>oblatio</strong></span> <span class='ocrx_word' id='word_1_80' title='bbox 418 1326 557 1363; x_wconf 86' lang='lat' dir='ltr'><strong>cum</strong></span> <span class='ocrx_word' id='word_1_81' title='bbox 606 1309 890 1377; x_wconf 88' lang='lat' dir='ltr'><strong>aratione,</strong></span> <span class='ocrx_word' id='word_1_82' title='bbox 940 1326 1115 1381; x_wconf 89' lang='lat' dir='ltr'><strong>quam</strong></span> <span class='ocrx_word' id='word_1_83' title='bbox 1166 1311 1425 1383; x_wconf 87' lang='lat' dir='ltr'><strong>sequitur</strong></span> <span class='ocrx_word' id='word_1_84' title='bbox 1471 1312 1585 1367; x_wconf 87' lang='lat' dir='ltr'><strong>alia</strong></span> <span class='ocrx_word' id='word_1_85' title='bbox 1629 1312 1802 1380; x_wconf 90' lang='lat' dir='ltr'><strong>dicta,</strong></span> 
     </span>
    </p>
   </div>
   <div class='ocr_carea' id='block_1_13' title="bbox 171 1401 1805 1475">
    <p class='ocr_par' dir='ltr' id='par_1_13' title="bbox 171 1401 1805 1475">
     <span class='ocr_line' id='line_1_13' title="bbox 171 1401 1805 1475; baseline 0.003 -20"><span class='ocrx_word' id='word_1_86' title='bbox 171 1401 293 1455; x_wconf 85' lang='lat' dir='ltr'><strong>Post</strong></span> <span class='ocrx_word' id='word_1_87' title='bbox 337 1401 724 1469; x_wconf 87' lang='lat' dir='ltr'><strong>oblationem,</strong></span> <span class='ocrx_word' id='word_1_88' title='bbox 776 1402 867 1456; x_wconf 90' lang='lat' dir='ltr'><strong>his</strong></span> <span class='ocrx_word' id='word_1_89' title='bbox 912 1404 1121 1470; x_wconf 87' lang='lat' dir='ltr'><strong>verbis,</strong></span> <span class='ocrx_word' id='word_1_90' title='bbox 1166 1406 1230 1460; x_wconf 87' lang='lat' dir='ltr'><strong>In</strong></span> <span class='ocrx_word' id='word_1_91' title='bbox 1273 1406 1475 1475; x_wconf 75' lang='lat' dir='ltr'><strong>spiritu</strong></span> <span class='ocrx_word' id='word_1_92' title='bbox 1519 1406 1805 1461; x_wconf 79' lang='lat' dir='ltr'><strong>humilita-</strong></span> 
     </span>
    </p>
   </div>
   <div class='ocr_carea' id='block_1_14' title="bbox 173 1496 1801 1567">
    <p class='ocr_par' dir='ltr' id='par_1_14' title="bbox 173 1496 1801 1567">
     <span class='ocr_line' id='line_1_14' title="bbox 173 1496 1801 1567; baseline 0.002 -19"><span class='ocrx_word' id='word_1_93' title='bbox 173 1496 251 1556; x_wconf 84' lang='lat' dir='ltr'><strong>tis,</strong></span> <span class='ocrx_word' id='word_1_94' title='bbox 305 1497 412 1548; x_wconf 86' lang='lat' dir='ltr'><strong>etc.</strong></span> <span class='ocrx_word' id='word_1_95' title='bbox 481 1497 652 1557; x_wconf 87' lang='lat' dir='ltr'><strong>Veni,</strong></span> <span class='ocrx_word' id='word_1_96' title='bbox 707 1500 890 1551; x_wconf 80' lang='lat' dir='ltr'><strong>sancte</strong></span> <span class='ocrx_word' id='word_1_97' title='bbox 950 1498 1191 1566; x_wconf 76' lang='lat' dir='ltr'><strong>Spiritus</strong></span> <span class='ocrx_word' id='word_1_98' title='bbox 1240 1499 1634 1567; x_wconf 76' lang='lat' dir='ltr'><strong>sanctiﬁcator,</strong></span> <span class='ocrx_word' id='word_1_99' title='bbox 1693 1501 1801 1553; x_wconf 88' lang='lat' dir='ltr'><strong>etc.</strong></span> 
     </span>
    </p>
   </div>
   <div class='ocr_carea' id='block_1_15' title="bbox 172 1587 1804 1659">
    <p class='ocr_par' dir='ltr' id='par_1_15' title="bbox 172 1587 1804 1659">
     <span class='ocr_line' id='line_1_15' title="bbox 172 1587 1804 1659; baseline 0.003 -19"><span class='ocrx_word' id='word_1_100' title='bbox 172 1587 301 1640; x_wconf 87' lang='lat' dir='ltr'><strong>Dein</strong></span> <span class='ocrx_word' id='word_1_101' title='bbox 334 1587 611 1642; x_wconf 88' lang='lat' dir='ltr'><strong>sacerdos</strong></span> <span class='ocrx_word' id='word_1_102' title='bbox 636 1587 793 1656; x_wconf 87' lang='lat' dir='ltr'><strong>dicit,</strong></span> <span class='ocrx_word' id='word_1_103' title='bbox 824 1589 1103 1659; x_wconf 85' lang='lat' dir='ltr'><strong>Adjuvate</strong></span> <span class='ocrx_word' id='word_1_104' title='bbox 1130 1606 1235 1653; x_wconf 90' lang='lat' dir='ltr'><strong>me,</strong></span> <span class='ocrx_word' id='word_1_105' title='bbox 1264 1592 1491 1657; x_wconf 79' lang='lat' dir='ltr'><strong>fratres,</strong></span> <span class='ocrx_word' id='word_1_106' title='bbox 1521 1593 1654 1657; x_wconf 91' lang='lat' dir='ltr'><strong>etc.,</strong></span> <span class='ocrx_word' id='word_1_107' title='bbox 1682 1594 1804 1646; x_wconf 92' lang='lat' dir='ltr'><strong>tum</strong></span> 
     </span>
    </p>
   </div>
   <div class='ocr_carea' id='block_1_16' title="bbox 173 1679 1802 1752">
    <p class='ocr_par' dir='ltr' id='par_1_16' title="bbox 173 1679 1802 1752">
     <span class='ocr_line' id='line_1_16' title="bbox 173 1679 1802 1752; baseline 0.002 -18"><span class='ocrx_word' id='word_1_108' title='bbox 173 1679 381 1734; x_wconf 87' lang='lat' dir='ltr'><strong>canitur</strong></span> <span class='ocrx_word' id='word_1_109' title='bbox 438 1679 823 1748; x_wconf 89' lang='lat' dir='ltr'><strong>Sacriﬁcium,</strong></span> <span class='ocrx_word' id='word_1_110' title='bbox 888 1681 1045 1752; x_wconf 89' lang='lat' dir='ltr'><strong>quod</strong></span> <span class='ocrx_word' id='word_1_111' title='bbox 1101 1681 1462 1737; x_wconf 80' lang='lat' dir='ltr'><strong>oﬁ&#39;ertarium</strong></span> <span class='ocrx_word' id='word_1_112' title='bbox 1513 1699 1802 1738; x_wconf 88' lang='lat' dir='ltr'><strong>vacamus.</strong></span> 
     </span>
    </p>
   </div>
   <div class='ocr_carea' id='block_1_17' title="bbox 170 1773 1271 1843">
    <p class='ocr_par' dir='ltr' id='par_1_17' title="bbox 170 1773 1271 1843">
     <span class='ocr_line' id='line_1_17' title="bbox 170 1773 1271 1843; baseline 0.003 -16"><span class='ocrx_word' id='word_1_113' title='bbox 170 1773 454 1843; x_wconf 85' lang='lat' dir='ltr'><strong>Hucusque</strong></span> <span class='ocrx_word' id='word_1_114' title='bbox 486 1773 668 1828; x_wconf 86' lang='lat' dir='ltr'><strong>missa</strong></span> <span class='ocrx_word' id='word_1_115' title='bbox 699 1775 1271 1830; x_wconf 88' lang='lat' dir='ltr'><strong>cathecumenarum.</strong></span> 
     </span>
    </p>
   </div>
   <div class='ocr_carea' id='block_1_18' title="bbox 1904 561 3537 639">
    <p class='ocr_par' dir='ltr' id='par_1_18' title="bbox 1904 561 3537 639">
     <span class='ocr_line' id='line_1_18' title="bbox 1904 561 3537 639; baseline -0.002 -14"><span class='ocrx_word' id='word_1_116' title='bbox 1904 585 2034 625; x_wconf 88' lang='lat' dir='ltr'><strong>eam</strong></span> <span class='ocrx_word' id='word_1_117' title='bbox 2060 571 2266 624; x_wconf 90' lang='lat' dir='ltr'><strong>tenens</strong></span> <span class='ocrx_word' id='word_1_118' title='bbox 2294 584 2467 639; x_wconf 89' lang='lat' dir='ltr'><strong>supra</strong></span> <span class='ocrx_word' id='word_1_119' title='bbox 2491 566 2751 635; x_wconf 87' lang='lat' dir='ltr'><strong>calicem,</strong></span> <span class='ocrx_word' id='word_1_120' title='bbox 2779 565 2985 623; x_wconf 88' lang='lat' dir='ltr'><strong>recitat</strong></span> <span class='ocrx_word' id='word_1_121' title='bbox 3005 564 3343 637; x_wconf 85' lang='lat' dir='ltr'><strong>Symbolum</strong></span> <span class='ocrx_word' id='word_1_122' title='bbox 3361 561 3537 621; x_wconf 64' lang='lat' dir='ltr'><strong>Nice-</strong></span> 
     </span>
    </p>
   </div>
   <div class='ocr_carea' id='block_1_19' title="bbox 1903 657 3535 731">
    <p class='ocr_par' dir='ltr' id='par_1_19' title="bbox 1903 657 3535 731">
     <span class='ocr_line' id='line_1_19' title="bbox 1903 657 3535 731; baseline -0.002 -14"><span class='ocrx_word' id='word_1_123' title='bbox 1903 678 2044 717; x_wconf 90' lang='lat' dir='ltr'><strong>num</strong></span> <span class='ocrx_word' id='word_1_124' title='bbox 2084 680 2184 716; x_wconf 92' lang='lat' dir='ltr'><strong>seu</strong></span> <span class='ocrx_word' id='word_1_125' title='bbox 2222 662 2326 717; x_wconf 69' lang='grc' dir='ltr'><strong>(ΞΡ.</strong></span> <span class='ocrx_word' id='word_1_126' title='bbox 2364 661 2480 717; x_wconf 90' lang='lat' dir='ltr'><strong>Sub</strong></span> <span class='ocrx_word' id='word_1_127' title='bbox 2511 661 2634 716; x_wconf 72' lang='lat' dir='ltr'><strong>haec</strong></span> <span class='ocrx_word' id='word_1_128' title='bbox 2676 660 2896 731; x_wconf 80' lang='lat' dir='ltr'><strong>frangit</strong></span> <span class='ocrx_word' id='word_1_129' title='bbox 2937 658 3189 715; x_wconf 87' lang='lat' dir='ltr'><strong>hostiam</strong></span> <span class='ocrx_word' id='word_1_130' title='bbox 3224 657 3285 713; x_wconf 91' lang='lat' dir='ltr'><strong>in</strong></span> <span class='ocrx_word' id='word_1_131' title='bbox 3327 673 3535 714; x_wconf 89' lang='lat' dir='ltr'><strong>navem</strong></span> 
     </span>
    </p>
   </div>
   <div class='ocr_carea' id='block_1_20' title="bbox 1903 752 3534 828">
    <p class='ocr_par' dir='ltr' id='par_1_20' title="bbox 1903 752 3534 828">
     <span class='ocr_line' id='line_1_20' title="bbox 1903 752 3534 828; baseline -0.002 -17"><span class='ocrx_word' id='word_1_132' title='bbox 1903 756 2231 828; x_wconf 89' lang='lat' dir='ltr'><strong>particulas,</strong></span> <span class='ocrx_word' id='word_1_133' title='bbox 2258 771 2386 826; x_wconf 67' lang='lat' dir='ltr'><strong>qum</strong></span> <span class='ocrx_word' id='word_1_134' title='bbox 2413 754 2503 808; x_wconf 90' lang='lat' dir='ltr'><strong>his</strong></span> <span class='ocrx_word' id='word_1_135' title='bbox 2533 753 2865 809; x_wconf 89' lang='lat' dir='ltr'><strong>nominibus</strong></span> <span class='ocrx_word' id='word_1_136' title='bbox 2895 752 3293 824; x_wconf 87' lang='lat' dir='ltr'><strong>designantur,</strong></span> <span class='ocrx_word' id='word_1_137' title='bbox 3319 752 3534 824; x_wconf 88' lang='lat' dir='ltr'><strong>Corpo-</strong></span> 
     </span>
    </p>
   </div>
   <div class='ocr_carea' id='block_1_21' title="bbox 1902 843 3533 921">
    <p class='ocr_par' dir='ltr' id='par_1_21' title="bbox 1902 843 3533 921">
     <span class='ocr_line' id='line_1_21' title="bbox 1902 843 3533 921; baseline -0.002 -20"><span class='ocrx_word' id='word_1_138' title='bbox 1902 848 2071 915; x_wconf 89' lang='lat' dir='ltr'><strong>ratio,</strong></span> <span class='ocrx_word' id='word_1_139' title='bbox 2097 846 2146 921; x_wconf 80' lang='grc'>1</span> <span class='ocrx_word' id='word_1_140' title='bbox 2163 845 2224 920; x_wconf 82' lang='lat'><em>3</em></span> <span class='ocrx_word' id='word_1_141' title='bbox 2245 846 2538 913; x_wconf 86' lang='lat' dir='ltr'><strong>Nativitas,</strong></span> <span class='ocrx_word' id='word_1_142' title='bbox 2566 845 2955 913; x_wconf 88' lang='lat' dir='ltr'><strong>Circumcisio,</strong></span> <span class='ocrx_word' id='word_1_143' title='bbox 2977 844 3297 916; x_wconf 86' lang='lat' dir='ltr'><strong>Apparitia,</strong></span> <span class='ocrx_word' id='word_1_144' title='bbox 3320 843 3533 912; x_wconf 89' lang='lat' dir='ltr'><strong>Passio,</strong></span> 
     </span>
    </p>
   </div>
   <div class='ocr_carea' id='block_1_22' title="bbox 1902 937 3536 1010">
    <p class='ocr_par' dir='ltr' id='par_1_22' title="bbox 1902 937 3536 1010">
     <span class='ocr_line' id='line_1_22' title="bbox 1902 937 3536 1010; baseline -0.003 -13"><span class='ocrx_word' id='word_1_145' title='bbox 1902 942 2067 1008; x_wconf 87' lang='lat' dir='ltr'><strong>Mars,</strong></span> <span class='ocrx_word' id='word_1_146' title='bbox 2096 939 2477 1006; x_wconf 85' lang='lat' dir='ltr'><strong>Resurrectio,</strong></span> <span class='ocrx_word' id='word_1_147' title='bbox 2509 939 2720 1007; x_wconf 88' lang='lat' dir='ltr'><strong>Gloria,</strong></span> <span class='ocrx_word' id='word_1_148' title='bbox 2749 939 3033 1010; x_wconf 82' lang='lat' dir='ltr'><strong>Regnum.</strong></span> <span class='ocrx_word' id='word_1_149' title='bbox 3069 937 3207 1003; x_wconf 68' lang='lat' dir='ltr'><strong>Quae</strong></span> <span class='ocrx_word' id='word_1_150' title='bbox 3241 937 3536 1008; x_wconf 62' lang='lat' dir='ltr'><strong>particula</strong></span> 
     </span>
    </p>
   </div>
   <div class='ocr_carea' id='block_1_23' title="bbox 1902 1031 3539 1104">
    <p class='ocr_par' dir='ltr' id='par_1_23' title="bbox 1902 1031 3539 1104">
     <span class='ocr_line' id='line_1_23' title="bbox 1902 1031 3539 1104; baseline -0.002 -16"><span class='ocrx_word' id='word_1_151' title='bbox 1902 1034 1964 1088; x_wconf 92' lang='lat' dir='ltr'><strong>in</strong></span> <span class='ocrx_word' id='word_1_152' title='bbox 1995 1034 2177 1089; x_wconf 89' lang='lat' dir='ltr'><strong>crucis</strong></span> <span class='ocrx_word' id='word_1_153' title='bbox 2200 1032 2440 1088; x_wconf 91' lang='lat' dir='ltr'><strong>modum</strong></span> <span class='ocrx_word' id='word_1_154' title='bbox 2473 1032 2860 1103; x_wconf 90' lang='lat' dir='ltr'><strong>disponuntur</strong></span> <span class='ocrx_word' id='word_1_155' title='bbox 2889 1048 3060 1104; x_wconf 90' lang='lat' dir='ltr'><strong>super</strong></span> <span class='ocrx_word' id='word_1_156' title='bbox 3089 1033 3383 1103; x_wconf 88' lang='lat' dir='ltr'><strong>patenam.</strong></span> <span class='ocrx_word' id='word_1_157' title='bbox 3414 1031 3539 1087; x_wconf 81' lang='lat' dir='ltr'><strong>Max</strong></span> 
     </span>
    </p>
   </div>
   <div class='ocr_carea' id='block_1_24' title="bbox 1904 1123 3540 1192">
    <p class='ocr_par' dir='ltr' id='par_1_24' title="bbox 1904 1123 3540 1192">
     <span class='ocr_line' id='line_1_24' title="bbox 1904 1123 3540 1192; baseline -0.001 -11"><span class='ocrx_word' id='word_1_158' title='bbox 1904 1128 2057 1182; x_wconf 87' lang='lat' dir='ltr'><strong>facta</strong></span> <span class='ocrx_word' id='word_1_159' title='bbox 2080 1127 2336 1182; x_wconf 88' lang='lat' dir='ltr'><strong>vivarum</strong></span> <span class='ocrx_word' id='word_1_160' title='bbox 2370 1124 2945 1192; x_wconf 88' lang='lat' dir='ltr'><strong>commemoratione,</strong></span> <span class='ocrx_word' id='word_1_161' title='bbox 2972 1123 3199 1179; x_wconf 89' lang='lat' dir='ltr'><strong>canitur</strong></span> <span class='ocrx_word' id='word_1_162' title='bbox 3225 1123 3409 1179; x_wconf 88' lang='lat' dir='ltr'><strong>oratio</strong></span> <span class='ocrx_word' id='word_1_163' title='bbox 3432 1124 3540 1179; x_wconf 91' lang='lat' dir='ltr'><strong>Do-</strong></span> 
     </span>
    </p>
   </div>
   <div class='ocr_carea' id='block_1_25' title="bbox 1905 1216 3539 1290">
    <p class='ocr_par' dir='ltr' id='par_1_25' title="bbox 1905 1216 3539 1290">
     <span class='ocr_line' id='line_1_25' title="bbox 1905 1216 3539 1290; baseline -0.003 -15"><span class='ocrx_word' id='word_1_164' title='bbox 1905 1220 2153 1287; x_wconf 87' lang='lat' dir='ltr'><strong>minica;</strong></span> <span class='ocrx_word' id='word_1_165' title='bbox 2195 1235 2309 1290; x_wconf 91' lang='lat' dir='ltr'><strong>qua</strong></span> <span class='ocrx_word' id='word_1_166' title='bbox 2339 1217 2655 1284; x_wconf 87' lang='lat' dir='ltr'><strong>recitanda,</strong></span> <span class='ocrx_word' id='word_1_167' title='bbox 2686 1216 2759 1271; x_wconf 91' lang='lat' dir='ltr'><strong>ad</strong></span> <span class='ocrx_word' id='word_1_168' title='bbox 2799 1217 3053 1289; x_wconf 88' lang='lat' dir='ltr'><strong>singulas</strong></span> <span class='ocrx_word' id='word_1_169' title='bbox 3077 1217 3205 1272; x_wconf 87' lang='lat' dir='ltr'><strong>fere</strong></span> <span class='ocrx_word' id='word_1_170' title='bbox 3230 1216 3539 1288; x_wconf 88' lang='lat' dir='ltr'><strong>petitiones</strong></span> 
     </span>
    </p>
   </div>
   <div class='ocr_carea' id='block_1_26' title="bbox 1904 1310 3544 1386">
    <p class='ocr_par' dir='ltr' id='par_1_26' title="bbox 1904 1310 3544 1386">
     <span class='ocr_line' id='line_1_26' title="bbox 1904 1310 3544 1386; baseline -0.002 -19"><span class='ocrx_word' id='word_1_171' title='bbox 1904 1313 2149 1386; x_wconf 90' lang='lat' dir='ltr'><strong>populus</strong></span> <span class='ocrx_word' id='word_1_172' title='bbox 2179 1310 2511 1383; x_wconf 87' lang='lat' dir='ltr'><strong>respondet,</strong></span> <span class='ocrx_word' id='word_1_173' title='bbox 2538 1312 2729 1366; x_wconf 85' lang='lat' dir='ltr'><strong>Amen.</strong></span> <span class='ocrx_word' id='word_1_174' title='bbox 2757 1310 2893 1365; x_wconf 87' lang='lat' dir='ltr'><strong>Post</strong></span> <span class='ocrx_word' id='word_1_175' title='bbox 2930 1310 3274 1378; x_wconf 90' lang='lat' dir='ltr'><strong>arationem,</strong></span> <span class='ocrx_word' id='word_1_176' title='bbox 3301 1310 3544 1367; x_wconf 86' lang='lat' dir='ltr'><strong>Liberati</strong></span> 
     </span>
    </p>
   </div>
   <div class='ocr_carea' id='block_1_27' title="bbox 1904 1402 3541 1475">
    <p class='ocr_par' dir='ltr' id='par_1_27' title="bbox 1904 1402 3541 1475">
     <span class='ocr_line' id='line_1_27' title="bbox 1904 1402 3541 1475; baseline -0.002 -14"><span class='ocrx_word' id='word_1_177' title='bbox 1904 1423 1939 1461; x_wconf 88' lang='lat' dir='ltr'><strong>a</strong></span> <span class='ocrx_word' id='word_1_178' title='bbox 1958 1408 2139 1469; x_wconf 90' lang='lat' dir='ltr'><strong>malis,</strong></span> <span class='ocrx_word' id='word_1_179' title='bbox 2163 1408 2294 1473; x_wconf 91' lang='lat' dir='ltr'><strong>etc.,</strong></span> <span class='ocrx_word' id='word_1_180' title='bbox 2318 1406 2595 1460; x_wconf 83' lang='lat' dir='ltr'><strong>Romanae</strong></span> <span class='ocrx_word' id='word_1_181' title='bbox 2616 1403 2992 1474; x_wconf 89' lang='lat' dir='ltr'><strong>persimilem,</strong></span> <span class='ocrx_word' id='word_1_182' title='bbox 3012 1403 3277 1459; x_wconf 87' lang='lat' dir='ltr'><strong>sacerdos</strong></span> <span class='ocrx_word' id='word_1_183' title='bbox 3296 1402 3541 1475; x_wconf 87' lang='lat' dir='ltr'><strong>particu-</strong></span> 
     </span>
    </p>
   </div>
   <div class='ocr_carea' id='block_1_28' title="bbox 1904 1494 3545 1570">
    <p class='ocr_par' dir='ltr' id='par_1_28' title="bbox 1904 1494 3545 1570">
     <span class='ocr_line' id='line_1_28' title="bbox 1904 1494 3545 1570; baseline -0.001 -17"><span class='ocrx_word' id='word_1_184' title='bbox 1904 1500 2021 1554; x_wconf 90' lang='lat' dir='ltr'><strong>lam</strong></span> <span class='ocrx_word' id='word_1_185' title='bbox 2051 1499 2315 1570; x_wconf 84' lang='lat' dir='ltr'><strong>Regnum</strong></span> <span class='ocrx_word' id='word_1_186' title='bbox 2355 1496 2618 1551; x_wconf 88' lang='lat' dir='ltr'><strong>immittit</strong></span> <span class='ocrx_word' id='word_1_187' title='bbox 2650 1496 2711 1550; x_wconf 90' lang='lat' dir='ltr'><strong>in</strong></span> <span class='ocrx_word' id='word_1_188' title='bbox 2751 1495 3012 1562; x_wconf 89' lang='lat' dir='ltr'><strong>calicem,</strong></span> <span class='ocrx_word' id='word_1_189' title='bbox 3048 1494 3313 1563; x_wconf 90' lang='lat' dir='ltr'><strong>dicendo,</strong></span> <span class='ocrx_word' id='word_1_190' title='bbox 3343 1497 3545 1553; x_wconf 86' lang='lat' dir='ltr'><strong>Sancta</strong></span> 
     </span>
    </p>
   </div>
   <div class='ocr_carea' id='block_1_29' title="bbox 1903 1588 3541 1661">
    <p class='ocr_par' dir='ltr' id='par_1_29' title="bbox 1903 1588 3541 1661">
     <span class='ocr_line' id='line_1_29' title="bbox 1903 1588 3541 1661; baseline -0.003 -14"><span class='ocrx_word' id='word_1_191' title='bbox 1903 1594 2125 1654; x_wconf 87' lang='lat' dir='ltr'><strong>sanctis,</strong></span> <span class='ocrx_word' id='word_1_192' title='bbox 2171 1596 2222 1646; x_wconf 87' lang='lat' dir='ltr'><strong>et</strong></span> <span class='ocrx_word' id='word_1_193' title='bbox 2267 1590 2563 1660; x_wconf 84' lang='lat' dir='ltr'><strong>conjunctio</strong></span> <span class='ocrx_word' id='word_1_194' title='bbox 2608 1591 2841 1661; x_wconf 85' lang='lat' dir='ltr'><strong>corporis</strong></span> <span class='ocrx_word' id='word_1_195' title='bbox 2885 1592 2937 1644; x_wconf 88' lang='lat' dir='ltr'><strong>et</strong></span> <span class='ocrx_word' id='word_1_196' title='bbox 2982 1590 3285 1658; x_wconf 74' lang='lat' dir='ltr'><strong>sanguinis,</strong></span> <span class='ocrx_word' id='word_1_197' title='bbox 3324 1590 3431 1642; x_wconf 87' lang='lat' dir='ltr'><strong>etc.</strong></span> <span class='ocrx_word' id='word_1_198' title='bbox 3478 1588 3541 1643; x_wconf 90' lang='lat' dir='ltr'><strong>In</strong></span> 
     </span>
    </p>
   </div>
   <div class='ocr_carea' id='block_1_30' title="bbox 1904 1680 3542 1756">
    <p class='ocr_par' dir='ltr' id='par_1_30' title="bbox 1904 1680 3542 1756">
     <span class='ocr_line' id='line_1_30' title="bbox 1904 1680 3542 1756; baseline -0.002 -17"><span class='ocrx_word' id='word_1_199' title='bbox 1904 1686 2201 1756; x_wconf 73' lang='lat' dir='ltr'><strong>Paschate,</strong></span> <span class='ocrx_word' id='word_1_200' title='bbox 2252 1684 2613 1750; x_wconf 86' lang='lat' dir='ltr'><strong>Pentecoste,</strong></span> <span class='ocrx_word' id='word_1_201' title='bbox 2661 1684 2719 1736; x_wconf 90' lang='lat' dir='ltr'><strong>et</strong></span> <span class='ocrx_word' id='word_1_202' title='bbox 2762 1682 2910 1736; x_wconf 84' lang='lat' dir='ltr'><strong>festo</strong></span> <span class='ocrx_word' id='word_1_203' title='bbox 2955 1680 3300 1735; x_wconf 89' lang='lat' dir='ltr'><strong>sanctissimi</strong></span> <span class='ocrx_word' id='word_1_204' title='bbox 3341 1680 3542 1736; x_wconf 89' lang='lat' dir='ltr'><strong>Sacra-</strong></span> 
     </span>
    </p>
   </div>
   <div class='ocr_carea' id='block_1_31' title="bbox 1908 1774 3544 1847">
    <p class='ocr_par' dir='ltr' id='par_1_31' title="bbox 1908 1774 3544 1847">
     <span class='ocr_line' id='line_1_31' title="bbox 1908 1774 3544 1847; baseline -0.002 -15"><span class='ocrx_word' id='word_1_205' title='bbox 1908 1777 2111 1845; x_wconf 90' lang='lat' dir='ltr'><strong>menti,</strong></span> <span class='ocrx_word' id='word_1_206' title='bbox 2130 1776 2398 1833; x_wconf 89' lang='lat' dir='ltr'><strong>sacerdos</strong></span> <span class='ocrx_word' id='word_1_207' title='bbox 2414 1776 2563 1831; x_wconf 90' lang='lat' dir='ltr'><strong>hanc</strong></span> <span class='ocrx_word' id='word_1_208' title='bbox 2578 1775 2921 1847; x_wconf 88' lang='lat' dir='ltr'><strong>particulam</strong></span> <span class='ocrx_word' id='word_1_209' title='bbox 2940 1777 3165 1841; x_wconf 90' lang='lat' dir='ltr'><strong>tenens,</strong></span> <span class='ocrx_word' id='word_1_210' title='bbox 3180 1777 3269 1828; x_wconf 90' lang='lat' dir='ltr'><strong>ter</strong></span> <span class='ocrx_word' id='word_1_211' title='bbox 3280 1774 3396 1828; x_wconf 87' lang='lat' dir='ltr'><strong>alta</strong></span> <span class='ocrx_word' id='word_1_212' title='bbox 3406 1788 3544 1828; x_wconf 89' lang='lat' dir='ltr'><strong>vace</strong></span> 
     </span>
    </p>
   </div>
   <div class='ocr_carea' id='block_1_32' title="bbox 240 1854 3541 1938">
    <p class='ocr_par' dir='ltr' id='par_1_32' title="bbox 240 1854 3541 1938">
     <span class='ocr_line' id='line_1_32' title="bbox 240 1854 3541 1938; baseline 0 -18"><span class='ocrx_word' id='word_1_213' title='bbox 240 1869 315 1921; x_wconf 89' lang='lat' dir='ltr'><strong>ll.</strong></span> <span class='ocrx_word' id='word_1_214' title='bbox 354 1866 450 1920; x_wconf 86' lang='lat' dir='ltr'><strong>His</strong></span> <span class='ocrx_word' id='word_1_215' title='bbox 491 1867 729 1933; x_wconf 79' lang='lat' dir='ltr'><strong>exactis,</strong></span> <span class='ocrx_word' id='word_1_216' title='bbox 772 1867 1041 1923; x_wconf 74' lang='lat' dir='ltr'><strong>Sacerdos</strong></span> <span class='ocrx_word' id='word_1_217' title='bbox 1077 1886 1283 1923; x_wconf 89' lang='lat' dir='ltr'><strong>manus</strong></span> <span class='ocrx_word' id='word_1_218' title='bbox 1324 1870 1525 1937; x_wconf 86' lang='lat' dir='ltr'><strong>abluit,</strong></span> <span class='ocrx_word' id='word_1_219' title='bbox 1556 1873 1615 1925; x_wconf 91' lang='lat' dir='ltr'><strong>et</strong></span> <span class='ocrx_word' id='word_1_220' title='bbox 1653 1870 1804 1926; x_wconf 91' lang='lat' dir='ltr'><strong>dicta</strong></span> <span class='ocrx_word' id='word_1_221' title='bbox 1823 1854 1881 1927; x_wconf 85' lang='lat' dir='ltr'><strong>B</strong></span> <span class='ocrx_word' id='word_1_222' title='bbox 1906 1871 2045 1926; x_wconf 86' lang='lat' dir='ltr'><strong>dicit</strong></span> <span class='ocrx_word' id='word_1_223' title='bbox 2071 1888 2085 1925; x_wconf 87' lang='lat'><strong>:</strong></span> <span class='ocrx_word' id='word_1_224' title='bbox 2124 1873 2268 1927; x_wconf 90' lang='lat' dir='ltr'><strong>Vicit</strong></span> <span class='ocrx_word' id='word_1_225' title='bbox 2290 1873 2392 1927; x_wconf 89' lang='lat' dir='ltr'><strong>Leo</strong></span> <span class='ocrx_word' id='word_1_226' title='bbox 2426 1869 2492 1925; x_wconf 89' lang='lat' dir='ltr'><strong>de</strong></span> <span class='ocrx_word' id='word_1_227' title='bbox 2520 1869 2666 1924; x_wconf 88' lang='lat' dir='ltr'><strong>tribu</strong></span> <span class='ocrx_word' id='word_1_228' title='bbox 2686 1869 2853 1931; x_wconf 79' lang='lat' dir='ltr'><strong>Iuda,</strong></span> <span class='ocrx_word' id='word_1_229' title='bbox 2883 1868 3052 1923; x_wconf 72' lang='lat' dir='ltr'><strong>radis:</strong></span> <span class='ocrx_word' id='word_1_230' title='bbox 3074 1867 3275 1931; x_wconf 84' lang='lat' dir='ltr'><strong>David,</strong></span> <span class='ocrx_word' id='word_1_231' title='bbox 3302 1882 3541 1938; x_wconf 86' lang='lat' dir='ltr'><strong>respon-</strong></span> 
     </span>
    </p>
   </div>
   <div class='ocr_carea' id='block_1_33' title="bbox 174 1958 1802 2034">
    <p class='ocr_par' dir='ltr' id='par_1_33' title="bbox 174 1958 1802 2034">
     <span class='ocr_line' id='line_1_33' title="bbox 174 1958 1802 2034; baseline 0.003 -20"><span class='ocrx_word' id='word_1_232' title='bbox 174 1958 417 2014; x_wconf 88' lang='lat' dir='ltr'><strong>oratione</strong></span> <span class='ocrx_word' id='word_1_233' title='bbox 444 1960 705 2028; x_wconf 91' lang='lat' dir='ltr'><strong>Secreta,</strong></span> <span class='ocrx_word' id='word_1_234' title='bbox 737 1961 912 2015; x_wconf 88' lang='lat' dir='ltr'><strong>aliam</strong></span> <span class='ocrx_word' id='word_1_235' title='bbox 948 1962 1159 2029; x_wconf 88' lang='lat' dir='ltr'><strong>subdit,</strong></span> <span class='ocrx_word' id='word_1_236' title='bbox 1190 1978 1316 2034; x_wconf 72' lang='lat' dir='ltr'><strong>qua:</strong></span> <span class='ocrx_word' id='word_1_237' title='bbox 1350 1966 1586 2017; x_wconf 89' lang='lat' dir='ltr'><strong>vocatur</strong></span> <span class='ocrx_word' id='word_1_238' title='bbox 1618 1964 1802 2033; x_wconf 85' lang='lat' dir='ltr'><strong>Missa,</strong></span> 
     </span>
    </p>
   </div>
   <div class='ocr_carea' id='block_1_34' title="bbox 174 2053 1806 2126">
    <p class='ocr_par' dir='ltr' id='par_1_34' title="bbox 174 2053 1806 2126">
     <span class='ocr_line' id='line_1_34' title="bbox 174 2053 1806 2126; baseline 0.004 -20"><span class='ocrx_word' id='word_1_239' title='bbox 174 2069 289 2107; x_wconf 90' lang='lat' dir='ltr'><strong>cum</strong></span> <span class='ocrx_word' id='word_1_240' title='bbox 318 2054 533 2125; x_wconf 69' lang='lat' dir='ltr'><strong>praevia</strong></span> <span class='ocrx_word' id='word_1_241' title='bbox 562 2053 930 2109; x_wconf 87' lang='lat' dir='ltr'><strong>salutatione.</strong></span> <span class='ocrx_word' id='word_1_242' title='bbox 956 2056 1289 2126; x_wconf 84' lang='lat' dir='ltr'><strong>Sequuntur</strong></span> <span class='ocrx_word' id='word_1_243' title='bbox 1312 2056 1439 2111; x_wconf 55' lang='lat' dir='ltr'><strong>alia?</strong></span> <span class='ocrx_word' id='word_1_244' title='bbox 1459 2060 1576 2111; x_wconf 89' lang='lat' dir='ltr'><strong>tres</strong></span> <span class='ocrx_word' id='word_1_245' title='bbox 1598 2058 1806 2112; x_wconf 88' lang='lat' dir='ltr'><strong>aratio-</strong></span> 
     </span>
    </p>
   </div>
   <div class='ocr_carea' id='block_1_35' title="bbox 174 2147 1805 2218">
    <p class='ocr_par' dir='ltr' id='par_1_35' title="bbox 174 2147 1805 2218">
     <span class='ocr_line' id='line_1_35' title="bbox 174 2147 1805 2218; baseline 0.004 -19"><span class='ocrx_word' id='word_1_246' title='bbox 174 2162 283 2211; x_wconf 88' lang='lat' dir='ltr'><strong>nes,</strong></span> <span class='ocrx_word' id='word_1_247' title='bbox 315 2164 565 2218; x_wconf 87' lang='lat' dir='ltr'><strong>quarum</strong></span> <span class='ocrx_word' id='word_1_248' title='bbox 594 2147 918 2218; x_wconf 88' lang='lat' dir='ltr'><strong>penultima</strong></span> <span class='ocrx_word' id='word_1_249' title='bbox 948 2151 1035 2201; x_wconf 91' lang='lat' dir='ltr'><strong>est</strong></span> <span class='ocrx_word' id='word_1_250' title='bbox 1058 2150 1193 2203; x_wconf 86' lang='lat' dir='ltr'><strong>Post</strong></span> <span class='ocrx_word' id='word_1_251' title='bbox 1212 2149 1472 2217; x_wconf 89' lang='lat' dir='ltr'><strong>nomina,</strong></span> <span class='ocrx_word' id='word_1_252' title='bbox 1496 2150 1699 2204; x_wconf 90' lang='lat' dir='ltr'><strong>ultima</strong></span> <span class='ocrx_word' id='word_1_253' title='bbox 1719 2151 1805 2205; x_wconf 87' lang='lat' dir='ltr'><strong>Ad</strong></span> 
     </span>
    </p>
   </div>
   <div class='ocr_carea' id='block_1_36' title="bbox 176 2241 1801 2312">
    <p class='ocr_par' dir='ltr' id='par_1_36' title="bbox 176 2241 1801 2312">
     <span class='ocr_line' id='line_1_36' title="bbox 176 2241 1801 2312; baseline 0.002 -18"><span class='ocrx_word' id='word_1_254' title='bbox 176 2256 377 2310; x_wconf 88' lang='lat' dir='ltr'><strong>pacem.</strong></span> <span class='ocrx_word' id='word_1_255' title='bbox 402 2241 554 2295; x_wconf 88' lang='lat' dir='ltr'><strong>Dum</strong></span> <span class='ocrx_word' id='word_1_256' title='bbox 581 2241 852 2295; x_wconf 90' lang='lat' dir='ltr'><strong>sacerdos</strong></span> <span class='ocrx_word' id='word_1_257' title='bbox 875 2241 1101 2296; x_wconf 84' lang='lat' dir='ltr'><strong>Missam</strong></span> <span class='ocrx_word' id='word_1_258' title='bbox 1124 2243 1450 2298; x_wconf 90' lang='lat' dir='ltr'><strong>orationem</strong></span> <span class='ocrx_word' id='word_1_259' title='bbox 1473 2243 1631 2312; x_wconf 90' lang='lat' dir='ltr'><strong>dicit,</strong></span> <span class='ocrx_word' id='word_1_260' title='bbox 1654 2244 1801 2298; x_wconf 89' lang='lat' dir='ltr'><strong>inte-</strong></span> 
     </span>
    </p>
   </div>
   <div class='ocr_carea' id='block_1_37' title="bbox 174 2328 1804 2407">
    <p class='ocr_par' dir='ltr' id='par_1_37' title="bbox 174 2328 1804 2407">
     <span class='ocr_line' id='line_1_37' title="bbox 174 2328 1804 2407; baseline 0.004 -22"><span class='ocrx_word' id='word_1_261' title='bbox 174 2331 273 2386; x_wconf 87' lang='lat' dir='ltr'><strong>rim</strong></span> <span class='ocrx_word' id='word_1_262' title='bbox 300 2334 548 2404; x_wconf 89' lang='lat' dir='ltr'><strong>populus</strong></span> <span class='ocrx_word' id='word_1_263' title='bbox 576 2334 696 2387; x_wconf 92' lang='lat' dir='ltr'><strong>Deo</strong></span> <span class='ocrx_word' id='word_1_264' title='bbox 724 2328 923 2387; x_wconf 66' lang='lat' dir='ltr'><strong>ldudes</strong></span> <span class='ocrx_word' id='word_1_265' title='bbox 945 2334 1174 2402; x_wconf 90' lang='lat' dir='ltr'><strong>occinit,</strong></span> <span class='ocrx_word' id='word_1_266' title='bbox 1199 2334 1396 2389; x_wconf 89' lang='lat' dir='ltr'><strong>dicens</strong></span> <span class='ocrx_word' id='word_1_267' title='bbox 1424 2338 1513 2390; x_wconf 90' lang='lat' dir='ltr'><strong>ter</strong></span> <span class='ocrx_word' id='word_1_268' title='bbox 1535 2338 1721 2407; x_wconf 87' lang='lat' dir='ltr'><strong>Agios.</strong></span> <span class='ocrx_word' id='word_1_269' title='bbox 1743 2338 1804 2391; x_wconf 88' lang='lat' dir='ltr'><strong>In</strong></span> 
     </span>
    </p>
   </div>
   <div class='ocr_carea' id='block_1_38' title="bbox 177 2418 1801 2496">
    <p class='ocr_par' dir='ltr' id='par_1_38' title="bbox 177 2418 1801 2496">
     <span class='ocr_line' id='line_1_38' title="bbox 177 2418 1801 2496; baseline 0.002 -18"><span class='ocrx_word' id='word_1_270' title='bbox 177 2418 409 2479; x_wconf 87' lang='lat' dir='ltr'><strong>secunda</strong></span> <span class='ocrx_word' id='word_1_271' title='bbox 438 2426 709 2480; x_wconf 86' lang='lat' dir='ltr'><strong>aratione</strong></span> <span class='ocrx_word' id='word_1_272' title='bbox 740 2426 994 2496; x_wconf 87' lang='lat' dir='ltr'><strong>postulat</strong></span> <span class='ocrx_word' id='word_1_273' title='bbox 1018 2427 1306 2494; x_wconf 88' lang='lat' dir='ltr'><strong>sacerdos,</strong></span> <span class='ocrx_word' id='word_1_274' title='bbox 1342 2431 1403 2481; x_wconf 90' lang='lat' dir='ltr'><strong>ut</strong></span> <span class='ocrx_word' id='word_1_275' title='bbox 1434 2429 1583 2483; x_wconf 90' lang='lat' dir='ltr'><strong>Deus</strong></span> <span class='ocrx_word' id='word_1_276' title='bbox 1613 2429 1801 2485; x_wconf 84' lang='lat' dir='ltr'><strong>Chris-</strong></span> 
     </span>
    </p>
   </div>
   <div class='ocr_carea' id='block_1_39' title="bbox 177 2518 1802 2593">
    <p class='ocr_par' dir='ltr' id='par_1_39' title="bbox 177 2518 1802 2593">
     <span class='ocr_line' id='line_1_39' title="bbox 177 2518 1802 2593; baseline 0.005 -23"><span class='ocrx_word' id='word_1_277' title='bbox 177 2518 450 2573; x_wconf 89' lang='lat' dir='ltr'><strong>tianarum</strong></span> <span class='ocrx_word' id='word_1_278' title='bbox 484 2535 689 2590; x_wconf 88' lang='lat' dir='ltr'><strong>preces</strong></span> <span class='ocrx_word' id='word_1_279' title='bbox 719 2518 1021 2585; x_wconf 87' lang='lat' dir='ltr'><strong>admittat;</strong></span> <span class='ocrx_word' id='word_1_280' title='bbox 1060 2519 1371 2592; x_wconf 87' lang='lat' dir='ltr'><strong>statimque</strong></span> <span class='ocrx_word' id='word_1_281' title='bbox 1404 2521 1585 2577; x_wconf 84' lang='lat' dir='ltr'><strong>infert</strong></span> <span class='ocrx_word' id='word_1_282' title='bbox 1613 2540 1626 2577; x_wconf 90' lang='lat'>:</span> <span class='ocrx_word' id='word_1_283' title='bbox 1665 2524 1802 2593; x_wconf 79' lang='lat' dir='ltr'><strong>Offe-</strong></span> 
     </span>
    </p>
   </div>
   <div class='ocr_carea' id='block_1_40' title="bbox 176 2613 1808 2687">
    <p class='ocr_par' dir='ltr' id='par_1_40' title="bbox 176 2613 1808 2687">
     <span class='ocr_line' id='line_1_40' title="bbox 176 2613 1808 2687; baseline 0.004 -23"><span class='ocrx_word' id='word_1_284' title='bbox 176 2615 289 2665; x_wconf 82' lang='lat' dir='ltr'><strong>runt</strong></span> <span class='ocrx_word' id='word_1_285' title='bbox 326 2614 428 2667; x_wconf 85' lang='lat' dir='ltr'><strong>Deo</strong></span> <span class='ocrx_word' id='word_1_286' title='bbox 462 2614 691 2667; x_wconf 88' lang='lat' dir='ltr'><strong>Domino</strong></span> <span class='ocrx_word' id='word_1_287' title='bbox 725 2613 1050 2667; x_wconf 80' lang='lat' dir='ltr'><strong>oblationem</strong></span> <span class='ocrx_word' id='word_1_288' title='bbox 1093 2614 1391 2669; x_wconf 85' lang='lat' dir='ltr'><strong>sacerdotes</strong></span> <span class='ocrx_word' id='word_1_289' title='bbox 1431 2617 1623 2678; x_wconf 84' lang='lat' dir='ltr'><strong>nostri,</strong></span> <span class='ocrx_word' id='word_1_290' title='bbox 1652 2631 1808 2687; x_wconf 86' lang='lat' dir='ltr'><strong>papa</strong></span> 
     </span>
    </p>
   </div>
   <div class='ocr_carea' id='block_1_41' title="bbox 176 2706 1803 2776">
    <p class='ocr_par' dir='ltr' id='par_1_41' title="bbox 176 2706 1803 2776">
     <span class='ocr_line' id='line_1_41' title="bbox 176 2706 1803 2776; baseline 0.002 -17"><span class='ocrx_word' id='word_1_291' title='bbox 176 2707 450 2768; x_wconf 55' lang='lat' dir='ltr'><strong>Romanis,</strong></span> <span class='ocrx_word' id='word_1_292' title='bbox 490 2710 544 2760; x_wconf 87' lang='lat' dir='ltr'><strong>et</strong></span> <span class='ocrx_word' id='word_1_293' title='bbox 585 2706 804 2775; x_wconf 83' lang='lat' dir='ltr'><strong>reliqui,</strong></span> <span class='ocrx_word' id='word_1_294' title='bbox 842 2721 943 2776; x_wconf 83' lang='lat' dir='ltr'><strong>pro</strong></span> <span class='ocrx_word' id='word_1_295' title='bbox 984 2721 1060 2769; x_wconf 88' lang='lat' dir='ltr'><strong>se,</strong></span> <span class='ocrx_word' id='word_1_296' title='bbox 1097 2710 1149 2761; x_wconf 89' lang='lat' dir='ltr'><strong>et</strong></span> <span class='ocrx_word' id='word_1_297' title='bbox 1176 2722 1280 2776; x_wconf 84' lang='lat' dir='ltr'><strong>pro</strong></span> <span class='ocrx_word' id='word_1_298' title='bbox 1316 2711 1464 2762; x_wconf 90' lang='lat' dir='ltr'><strong>omni</strong></span> <span class='ocrx_word' id='word_1_299' title='bbox 1506 2709 1664 2772; x_wconf 89' lang='lat' dir='ltr'><strong>clero,</strong></span> <span class='ocrx_word' id='word_1_300' title='bbox 1694 2711 1803 2763; x_wconf 89' lang='lat' dir='ltr'><strong>etc.</strong></span> 
     </span>
    </p>
   </div>
   <div class='ocr_carea' id='block_1_42' title="bbox 178 2797 1809 2857">
    <p class='ocr_par' dir='ltr' id='par_1_42' title="bbox 178 2797 1809 2857">
     <span class='ocr_line' id='line_1_42' title="bbox 178 2797 1809 2857; baseline 0.003 -5"><span class='ocrx_word' id='word_1_301' title='bbox 178 2797 303 2852; x_wconf 84' lang='lat' dir='ltr'><strong>Tum</strong></span> <span class='ocrx_word' id='word_1_302' title='bbox 359 2815 373 2852; x_wconf 91' lang='lat'><strong>:</strong></span> <span class='ocrx_word' id='word_1_303' title='bbox 430 2801 710 2854; x_wconf 88' lang='lat' dir='ltr'><strong>Facientes</strong></span> <span class='ocrx_word' id='word_1_304' title='bbox 770 2801 1322 2855; x_wconf 81' lang='lat' dir='ltr'><strong>commemorationem</strong></span> <span class='ocrx_word' id='word_1_305' title='bbox 1379 2802 1809 2857; x_wconf 63' lang='lat' dir='ltr'><strong>beatissimorum</strong></span> 
     </span>
    </p>
   </div>
   <div class='ocr_carea' id='block_1_43' title="bbox 178 2891 1809 2962">
    <p class='ocr_par' dir='ltr' id='par_1_43' title="bbox 178 2891 1809 2962">
     <span class='ocr_line' id='line_1_43' title="bbox 178 2891 1809 2962; baseline 0.004 -18"><span class='ocrx_word' id='word_1_306' title='bbox 178 2891 526 2959; x_wconf 80' lang='lat' dir='ltr'><strong>apostolorum</strong></span> <span class='ocrx_word' id='word_1_307' title='bbox 580 2896 633 2946; x_wconf 88' lang='lat' dir='ltr'><strong>et</strong></span> <span class='ocrx_word' id='word_1_308' title='bbox 680 2897 1009 2962; x_wconf 80' lang='lat' dir='ltr'><strong>martyrum,</strong></span> <span class='ocrx_word' id='word_1_309' title='bbox 1064 2893 1312 2962; x_wconf 72' lang='lat' dir='ltr'><strong>gloriosae</strong></span> <span class='ocrx_word' id='word_1_310' title='bbox 1361 2899 1563 2950; x_wconf 74' lang='lat' dir='ltr'><strong>sanctae</strong></span> <span class='ocrx_word' id='word_1_311' title='bbox 1613 2897 1809 2952; x_wconf 57' lang='lat' dir='ltr'><strong>Maria</strong></span> 
     </span>
    </p>
   </div>
   <div class='ocr_carea' id='block_1_44' title="bbox 176 2985 1806 3052">
    <p class='ocr_par' dir='ltr' id='par_1_44' title="bbox 176 2985 1806 3052">
     <span class='ocr_line' id='line_1_44' title="bbox 176 2985 1806 3052; baseline 0.004 -16"><span class='ocrx_word' id='word_1_312' title='bbox 176 2985 407 3052; x_wconf 77' lang='lat' dir='ltr'><strong>virginis,</strong></span> <span class='ocrx_word' id='word_1_313' title='bbox 442 2986 745 3047; x_wconf 69' lang='lat' dir='ltr'><strong>Zachariae,</strong></span> <span class='ocrx_word' id='word_1_314' title='bbox 780 2988 1027 3049; x_wconf 84' lang='lat' dir='ltr'><strong>Joannis,</strong></span> <span class='ocrx_word' id='word_1_315' title='bbox 1065 2986 1369 3052; x_wconf 88' lang='lat' dir='ltr'><strong>Infantum,</strong></span> <span class='ocrx_word' id='word_1_316' title='bbox 1415 2990 1582 3051; x_wconf 84' lang='lat' dir='ltr'><strong>Petri,</strong></span> <span class='ocrx_word' id='word_1_317' title='bbox 1622 2989 1806 3052; x_wconf 86' lang='lat' dir='ltr'><strong>Pauli,</strong></span> 
     </span>
    </p>
   </div>
   <div class='ocr_carea' id='block_1_45' title="bbox 181 3078 1807 3148">
    <p class='ocr_par' dir='ltr' id='par_1_45' title="bbox 181 3078 1807 3148">
     <span class='ocr_line' id='line_1_45' title="bbox 181 3078 1807 3148; baseline 0.004 -19"><span class='ocrx_word' id='word_1_318' title='bbox 181 3078 231 3129; x_wconf 91' lang='lat' dir='ltr'><strong>et</strong></span> <span class='ocrx_word' id='word_1_319' title='bbox 260 3080 599 3132; x_wconf 63' lang='lat' dir='ltr'><strong>ceterorum</strong></span> <span class='ocrx_word' id='word_1_320' title='bbox 628 3079 1041 3148; x_wconf 88' lang='lat' dir='ltr'><strong>apostolorum.</strong></span> <span class='ocrx_word' id='word_1_321' title='bbox 1065 3080 1204 3144; x_wconf 75' lang='lat' dir='ltr'><strong>Quae</strong></span> <span class='ocrx_word' id='word_1_322' title='bbox 1230 3081 1470 3135; x_wconf 90' lang='lat' dir='ltr'><strong>nomina</strong></span> <span class='ocrx_word' id='word_1_323' title='bbox 1496 3082 1647 3136; x_wconf 88' lang='lat' dir='ltr'><strong>elata</strong></span> <span class='ocrx_word' id='word_1_324' title='bbox 1670 3097 1807 3136; x_wconf 87' lang='lat' dir='ltr'><strong>voce</strong></span> 
     </span>
    </p>
   </div>
   <div class='ocr_carea' id='block_1_46' title="bbox 179 3169 1809 3243">
    <p class='ocr_par' dir='ltr' id='par_1_46' title="bbox 179 3169 1809 3243">
     <span class='ocr_line' id='line_1_46' title="bbox 179 3169 1809 3243; baseline 0.005 -21"><span class='ocrx_word' id='word_1_325' title='bbox 179 3169 495 3224; x_wconf 84' lang='lat' dir='ltr'><strong>recitantur.</strong></span> <span class='ocrx_word' id='word_1_326' title='bbox 528 3170 580 3243; x_wconf 78' lang='grc'><strong>1</strong></span> <span class='ocrx_word' id='word_1_327' title='bbox 596 3170 658 3243; x_wconf 85' lang='grc'>2</span> <span class='ocrx_word' id='word_1_328' title='bbox 686 3172 1019 3242; x_wconf 86' lang='lat' dir='ltr'><strong>Respondet</strong></span> <span class='ocrx_word' id='word_1_329' title='bbox 1043 3173 1251 3229; x_wconf 87' lang='lat' dir='ltr'><strong>chorus</strong></span> <span class='ocrx_word' id='word_1_330' title='bbox 1275 3191 1287 3229; x_wconf 90' lang='lat'><strong>:</strong></span> <span class='ocrx_word' id='word_1_331' title='bbox 1310 3178 1383 3231; x_wconf 87' lang='lat' dir='ltr'><strong>Et</strong></span> <span class='ocrx_word' id='word_1_332' title='bbox 1409 3177 1647 3230; x_wconf 88' lang='lat' dir='ltr'><strong>omnium</strong></span> <span class='ocrx_word' id='word_1_333' title='bbox 1665 3191 1809 3230; x_wconf 87' lang='lat' dir='ltr'><strong>mar-</strong></span> 
     </span>
    </p>
   </div>
   <div class='ocr_carea' id='block_1_47' title="bbox 180 3264 1803 3340">
    <p class='ocr_par' dir='ltr' id='par_1_47' title="bbox 180 3264 1803 3340">
     <span class='ocr_line' id='line_1_47' title="bbox 180 3264 1803 3340; baseline 0.004 -23"><span class='ocrx_word' id='word_1_334' title='bbox 180 3265 364 3329; x_wconf 78' lang='lat' dir='ltr'><strong>tyrum.</strong></span> <span class='ocrx_word' id='word_1_335' title='bbox 384 3264 567 3319; x_wconf 84' lang='lat' dir='ltr'><strong>Addit</strong></span> <span class='ocrx_word' id='word_1_336' title='bbox 603 3264 871 3321; x_wconf 89' lang='lat' dir='ltr'><strong>sacerdos</strong></span> <span class='ocrx_word' id='word_1_337' title='bbox 899 3283 913 3320; x_wconf 87' lang='lat'><strong>:</strong></span> <span class='ocrx_word' id='word_1_338' title='bbox 940 3269 1075 3322; x_wconf 84' lang='lat' dir='ltr'><strong>Item</strong></span> <span class='ocrx_word' id='word_1_339' title='bbox 1103 3284 1207 3339; x_wconf 86' lang='lat' dir='ltr'><strong>pro</strong></span> <span class='ocrx_word' id='word_1_340' title='bbox 1242 3269 1527 3340; x_wconf 85' lang='lat' dir='ltr'><strong>spiritibus</strong></span> <span class='ocrx_word' id='word_1_341' title='bbox 1556 3284 1803 3339; x_wconf 86' lang='lat' dir='ltr'><strong>pausan-</strong></span> 
     </span>
    </p>
   </div>
   <div class='ocr_carea' id='block_1_48' title="bbox 183 3357 1807 3433">
    <p class='ocr_par' dir='ltr' id='par_1_48' title="bbox 183 3357 1807 3433">
     <span class='ocr_line' id='line_1_48' title="bbox 183 3357 1807 3433; baseline 0.006 -25"><span class='ocrx_word' id='word_1_342' title='bbox 183 3357 320 3418; x_wconf 88' lang='lat' dir='ltr'><strong>tium,</strong></span> <span class='ocrx_word' id='word_1_343' title='bbox 356 3360 590 3422; x_wconf 86' lang='lat' dir='ltr'><strong>Hilarii,</strong></span> <span class='ocrx_word' id='word_1_344' title='bbox 623 3359 942 3423; x_wconf 80' lang='lat' dir='ltr'><strong>Athanasii,</strong></span> <span class='ocrx_word' id='word_1_345' title='bbox 967 3362 1219 3425; x_wconf 84' lang='lat' dir='ltr'><strong>Martini,</strong></span> <span class='ocrx_word' id='word_1_346' title='bbox 1252 3364 1383 3430; x_wconf 90' lang='lat' dir='ltr'><strong>etc.,</strong></span> <span class='ocrx_word' id='word_1_347' title='bbox 1415 3362 1807 3433; x_wconf 87' lang='lat' dir='ltr'><strong>respondente</strong></span> 
     </span>
    </p>
   </div>
   <div class='ocr_carea' id='block_1_49' title="bbox 182 3449 1805 3523">
    <p class='ocr_par' dir='ltr' id='par_1_49' title="bbox 182 3449 1805 3523">
     <span class='ocr_line' id='line_1_49' title="bbox 182 3449 1805 3523; baseline 0.006 -21"><span class='ocrx_word' id='word_1_348' title='bbox 182 3449 339 3505; x_wconf 90' lang='lat' dir='ltr'><strong>choro</strong></span> <span class='ocrx_word' id='word_1_349' title='bbox 366 3468 379 3505; x_wconf 91' lang='lat'>:</span> <span class='ocrx_word' id='word_1_350' title='bbox 403 3455 475 3507; x_wconf 87' lang='lat' dir='ltr'><strong>Et</strong></span> <span class='ocrx_word' id='word_1_351' title='bbox 500 3454 742 3508; x_wconf 84' lang='lat' dir='ltr'><strong>omnium</strong></span> <span class='ocrx_word' id='word_1_352' title='bbox 770 3456 1149 3523; x_wconf 84' lang='lat' dir='ltr'><strong>pausantium.</strong></span> <span class='ocrx_word' id='word_1_353' title='bbox 1180 3455 1324 3509; x_wconf 90' lang='lat' dir='ltr'><strong>Dein</strong></span> <span class='ocrx_word' id='word_1_354' title='bbox 1354 3458 1529 3510; x_wconf 85' lang='lat' dir='ltr'><strong>oratio</strong></span> <span class='ocrx_word' id='word_1_355' title='bbox 1554 3458 1681 3511; x_wconf 89' lang='lat' dir='ltr'><strong>Post</strong></span> <span class='ocrx_word' id='word_1_356' title='bbox 1707 3472 1805 3511; x_wconf 90' lang='lat' dir='ltr'><strong>no-</strong></span> 
     </span>
    </p>
   </div>
   <div class='ocr_carea' id='block_1_50' title="bbox 182 3545 1807 3619">
    <p class='ocr_par' dir='ltr' id='par_1_50' title="bbox 182 3545 1807 3619">
     <span class='ocr_line' id='line_1_50' title="bbox 182 3545 1807 3619; baseline 0.004 -22"><span class='ocrx_word' id='word_1_357' title='bbox 182 3546 333 3607; x_wconf 87' lang='lat' dir='ltr'><strong>mina,</strong></span> <span class='ocrx_word' id='word_1_358' title='bbox 371 3561 487 3616; x_wconf 87' lang='lat' dir='ltr'><strong>qua</strong></span> <span class='ocrx_word' id='word_1_359' title='bbox 528 3545 748 3616; x_wconf 87' lang='lat' dir='ltr'><strong>petitur</strong></span> <span class='ocrx_word' id='word_1_360' title='bbox 786 3562 820 3599; x_wconf 90' lang='lat' dir='ltr'><strong>a</strong></span> <span class='ocrx_word' id='word_1_361' title='bbox 858 3546 998 3613; x_wconf 90' lang='lat' dir='ltr'><strong>Deo,</strong></span> <span class='ocrx_word' id='word_1_362' title='bbox 1046 3550 1109 3601; x_wconf 93' lang='lat' dir='ltr'><strong>ut</strong></span> <span class='ocrx_word' id='word_1_363' title='bbox 1152 3565 1355 3619; x_wconf 89' lang='lat' dir='ltr'><strong>pacem</strong></span> <span class='ocrx_word' id='word_1_364' title='bbox 1397 3548 1665 3604; x_wconf 87' lang='lat' dir='ltr'><strong>ﬁdelibus</strong></span> <span class='ocrx_word' id='word_1_365' title='bbox 1706 3549 1807 3603; x_wconf 93' lang='lat' dir='ltr'><strong>de-</strong></span> 
     </span>
    </p>
   </div>
   <div class='ocr_carea' id='block_1_51' title="bbox 184 3636 1807 3716">
    <p class='ocr_par' dir='ltr' id='par_1_51' title="bbox 184 3636 1807 3716">
     <span class='ocr_line' id='line_1_51' title="bbox 184 3636 1807 3716; baseline 0.005 -28"><span class='ocrx_word' id='word_1_366' title='bbox 184 3636 374 3691; x_wconf 80' lang='lat' dir='ltr'><strong>functis</strong></span> <span class='ocrx_word' id='word_1_367' title='bbox 416 3638 720 3709; x_wconf 89' lang='lat' dir='ltr'><strong>impertiat</strong></span> <span class='ocrx_word' id='word_1_368' title='bbox 756 3654 770 3693; x_wconf 90' lang='lat'><strong>:</strong></span> <span class='ocrx_word' id='word_1_369' title='bbox 820 3641 879 3693; x_wconf 90' lang='lat' dir='ltr'><strong>et</strong></span> <span class='ocrx_word' id='word_1_370' title='bbox 922 3640 1036 3695; x_wconf 91' lang='lat' dir='ltr'><strong>alia</strong></span> <span class='ocrx_word' id='word_1_371' title='bbox 1073 3641 1222 3696; x_wconf 88' lang='lat' dir='ltr'><strong>festo</strong></span> <span class='ocrx_word' id='word_1_372' title='bbox 1262 3658 1590 3716; x_wconf 76' lang='lat' dir='ltr'><strong>congruens</strong></span> <span class='ocrx_word' id='word_1_373' title='bbox 1622 3659 1636 3697; x_wconf 88' lang='lat'><strong>:</strong></span> <span class='ocrx_word' id='word_1_374' title='bbox 1685 3645 1807 3696; x_wconf 89' lang='lat' dir='ltr'><strong>tum</strong></span> 
     </span>
    </p>
   </div>
   <div class='ocr_carea' id='block_1_52' title="bbox 185 3728 1807 3805">
    <p class='ocr_par' dir='ltr' id='par_1_52' title="bbox 185 3728 1807 3805">
     <span class='ocr_line' id='line_1_52' title="bbox 185 3728 1807 3805; baseline 0.004 -22"><span class='ocrx_word' id='word_1_375' title='bbox 185 3728 494 3786; x_wconf 84' lang='lat' dir='ltr'><strong>adhortatio</strong></span> <span class='ocrx_word' id='word_1_376' title='bbox 534 3731 611 3786; x_wconf 92' lang='lat' dir='ltr'><strong>ad</strong></span> <span class='ocrx_word' id='word_1_377' title='bbox 650 3748 875 3802; x_wconf 90' lang='lat' dir='ltr'><strong>pacem,</strong></span> <span class='ocrx_word' id='word_1_378' title='bbox 906 3750 1033 3805; x_wconf 72' lang='lat' dir='ltr'><strong>quae</strong></span> <span class='ocrx_word' id='word_1_379' title='bbox 1064 3750 1199 3789; x_wconf 83' lang='lat' dir='ltr'><strong>mox</strong></span> <span class='ocrx_word' id='word_1_380' title='bbox 1229 3734 1417 3803; x_wconf 89' lang='lat' dir='ltr'><strong>datur,</strong></span> <span class='ocrx_word' id='word_1_381' title='bbox 1455 3734 1683 3790; x_wconf 90' lang='lat' dir='ltr'><strong>dicente</strong></span> <span class='ocrx_word' id='word_1_382' title='bbox 1715 3751 1807 3789; x_wconf 88' lang='lat' dir='ltr'><strong>sa-</strong></span> 
     </span>
    </p>
   </div>
   <div class='ocr_carea' id='block_1_53' title="bbox 186 3821 1810 3899">
    <p class='ocr_par' dir='ltr' id='par_1_53' title="bbox 186 3821 1810 3899">
     <span class='ocr_line' id='line_1_53' title="bbox 186 3821 1810 3899; baseline 0.006 -25"><span class='ocrx_word' id='word_1_383' title='bbox 186 3821 396 3877; x_wconf 85' lang='lat' dir='ltr'><strong>cerdote</strong></span> <span class='ocrx_word' id='word_1_384' title='bbox 426 3841 439 3878; x_wconf 88' lang='lat'>:</span> <span class='ocrx_word' id='word_1_385' title='bbox 470 3826 581 3893; x_wconf 81' lang='lat' dir='ltr'><strong>Qui</strong></span> <span class='ocrx_word' id='word_1_386' title='bbox 606 3826 764 3881; x_wconf 89' lang='lat' dir='ltr'><strong>modo</strong></span> <span class='ocrx_word' id='word_1_387' title='bbox 790 3830 1006 3891; x_wconf 83' lang='lat' dir='ltr'><strong>astatis,</strong></span> <span class='ocrx_word' id='word_1_388' title='bbox 1028 3844 1220 3899; x_wconf 84' lang='lat' dir='ltr'><strong>pacem</strong></span> <span class='ocrx_word' id='word_1_389' title='bbox 1244 3829 1433 3896; x_wconf 80' lang='lat' dir='ltr'><strong>facite.</strong></span> <span class='ocrx_word' id='word_1_390' title='bbox 1462 3829 1533 3883; x_wconf 88' lang='lat' dir='ltr'><strong>Et</strong></span> <span class='ocrx_word' id='word_1_391' title='bbox 1559 3845 1692 3885; x_wconf 90' lang='lat' dir='ltr'><strong>cum</strong></span> <span class='ocrx_word' id='word_1_392' title='bbox 1714 3828 1810 3883; x_wconf 84' lang='lat' dir='ltr'><strong>da-</strong></span> 
     </span>
    </p>
   </div>
   <div class='ocr_carea' id='block_1_54' title="bbox 188 3918 1811 3998">
    <p class='ocr_par' dir='ltr' id='par_1_54' title="bbox 188 3918 1811 3998">
     <span class='ocr_line' id='line_1_54' title="bbox 188 3918 1811 3998; baseline 0.011 -32"><span class='ocrx_word' id='word_1_393' title='bbox 188 3918 267 3967; x_wconf 89' lang='lat' dir='ltr'><strong>tur</strong></span> <span class='ocrx_word' id='word_1_394' title='bbox 301 3918 577 3985; x_wconf 89' lang='lat' dir='ltr'><strong>osculum,</strong></span> <span class='ocrx_word' id='word_1_395' title='bbox 615 3920 819 3975; x_wconf 87' lang='lat' dir='ltr'><strong>Habete</strong></span> <span class='ocrx_word' id='word_1_396' title='bbox 851 3921 1090 3975; x_wconf 82' lang='lat' dir='ltr'><strong>osculum</strong></span> <span class='ocrx_word' id='word_1_397' title='bbox 1124 3920 1425 3977; x_wconf 86' lang='lat' dir='ltr'><strong>dilectionis</strong></span> <span class='ocrx_word' id='word_1_398' title='bbox 1462 3926 1513 3977; x_wconf 93' lang='lat' dir='ltr'><strong>et</strong></span> <span class='ocrx_word' id='word_1_399' title='bbox 1543 3924 1718 3998; x_wconf 61' lang='lat' dir='ltr'><strong>pacis.</strong></span> <span class='ocrx_word' id='word_1_400' title='bbox 1748 3925 1811 3975; x_wconf 70' lang='lat' dir='ltr'><strong>ut</strong></span> 
     </span>
    </p>
   </div>
   <div class='ocr_carea' id='block_1_55' title="bbox 187 4010 1811 4082">
    <p class='ocr_par' dir='ltr' id='par_1_55' title="bbox 187 4010 1811 4082">
     <span class='ocr_line' id='line_1_55' title="bbox 187 4010 1811 4082; baseline 0.004 -23"><span class='ocrx_word' id='word_1_401' title='bbox 187 4010 293 4076; x_wconf 85' lang='lat' dir='ltr'><strong>apti</strong></span> <span class='ocrx_word' id='word_1_402' title='bbox 322 4011 439 4065; x_wconf 83' lang='lat' dir='ltr'><strong>sitis</strong></span> <span class='ocrx_word' id='word_1_403' title='bbox 478 4014 835 4067; x_wconf 85' lang='lat' dir='ltr'><strong>sacrosanctis</strong></span> <span class='ocrx_word' id='word_1_404' title='bbox 868 4015 1141 4082; x_wconf 81' lang='lat' dir='ltr'><strong>mysteriis</strong></span> <span class='ocrx_word' id='word_1_405' title='bbox 1175 4015 1293 4069; x_wconf 88' lang='lat' dir='ltr'><strong>Dei.</strong></span> <span class='ocrx_word' id='word_1_406' title='bbox 1322 4013 1559 4068; x_wconf 89' lang='lat' dir='ltr'><strong>Interim</strong></span> <span class='ocrx_word' id='word_1_407' title='bbox 1602 4015 1811 4069; x_wconf 89' lang='lat' dir='ltr'><strong>chorus</strong></span> 
     </span>
    </p>
   </div>
   <div class='ocr_carea' id='block_1_56' title="bbox 190 4101 1808 4179">
    <p class='ocr_par' dir='ltr' id='par_1_56' title="bbox 190 4101 1808 4179">
     <span class='ocr_line' id='line_1_56' title="bbox 190 4101 1808 4179; baseline 0.006 -28"><span class='ocrx_word' id='word_1_408' title='bbox 190 4101 343 4169; x_wconf 87' lang='lat' dir='ltr'><strong>canit,</strong></span> <span class='ocrx_word' id='word_1_409' title='bbox 367 4106 561 4159; x_wconf 86' lang='lat' dir='ltr'><strong>Pacem</strong></span> <span class='ocrx_word' id='word_1_410' title='bbox 604 4106 851 4176; x_wconf 81' lang='lat' dir='ltr'><strong>relinquo</strong></span> <span class='ocrx_word' id='word_1_411' title='bbox 895 4107 1065 4170; x_wconf 76' lang='lat' dir='ltr'><strong>vobis,</strong></span> <span class='ocrx_word' id='word_1_412' title='bbox 1107 4108 1214 4160; x_wconf 88' lang='lat' dir='ltr'><strong>etc.</strong></span> <span class='ocrx_word' id='word_1_413' title='bbox 1254 4107 1475 4161; x_wconf 90' lang='lat' dir='ltr'><strong>Deinde</strong></span> <span class='ocrx_word' id='word_1_414' title='bbox 1512 4106 1808 4179; x_wconf 68' lang='lat' dir='ltr'><strong>praemisso</strong></span> 
     </span>
    </p>
   </div>
   <div class='ocr_carea' id='block_1_57' title="bbox 191 4198 1811 4270">
    <p class='ocr_par' dir='ltr' id='par_1_57' title="bbox 191 4198 1811 4270">
     <span class='ocr_line' id='line_1_57' title="bbox 191 4198 1811 4270; baseline 0.005 -26"><span class='ocrx_word' id='word_1_415' title='bbox 191 4208 352 4262; x_wconf 82' lang='lat' dir='ltr'><strong>versu,</strong></span> <span class='ocrx_word' id='word_1_416' title='bbox 380 4198 620 4253; x_wconf 87' lang='lat' dir='ltr'><strong>Introibo</strong></span> <span class='ocrx_word' id='word_1_417' title='bbox 646 4199 721 4252; x_wconf 90' lang='lat' dir='ltr'><strong>ad</strong></span> <span class='ocrx_word' id='word_1_418' title='bbox 749 4199 927 4254; x_wconf 87' lang='lat' dir='ltr'><strong>altare</strong></span> <span class='ocrx_word' id='word_1_419' title='bbox 952 4201 1068 4262; x_wconf 88' lang='lat' dir='ltr'><strong>Dei,</strong></span> <span class='ocrx_word' id='word_1_420' title='bbox 1097 4199 1519 4270; x_wconf 78' lang='lat' dir='ltr'><strong>confestimque</strong></span> <span class='ocrx_word' id='word_1_421' title='bbox 1561 4199 1811 4254; x_wconf 82' lang='lat' dir='ltr'><strong>extensis</strong></span> 
     </span>
    </p>
   </div>
   <div class='ocr_carea' id='block_1_58' title="bbox 190 4287 1807 4361">
    <p class='ocr_par' dir='ltr' id='par_1_58' title="bbox 190 4287 1807 4361">
     <span class='ocr_line' id='line_1_58' title="bbox 190 4287 1807 4361; baseline 0.006 -23"><span class='ocrx_word' id='word_1_422' title='bbox 190 4287 452 4357; x_wconf 86' lang='lat' dir='ltr'><strong>manibus,</strong></span> <span class='ocrx_word' id='word_1_423' title='bbox 504 4290 607 4344; x_wconf 92' lang='lat' dir='ltr'><strong>sed</strong></span> <span class='ocrx_word' id='word_1_424' title='bbox 647 4291 884 4361; x_wconf 88' lang='lat' dir='ltr'><strong>junctis,</strong></span> <span class='ocrx_word' id='word_1_425' title='bbox 932 4291 1201 4346; x_wconf 89' lang='lat' dir='ltr'><strong>sacerdos</strong></span> <span class='ocrx_word' id='word_1_426' title='bbox 1262 4292 1417 4346; x_wconf 90' lang='lat' dir='ltr'><strong>canit</strong></span> <span class='ocrx_word' id='word_1_427' title='bbox 1462 4292 1807 4359; x_wconf 84' lang='lat' dir='ltr'><strong>lllationem,</strong></span> 
     </span>
    </p>
   </div>
   <div class='ocr_carea' id='block_1_59' title="bbox 192 4383 1812 4457">
    <p class='ocr_par' dir='ltr' id='par_1_59' title="bbox 192 4383 1812 4457">
     <span class='ocr_line' id='line_1_59' title="bbox 192 4383 1812 4457; baseline 0.004 -24"><span class='ocrx_word' id='word_1_428' title='bbox 192 4395 346 4447; x_wconf 89' lang='lat' dir='ltr'><strong>quam</strong></span> <span class='ocrx_word' id='word_1_429' title='bbox 373 4383 777 4453; x_wconf 69' lang='lat' dir='ltr'><strong>praefationem</strong></span> <span class='ocrx_word' id='word_1_430' title='bbox 819 4386 1196 4456; x_wconf 89' lang='lat' dir='ltr'><strong>appellamus.</strong></span> <span class='ocrx_word' id='word_1_431' title='bbox 1228 4385 1477 4440; x_wconf 89' lang='lat' dir='ltr'><strong>lllationi</strong></span> <span class='ocrx_word' id='word_1_432' title='bbox 1512 4385 1812 4457; x_wconf 88' lang='lat' dir='ltr'><strong>subjicitur</strong></span> 
     </span>
    </p>
   </div>
   <div class='ocr_carea' id='block_1_60' title="bbox 190 4470 1810 4550">
    <p class='ocr_par' dir='ltr' id='par_1_60' title="bbox 190 4470 1810 4550">
     <span class='ocr_line' id='line_1_60' title="bbox 190 4470 1810 4550; baseline 0.006 -27"><span class='ocrx_word' id='word_1_433' title='bbox 190 4470 486 4546; x_wconf 85' lang='lat' dir='ltr'><strong>Trisagion,</strong></span> <span class='ocrx_word' id='word_1_434' title='bbox 532 4480 734 4547; x_wconf 87' lang='lat' dir='ltr'><strong>postea</strong></span> <span class='ocrx_word' id='word_1_435' title='bbox 777 4478 996 4545; x_wconf 87' lang='lat' dir='ltr'><strong>Canon,</strong></span> <span class='ocrx_word' id='word_1_436' title='bbox 1039 4478 1139 4550; x_wconf 91' lang='lat' dir='ltr'><strong>qui</strong></span> <span class='ocrx_word' id='word_1_437' title='bbox 1180 4478 1241 4532; x_wconf 91' lang='lat' dir='ltr'><strong>in</strong></span> <span class='ocrx_word' id='word_1_438' title='bbox 1290 4477 1578 4549; x_wconf 90' lang='lat' dir='ltr'><strong>plerisque</strong></span> <span class='ocrx_word' id='word_1_439' title='bbox 1620 4478 1810 4532; x_wconf 88' lang='lat' dir='ltr'><strong>missis</strong></span> 
     </span>
    </p>
   </div>
   <div class='ocr_carea' id='block_1_61' title="bbox 193 4566 1889 4665">
    <p class='ocr_par' dir='ltr' id='par_1_61' title="bbox 193 4566 1889 4665">
     <span class='ocr_line' id='line_1_61' title="bbox 193 4566 1889 4665; baseline 0.007 -50"><span class='ocrx_word' id='word_1_440' title='bbox 193 4566 358 4621; x_wconf 83' lang='lat' dir='ltr'><strong>varius</strong></span> <span class='ocrx_word' id='word_1_441' title='bbox 377 4572 481 4623; x_wconf 89' lang='lat' dir='ltr'><strong>est.</strong></span> <span class='ocrx_word' id='word_1_442' title='bbox 509 4569 879 4626; x_wconf 88' lang='lat' dir='ltr'><strong>Consecratio</strong></span> <span class='ocrx_word' id='word_1_443' title='bbox 912 4571 1208 4643; x_wconf 89' lang='lat' dir='ltr'><strong>quandam</strong></span> <span class='ocrx_word' id='word_1_444' title='bbox 1234 4571 1324 4626; x_wconf 88' lang='lat' dir='ltr'><strong>his</strong></span> <span class='ocrx_word' id='word_1_445' title='bbox 1353 4571 1542 4626; x_wconf 89' lang='lat' dir='ltr'><strong>verbis</strong></span> <span class='ocrx_word' id='word_1_446' title='bbox 1565 4588 1577 4627; x_wconf 93' lang='lat'>:</span> <span class='ocrx_word' id='word_1_447' title='bbox 1599 4575 1710 4629; x_wconf 87' lang='lat' dir='ltr'><strong>Hoc</strong></span> <span class='ocrx_word' id='word_1_448' title='bbox 1735 4575 1812 4627; x_wconf 91' lang='lat' dir='ltr'><strong>est</strong></span> <span class='ocrx_word' id='word_1_449' title='bbox 1829 4593 1889 4665; x_wconf 84' lang='lat' dir='ltr'><strong>D</strong></span> 
     </span>
    </p>
   </div>
   <div class='ocr_carea' id='block_1_62' title="bbox 193 4664 1807 4734">
    <p class='ocr_par' dir='ltr' id='par_1_62' title="bbox 193 4664 1807 4734">
     <span class='ocr_line' id='line_1_62' title="bbox 193 4664 1807 4734; baseline 0.004 -20"><span class='ocrx_word' id='word_1_450' title='bbox 193 4673 358 4729; x_wconf 76' lang='lat' dir='ltr'><strong>Carpus</strong></span> <span class='ocrx_word' id='word_1_451' title='bbox 390 4678 589 4732; x_wconf 88' lang='lat' dir='ltr'><strong>meum,</strong></span> <span class='ocrx_word' id='word_1_452' title='bbox 627 4664 774 4733; x_wconf 86' lang='lat' dir='ltr'><strong>quod</strong></span> <span class='ocrx_word' id='word_1_453' title='bbox 802 4680 906 4734; x_wconf 82' lang='lat' dir='ltr'><strong>pro</strong></span> <span class='ocrx_word' id='word_1_454' title='bbox 940 4665 1091 4720; x_wconf 79' lang='lat' dir='ltr'><strong>vobis</strong></span> <span class='ocrx_word' id='word_1_455' title='bbox 1121 4665 1393 4721; x_wconf 88' lang='lat' dir='ltr'><strong>tradetur.</strong></span> <span class='ocrx_word' id='word_1_456' title='bbox 1432 4664 1568 4729; x_wconf 80' lang='lat' dir='ltr'><strong>Quae</strong></span> <span class='ocrx_word' id='word_1_457' title='bbox 1597 4666 1807 4733; x_wconf 88' lang='lat' dir='ltr'><strong>forma,</strong></span> 
     </span>
    </p>
   </div>
   <div class='ocr_carea' id='block_1_63' title="bbox 196 4754 1813 4831">
    <p class='ocr_par' dir='ltr' id='par_1_63' title="bbox 196 4754 1813 4831">
     <span class='ocr_line' id='line_1_63' title="bbox 196 4754 1813 4831; baseline 0.003 -25"><span class='ocrx_word' id='word_1_458' title='bbox 196 4754 352 4808; x_wconf 79' lang='lat' dir='ltr'><strong>veteri</strong></span> <span class='ocrx_word' id='word_1_459' title='bbox 367 4755 767 4811; x_wconf 72' lang='lat' dir='ltr'><strong>Ambrosianze</strong></span> <span class='ocrx_word' id='word_1_460' title='bbox 788 4757 1122 4824; x_wconf 90' lang='lat' dir='ltr'><strong>consimilis,</strong></span> <span class='ocrx_word' id='word_1_461' title='bbox 1149 4758 1219 4812; x_wconf 90' lang='lat' dir='ltr'><strong>ab</strong></span> <span class='ocrx_word' id='word_1_462' title='bbox 1242 4758 1411 4812; x_wconf 89' lang='lat' dir='ltr'><strong>annis</strong></span> <span class='ocrx_word' id='word_1_463' title='bbox 1431 4757 1813 4831; x_wconf 87' lang='lat' dir='ltr'><strong>septingentis</strong></span> 
     </span>
    </p>
   </div>
   <div class='ocr_carea' id='block_1_64' title="bbox 197 4844 1810 4925">
    <p class='ocr_par' dir='ltr' id='par_1_64' title="bbox 197 4844 1810 4925">
     <span class='ocr_line' id='line_1_64' title="bbox 197 4844 1810 4925; baseline 0.004 -27"><span class='ocrx_word' id='word_1_464' title='bbox 197 4844 258 4898; x_wconf 87' lang='lat' dir='ltr'><strong>ad</strong></span> <span class='ocrx_word' id='word_1_465' title='bbox 284 4846 600 4903; x_wconf 84' lang='lat' dir='ltr'><strong>Romanam</strong></span> <span class='ocrx_word' id='word_1_466' title='bbox 628 4849 863 4904; x_wconf 88' lang='lat' dir='ltr'><strong>redacta</strong></span> <span class='ocrx_word' id='word_1_467' title='bbox 897 4854 1001 4917; x_wconf 90' lang='lat' dir='ltr'><strong>est,</strong></span> <span class='ocrx_word' id='word_1_468' title='bbox 1036 4849 1120 4904; x_wconf 92' lang='lat' dir='ltr'><strong>uti</strong></span> <span class='ocrx_word' id='word_1_469' title='bbox 1146 4852 1204 4903; x_wconf 89' lang='lat' dir='ltr'><strong>et</strong></span> <span class='ocrx_word' id='word_1_470' title='bbox 1227 4851 1416 4905; x_wconf 87' lang='lat' dir='ltr'><strong>forma</strong></span> <span class='ocrx_word' id='word_1_471' title='bbox 1440 4868 1687 4925; x_wconf 88' lang='lat' dir='ltr'><strong>sequens</strong></span> <span class='ocrx_word' id='word_1_472' title='bbox 1705 4867 1810 4922; x_wconf 92' lang='lat' dir='ltr'><strong>pro</strong></span> 
     </span>
    </p>
   </div>
   <div class='ocr_carea' id='block_1_65' title="bbox 197 4936 1808 5000">
    <p class='ocr_par' dir='ltr' id='par_1_65' title="bbox 197 4936 1808 5000">
     <span class='ocr_line' id='line_1_65' title="bbox 197 4936 1808 5000; baseline 0.006 -11"><span class='ocrx_word' id='word_1_473' title='bbox 197 4936 298 4993; x_wconf 84' lang='lat' dir='ltr'><strong>vini</strong></span> <span class='ocrx_word' id='word_1_474' title='bbox 320 4943 778 5000; x_wconf 87' lang='lat' dir='ltr'><strong>consecratione.</strong></span> <span class='ocrx_word' id='word_1_475' title='bbox 810 4943 1100 4998; x_wconf 88' lang='lat' dir='ltr'><strong>Elevanda</strong></span> <span class='ocrx_word' id='word_1_476' title='bbox 1137 4960 1357 4998; x_wconf 88' lang='lat' dir='ltr'><strong>sacram</strong></span> <span class='ocrx_word' id='word_1_477' title='bbox 1396 4944 1647 5000; x_wconf 87' lang='lat' dir='ltr'><strong>hostiam</strong></span> <span class='ocrx_word' id='word_1_478' title='bbox 1681 4944 1763 4998; x_wconf 87' lang='lat' dir='ltr'><strong>ait</strong></span> <span class='ocrx_word' id='word_1_479' title='bbox 1795 4961 1808 4999; x_wconf 90' lang='lat'><strong>:</strong></span> 
     </span>
    </p>
   </div>
   <div class='ocr_carea' id='block_1_66' title="bbox 197 5031 1814 5107">
    <p class='ocr_par' dir='ltr' id='par_1_66' title="bbox 197 5031 1814 5107">
     <span class='ocr_line' id='line_1_66' title="bbox 197 5031 1814 5107; baseline 0.002 -18"><span class='ocrx_word' id='word_1_480' title='bbox 197 5031 611 5107; x_wconf 84' lang='lat' dir='ltr'><strong>Quotiescumque</strong></span> <span class='ocrx_word' id='word_1_481' title='bbox 654 5037 1134 5100; x_wconf 88' lang='lat' dir='ltr'><strong>manducaveritis,</strong></span> <span class='ocrx_word' id='word_1_482' title='bbox 1182 5038 1278 5093; x_wconf 85' lang='lat' dir='ltr'><strong>hoc</strong></span> <span class='ocrx_word' id='word_1_483' title='bbox 1321 5039 1489 5105; x_wconf 83' lang='lat' dir='ltr'><strong>facite</strong></span> <span class='ocrx_word' id='word_1_484' title='bbox 1536 5040 1595 5092; x_wconf 88' lang='lat' dir='ltr'><strong>in</strong></span> <span class='ocrx_word' id='word_1_485' title='bbox 1639 5053 1814 5094; x_wconf 89' lang='lat' dir='ltr'><strong>meam</strong></span> 
     </span>
    </p>
   </div>
   <div class='ocr_carea' id='block_1_67' title="bbox 195 5131 1809 5202">
    <p class='ocr_par' dir='ltr' id='par_1_67' title="bbox 195 5131 1809 5202">
     <span class='ocr_line' id='line_1_67' title="bbox 195 5131 1809 5202; baseline 0.006 -25"><span class='ocrx_word' id='word_1_486' title='bbox 195 5132 737 5185; x_wconf 83' lang='lat' dir='ltr'><strong>commemorationem.</strong></span> <span class='ocrx_word' id='word_1_487' title='bbox 776 5131 939 5197; x_wconf 91' lang='lat' dir='ltr'><strong>Tum,</strong></span> <span class='ocrx_word' id='word_1_488' title='bbox 974 5132 1238 5187; x_wconf 83' lang='lat' dir='ltr'><strong>Similiter</strong></span> <span class='ocrx_word' id='word_1_489' title='bbox 1280 5136 1331 5185; x_wconf 89' lang='lat' dir='ltr'><strong>et</strong></span> <span class='ocrx_word' id='word_1_490' title='bbox 1372 5132 1612 5195; x_wconf 86' lang='lat' dir='ltr'><strong>calicem,</strong></span> <span class='ocrx_word' id='word_1_491' title='bbox 1654 5136 1809 5202; x_wconf 86' lang='lat' dir='ltr'><strong>post-</strong></span> 
     </span>
    </p>
   </div>
   <div class='ocr_carea' id='block_1_68' title="bbox 196 5224 1819 5287">
    <p class='ocr_par' dir='ltr' id='par_1_68' title="bbox 196 5224 1819 5287">
     <span class='ocr_line' id='line_1_68' title="bbox 196 5224 1819 5287; baseline 0.001 -11"><span class='ocrx_word' id='word_1_492' title='bbox 196 5233 337 5286; x_wconf 81' lang='lat' dir='ltr'><strong>quam</strong></span> <span class='ocrx_word' id='word_1_493' title='bbox 378 5226 628 5287; x_wconf 72' lang='lat' dir='ltr'><strong>cwnavit,</strong></span> <span class='ocrx_word' id='word_1_494' title='bbox 668 5224 847 5279; x_wconf 88' lang='lat' dir='ltr'><strong>dicens</strong></span> <span class='ocrx_word' id='word_1_495' title='bbox 874 5242 891 5278; x_wconf 92' lang='lat'><strong><em>:</em></strong></span> <span class='ocrx_word' id='word_1_496' title='bbox 922 5226 1026 5280; x_wconf 89' lang='lat' dir='ltr'><strong>Hic</strong></span> <span class='ocrx_word' id='word_1_497' title='bbox 1063 5229 1141 5280; x_wconf 88' lang='lat' dir='ltr'><strong>est</strong></span> <span class='ocrx_word' id='word_1_498' title='bbox 1175 5226 1324 5280; x_wconf 78' lang='lat' dir='ltr'><strong>calta:</strong></span> <span class='ocrx_word' id='word_1_499' title='bbox 1357 5227 1485 5279; x_wconf 82' lang='lat' dir='ltr'><strong>novi</strong></span> <span class='ocrx_word' id='word_1_500' title='bbox 1511 5227 1819 5281; x_wconf 86' lang='lat' dir='ltr'><strong>testamenti</strong></span> 
     </span>
    </p>
   </div>
   <div class='ocr_carea' id='block_1_69' title="bbox 198 5313 1812 5390">
    <p class='ocr_par' dir='ltr' id='par_1_69' title="bbox 198 5313 1812 5390">
     <span class='ocr_line' id='line_1_69' title="bbox 198 5313 1812 5390; baseline 0.004 -23"><span class='ocrx_word' id='word_1_501' title='bbox 198 5313 245 5365; x_wconf 82' lang='lat' dir='ltr'><strong>in</strong></span> <span class='ocrx_word' id='word_1_502' title='bbox 264 5330 364 5370; x_wconf 90' lang='lat' dir='ltr'><strong>meo</strong></span> <span class='ocrx_word' id='word_1_503' title='bbox 388 5319 674 5387; x_wconf 83' lang='lat' dir='ltr'><strong>sanguine,</strong></span> <span class='ocrx_word' id='word_1_504' title='bbox 705 5319 805 5387; x_wconf 86' lang='lat' dir='ltr'><strong>qui</strong></span> <span class='ocrx_word' id='word_1_505' title='bbox 829 5332 933 5389; x_wconf 85' lang='lat' dir='ltr'><strong>pro</strong></span> <span class='ocrx_word' id='word_1_506' title='bbox 969 5319 1116 5374; x_wconf 84' lang='lat' dir='ltr'><strong>vobis</strong></span> <span class='ocrx_word' id='word_1_507' title='bbox 1144 5323 1195 5374; x_wconf 89' lang='lat' dir='ltr'><strong>et</strong></span> <span class='ocrx_word' id='word_1_508' title='bbox 1212 5334 1318 5390; x_wconf 87' lang='lat' dir='ltr'><strong>pro</strong></span> <span class='ocrx_word' id='word_1_509' title='bbox 1360 5318 1545 5375; x_wconf 89' lang='lat' dir='ltr'><strong>multis</strong></span> <span class='ocrx_word' id='word_1_510' title='bbox 1570 5318 1812 5390; x_wconf 66' lang='lat' dir='ltr'><strong>effunde-</strong></span> 
     </span>
    </p>
   </div>
   <div class='ocr_carea' id='block_1_70' title="bbox 200 5409 1815 5485">
    <p class='ocr_par' dir='ltr' id='par_1_70' title="bbox 200 5409 1815 5485">
     <span class='ocr_line' id='line_1_70' title="bbox 200 5409 1815 5485; baseline 0.006 -27"><span class='ocrx_word' id='word_1_511' title='bbox 200 5409 291 5469; x_wconf 81' lang='lat' dir='ltr'><strong>tur,</strong></span> <span class='ocrx_word' id='word_1_512' title='bbox 318 5412 421 5466; x_wconf 87' lang='lat' dir='ltr'><strong>etc.</strong></span> <span class='ocrx_word' id='word_1_513' title='bbox 445 5411 587 5465; x_wconf 89' lang='lat' dir='ltr'><strong>Hinc</strong></span> <span class='ocrx_word' id='word_1_514' title='bbox 608 5410 847 5466; x_wconf 89' lang='lat' dir='ltr'><strong>calicem</strong></span> <span class='ocrx_word' id='word_1_515' title='bbox 866 5410 1043 5465; x_wconf 88' lang='lat' dir='ltr'><strong>ﬁliola</strong></span> <span class='ocrx_word' id='word_1_516' title='bbox 1065 5428 1164 5466; x_wconf 90' lang='lat' dir='ltr'><strong>seu</strong></span> <span class='ocrx_word' id='word_1_517' title='bbox 1196 5411 1444 5466; x_wconf 90' lang='lat' dir='ltr'><strong>amiculo</strong></span> <span class='ocrx_word' id='word_1_518' title='bbox 1476 5414 1815 5485; x_wconf 87' lang='lat' dir='ltr'><strong>coopertum</strong></span> 
     </span>
    </p>
   </div>
   <div class='ocr_carea' id='block_1_71' title="bbox 201 5499 1816 5574">
    <p class='ocr_par' dir='ltr' id='par_1_71' title="bbox 201 5499 1816 5574">
     <span class='ocr_line' id='line_1_71' title="bbox 201 5499 1816 5574; baseline 0.006 -23"><span class='ocrx_word' id='word_1_519' title='bbox 201 5499 424 5571; x_wconf 81' lang='lat' dir='ltr'><strong>exhibet,</strong></span> <span class='ocrx_word' id='word_1_520' title='bbox 457 5504 675 5573; x_wconf 89' lang='lat' dir='ltr'><strong>dicens,</strong></span> <span class='ocrx_word' id='word_1_521' title='bbox 701 5506 1137 5574; x_wconf 84' lang='lat' dir='ltr'><strong>Quotiescumque</strong></span> <span class='ocrx_word' id='word_1_522' title='bbox 1163 5506 1425 5569; x_wconf 85' lang='lat' dir='ltr'><strong>biberitis,</strong></span> <span class='ocrx_word' id='word_1_523' title='bbox 1446 5506 1542 5561; x_wconf 85' lang='lat' dir='ltr'><strong>hoc</strong></span> <span class='ocrx_word' id='word_1_524' title='bbox 1567 5507 1734 5574; x_wconf 83' lang='lat' dir='ltr'><strong>facite</strong></span> <span class='ocrx_word' id='word_1_525' title='bbox 1757 5509 1816 5561; x_wconf 91' lang='lat' dir='ltr'><strong>in</strong></span> 
     </span>
    </p>
   </div>
   <div class='ocr_carea' id='block_1_72' title="bbox 202 5598 1811 5666">
    <p class='ocr_par' dir='ltr' id='par_1_72' title="bbox 202 5598 1811 5666">
     <span class='ocr_line' id='line_1_72' title="bbox 202 5598 1811 5666; baseline 0.004 -19"><span class='ocrx_word' id='word_1_526' title='bbox 202 5607 349 5649; x_wconf 88' lang='lat' dir='ltr'><strong>meam</strong></span> <span class='ocrx_word' id='word_1_527' title='bbox 391 5601 952 5654; x_wconf 87' lang='lat' dir='ltr'><strong>commemorationem.</strong></span> <span class='ocrx_word' id='word_1_528' title='bbox 983 5598 1105 5653; x_wconf 80' lang='lat' dir='ltr'><strong>Mox</strong></span> <span class='ocrx_word' id='word_1_529' title='bbox 1157 5598 1368 5655; x_wconf 89' lang='lat' dir='ltr'><strong>dicitur</strong></span> <span class='ocrx_word' id='word_1_530' title='bbox 1404 5599 1589 5655; x_wconf 88' lang='lat' dir='ltr'><strong>oratio</strong></span> <span class='ocrx_word' id='word_1_531' title='bbox 1635 5602 1811 5666; x_wconf 87' lang='lat' dir='ltr'><strong>sexta,</strong></span> 
     </span>
    </p>
   </div>
   <div class='ocr_carea' id='block_1_73' title="bbox 203 5678 1815 5749">
    <p class='ocr_par' dir='ltr' id='par_1_73' title="bbox 203 5678 1815 5749">
     <span class='ocr_line' id='line_1_73' title="bbox 203 5678 1815 5749; baseline 0.004 -9"><span class='ocrx_word' id='word_1_532' title='bbox 203 5691 379 5743; x_wconf 73' lang='lat' dir='ltr'><strong>vocata</strong></span> <span class='ocrx_word' id='word_1_533' title='bbox 401 5691 535 5747; x_wconf 90' lang='lat' dir='ltr'><strong>Post</strong></span> <span class='ocrx_word' id='word_1_534' title='bbox 561 5678 771 5748; x_wconf 86' lang='lat' dir='ltr'><strong>Pridie.</strong></span> <span class='ocrx_word' id='word_1_535' title='bbox 798 5692 1019 5748; x_wconf 90' lang='lat' dir='ltr'><strong>Deinde</strong></span> <span class='ocrx_word' id='word_1_536' title='bbox 1048 5692 1316 5748; x_wconf 88' lang='lat' dir='ltr'><strong>sacerdos</strong></span> <span class='ocrx_word' id='word_1_537' title='bbox 1344 5692 1549 5749; x_wconf 88' lang='lat' dir='ltr'><strong>dividit</strong></span> <span class='ocrx_word' id='word_1_538' title='bbox 1576 5692 1815 5748; x_wconf 89' lang='lat' dir='ltr'><strong>calicem</strong></span> 
     </span>
    </p>
   </div>
   <div class='ocr_carea' id='block_1_74' title="bbox 208 5783 1814 5857">
    <p class='ocr_par' dir='ltr' id='par_1_74' title="bbox 208 5783 1814 5857">
     <span class='ocr_line' id='line_1_74' title="bbox 208 5783 1814 5857; baseline 0.004 -23"><span class='ocrx_word' id='word_1_539' title='bbox 208 5793 292 5833; x_wconf 75' lang='lat' dir='ltr'><strong>sua</strong></span> <span class='ocrx_word' id='word_1_540' title='bbox 321 5783 581 5851; x_wconf 89' lang='lat' dir='ltr'><strong>amicula,</strong></span> <span class='ocrx_word' id='word_1_541' title='bbox 608 5786 853 5857; x_wconf 89' lang='lat' dir='ltr'><strong>huicque</strong></span> <span class='ocrx_word' id='word_1_542' title='bbox 890 5786 1143 5857; x_wconf 90' lang='lat' dir='ltr'><strong>imponit</strong></span> <span class='ocrx_word' id='word_1_543' title='bbox 1172 5784 1422 5841; x_wconf 88' lang='lat' dir='ltr'><strong>hostiam</strong></span> <span class='ocrx_word' id='word_1_544' title='bbox 1457 5801 1698 5853; x_wconf 89' lang='lat' dir='ltr'><strong>sacram,</strong></span> <span class='ocrx_word' id='word_1_545' title='bbox 1728 5785 1814 5840; x_wconf 89' lang='lat' dir='ltr'><strong>di-</strong></span> 
     </span>
    </p>
   </div>
   <div class='ocr_carea' id='block_1_75' title="bbox 210 5873 1817 5957">
    <p class='ocr_par' dir='ltr' id='par_1_75' title="bbox 210 5873 1817 5957">
     <span class='ocr_line' id='line_1_75' title="bbox 210 5873 1817 5957; baseline 0.007 -32"><span class='ocrx_word' id='word_1_546' title='bbox 210 5873 369 5931; x_wconf 84' lang='lat' dir='ltr'><strong>cendo</strong></span> <span class='ocrx_word' id='word_1_547' title='bbox 398 5878 794 5955; x_wconf 87' lang='lat' dir='ltr'><strong>antiphonam,</strong></span> <span class='ocrx_word' id='word_1_548' title='bbox 821 5896 949 5957; x_wconf 81' lang='lat' dir='ltr'><strong>quae</strong></span> <span class='ocrx_word' id='word_1_549' title='bbox 977 5879 1064 5937; x_wconf 85' lang='lat' dir='ltr'><strong>Ad</strong></span> <span class='ocrx_word' id='word_1_550' title='bbox 1091 5879 1549 5941; x_wconf 86' lang='lat' dir='ltr'><strong>confractionem</strong></span> <span class='ocrx_word' id='word_1_551' title='bbox 1571 5879 1817 5953; x_wconf 86' lang='lat' dir='ltr'><strong>appella-</strong></span> 
     </span>
    </p>
   </div>
   <div class='ocr_carea' id='block_1_76' title="bbox 1828 3222 1884 3295">
    <p class='ocr_par' dir='ltr' id='par_1_76' title="bbox 1828 3222 1884 3295">
     <span class='ocr_line' id='line_1_76' title="bbox 1828 3222 1884 3295; baseline 0 0"><span class='ocrx_word' id='word_1_552' title='bbox 1828 3222 1884 3295; x_wconf 87' lang='lat' dir='ltr'><strong><em>C</em></strong></span> 
     </span>
    </p>
   </div>
   <div class='ocr_carea' id='block_1_77' title="bbox 1906 1961 3542 2034">
    <p class='ocr_par' dir='ltr' id='par_1_77' title="bbox 1906 1961 3542 2034">
     <span class='ocr_line' id='line_1_77' title="bbox 1906 1961 3542 2034; baseline -0.002 -15"><span class='ocrx_word' id='word_1_553' title='bbox 1906 1965 2079 2019; x_wconf 91' lang='lat' dir='ltr'><strong>dente</strong></span> <span class='ocrx_word' id='word_1_554' title='bbox 2117 1964 2190 2018; x_wconf 90' lang='lat' dir='ltr'><strong>ad</strong></span> <span class='ocrx_word' id='word_1_555' title='bbox 2223 1963 2479 2034; x_wconf 90' lang='lat' dir='ltr'><strong>singulas</strong></span> <span class='ocrx_word' id='word_1_556' title='bbox 2512 1962 2664 2015; x_wconf 91' lang='lat' dir='ltr'><strong>vices</strong></span> <span class='ocrx_word' id='word_1_557' title='bbox 2698 1961 2895 2028; x_wconf 88' lang='lat' dir='ltr'><strong>choro,</strong></span> <span class='ocrx_word' id='word_1_558' title='bbox 2922 1963 3030 2028; x_wconf 84' lang='lat' dir='ltr'><strong>Qui</strong></span> <span class='ocrx_word' id='word_1_559' title='bbox 3062 1961 3210 2017; x_wconf 87' lang='lat' dir='ltr'><strong>sedes</strong></span> <span class='ocrx_word' id='word_1_560' title='bbox 3234 1976 3397 2031; x_wconf 87' lang='lat' dir='ltr'><strong>super</strong></span> <span class='ocrx_word' id='word_1_561' title='bbox 3421 1962 3542 2016; x_wconf 82' lang='lat' dir='ltr'><strong>che-</strong></span> 
     </span>
    </p>
   </div>
   <div class='ocr_carea' id='block_1_78' title="bbox 1904 2054 3545 2121">
    <p class='ocr_par' dir='ltr' id='par_1_78' title="bbox 1904 2054 3545 2121">
     <span class='ocr_line' id='line_1_78' title="bbox 1904 2054 3545 2121; baseline -0.002 -7"><span class='ocrx_word' id='word_1_562' title='bbox 1904 2059 2085 2121; x_wconf 88' lang='lat' dir='ltr'><strong>rubin,</strong></span> <span class='ocrx_word' id='word_1_563' title='bbox 2110 2058 2278 2112; x_wconf 67' lang='lat' dir='ltr'><strong>radis:</strong></span> <span class='ocrx_word' id='word_1_564' title='bbox 2295 2057 2496 2118; x_wconf 79' lang='lat' dir='ltr'><strong>David,</strong></span> <span class='ocrx_word' id='word_1_565' title='bbox 2519 2056 2767 2110; x_wconf 85' lang='lat' dir='ltr'><strong>alleluia.</strong></span> <span class='ocrx_word' id='word_1_566' title='bbox 2793 2054 2999 2110; x_wconf 90' lang='lat' dir='ltr'><strong>Statim</strong></span> <span class='ocrx_word' id='word_1_567' title='bbox 3025 2055 3196 2109; x_wconf 89' lang='lat' dir='ltr'><strong>datur</strong></span> <span class='ocrx_word' id='word_1_568' title='bbox 3215 2054 3545 2110; x_wconf 85' lang='lat' dir='ltr'><strong>benedictio</strong></span> 
     </span>
    </p>
   </div>
   <div class='ocr_carea' id='block_1_79' title="bbox 1907 2146 3542 2221">
    <p class='ocr_par' dir='ltr' id='par_1_79' title="bbox 1907 2146 3542 2221">
     <span class='ocr_line' id='line_1_79' title="bbox 1907 2146 3542 2221; baseline -0.002 -16"><span class='ocrx_word' id='word_1_569' title='bbox 1907 2168 1975 2206; x_wconf 92' lang='lat' dir='ltr'><strong>eo</strong></span> <span class='ocrx_word' id='word_1_570' title='bbox 2018 2150 2216 2216; x_wconf 87' lang='lat' dir='ltr'><strong>modo,</strong></span> <span class='ocrx_word' id='word_1_571' title='bbox 2257 2166 2370 2221; x_wconf 91' lang='lat' dir='ltr'><strong>qua</strong></span> <span class='ocrx_word' id='word_1_572' title='bbox 2417 2151 2627 2204; x_wconf 61' lang='lat' dir='ltr'><strong>nostra;</strong></span> <span class='ocrx_word' id='word_1_573' title='bbox 2664 2147 3038 2219; x_wconf 89' lang='lat' dir='ltr'><strong>episcopales.</strong></span> <span class='ocrx_word' id='word_1_574' title='bbox 3068 2149 3203 2201; x_wconf 93' lang='lat' dir='ltr'><strong>Post</strong></span> <span class='ocrx_word' id='word_1_575' title='bbox 3239 2146 3360 2201; x_wconf 65' lang='lat' dir='ltr'><strong>haec</strong></span> <span class='ocrx_word' id='word_1_576' title='bbox 3387 2163 3542 2201; x_wconf 91' lang='lat' dir='ltr'><strong>com-</strong></span> 
     </span>
    </p>
   </div>
   <div class='ocr_carea' id='block_1_80' title="bbox 1905 2240 3549 2312">
    <p class='ocr_par' dir='ltr' id='par_1_80' title="bbox 1905 2240 3549 2312">
     <span class='ocr_line' id='line_1_80' title="bbox 1905 2240 3549 2312; baseline -0.003 -13"><span class='ocrx_word' id='word_1_577' title='bbox 1905 2244 2127 2312; x_wconf 91' lang='lat' dir='ltr'><strong>munio,</strong></span> <span class='ocrx_word' id='word_1_578' title='bbox 2149 2243 2286 2297; x_wconf 91' lang='lat' dir='ltr'><strong>dum</strong></span> <span class='ocrx_word' id='word_1_579' title='bbox 2308 2241 2541 2296; x_wconf 86' lang='lat' dir='ltr'><strong>interim</strong></span> <span class='ocrx_word' id='word_1_580' title='bbox 2568 2241 2811 2312; x_wconf 92' lang='lat' dir='ltr'><strong>populus</strong></span> <span class='ocrx_word' id='word_1_581' title='bbox 2836 2242 3050 2307; x_wconf 89' lang='lat' dir='ltr'><strong>cantat,</strong></span> <span class='ocrx_word' id='word_1_582' title='bbox 3072 2240 3292 2297; x_wconf 89' lang='lat' dir='ltr'><strong>Gustate</strong></span> <span class='ocrx_word' id='word_1_583' title='bbox 3308 2244 3359 2294; x_wconf 89' lang='lat' dir='ltr'><strong>et</strong></span> <span class='ocrx_word' id='word_1_584' title='bbox 3373 2240 3549 2296; x_wconf 86' lang='lat' dir='ltr'><strong>videte</strong></span> 
     </span>
    </p>
   </div>
   <div class='ocr_carea' id='block_1_81' title="bbox 1905 2332 3547 2408">
    <p class='ocr_par' dir='ltr' id='par_1_81' title="bbox 1905 2332 3547 2408">
     <span class='ocr_line' id='line_1_81' title="bbox 1905 2332 3547 2408; baseline -0.002 -16"><span class='ocrx_word' id='word_1_585' title='bbox 1905 2354 2068 2408; x_wconf 88' lang='lat' dir='ltr'><strong>quam</strong></span> <span class='ocrx_word' id='word_1_586' title='bbox 2093 2338 2275 2392; x_wconf 87' lang='lat' dir='ltr'><strong>suavis</strong></span> <span class='ocrx_word' id='word_1_587' title='bbox 2295 2339 2372 2390; x_wconf 88' lang='lat' dir='ltr'><strong>est</strong></span> <span class='ocrx_word' id='word_1_588' title='bbox 2401 2337 2678 2397; x_wconf 88' lang='lat' dir='ltr'><strong>Dominus,</strong></span> <span class='ocrx_word' id='word_1_589' title='bbox 2705 2334 2955 2397; x_wconf 89' lang='lat' dir='ltr'><strong>alleluia,</strong></span> <span class='ocrx_word' id='word_1_590' title='bbox 2985 2334 3233 2388; x_wconf 89' lang='lat' dir='ltr'><strong>alleluia.</strong></span> <span class='ocrx_word' id='word_1_591' title='bbox 3270 2334 3333 2386; x_wconf 94' lang='lat' dir='ltr'><strong>ln</strong></span> <span class='ocrx_word' id='word_1_592' title='bbox 3356 2332 3547 2388; x_wconf 89' lang='lat' dir='ltr'><strong>missis</strong></span> 
     </span>
    </p>
   </div>
   <div class='ocr_carea' id='block_1_82' title="bbox 1908 2426 3549 2498">
    <p class='ocr_par' dir='ltr' id='par_1_82' title="bbox 1908 2426 3549 2498">
     <span class='ocr_line' id='line_1_82' title="bbox 1908 2426 3549 2498; baseline -0.002 -14"><span class='ocrx_word' id='word_1_593' title='bbox 1908 2431 2314 2485; x_wconf 78' lang='lat' dir='ltr'><strong>defunctorum</strong></span> <span class='ocrx_word' id='word_1_594' title='bbox 2346 2430 2404 2483; x_wconf 90' lang='lat' dir='ltr'><strong>et</strong></span> <span class='ocrx_word' id='word_1_595' title='bbox 2431 2426 2920 2498; x_wconf 66' lang='lat' dir='ltr'><strong>Quadragesimaa,</strong></span> <span class='ocrx_word' id='word_1_596' title='bbox 2950 2427 3056 2493; x_wconf 88' lang='lat' dir='ltr'><strong>Qui</strong></span> <span class='ocrx_word' id='word_1_597' title='bbox 3078 2428 3224 2480; x_wconf 84' lang='lat' dir='ltr'><strong>venit</strong></span> <span class='ocrx_word' id='word_1_598' title='bbox 3242 2426 3318 2482; x_wconf 89' lang='lat' dir='ltr'><strong>ad</strong></span> <span class='ocrx_word' id='word_1_599' title='bbox 3342 2442 3423 2481; x_wconf 88' lang='lat' dir='ltr'><strong>me</strong></span> <span class='ocrx_word' id='word_1_600' title='bbox 3441 2442 3549 2482; x_wconf 90' lang='lat' dir='ltr'><strong>non</strong></span> 
     </span>
    </p>
   </div>
   <div class='ocr_carea' id='block_1_83' title="bbox 1906 2517 3549 2590">
    <p class='ocr_par' dir='ltr' id='par_1_83' title="bbox 1906 2517 3549 2590">
     <span class='ocr_line' id='line_1_83' title="bbox 1906 2517 3549 2590; baseline -0.004 -10"><span class='ocrx_word' id='word_1_601' title='bbox 1906 2526 2121 2580; x_wconf 84' lang='lat' dir='ltr'><strong>esuriet.</strong></span> <span class='ocrx_word' id='word_1_602' title='bbox 2150 2521 2432 2577; x_wconf 90' lang='lat' dir='ltr'><strong>Sacerdos</strong></span> <span class='ocrx_word' id='word_1_603' title='bbox 2452 2518 2959 2586; x_wconf 91' lang='lat' dir='ltr'><strong>communicando,</strong></span> <span class='ocrx_word' id='word_1_604' title='bbox 2980 2517 3361 2590; x_wconf 90' lang='lat' dir='ltr'><strong>penultimam</strong></span> <span class='ocrx_word' id='word_1_605' title='bbox 3375 2518 3549 2590; x_wconf 88' lang='lat' dir='ltr'><strong>parti-</strong></span> 
     </span>
    </p>
   </div>
   <div class='ocr_carea' id='block_1_84' title="bbox 1907 2611 3545 2683">
    <p class='ocr_par' dir='ltr' id='par_1_84' title="bbox 1907 2611 3545 2683">
     <span class='ocr_line' id='line_1_84' title="bbox 1907 2611 3545 2683; baseline -0.003 -12"><span class='ocrx_word' id='word_1_606' title='bbox 1907 2618 2115 2682; x_wconf 89' lang='lat' dir='ltr'><strong>culam,</strong></span> <span class='ocrx_word' id='word_1_607' title='bbox 2135 2615 2226 2670; x_wconf 92' lang='lat' dir='ltr'><strong>cui</strong></span> <span class='ocrx_word' id='word_1_608' title='bbox 2244 2631 2459 2671; x_wconf 91' lang='lat' dir='ltr'><strong>nomen</strong></span> <span class='ocrx_word' id='word_1_609' title='bbox 2477 2615 2685 2677; x_wconf 86' lang='lat' dir='ltr'><strong>Gloria,</strong></span> <span class='ocrx_word' id='word_1_610' title='bbox 2700 2612 2922 2667; x_wconf 68' lang='lat' dir='ltr'><strong>caeteris</strong></span> <span class='ocrx_word' id='word_1_611' title='bbox 2938 2611 3221 2682; x_wconf 86' lang='lat' dir='ltr'><strong>majorem</strong></span> <span class='ocrx_word' id='word_1_612' title='bbox 3240 2611 3545 2683; x_wconf 88' lang='lat' dir='ltr'><strong>accipiens,</strong></span> 
     </span>
    </p>
   </div>
   <div class='ocr_carea' id='block_1_85' title="bbox 1908 2702 3550 2781">
    <p class='ocr_par' dir='ltr' id='par_1_85' title="bbox 1908 2702 3550 2781">
     <span class='ocr_line' id='line_1_85' title="bbox 1908 2702 3550 2781; baseline -0.002 -17"><span class='ocrx_word' id='word_1_613' title='bbox 1908 2725 2154 2781; x_wconf 88' lang='lat' dir='ltr'><strong>eamque</strong></span> <span class='ocrx_word' id='word_1_614' title='bbox 2185 2712 2389 2762; x_wconf 90' lang='lat' dir='ltr'><strong>tenens</strong></span> <span class='ocrx_word' id='word_1_615' title='bbox 2420 2724 2591 2779; x_wconf 90' lang='lat' dir='ltr'><strong>super</strong></span> <span class='ocrx_word' id='word_1_616' title='bbox 2619 2702 2879 2774; x_wconf 77' lang='lat' dir='ltr'><strong>calicem,</strong></span> <span class='ocrx_word' id='word_1_617' title='bbox 2908 2705 3260 2767; x_wconf 86' lang='lat' dir='ltr'><strong>memoriam</strong></span> <span class='ocrx_word' id='word_1_618' title='bbox 3285 2705 3425 2760; x_wconf 90' lang='lat' dir='ltr'><strong>facit</strong></span> <span class='ocrx_word' id='word_1_619' title='bbox 3454 2705 3550 2760; x_wconf 89' lang='lat' dir='ltr'><strong>de-</strong></span> 
     </span>
    </p>
   </div>
   <div class='ocr_carea' id='block_1_86' title="bbox 1908 2798 3547 2869">
    <p class='ocr_par' dir='ltr' id='par_1_86' title="bbox 1908 2798 3547 2869">
     <span class='ocr_line' id='line_1_86' title="bbox 1908 2798 3547 2869; baseline -0.002 -12"><span class='ocrx_word' id='word_1_620' title='bbox 1908 2804 2259 2858; x_wconf 90' lang='lat' dir='ltr'><strong>functorum.</strong></span> <span class='ocrx_word' id='word_1_621' title='bbox 2298 2801 2421 2856; x_wconf 86' lang='lat' dir='ltr'><strong>Mox</strong></span> <span class='ocrx_word' id='word_1_622' title='bbox 2461 2816 2591 2855; x_wconf 90' lang='lat' dir='ltr'><strong>eam</strong></span> <span class='ocrx_word' id='word_1_623' title='bbox 2631 2800 2692 2853; x_wconf 91' lang='lat' dir='ltr'><strong>in</strong></span> <span class='ocrx_word' id='word_1_624' title='bbox 2733 2816 2795 2854; x_wconf 91' lang='lat' dir='ltr'><strong>os</strong></span> <span class='ocrx_word' id='word_1_625' title='bbox 2837 2798 3031 2865; x_wconf 90' lang='lat' dir='ltr'><strong>sumit,</strong></span> <span class='ocrx_word' id='word_1_626' title='bbox 3063 2800 3414 2869; x_wconf 62' lang='lat' dir='ltr'><strong>cmterasque</strong></span> <span class='ocrx_word' id='word_1_627' title='bbox 3446 2814 3547 2854; x_wconf 92' lang='lat' dir='ltr'><strong>suo</strong></span> 
     </span>
    </p>
   </div>
   <div class='ocr_carea' id='block_1_87' title="bbox 1909 2890 3548 2965">
    <p class='ocr_par' dir='ltr' id='par_1_87' title="bbox 1909 2890 3548 2965">
     <span class='ocr_line' id='line_1_87' title="bbox 1909 2890 3548 2965; baseline -0.002 -15"><span class='ocrx_word' id='word_1_628' title='bbox 1909 2895 2132 2962; x_wconf 90' lang='lat' dir='ltr'><strong>ordine,</strong></span> <span class='ocrx_word' id='word_1_629' title='bbox 2155 2894 2344 2965; x_wconf 89' lang='lat' dir='ltr'><strong>prima</strong></span> <span class='ocrx_word' id='word_1_630' title='bbox 2367 2910 2601 2948; x_wconf 87' lang='lat' dir='ltr'><strong>sumens</strong></span> <span class='ocrx_word' id='word_1_631' title='bbox 2621 2910 2739 2960; x_wconf 90' lang='lat' dir='ltr'><strong>eas,</strong></span> <span class='ocrx_word' id='word_1_632' title='bbox 2765 2909 2892 2962; x_wconf 64' lang='lat' dir='ltr'><strong>quae</strong></span> <span class='ocrx_word' id='word_1_633' title='bbox 2917 2894 3225 2963; x_wconf 71' lang='lat' dir='ltr'><strong>pastremaa</strong></span> <span class='ocrx_word' id='word_1_634' title='bbox 3250 2890 3469 2945; x_wconf 89' lang='lat' dir='ltr'><strong>fuerint</strong></span> <span class='ocrx_word' id='word_1_635' title='bbox 3486 2891 3548 2946; x_wconf 91' lang='lat' dir='ltr'><strong>in</strong></span> 
     </span>
    </p>
   </div>
   <div class='ocr_carea' id='block_1_88' title="bbox 1909 2983 3545 3061">
    <p class='ocr_par' dir='ltr' id='par_1_88' title="bbox 1909 2983 3545 3061">
     <span class='ocr_line' id='line_1_88' title="bbox 1909 2983 3545 3061; baseline -0.004 -18"><span class='ocrx_word' id='word_1_636' title='bbox 1909 2992 2154 3061; x_wconf 85' lang='lat' dir='ltr'><strong>patena:</strong></span> <span class='ocrx_word' id='word_1_637' title='bbox 2185 2986 2496 3058; x_wconf 85' lang='lat' dir='ltr'><strong>statimque</strong></span> <span class='ocrx_word' id='word_1_638' title='bbox 2526 2986 2739 3058; x_wconf 91' lang='lat' dir='ltr'><strong>populo</strong></span> <span class='ocrx_word' id='word_1_639' title='bbox 2767 2983 3239 3039; x_wconf 90' lang='lat' dir='ltr'><strong>communionem</strong></span> <span class='ocrx_word' id='word_1_640' title='bbox 3263 2983 3545 3055; x_wconf 90' lang='lat' dir='ltr'><strong>impertit.</strong></span> 
     </span>
    </p>
   </div>
   <div class='ocr_carea' id='block_1_89' title="bbox 1908 3075 3551 3154">
    <p class='ocr_par' dir='ltr' id='par_1_89' title="bbox 1908 3075 3551 3154">
     <span class='ocr_line' id='line_1_89' title="bbox 1908 3075 3551 3154; baseline -0.004 -17"><span class='ocrx_word' id='word_1_641' title='bbox 1908 3085 2032 3154; x_wconf 89' lang='lat' dir='ltr'><strong>Ipse</strong></span> <span class='ocrx_word' id='word_1_642' title='bbox 2081 3096 2216 3135; x_wconf 88' lang='lat' dir='ltr'><strong>vero</strong></span> <span class='ocrx_word' id='word_1_643' title='bbox 2262 3079 2397 3134; x_wconf 89' lang='lat' dir='ltr'><strong>inde</strong></span> <span class='ocrx_word' id='word_1_644' title='bbox 2441 3078 2787 3150; x_wconf 88' lang='lat' dir='ltr'><strong>sanguinem</strong></span> <span class='ocrx_word' id='word_1_645' title='bbox 2845 3076 3096 3148; x_wconf 88' lang='lat' dir='ltr'><strong>suscipit.</strong></span> <span class='ocrx_word' id='word_1_646' title='bbox 3138 3075 3283 3131; x_wconf 90' lang='lat' dir='ltr'><strong>Dein</strong></span> <span class='ocrx_word' id='word_1_647' title='bbox 3323 3075 3551 3131; x_wconf 91' lang='lat' dir='ltr'><strong>canitur</strong></span> 
     </span>
    </p>
   </div>
   <div class='ocr_carea' id='block_1_90' title="bbox 1910 3169 3551 3245">
    <p class='ocr_par' dir='ltr' id='par_1_90' title="bbox 1910 3169 3551 3245">
     <span class='ocr_line' id='line_1_90' title="bbox 1910 3169 3551 3245; baseline -0.004 -15"><span class='ocrx_word' id='word_1_648' title='bbox 1910 3175 2231 3245; x_wconf 87' lang='lat' dir='ltr'><strong>antiphona</strong></span> <span class='ocrx_word' id='word_1_649' title='bbox 2257 3176 2385 3230; x_wconf 90' lang='lat' dir='ltr'><strong>Post</strong></span> <span class='ocrx_word' id='word_1_650' title='bbox 2434 3174 2868 3243; x_wconf 84' lang='lat' dir='ltr'><strong>communionem,</strong></span> <span class='ocrx_word' id='word_1_651' title='bbox 2914 3169 3121 3237; x_wconf 88' lang='lat' dir='ltr'><strong>oratio,</strong></span> <span class='ocrx_word' id='word_1_652' title='bbox 3170 3169 3438 3225; x_wconf 88' lang='lat' dir='ltr'><strong>salutatio</strong></span> <span class='ocrx_word' id='word_1_653' title='bbox 3474 3169 3551 3224; x_wconf 89' lang='lat' dir='ltr'><strong>ad</strong></span> 
     </span>
    </p>
   </div>
   <div class='ocr_carea' id='block_1_91' title="bbox 1912 3264 3543 3341">
    <p class='ocr_par' dir='ltr' id='par_1_91' title="bbox 1912 3264 3543 3341">
     <span class='ocr_line' id='line_1_91' title="bbox 1912 3264 3543 3341; baseline -0.004 -17"><span class='ocrx_word' id='word_1_654' title='bbox 1912 3269 2209 3341; x_wconf 89' lang='lat' dir='ltr'><strong>populum,</strong></span> <span class='ocrx_word' id='word_1_655' title='bbox 2236 3283 2343 3324; x_wconf 84' lang='lat' dir='ltr'><strong>vox</strong></span> <span class='ocrx_word' id='word_1_656' title='bbox 2372 3265 2603 3321; x_wconf 90' lang='lat' dir='ltr'><strong>diaconi</strong></span> <span class='ocrx_word' id='word_1_657' title='bbox 2633 3282 2646 3320; x_wconf 89' lang='lat'><strong>:</strong></span> <span class='ocrx_word' id='word_1_658' title='bbox 2672 3265 2943 3323; x_wconf 87' lang='lat' dir='ltr'><strong>Solemnia</strong></span> <span class='ocrx_word' id='word_1_659' title='bbox 2968 3264 3230 3334; x_wconf 90' lang='lat' dir='ltr'><strong>completa</strong></span> <span class='ocrx_word' id='word_1_660' title='bbox 3255 3267 3402 3326; x_wconf 88' lang='lat' dir='ltr'><strong>sunt,</strong></span> <span class='ocrx_word' id='word_1_661' title='bbox 3436 3266 3543 3318; x_wconf 91' lang='lat' dir='ltr'><strong>etc.</strong></span> 
     </span>
    </p>
   </div>
   <div class='ocr_carea' id='block_1_92' title="bbox 1907 3356 3550 3432">
    <p class='ocr_par' dir='ltr' id='par_1_92' title="bbox 1907 3356 3550 3432">
     <span class='ocr_line' id='line_1_92' title="bbox 1907 3356 3550 3432; baseline -0.004 -15"><span class='ocrx_word' id='word_1_662' title='bbox 1907 3363 2072 3417; x_wconf 90' lang='lat' dir='ltr'><strong>Nulla</strong></span> <span class='ocrx_word' id='word_1_663' title='bbox 2094 3376 2353 3432; x_wconf 88' lang='lat' dir='ltr'><strong>unquam</strong></span> <span class='ocrx_word' id='word_1_664' title='bbox 2377 3358 2674 3415; x_wconf 89' lang='lat' dir='ltr'><strong>conversio</strong></span> <span class='ocrx_word' id='word_1_665' title='bbox 2701 3358 2775 3412; x_wconf 89' lang='lat' dir='ltr'><strong>ad</strong></span> <span class='ocrx_word' id='word_1_666' title='bbox 2800 3359 3099 3429; x_wconf 90' lang='lat' dir='ltr'><strong>populum,</strong></span> <span class='ocrx_word' id='word_1_667' title='bbox 3125 3356 3236 3411; x_wconf 92' lang='lat' dir='ltr'><strong>nisi</strong></span> <span class='ocrx_word' id='word_1_668' title='bbox 3257 3356 3317 3411; x_wconf 93' lang='lat' dir='ltr'><strong>in</strong></span> <span class='ocrx_word' id='word_1_669' title='bbox 3338 3358 3453 3411; x_wconf 88' lang='lat' dir='ltr'><strong>ﬁne</strong></span> <span class='ocrx_word' id='word_1_670' title='bbox 3476 3356 3550 3411; x_wconf 90' lang='lat' dir='ltr'><strong>ad</strong></span> 
     </span>
    </p>
   </div>
   <div class='ocr_carea' id='block_1_93' title="bbox 1907 3450 3547 3525">
    <p class='ocr_par' dir='ltr' id='par_1_93' title="bbox 1907 3450 3547 3525">
     <span class='ocr_line' id='line_1_93' title="bbox 1907 3450 3547 3525; baseline -0.004 -15"><span class='ocrx_word' id='word_1_671' title='bbox 1907 3454 2396 3521; x_wconf 90' lang='lat' dir='ltr'><strong>benedictionem,</strong></span> <span class='ocrx_word' id='word_1_672' title='bbox 2429 3452 2586 3525; x_wconf 91' lang='lat' dir='ltr'><strong>quod</strong></span> <span class='ocrx_word' id='word_1_673' title='bbox 2625 3455 2712 3507; x_wconf 90' lang='lat' dir='ltr'><strong>est</strong></span> <span class='ocrx_word' id='word_1_674' title='bbox 2747 3468 2879 3506; x_wconf 90' lang='lat' dir='ltr'><strong>usus</strong></span> <span class='ocrx_word' id='word_1_675' title='bbox 2912 3450 3274 3506; x_wconf 89' lang='lat' dir='ltr'><strong>recentioris.</strong></span> <span class='ocrx_word' id='word_1_676' title='bbox 3299 3450 3547 3505; x_wconf 86' lang='lat' dir='ltr'><strong>Mazara-</strong></span> 
     </span>
    </p>
   </div>
   <div class='ocr_carea' id='block_1_94' title="bbox 1908 3542 3551 3603">
    <p class='ocr_par' dir='ltr' id='par_1_94' title="bbox 1908 3542 3551 3603">
     <span class='ocr_line' id='line_1_94' title="bbox 1908 3542 3551 3603; baseline -0.002 0"><span class='ocrx_word' id='word_1_677' title='bbox 1908 3548 2067 3603; x_wconf 92' lang='lat' dir='ltr'><strong>bicus</strong></span> <span class='ocrx_word' id='word_1_678' title='bbox 2108 3548 2200 3602; x_wconf 91' lang='lat' dir='ltr'><strong>hic</strong></span> <span class='ocrx_word' id='word_1_679' title='bbox 2239 3547 2382 3602; x_wconf 86' lang='lat' dir='ltr'><strong>ritus</strong></span> <span class='ocrx_word' id='word_1_680' title='bbox 2413 3546 2473 3601; x_wconf 91' lang='lat' dir='ltr'><strong>in</strong></span> <span class='ocrx_word' id='word_1_681' title='bbox 2500 3545 2670 3600; x_wconf 90' lang='lat' dir='ltr'><strong>unica</strong></span> <span class='ocrx_word' id='word_1_682' title='bbox 2697 3544 2987 3600; x_wconf 65' lang='lat' dir='ltr'><strong>Toletanis</strong></span> <span class='ocrx_word' id='word_1_683' title='bbox 3023 3543 3286 3599; x_wconf 65' lang='lat' dir='ltr'><strong>Ecclesiae</strong></span> <span class='ocrx_word' id='word_1_684' title='bbox 3310 3542 3551 3599; x_wconf 62' lang='lat' dir='ltr'><strong>aedicula</strong></span> 
     </span>
    </p>
   </div>
   <div class='ocr_carea' id='block_1_95' title="bbox 1910 3641 2629 3696">
    <p class='ocr_par' dir='ltr' id='par_1_95' title="bbox 1910 3641 2629 3696">
     <span class='ocr_line' id='line_1_95' title="bbox 1910 3641 2629 3696; baseline -0.003 0"><span class='ocrx_word' id='word_1_685' title='bbox 1910 3659 2072 3696; x_wconf 89' lang='lat' dir='ltr'><strong>sacra</strong></span> <span class='ocrx_word' id='word_1_686' title='bbox 2097 3658 2250 3696; x_wconf 89' lang='lat' dir='ltr'><strong>nunc</strong></span> <span class='ocrx_word' id='word_1_687' title='bbox 2277 3641 2629 3696; x_wconf 84' lang='lat' dir='ltr'><strong>observatur.</strong></span> 
     </span>
    </p>
   </div>
   <div class='ocr_carea' id='block_1_96' title="bbox 1984 3728 3548 3801">
    <p class='ocr_par' dir='ltr' id='par_1_96' title="bbox 1984 3728 3548 3801">
     <span class='ocr_line' id='line_1_96' title="bbox 1984 3728 3548 3801; baseline -0.003 -12"><span class='ocrx_word' id='word_1_688' title='bbox 1984 3738 2067 3789; x_wconf 84' lang='lat' dir='ltr'><strong>l2.</strong></span> <span class='ocrx_word' id='word_1_689' title='bbox 2121 3736 2183 3789; x_wconf 92' lang='lat' dir='ltr'><strong>In</strong></span> <span class='ocrx_word' id='word_1_690' title='bbox 2242 3734 2436 3789; x_wconf 89' lang='lat' dir='ltr'><strong>libella</strong></span> <span class='ocrx_word' id='word_1_691' title='bbox 2496 3731 2789 3787; x_wconf 87' lang='lat' dir='ltr'><strong>Eldefonsi</strong></span> <span class='ocrx_word' id='word_1_692' title='bbox 2832 3728 3225 3801; x_wconf 88' lang='lat' dir='ltr'><strong>Hispaniensis</strong></span> <span class='ocrx_word' id='word_1_693' title='bbox 3272 3728 3548 3801; x_wconf 90' lang='lat' dir='ltr'><strong>episcopi,</strong></span> 
     </span>
    </p>
   </div>
   <div class='ocr_carea' id='block_1_97' title="bbox 1911 3821 3549 3899">
    <p class='ocr_par' dir='ltr' id='par_1_97' title="bbox 1911 3821 3549 3899">
     <span class='ocr_line' id='line_1_97' title="bbox 1911 3821 3549 3899; baseline -0.003 -17"><span class='ocrx_word' id='word_1_694' title='bbox 1911 3828 2070 3899; x_wconf 87' lang='lat' dir='ltr'><strong>cujus</strong></span> <span class='ocrx_word' id='word_1_695' title='bbox 2100 3826 2280 3881; x_wconf 88' lang='lat' dir='ltr'><strong>libelli</strong></span> <span class='ocrx_word' id='word_1_696' title='bbox 2311 3826 2605 3897; x_wconf 83' lang='lat' dir='ltr'><strong>exemplar</strong></span> <span class='ocrx_word' id='word_1_697' title='bbox 2629 3821 2895 3878; x_wconf 85' lang='lat' dir='ltr'><strong>Anicium</strong></span> <span class='ocrx_word' id='word_1_698' title='bbox 2926 3838 2993 3876; x_wconf 82' lang='lat' dir='ltr'><strong>ex</strong></span> <span class='ocrx_word' id='word_1_699' title='bbox 3024 3821 3297 3892; x_wconf 88' lang='lat' dir='ltr'><strong>Hispania</strong></span> <span class='ocrx_word' id='word_1_700' title='bbox 3316 3838 3423 3893; x_wconf 91' lang='lat' dir='ltr'><strong>per</strong></span> <span class='ocrx_word' id='word_1_701' title='bbox 3445 3822 3549 3877; x_wconf 84' lang='lat' dir='ltr'><strong>Ga-</strong></span> 
     </span>
    </p>
   </div>
   <div class='ocr_carea' id='block_1_98' title="bbox 1910 3914 3549 3990">
    <p class='ocr_par' dir='ltr' id='par_1_98' title="bbox 1910 3914 3549 3990">
     <span class='ocr_line' id='line_1_98' title="bbox 1910 3914 3549 3990; baseline -0.005 -14"><span class='ocrx_word' id='word_1_702' title='bbox 1910 3922 2225 3975; x_wconf 89' lang='lat' dir='ltr'><strong>tescalcum</strong></span> <span class='ocrx_word' id='word_1_703' title='bbox 2243 3919 2575 3990; x_wconf 91' lang='lat' dir='ltr'><strong>episcopum</strong></span> <span class='ocrx_word' id='word_1_704' title='bbox 2594 3932 2748 3971; x_wconf 91' lang='lat' dir='ltr'><strong>anno</strong></span> <span class='ocrx_word' id='word_1_705' title='bbox 2768 3918 2870 3971; x_wconf 90' lang='lat'><strong>989</strong></span> <span class='ocrx_word' id='word_1_706' title='bbox 2893 3916 3130 3971; x_wconf 88' lang='lat' dir='ltr'><strong>allatum</strong></span> <span class='ocrx_word' id='word_1_707' title='bbox 3157 3916 3261 3982; x_wconf 90' lang='lat' dir='ltr'><strong>est,</strong></span> <span class='ocrx_word' id='word_1_708' title='bbox 3281 3914 3549 3985; x_wconf 62' lang='lat' dir='ltr'><strong>quaedam</strong></span> 
     </span>
    </p>
   </div>
   <div class='ocr_carea' id='block_1_99' title="bbox 1912 4007 3547 4086">
    <p class='ocr_par' dir='ltr' id='par_1_99' title="bbox 1912 4007 3547 4086">
     <span class='ocr_line' id='line_1_99' title="bbox 1912 4007 3547 4086; baseline -0.004 -19"><span class='ocrx_word' id='word_1_709' title='bbox 1912 4013 2038 4086; x_wconf 75' lang='grc'>14</span> <span class='ocrx_word' id='word_1_710' title='bbox 2066 4011 2381 4084; x_wconf 87' lang='lat' dir='ltr'><strong>singularia</strong></span> <span class='ocrx_word' id='word_1_711' title='bbox 2417 4010 2789 4065; x_wconf 89' lang='lat' dir='ltr'><strong>continentur</strong></span> <span class='ocrx_word' id='word_1_712' title='bbox 2823 4008 2894 4063; x_wconf 90' lang='lat' dir='ltr'><strong>de</strong></span> <span class='ocrx_word' id='word_1_713' title='bbox 2918 4008 3169 4063; x_wconf 80' lang='lat' dir='ltr'><strong>numera</strong></span> <span class='ocrx_word' id='word_1_714' title='bbox 3205 4007 3547 4074; x_wconf 88' lang='lat' dir='ltr'><strong>hostiarum,</strong></span> 
     </span>
    </p>
   </div>
   <div class='ocr_carea' id='block_1_100' title="bbox 1912 4101 3547 4179">
    <p class='ocr_par' dir='ltr' id='par_1_100' title="bbox 1912 4101 3547 4179">
     <span class='ocr_line' id='line_1_100' title="bbox 1912 4101 3547 4179; baseline -0.004 -18"><span class='ocrx_word' id='word_1_715' title='bbox 1912 4123 2039 4179; x_wconf 69' lang='lat' dir='ltr'><strong>quae</strong></span> <span class='ocrx_word' id='word_1_716' title='bbox 2086 4123 2191 4178; x_wconf 91' lang='lat' dir='ltr'><strong>per</strong></span> <span class='ocrx_word' id='word_1_717' title='bbox 2224 4105 2412 4160; x_wconf 89' lang='lat' dir='ltr'><strong>varias</strong></span> <span class='ocrx_word' id='word_1_718' title='bbox 2452 4102 2590 4159; x_wconf 89' lang='lat' dir='ltr'><strong>anni</strong></span> <span class='ocrx_word' id='word_1_719' title='bbox 2624 4102 3022 4158; x_wconf 89' lang='lat' dir='ltr'><strong>solemnitates</strong></span> <span class='ocrx_word' id='word_1_720' title='bbox 3058 4101 3369 4157; x_wconf 70' lang='lat' dir='ltr'><strong>afferendae</strong></span> <span class='ocrx_word' id='word_1_721' title='bbox 3397 4103 3547 4155; x_wconf 90' lang='lat' dir='ltr'><strong>sunt.</strong></span> 
     </span>
    </p>
   </div>
   <div class='ocr_carea' id='block_1_101' title="bbox 1911 4193 3547 4260">
    <p class='ocr_par' dir='ltr' id='par_1_101' title="bbox 1911 4193 3547 4260">
     <span class='ocr_line' id='line_1_101' title="bbox 1911 4193 3547 4260; baseline -0.004 -6"><span class='ocrx_word' id='word_1_722' title='bbox 1911 4202 2120 4255; x_wconf 87' lang='lat' dir='ltr'><strong>Verum</strong></span> <span class='ocrx_word' id='word_1_723' title='bbox 2140 4199 2368 4253; x_wconf 90' lang='lat' dir='ltr'><strong>libellus</strong></span> <span class='ocrx_word' id='word_1_724' title='bbox 2377 4198 2484 4252; x_wconf 89' lang='lat' dir='ltr'><strong>iste</strong></span> <span class='ocrx_word' id='word_1_725' title='bbox 2498 4214 2614 4252; x_wconf 91' lang='lat' dir='ltr'><strong>non</strong></span> <span class='ocrx_word' id='word_1_726' title='bbox 2628 4196 3083 4251; x_wconf 88' lang='lat' dir='ltr'><strong>indicatmorem</strong></span> <span class='ocrx_word' id='word_1_727' title='bbox 3100 4199 3235 4249; x_wconf 90' lang='lat' dir='ltr'><strong>tunc</strong></span> <span class='ocrx_word' id='word_1_728' title='bbox 3252 4193 3547 4260; x_wconf 89' lang='lat' dir='ltr'><strong>usitatum,</strong></span> 
     </span>
    </p>
   </div>
   <div class='ocr_carea' id='block_1_102' title="bbox 1914 4288 3550 4363">
    <p class='ocr_par' dir='ltr' id='par_1_102' title="bbox 1914 4288 3550 4363">
     <span class='ocr_line' id='line_1_102' title="bbox 1914 4288 3550 4363; baseline -0.004 -15"><span class='ocrx_word' id='word_1_729' title='bbox 1914 4293 2015 4348; x_wconf 92' lang='lat' dir='ltr'><strong>sed</strong></span> <span class='ocrx_word' id='word_1_730' title='bbox 2051 4292 2235 4347; x_wconf 90' lang='lat' dir='ltr'><strong>visum</strong></span> <span class='ocrx_word' id='word_1_731' title='bbox 2263 4292 2439 4363; x_wconf 89' lang='lat' dir='ltr'><strong>ipsius</strong></span> <span class='ocrx_word' id='word_1_732' title='bbox 2471 4289 2766 4345; x_wconf 89' lang='lat' dir='ltr'><strong>Eldefonsi</strong></span> <span class='ocrx_word' id='word_1_733' title='bbox 2800 4289 2871 4344; x_wconf 91' lang='lat' dir='ltr'><strong>de</strong></span> <span class='ocrx_word' id='word_1_734' title='bbox 2909 4305 3056 4343; x_wconf 88' lang='lat' dir='ltr'><strong>nova</strong></span> <span class='ocrx_word' id='word_1_735' title='bbox 3090 4288 3185 4343; x_wconf 90' lang='lat' dir='ltr'><strong>illa</strong></span> <span class='ocrx_word' id='word_1_736' title='bbox 3212 4288 3347 4355; x_wconf 88' lang='lat' dir='ltr'><strong>ritu,</strong></span> <span class='ocrx_word' id='word_1_737' title='bbox 3376 4303 3550 4359; x_wconf 90' lang='lat' dir='ltr'><strong>quem</strong></span> 
     </span>
    </p>
   </div>
   <div class='ocr_carea' id='block_1_103' title="bbox 1913 4381 3553 4459">
    <p class='ocr_par' dir='ltr' id='par_1_103' title="bbox 1913 4381 3553 4459">
     <span class='ocr_line' id='line_1_103' title="bbox 1913 4381 3553 4459; baseline -0.005 -17"><span class='ocrx_word' id='word_1_738' title='bbox 1913 4404 2197 4459; x_wconf 89' lang='lat' dir='ltr'><strong>nusquam</strong></span> <span class='ocrx_word' id='word_1_739' title='bbox 2221 4388 2557 4456; x_wconf 87' lang='lat' dir='ltr'><strong>usurpatum</strong></span> <span class='ocrx_word' id='word_1_740' title='bbox 2576 4384 2750 4439; x_wconf 84' lang='lat' dir='ltr'><strong>fuisse</strong></span> <span class='ocrx_word' id='word_1_741' title='bbox 2775 4382 3058 4438; x_wconf 83' lang='lat' dir='ltr'><strong>existimo.</strong></span> <span class='ocrx_word' id='word_1_742' title='bbox 3076 4381 3204 4435; x_wconf 61' lang='lat' dir='ltr'><strong>Haec</strong></span> <span class='ocrx_word' id='word_1_743' title='bbox 3226 4381 3405 4435; x_wconf 87' lang='lat' dir='ltr'><strong>fusius</strong></span> <span class='ocrx_word' id='word_1_744' title='bbox 3426 4398 3553 4452; x_wconf 89' lang='lat' dir='ltr'><strong>per-</strong></span> 
     </span>
    </p>
   </div>
   <div class='ocr_carea' id='block_1_104' title="bbox 1913 4473 3551 4552">
    <p class='ocr_par' dir='ltr' id='par_1_104' title="bbox 1913 4473 3551 4552">
     <span class='ocr_line' id='line_1_104' title="bbox 1913 4473 3551 4552; baseline -0.004 -16"><span class='ocrx_word' id='word_1_745' title='bbox 1913 4480 2208 4552; x_wconf 90' lang='lat' dir='ltr'><strong>sequenda</strong></span> <span class='ocrx_word' id='word_1_746' title='bbox 2231 4480 2394 4534; x_wconf 91' lang='lat' dir='ltr'><strong>fuere</strong></span> <span class='ocrx_word' id='word_1_747' title='bbox 2425 4478 2495 4533; x_wconf 92' lang='lat' dir='ltr'><strong>de</strong></span> <span class='ocrx_word' id='word_1_748' title='bbox 2523 4477 2782 4549; x_wconf 87' lang='lat' dir='ltr'><strong>Liturgia</strong></span> <span class='ocrx_word' id='word_1_749' title='bbox 2804 4474 3176 4541; x_wconf 85' lang='lat' dir='ltr'><strong>Mazarabica,</strong></span> <span class='ocrx_word' id='word_1_750' title='bbox 3192 4473 3471 4545; x_wconf 88' lang='lat' dir='ltr'><strong>quoniam</strong></span> <span class='ocrx_word' id='word_1_751' title='bbox 3491 4473 3551 4529; x_wconf 91' lang='lat' dir='ltr'><strong>id</strong></span> 
     </span>
    </p>
   </div>
   <div class='ocr_carea' id='block_1_105' title="bbox 1913 4568 3551 4638">
    <p class='ocr_par' dir='ltr' id='par_1_105' title="bbox 1913 4568 3551 4638">
     <span class='ocr_line' id='line_1_105' title="bbox 1913 4568 3551 4638; baseline -0.004 -10"><span class='ocrx_word' id='word_1_752' title='bbox 1913 4573 2300 4628; x_wconf 89' lang='lat' dir='ltr'><strong>necessarium</strong></span> <span class='ocrx_word' id='word_1_753' title='bbox 2348 4571 2575 4626; x_wconf 91' lang='lat' dir='ltr'><strong>videtur</strong></span> <span class='ocrx_word' id='word_1_754' title='bbox 2619 4570 2695 4625; x_wconf 90' lang='lat' dir='ltr'><strong>ad</strong></span> <span class='ocrx_word' id='word_1_755' title='bbox 2738 4569 3007 4625; x_wconf 88' lang='lat' dir='ltr'><strong>notitiam</strong></span> <span class='ocrx_word' id='word_1_756' title='bbox 3054 4568 3381 4635; x_wconf 76' lang='lat' dir='ltr'><strong>Gallicanae,</strong></span> <span class='ocrx_word' id='word_1_757' title='bbox 3422 4583 3551 4638; x_wconf 64' lang='lat' dir='ltr'><strong>quae</strong></span> 
     </span>
    </p>
   </div>
   <div class='ocr_carea' id='block_1_106' title="bbox 1911 4660 3547 4722">
    <p class='ocr_par' dir='ltr' id='par_1_106' title="bbox 1911 4660 3547 4722">
     <span class='ocr_line' id='line_1_106' title="bbox 1911 4660 3547 4722; baseline -0.004 -1"><span class='ocrx_word' id='word_1_758' title='bbox 1911 4666 2276 4722; x_wconf 70' lang='lat' dir='ltr'><strong>Mazarabica:</strong></span> <span class='ocrx_word' id='word_1_759' title='bbox 2302 4664 2494 4720; x_wconf 88' lang='lat' dir='ltr'><strong>afﬁnis</strong></span> <span class='ocrx_word' id='word_1_760' title='bbox 2520 4667 2625 4718; x_wconf 90' lang='lat' dir='ltr'><strong>est.</strong></span> <span class='ocrx_word' id='word_1_761' title='bbox 2648 4664 2809 4718; x_wconf 88' lang='lat' dir='ltr'><strong>Nunc</strong></span> <span class='ocrx_word' id='word_1_762' title='bbox 2832 4663 2903 4718; x_wconf 93' lang='lat' dir='ltr'><strong>de</strong></span> <span class='ocrx_word' id='word_1_763' title='bbox 2923 4663 3193 4718; x_wconf 88' lang='lat' dir='ltr'><strong>Africana</strong></span> <span class='ocrx_word' id='word_1_764' title='bbox 3215 4660 3547 4716; x_wconf 91' lang='lat' dir='ltr'><strong>dicendum.</strong></span> 
     </span>
    </p>
   </div>
   <div class='ocr_carea' id='block_1_107' title="bbox 1990 4755 3554 4822">
    <p class='ocr_par' dir='ltr' id='par_1_107' title="bbox 1990 4755 3554 4822">
     <span class='ocr_line' id='line_1_107' title="bbox 1990 4755 3554 4822; baseline -0.003 -8"><span class='ocrx_word' id='word_1_765' title='bbox 1990 4763 2073 4814; x_wconf 85' lang='lat' dir='ltr'><strong>l3.</strong></span> <span class='ocrx_word' id='word_1_766' title='bbox 2099 4759 2340 4814; x_wconf 87' lang='lat' dir='ltr'><strong>Jacobus</strong></span> <span class='ocrx_word' id='word_1_767' title='bbox 2368 4776 2401 4812; x_wconf 92' lang='lat' dir='ltr'><strong>a</strong></span> <span class='ocrx_word' id='word_1_768' title='bbox 2431 4756 2701 4822; x_wconf 89' lang='lat' dir='ltr'><strong>Vitriaco,</strong></span> <span class='ocrx_word' id='word_1_769' title='bbox 2730 4756 2790 4810; x_wconf 92' lang='lat' dir='ltr'><strong>in</strong></span> <span class='ocrx_word' id='word_1_770' title='bbox 2820 4757 2966 4811; x_wconf 87' lang='lat' dir='ltr'><strong>libro</strong></span> <span class='ocrx_word' id='word_1_771' title='bbox 2994 4756 3065 4811; x_wconf 91' lang='lat' dir='ltr'><strong>de</strong></span> <span class='ocrx_word' id='word_1_772' title='bbox 3093 4755 3342 4811; x_wconf 90' lang='lat' dir='ltr'><strong>Historia</strong></span> <span class='ocrx_word' id='word_1_773' title='bbox 3366 4755 3554 4810; x_wconf 83' lang='lat' dir='ltr'><strong>orien-</strong></span> 
     </span>
    </p>
   </div>
   <div class='ocr_carea' id='block_1_108' title="bbox 1915 4847 3553 4922">
    <p class='ocr_par' dir='ltr' id='par_1_108' title="bbox 1915 4847 3553 4922">
     <span class='ocr_line' id='line_1_108' title="bbox 1915 4847 3553 4922; baseline -0.004 -15"><span class='ocrx_word' id='word_1_774' title='bbox 1915 4852 2034 4919; x_wconf 88' lang='lat' dir='ltr'><strong>tali,</strong></span> <span class='ocrx_word' id='word_1_775' title='bbox 2068 4851 2254 4922; x_wconf 91' lang='lat' dir='ltr'><strong>capite</strong></span> <span class='ocrx_word' id='word_1_776' title='bbox 2285 4854 2373 4918; x_wconf 86' lang='grc'><strong>81,</strong></span> <span class='ocrx_word' id='word_1_777' title='bbox 2404 4850 2593 4904; x_wconf 89' lang='lat' dir='ltr'><strong>innuit</strong></span> <span class='ocrx_word' id='word_1_778' title='bbox 2634 4849 3009 4917; x_wconf 87' lang='lat' dir='ltr'><strong>Christianos,</strong></span> <span class='ocrx_word' id='word_1_779' title='bbox 3043 4849 3142 4921; x_wconf 92' lang='lat' dir='ltr'><strong>qui</strong></span> <span class='ocrx_word' id='word_1_780' title='bbox 3180 4849 3240 4903; x_wconf 90' lang='lat' dir='ltr'><strong>in</strong></span> <span class='ocrx_word' id='word_1_781' title='bbox 3275 4847 3464 4903; x_wconf 88' lang='lat' dir='ltr'><strong>Africa</strong></span> <span class='ocrx_word' id='word_1_782' title='bbox 3494 4851 3553 4902; x_wconf 90' lang='lat' dir='ltr'><strong>et</strong></span> 
     </span>
    </p>
   </div>
   <div class='ocr_carea' id='block_1_109' title="bbox 1916 4942 3547 5016">
    <p class='ocr_par' dir='ltr' id='par_1_109' title="bbox 1916 4942 3547 5016">
     <span class='ocr_line' id='line_1_109' title="bbox 1916 4942 3547 5016; baseline -0.004 -15"><span class='ocrx_word' id='word_1_783' title='bbox 1916 4944 2186 5016; x_wconf 87' lang='lat' dir='ltr'><strong>Hispania</strong></span> <span class='ocrx_word' id='word_1_784' title='bbox 2211 4961 2312 4999; x_wconf 91' lang='lat' dir='ltr'><strong>suo</strong></span> <span class='ocrx_word' id='word_1_785' title='bbox 2342 4946 2627 5014; x_wconf 86' lang='lat' dir='ltr'><strong>tempore,</strong></span> <span class='ocrx_word' id='word_1_786' title='bbox 2654 4943 2715 4997; x_wconf 91' lang='lat' dir='ltr'><strong>id</strong></span> <span class='ocrx_word' id='word_1_787' title='bbox 2740 4946 2826 4997; x_wconf 89' lang='lat' dir='ltr'><strong>est</strong></span> <span class='ocrx_word' id='word_1_788' title='bbox 2856 4944 3062 4998; x_wconf 68' lang='lat' dir='ltr'><strong>saecula</strong></span> <span class='ocrx_word' id='word_1_789' title='bbox 3092 4959 3212 5009; x_wconf 84' lang='lat' dir='ltr'><strong>xm,</strong></span> <span class='ocrx_word' id='word_1_790' title='bbox 3241 4942 3547 4997; x_wconf 88' lang='lat' dir='ltr'><strong>versaban-</strong></span> 
     </span>
    </p>
   </div>
   <div class='ocr_carea' id='block_1_110' title="bbox 1916 5036 3552 5108">
    <p class='ocr_par' dir='ltr' id='par_1_110' title="bbox 1916 5036 3552 5108">
     <span class='ocr_line' id='line_1_110' title="bbox 1916 5036 3552 5108; baseline -0.002 -15"><span class='ocrx_word' id='word_1_791' title='bbox 1916 5042 2027 5106; x_wconf 88' lang='lat' dir='ltr'><strong>tur,</strong></span> <span class='ocrx_word' id='word_1_792' title='bbox 2071 5039 2381 5094; x_wconf 87' lang='lat' dir='ltr'><strong>Mosarabes</strong></span> <span class='ocrx_word' id='word_1_793' title='bbox 2424 5040 2813 5108; x_wconf 88' lang='lat' dir='ltr'><strong>nuncupatas,</strong></span> <span class='ocrx_word' id='word_1_794' title='bbox 2864 5036 3073 5092; x_wconf 90' lang='lat' dir='ltr'><strong>eadem</strong></span> <span class='ocrx_word' id='word_1_795' title='bbox 3115 5036 3373 5107; x_wconf 83' lang='lat' dir='ltr'><strong>Liturgia</strong></span> <span class='ocrx_word' id='word_1_796' title='bbox 3422 5051 3552 5091; x_wconf 91' lang='lat' dir='ltr'><strong>usos</strong></span> 
     </span>
    </p>
   </div>
   <div class='ocr_carea' id='block_1_111' title="bbox 1915 5129 3552 5201">
    <p class='ocr_par' dir='ltr' id='par_1_111' title="bbox 1915 5129 3552 5201">
     <span class='ocr_line' id='line_1_111' title="bbox 1915 5129 3552 5201; baseline -0.001 -16"><span class='ocrx_word' id='word_1_797' title='bbox 1915 5131 2109 5186; x_wconf 84' lang='lat' dir='ltr'><strong>fuisse.</strong></span> <span class='ocrx_word' id='word_1_798' title='bbox 2149 5153 2176 5181; x_wconf 87' lang='lat'><strong>«</strong></span> <span class='ocrx_word' id='word_1_799' title='bbox 2205 5129 2574 5186; x_wconf 88' lang='lat' dir='ltr'><strong>Canstituunt</strong></span> <span class='ocrx_word' id='word_1_800' title='bbox 2608 5132 2824 5197; x_wconf 90' lang='lat' dir='ltr'><strong>autem,</strong></span> <span class='ocrx_word' id='word_1_801' title='bbox 2868 5129 3075 5201; x_wconf 90' lang='lat' dir='ltr'><strong>inquit,</strong></span> <span class='ocrx_word' id='word_1_802' title='bbox 3113 5129 3552 5185; x_wconf 88' lang='lat' dir='ltr'><strong>Sacramentum</strong></span> 
     </span>
    </p>
   </div>
   <div class='ocr_carea' id='block_1_112' title="bbox 1916 5221 3548 5295">
    <p class='ocr_par' dir='ltr' id='par_1_112' title="bbox 1916 5221 3548 5295">
     <span class='ocr_line' id='line_1_112' title="bbox 1916 5221 3548 5295; baseline -0.002 -15"><span class='ocrx_word' id='word_1_803' title='bbox 1916 5224 2112 5281; x_wconf 88' lang='lat' dir='ltr'><strong>altaris</strong></span> <span class='ocrx_word' id='word_1_804' title='bbox 2144 5224 2215 5278; x_wconf 91' lang='lat' dir='ltr'><strong>de</strong></span> <span class='ocrx_word' id='word_1_805' title='bbox 2250 5240 2400 5295; x_wconf 91' lang='lat' dir='ltr'><strong>pane</strong></span> <span class='ocrx_word' id='word_1_806' title='bbox 2432 5239 2655 5295; x_wconf 82' lang='lat' dir='ltr'><strong>azyma,</strong></span> <span class='ocrx_word' id='word_1_807' title='bbox 2688 5223 3185 5294; x_wconf 90' lang='lat' dir='ltr'><strong>quemadmodum</strong></span> <span class='ocrx_word' id='word_1_808' title='bbox 3220 5222 3317 5279; x_wconf 90' lang='lat' dir='ltr'><strong>alii</strong></span> <span class='ocrx_word' id='word_1_809' title='bbox 3342 5221 3548 5278; x_wconf 87' lang='lat' dir='ltr'><strong>Latini.</strong></span> 
     </span>
    </p>
   </div>
   <div class='ocr_carea' id='block_1_113' title="bbox 1917 5316 3551 5388">
    <p class='ocr_par' dir='ltr' id='par_1_113' title="bbox 1917 5316 3551 5388">
     <span class='ocr_line' id='line_1_113' title="bbox 1917 5316 3551 5388; baseline -0.002 -14"><span class='ocrx_word' id='word_1_810' title='bbox 1917 5318 2189 5375; x_wconf 90' lang='lat' dir='ltr'><strong>Sanctam</strong></span> <span class='ocrx_word' id='word_1_811' title='bbox 2212 5320 2407 5373; x_wconf 90' lang='lat' dir='ltr'><strong>autem</strong></span> <span class='ocrx_word' id='word_1_812' title='bbox 2426 5317 2797 5373; x_wconf 83' lang='lat' dir='ltr'><strong>Eucharistiee</strong></span> <span class='ocrx_word' id='word_1_813' title='bbox 2820 5318 3070 5373; x_wconf 89' lang='lat' dir='ltr'><strong>formam</strong></span> <span class='ocrx_word' id='word_1_814' title='bbox 3092 5316 3328 5388; x_wconf 89' lang='lat' dir='ltr'><strong>quidam</strong></span> <span class='ocrx_word' id='word_1_815' title='bbox 3350 5331 3551 5371; x_wconf 90' lang='lat' dir='ltr'><strong>eorum</strong></span> 
     </span>
    </p>
   </div>
   <div class='ocr_carea' id='block_1_114' title="bbox 1917 5409 3550 5484">
    <p class='ocr_par' dir='ltr' id='par_1_114' title="bbox 1917 5409 3550 5484">
     <span class='ocr_line' id='line_1_114' title="bbox 1917 5409 3550 5484; baseline -0.002 -17"><span class='ocrx_word' id='word_1_816' title='bbox 1917 5413 1976 5467; x_wconf 90' lang='lat' dir='ltr'><strong>in</strong></span> <span class='ocrx_word' id='word_1_817' title='bbox 2009 5414 2231 5483; x_wconf 90' lang='lat' dir='ltr'><strong>septem</strong></span> <span class='ocrx_word' id='word_1_818' title='bbox 2257 5413 2450 5484; x_wconf 87' lang='lat' dir='ltr'><strong>partes</strong></span> <span class='ocrx_word' id='word_1_819' title='bbox 2476 5410 2761 5479; x_wconf 89' lang='lat' dir='ltr'><strong>dividunt,</strong></span> <span class='ocrx_word' id='word_1_820' title='bbox 2786 5410 2885 5464; x_wconf 90' lang='lat' dir='ltr'><strong>alii</strong></span> <span class='ocrx_word' id='word_1_821' title='bbox 2906 5426 3039 5465; x_wconf 88' lang='lat' dir='ltr'><strong>vero</strong></span> <span class='ocrx_word' id='word_1_822' title='bbox 3070 5409 3129 5464; x_wconf 89' lang='lat' dir='ltr'><strong>in</strong></span> <span class='ocrx_word' id='word_1_823' title='bbox 3151 5426 3359 5465; x_wconf 90' lang='lat' dir='ltr'><strong>novem</strong></span> <span class='ocrx_word' id='word_1_824' title='bbox 3383 5426 3398 5464; x_wconf 86' lang='lat'><strong>:</strong></span> <span class='ocrx_word' id='word_1_825' title='bbox 3420 5425 3550 5464; x_wconf 92' lang='lat' dir='ltr'><strong>cum</strong></span> 
     </span>
    </p>
   </div>
   <div class='ocr_carea' id='block_1_115' title="bbox 1917 5502 3552 5574">
    <p class='ocr_par' dir='ltr' id='par_1_115' title="bbox 1917 5502 3552 5574">
     <span class='ocr_line' id='line_1_115' title="bbox 1917 5502 3552 5574; baseline -0.003 -13"><span class='ocrx_word' id='word_1_826' title='bbox 1917 5509 2112 5561; x_wconf 89' lang='lat' dir='ltr'><strong>tamen</strong></span> <span class='ocrx_word' id='word_1_827' title='bbox 2130 5505 2394 5561; x_wconf 90' lang='lat' dir='ltr'><strong>Romana</strong></span> <span class='ocrx_word' id='word_1_828' title='bbox 2411 5504 2681 5571; x_wconf 89' lang='lat' dir='ltr'><strong>Ecclesia,</strong></span> <span class='ocrx_word' id='word_1_829' title='bbox 2700 5502 2868 5559; x_wconf 89' lang='lat' dir='ltr'><strong>etalii</strong></span> <span class='ocrx_word' id='word_1_830' title='bbox 2884 5502 3075 5558; x_wconf 89' lang='lat' dir='ltr'><strong>eidem</strong></span> <span class='ocrx_word' id='word_1_831' title='bbox 3093 5502 3352 5573; x_wconf 88' lang='lat' dir='ltr'><strong>subjecti,</strong></span> <span class='ocrx_word' id='word_1_832' title='bbox 3369 5502 3552 5574; x_wconf 90' lang='lat' dir='ltr'><strong>ipsam</strong></span> 
     </span>
    </p>
   </div>
   <div class='ocr_carea' id='block_1_116' title="bbox 1916 5595 3549 5667">
    <p class='ocr_par' dir='ltr' id='par_1_116' title="bbox 1916 5595 3549 5667">
     <span class='ocr_line' id='line_1_116' title="bbox 1916 5595 3549 5667; baseline -0.002 -14"><span class='ocrx_word' id='word_1_833' title='bbox 1916 5598 2335 5654; x_wconf 87' lang='lat' dir='ltr'><strong>Eucharistiam</strong></span> <span class='ocrx_word' id='word_1_834' title='bbox 2359 5596 2421 5654; x_wconf 88' lang='lat' dir='ltr'><strong>in</strong></span> <span class='ocrx_word' id='word_1_835' title='bbox 2450 5600 2566 5653; x_wconf 90' lang='lat' dir='ltr'><strong>tres</strong></span> <span class='ocrx_word' id='word_1_836' title='bbox 2586 5599 2812 5652; x_wconf 89' lang='lat' dir='ltr'><strong>tantum</strong></span> <span class='ocrx_word' id='word_1_837' title='bbox 2832 5595 3130 5667; x_wconf 90' lang='lat' dir='ltr'><strong>portiones</strong></span> <span class='ocrx_word' id='word_1_838' title='bbox 3153 5595 3495 5667; x_wconf 87' lang='lat' dir='ltr'><strong>partiantur.</strong></span> <span class='ocrx_word' id='word_1_839' title='bbox 3522 5615 3549 5643; x_wconf 83' lang='lat'>»</span> 
     </span>
    </p>
   </div>
   <div class='ocr_carea' id='block_1_117' title="bbox 1917 5686 3551 5763">
    <p class='ocr_par' dir='ltr' id='par_1_117' title="bbox 1917 5686 3551 5763">
     <span class='ocr_line' id='line_1_117' title="bbox 1917 5686 3551 5763; baseline -0.002 -16"><span class='ocrx_word' id='word_1_840' title='bbox 1917 5694 2127 5748; x_wconf 86' lang='lat' dir='ltr'><strong>Verum</strong></span> <span class='ocrx_word' id='word_1_841' title='bbox 2143 5692 2322 5748; x_wconf 89' lang='lat' dir='ltr'><strong>alium</strong></span> <span class='ocrx_word' id='word_1_842' title='bbox 2338 5691 2493 5763; x_wconf 91' lang='lat' dir='ltr'><strong>apud</strong></span> <span class='ocrx_word' id='word_1_843' title='bbox 2509 5690 2811 5747; x_wconf 86' lang='lat' dir='ltr'><strong>Africanos</strong></span> <span class='ocrx_word' id='word_1_844' title='bbox 2825 5688 3095 5760; x_wconf 70' lang='lat' dir='ltr'><strong>Liturgia:</strong></span> <span class='ocrx_word' id='word_1_845' title='bbox 3116 5688 3293 5745; x_wconf 88' lang='lat' dir='ltr'><strong>ritum</strong></span> <span class='ocrx_word' id='word_1_846' title='bbox 3308 5686 3551 5758; x_wconf 86' lang='lat' dir='ltr'><strong>antiqui-</strong></span> 
     </span>
    </p>
   </div>
   <div class='ocr_carea' id='block_1_118' title="bbox 1916 5779 3545 5852">
    <p class='ocr_par' dir='ltr' id='par_1_118' title="bbox 1916 5779 3545 5852">
     <span class='ocr_line' id='line_1_118' title="bbox 1916 5779 3545 5852; baseline -0.006 -11"><span class='ocrx_word' id='word_1_847' title='bbox 1916 5788 2008 5841; x_wconf 89' lang='lat' dir='ltr'><strong>tus</strong></span> <span class='ocrx_word' id='word_1_848' title='bbox 2031 5786 2202 5842; x_wconf 88' lang='lat' dir='ltr'><strong>fuisse</strong></span> <span class='ocrx_word' id='word_1_849' title='bbox 2225 5787 2470 5852; x_wconf 90' lang='lat' dir='ltr'><strong>constat,</strong></span> <span class='ocrx_word' id='word_1_850' title='bbox 2495 5787 2618 5839; x_wconf 89' lang='lat' dir='ltr'><strong>tum</strong></span> <span class='ocrx_word' id='word_1_851' title='bbox 2639 5799 2704 5837; x_wconf 83' lang='lat' dir='ltr'><strong>ex</strong></span> <span class='ocrx_word' id='word_1_852' title='bbox 2726 5781 2963 5850; x_wconf 86' lang='lat' dir='ltr'><strong>Isidoro,</strong></span> <span class='ocrx_word' id='word_1_853' title='bbox 2982 5785 3107 5837; x_wconf 92' lang='lat' dir='ltr'><strong>tum</strong></span> <span class='ocrx_word' id='word_1_854' title='bbox 3124 5799 3193 5838; x_wconf 81' lang='lat' dir='ltr'><strong>ex</strong></span> <span class='ocrx_word' id='word_1_855' title='bbox 3208 5779 3545 5851; x_wconf 83' lang='lat' dir='ltr'><strong>Augustino.</strong></span> 
     </span>
    </p>
   </div>
   <div class='ocr_carea' id='block_1_119' title="bbox 1918 5873 3546 5957">
    <p class='ocr_par' dir='ltr' id='par_1_119' title="bbox 1918 5873 3546 5957">
     <span class='ocr_line' id='line_1_119' title="bbox 1918 5873 3546 5957; baseline -0.007 -19"><span class='ocrx_word' id='word_1_856' title='bbox 1918 5879 2167 5938; x_wconf 84' lang='lat' dir='ltr'><strong>Isidorus</strong></span> <span class='ocrx_word' id='word_1_857' title='bbox 2189 5878 2400 5957; x_wconf 86' lang='lat' dir='ltr'><strong>quippe</strong></span> <span class='ocrx_word' id='word_1_858' title='bbox 2430 5877 2495 5935; x_wconf 87' lang='lat' dir='ltr'><strong>in</strong></span> <span class='ocrx_word' id='word_1_859' title='bbox 2516 5877 2617 5935; x_wconf 86' lang='lat' dir='ltr'><strong>lib.</strong></span> <span class='ocrx_word' id='word_1_860' title='bbox 2647 5892 2665 5937; x_wconf 84' lang='grc' dir='ltr'><strong><em>ι</em></strong></span> <span class='ocrx_word' id='word_1_861' title='bbox 2691 5875 2763 5933; x_wconf 85' lang='lat' dir='ltr'><strong>de</strong></span> <span class='ocrx_word' id='word_1_862' title='bbox 2790 5873 2995 5934; x_wconf 87' lang='lat' dir='ltr'><strong>divinis</strong></span> <span class='ocrx_word' id='word_1_863' title='bbox 3020 5873 3255 5942; x_wconf 76' lang='lat' dir='ltr'><strong>Oﬂiciis,</strong></span> <span class='ocrx_word' id='word_1_864' title='bbox 3281 5888 3405 5945; x_wconf 88' lang='lat' dir='ltr'><strong>cap.</strong></span> <span class='ocrx_word' id='word_1_865' title='bbox 3429 5886 3546 5941; x_wconf 78' lang='lat' dir='ltr'><strong>vui,</strong></span> 
     </span>
    </p>
   </div>
  </div>
