4020 6232
467 366 572 442 iis

1254 390 1588 446 APPENDIX
1625 390 1712 444 AD
1750 389 1973 445 OPEHA
2009 384 2242 445 SANCTI
2279 388 2577 444 GERMANI
2616 387 3041 444 PARlSlENSlS.

3733 358 3843 445 126

474 514 503 546 ‹‹
533 496 596 551 In
625 492 930 565 Africanis,
965 496 1064 565 ait,
1092 497 1428 568 regionibus
1461 515 1577 554 non
1610 497 1771 553 omni
1812 500 2093 570 tempore,
2118 508 2176 582 Α
2198 496 2466 569 Liturgise
2492 498 2768 553 Romanas
2789 514 2823 552 a
2843 494 3119 568 Gregorio
3137 495 3341 566 Magno
3364 493 3735 562 adornatum,
3758 493 3840 550 ab

470 589 572 643 sed
602 593 829 646 tantum
855 591 1167 646 Dominicis
1200 592 1399 646 diebus
1432 595 1490 645 et
1523 591 1944 663 quinquaginta
1969 595 2099 663 post

468 682 701 738 Domini
727 685 1224 751 resurrectionem,
1246 685 1487 738 Alleluia
1513 688 1776 738 cantatur
1802 702 1904 756 pro
1927 686 2100 756 signi-

468 776 737 831 ﬁcatione
785 778 991 832 futura
1034 777 1468 832 resurrectionis
1512 781 1569 831 et
1611 778 1843 833 laetitiae.
1886 780 2097 833 Verum

471 870 625 941 apud
642 887 765 937 nos,
781 871 1092 925 secundum
1109 871 1406 941 antiquam
1424 871 1825 942 Hispaniarum
1844 871 2100 926 traditio-

466 979 624 1031 nem,
639 968 848 1035 praster
860 964 979 1018 dies
984 963 1339 1033 jejuniorum
1352 965 1437 1018 vel
1458 964 1925 1035 Quadragesimaa
1939 965 2098 1019 omni

466 1058 731 1128 tempore
757 1057 981 1110 canitur
1007 1056 1267 1111 Alleluia.
1298 1078 1326 1106 »
1353 1058 1704 1128 Augustinus
1725 1074 1858 1113 vero
1886 1058 2096 1112 diserte

466 1149 713 1204 formam
736 1148 1003 1220 Liturgiee
1023 1150 1306 1204 Africanae
1332 1149 1604 1204 describit
1622 1150 1682 1204 in
1707 1167 1972 1206 sermone
1993 1154 2097 1205 227

467 1258 629 1298 novat
660 1242 948 1309 editionis,
974 1242 1075 1313 qui
1103 1245 1191 1296 est
1210 1246 1445 1313 quartus
1466 1242 1525 1296 in
1554 1243 1645 1296 die
1666 1244 1894 1297 Paschas
1918 1243 1991 1297 ad
2017 1243 2099 1297 in-

465 1334 673 1401 fantes,
709 1335 780 1389 de
808 1334 1212 1401 Sacramentis,
1242 1334 1301 1388 id
1327 1339 1431 1401 est,
1461 1336 1530 1389 de
1557 1351 1773 1389 mensas
1795 1335 2097 1390 dominica

467 1428 861 1495 Sacramento,
906 1431 970 1482 ut
1010 1427 1132 1498 ipse
1176 1428 1342 1482 initio
1384 1429 1666 1483 sermonis
1705 1428 1964 1499 explicat.
2007 1428 2097 1483 Sic

467 1525 660 1577 autem
685 1522 888 1575 habet:
917 1541 945 1570 «
968 1521 1147 1576 Hodie
1170 1521 1368 1593 incipit
1388 1522 1534 1576 liber
1552 1522 1672 1592 ipse
1694 1522 1828 1592 legi,
1844 1544 1871 1571 ››
1889 1537 2096 1593 nempe

467 1615 539 1670 de
576 1614 808 1669 Actibus
838 1616 1251 1686 apostolorum.
1288 1635 1315 1667 ς(
1342 1615 1571 1670 Tenetis
1608 1619 1968 1670 sacramenta
2005 1632 2094 1670 or-

376 1722 381 1732 ‘
466 1708 601 1763 dine
622 1724 743 1762 suo.
763 1708 956 1763 Primo
974 1712 1103 1779 post
1120 1709 1440 1764 orationem
1460 1709 1857 1764 admonemini
1874 1725 2097 1763 sursum

463 1801 679 1855 habere
711 1818 827 1855 cor.
860 1800 909 1873 1
927 1800 983 1873 5
1018 1802 1151 1857 Ideo
1182 1819 1313 1856 cum
1337 1802 1564 1869 dicitur,
1591 1805 1813 1860 Sursum
1837 1818 1944 1865 cor,
1974 1819 2091 1855 res-

2196 591 2451 647 Adriano
2482 591 2752 662 pontifice
2784 590 2969 661 petiit,
2993 588 3455 660 impetravitque,
3478 591 3729 642 testante
3750 587 3845 660 ip—

2199 685 2314 738 sius
2346 684 2585 738 Adriani
2617 684 2877 754 epistola,
2914 699 3041 753 quas
3075 685 3160 736 est
3196 682 3550 753 octogesima
3576 680 3842 736 secunda.

2199 777 2421 834 Codicis
2446 776 2717 843 Carolini,
2742 776 2801 831 in
2828 793 2941 847 qua
2961 777 3082 829 haec
3106 775 3279 829 verba
3302 792 3315 830 :
3341 797 3368 825 «
3392 776 3471 829 De
3494 767 3844 830 Sacramen-

2198 871 2344 925 tario
2361 886 2516 937 vero,
2538 887 2571 924 a
2587 872 2782 924 sancto
2800 869 3216 940 prasdecessore
3236 872 3431 923 nostro
3449 867 3661 922 deifluo
3680 883 3841 939 papa

2199 964 2474 1034 Gregorio
2498 963 2795 1034 disposito,
2810 963 2932 1032 jam
2954 962 3179 1033 pridem
3195 963 3402 1015 Paulus
3420 961 3840 1032 grammaticus

2199 1074 2232 1111 a
2267 1056 2433 1112 nobis
2463 1072 2595 1110 eum
2625 1072 2730 1126 pro
2775 1055 2935 1109 vobis
2966 1055 3147 1126 petiit,
3176 1058 3233 1107 et
3266 1055 3582 1108 secundum
3620 1056 3839 1110 sancta:

2200 1153 2407 1205 nostras
2439 1149 2702 1203 Ecclesiae
2732 1148 3105 1203 traditionem
3145 1164 3249 1218 per
3270 1149 3596 1202 Iohannem
3624 1163 3839 1202 mona~

2199 1245 2369 1298 chum
2405 1246 2577 1314 atque
2618 1242 2888 1296 abbatem
2917 1241 3159 1295 civitatis
3188 1241 3605 1296 Ravennatium
3631 1243 3839 1295 vestras

2198 1336 2380 1407 regali
2402 1334 2452 1408 1
2468 1336 2524 1407 7
2547 1335 2841 1389 emisimus
2861 1334 3239 1389 Excellentiae.
3260 1354 3285 1385 ο
3299 1334 3436 1388 Inde
3459 1333 3838 1406 postmodum

2199 1431 2434 1485 Carolus
2472 1428 2659 1483 edicto
2700 1428 2955 1493 sancivit,
3002 1430 3063 1481 ut
3100 1428 3490 1498 unusquisque
3526 1428 3840 1498 Presbyter

2197 1523 2422 1579 Missam
2447 1521 2764 1575 celebraret
2787 1521 2975 1576 ordine
2994 1524 3249 1584 Romano,
3273 1525 3335 1575 ut
3355 1521 3567 1591 legitur
3587 1521 3647 1574 in
3670 1520 3841 1590 Capi-

2200 1615 2470 1670 tularium
2500 1615 2598 1669 lib.
2630 1631 2667 1666 v
2702 1631 2827 1685 cap.
2859 1617 2953 1669 37f
3007 1631 3168 1668 nova:
3208 1613 3498 1679 editionis,
3528 1613 3673 1667 alias
3706 1615 3837 1667 2l9.

2271 1712 2322 1763 3.
2350 1709 2435 1762 Ab
2464 1725 2532 1763 eo
2559 1711 2841 1778 tempore,
2866 1710 3149 1778 quotquot
3179 1707 3371 1778 scripti
3398 1710 3531 1760 sunt
3560 1706 3622 1760 in
3650 1706 3842 1761 Gallia

2197 1802 2446 1856 Missales
2481 1802 2644 1872 (quos
2666 1802 2891 1871 vocant)
2924 1800 3071 1868 libri,
3108 1801 3180 1854 ad
3218 1801 3379 1854 illum
3407 1799 3840 1870 Gregorianum

464 1894 752 1965 pondetis,
775 1896 1041 1951 Habemus
1068 1896 1145 1949 ad
1165 1898 1468 1950 Dominum.
1493 1896 1763 1966 Sequitur
1786 1896 2096 1967 Episcopus
2116 1878 2171 1949 B
2197 1895 2467 1949 Codicem
2509 1894 2691 1948 exacti
2728 1897 2862 1947 sunt
2900 1894 3022 1948 fere
3065 1910 3285 1948 omnes.
3317 1893 3605 1947 Gelasiani
3634 1897 3839 1947 tamen

463 1988 552 2042 vel
570 1989 876 2060 presbyter
903 1989 1002 2059 qui
1033 1988 1218 2056 offert,
1244 1992 1301 2042 et
1326 1989 1497 2043 dicit:
1524 1991 1741 2046 Gratias
1760 1992 2099 2059 agamusDo—

461 2084 606 2136 mino
635 2086 734 2137 Deo
762 2086 942 2137 nostro
970 2100 986 2148 ;
1016 2084 1074 2135 et
1096 2098 1195 2137 vos
1222 2082 1578 2137 attestamini
1605 2100 1618 2137 :
1652 2085 1885 2151 Dignum
1910 2086 1961 2136 et
1972 2082 2095 2151 jus-

464 2178 577 2230 tum
602 2179 696 2230 est.
731 2174 950 2229 Deinde
978 2178 1107 2245 post
1133 2175 1645 2230 sanctiﬁcationem
1668 2175 1933 2229 sacriﬁcii
1955 2175 2093 2229 dici-

464 2284 593 2323 mus
618 2269 943 2324 orationem
969 2268 1348 2323 Dominicam.
1373 2270 1506 2323 Post
1531 2269 1717 2339 ipsam
1739 2268 2099 2335 dicitur,Paa:

459 2363 744 2423 vobiscum,
774 2365 832 2416 et
862 2362 1192 2416 osculantur
1222 2378 1280 2414 se
1318 2361 1624 2415 Christiani
1656 2362 1715 2415 in
1745 2363 1936 2416 osculo
1964 2378 2093 2415 san-

462 2457 574 2509 cto.
606 2474 635 2506 η
664 2454 923 2525 Denique
958 2470 1087 2507 cum
1124 2454 1183 2507 in
1220 2452 1432 2507 Ordine
1473 2454 1824 2508 Mozarabico
1870 2471 2099 2525 semper

465 2548 591 2603 duas
617 2547 895 2602 lectiones
922 2550 1057 2601 ante
1083 2546 1477 2617 Evangelium,
1506 2564 1623 2601 una
1654 2565 1721 2601 ex
1749 2548 1942 2601 Veteri
1964 2549 2096 2602 Tes-

462 2642 745 2707 tamento,
783 2641 895 2694 alia
931 2657 997 2694 ex
1034 2641 1187 2695 Novo
1222 2640 1633 2711 praemittatur;
1668 2640 1838 2694 unica
1874 2644 1999 2694 erat
2037 2640 2097 2695 i'n

461 2734 753 2801 Africano,
792 2736 936 2788 teste
972 2734 1291 2805 Augustino
1332 2733 1391 2787 in
1434 2750 1701 2787 sermone
1738 2738 1769 2787 7
1806 2733 1877 2787 de
1910 2734 2098 2787 verbis

462 2826 715 2898 Apostoli
750 2844 763 2880 :
804 2848 830 2876 «
860 2828 1196 2898 Apostolum
1236 2826 1578 2893 audivimus,
1614 2828 1899 2897 psalmum
1934 2827 2095 2881 audi-

461 2920 666 2985 vimus,
708 2920 1081 2990 Evangelium
1126 2920 1489 2975 audivimus:
1529 2924 1852 2975 consonant
1896 2937 2098 2973 omnes

465 3013 673 3068 divinae
716 3012 1010 3068 lectiones.
1056 3035 1083 3062 »
1128 3013 1287 3068 Idem
1322 3013 1531 3067 clarius
1578 3013 1825 3067 habetur
1870 3013 1929 3067 in
1978 3031 2094 3067 ser-

461 3123 638 3162 mone
685 3110 751 3161 10
790 3107 860 3160 de
903 3106 1091 3161 verbis
1125 3107 1389 3177 apostoli,
1429 3110 1486 3161 et
1524 3107 1585 3161 in
1621 3123 1887 3162 sermone
1929 3110 1994 3162 33
2026 3107 2096 3161 de

462 3201 651 3255 verbis
674 3200 905 3255 Domini
928 3201 1245 3254 secundum
1268 3201 1499 3267 Lucam,
1532 3203 1589 3254 et
1617 3201 1773 3255 alibi.

539 3294 623 3347 14.
656 3292 850 3357 Qualis
878 3293 1053 3347 fuerit
1078 3293 1231 3364 apud
1258 3293 1516 3348 Britones
1545 3296 1603 3347 et
1628 3294 1909 3348 Hibernos
1931 3292 2098 3348 sacri-

462 3385 675 3441 ﬁcandi
700 3386 860 3452 ritus,
895 3402 1012 3441 non
1044 3387 1216 3457 plane
1247 3390 1606 3458 compertum
1634 3390 1737 3441 est.
1767 3387 1996 3441 Modum
2016 3390 2097 3439 ta-

464 3495 601 3534 men
630 3478 793 3536 illum
819 3495 854 3533 a
887 3479 1149 3534 Romano
1192 3480 1477 3535 diversum
1508 3479 1787 3534 exstitisse
1821 3477 2095 3550 intelligi-

462 3576 560 3627 tur
584 3588 651 3626 ex
678 3572 968 3627 Bernardo
997 3573 1055 3626 in
1082 3572 1227 3627 libro
1251 3573 1321 3627 de
1343 3574 1467 3628 Vita
1487 3574 1792 3640 Malachiia,
1817 3572 2098 3643 capitibus

466 3669 497 3721 3
538 3669 597 3720 et
634 3668 685 3733 8,
717 3666 817 3720 ubi
851 3665 1156 3721 Malachias
1198 3667 1474 3722 barbaras
1511 3666 1956 3722 consuetudines
1982 3666 2093 3719 Ro-

464 3758 654 3814 manis
673 3761 943 3827 mutasse,
969 3762 1026 3814 et
1045 3760 1385 3815 canonicum
1409 3760 1615 3815 divinae
1636 3759 1821 3813 laudis
1842 3758 2094 3813 officium

465 3852 525 3907 in
554 3852 679 3908 illas
708 3853 983 3909 Ecclesias
1012 3854 1290 3909 invexisse
1321 3857 1697 3909 memoratur.

1111 3980 1334 4036 CAPUT
1371 3980 1459 4033 Ill.

468 4074 596 4141 Quae
624 4076 675 4128 et
698 4075 875 4142 qualis
900 4075 1069 4139 fuerit
1096 4075 1369 4144 quondam
1397 4074 1647 4144 Liturgia
1675 4072 1957 4144 Gallicana
1982 4090 1997 4124 :
2025 4087 2099 4144 an

539 4160 602 4198 ea
642 4160 761 4212 qua
804 4161 839 4198 a
889 4142 1124 4200 Matthia
1164 4145 1382 4211 Illyrico
1432 4142 1580 4196 edita
1632 4147 1729 4196 est.
1760 4142 1948 4199 'Certm
1988 4142 2098 4211 ejus

536 4219 704 4281 notae;
734 4217 841 4271 haec
867 4218 1081 4286 integra
1111 4216 1329 4270 tandem
1356 4216 1590 4281 reperta.

541 4320 590 4393 1
607 4319 666 4394 6
692 4326 740 4376 1.
762 4322 874 4379 Sed
889 4323 1015 4394 jam
1037 4322 1273 4376 demum
1295 4317 1367 4371 ad
1388 4315 1705 4387 Liturgiam
1723 4316 2094 4387 Gallicanam,

465 4414 625 4485 cujus
673 4417 858 4487 gratia
904 4417 1026 4471 hac
1069 4411 1366 4485 praemissa
1408 4412 1559 4477 sunt,
1597 4409 1947 4465 veniendum
1983 4416 2095 4479 est;

462 4508 992 4580 inquirendumque
1034 4507 1105 4560 de
1151 4504 1275 4574 ejus
1317 4503 1525 4569 forma,
1567 4502 1637 4557 de
1673 4519 1787 4573 qua
1820 4504 2098 4561 hactenus

466 4602 676 4657 eruditi
700 4603 809 4657 viri
840 4598 1255 4669 disceptarunt.
1338 4666 1347 4673 ν

533 4698 587 4750 2.
620 4694 908 4765 Principio
937 4691 1236 4745 advertere
1274 4689 1545 4743 convenit
1584 4689 1860 4744 Ordinem
1890 4691 2100 4745 Roma-

464 4806 624 4856 num,
659 4788 758 4858 qui
790 4784 943 4858 apud
972 4782 1252 4854 Hispanos
1273 4784 1476 4837 saeculo
1498 4800 1573 4851 x1,
1596 4783 1926 4855 insequenti
1948 4784 2101 4854 apud

462 4882 743 4937 Hibernos
778 4880 862 4949 (ut
901 4892 1035 4930 mox
1068 4876 1354 4947 dicebam)
1382 4879 1647 4947 receptus
1684 4881 1788 4944 est,
1820 4877 1878 4931 in
1915 4876 2099 4931 Gallia

459 4974 656 5045 vigere
678 4970 914 5041 caspisse
930 4970 1055 5039 jam
1076 4969 1211 5023 inde
1234 4987 1267 5023 a
1287 4973 1549 5040 tempore
1566 4970 1755 5025 Caroli
1774 4969 1964 5041 Magni
1982 4969 2097 5023 sive

460 5067 520 5121 id
549 5062 848 5121 effecerint
874 5062 1123 5116 Romani
1142 5062 1465 5130 Pontifices,
1495 5065 1594 5135 qui
1625 5064 1767 5119 alias
1789 5079 1992 5117 omnes
2014 5078 2100 5116 ec-

460 5158 662 5213 clesias
688 5155 761 5209 ad
787 5172 967 5210 unum
991 5172 1122 5210 cum
1143 5156 1404 5211 Romana
1425 5159 1791 5221 concentum,
1817 5158 2097 5226 quantum

458 5252 517 5305 in
547 5250 629 5303 eis
654 5247 781 5314 fuit,
807 5249 1094 5303 adducere
1117 5254 1418 5318 curarunt;
1443 5251 1558 5305 sive
1581 5250 1654 5304 ad
1680 5265 1776 5302 eos
1800 5248 2098 5302 demeren-

460 5344 564 5397 dos
592 5340 649 5395 id
680 5341 923 5397 voluerit
952 5344 1204 5399 Carolus.
1235 5344 1467 5399 Initium
1500 5345 1717 5396 factum
1745 5343 1831 5394 est
1859 5357 1892 5395 a
1922 5344 2095 5395 cantu

457 5436 742 5501 Romano,
769 5452 941 5506 quem
969 5437 1244 5509 Pippinus
1272 5438 1331 5491 in
1364 5436 1689 5491 Gallicanas
1714 5433 1994 5487 Ecclesias
2014 5433 2097 5488 in-

458 5527 637 5593 duxit,
668 5530 731 5581 ut
757 5528 924 5585 docet
950 5532 1159 5586 Paulus
1190 5546 1341 5601 papa
1370 5531 1390 5581 l
1418 5527 1476 5581 in
1515 5527 1756 5597 epistola
1783 5525 1857 5579 ad
1885 5525 2090 5597 ipsum,

456 5620 547 5674 cui
578 5609 965 5694 Antiphonale
998 5628 1056 5679 et
1078 5621 1427 5692 Responsale
1460 5619 1654 5673 mittit.
1679 5618 1890 5673 Directi
1919 5619 2094 5674 etiam

458 5713 529 5768 ab
551 5714 757 5771 eodem
777 5717 1036 5788 principe
1058 5715 1474 5779 adolescentes,
1496 5713 1594 5783 qui
1614 5712 1941 5768 Romanum
1964 5729 2095 5766 can-

457 5808 577 5862 tum
611 5808 993 5864 addiscerent.
1027 5809 1232 5862 Postea
1266 5822 1401 5860 vero
1438 5804 1676 5861 Carolus
1705 5806 1941 5875 Magnus
1971 5806 2093 5877 ejus

454 5900 604 5959 filius
643 5898 1170 5962 Sacramentarium
1208 5899 1649 5972 Gregorianum,
1677 5899 1737 5955 id
1769 5901 1853 5954 est
1878 5897 2091 5955 librum

2117 3240 2172 3313 C

2196 1989 2455 2043 missales
2475 1987 2710 2058 quidam
2733 1988 2937 2042 saeculo
2955 2004 3009 2041 x1
3027 1990 3193 2041 erant
3208 1987 3265 2041 in
3285 1986 3627 2058 quibusdam
3647 1987 3842 2040 Eccle-

2198 2082 2293 2136 siis
2319 2080 2629 2135 Hhemensi
2655 2080 2837 2134 sancti
2866 2080 3114 2151 Remigii
3151 2080 3502 2135 monasterio
3538 2079 3837 2149 subjectis,

2198 2176 2342 2229 sicut
2366 2174 2577 2245 legitur
2604 2174 2663 2227 in
2703 2174 2883 2227 veteri
2922 2173 3070 2229 libro
3108 2173 3382 2240 censuali,
3414 2172 3509 2243 qui
3536 2172 3839 2227 Hincmari

2198 2273 2461 2338 tempore
2499 2268 2741 2337 scriptus
2787 2269 2889 2321 est.
2935 2266 3019 2320 Ad
3065 2268 3186 2320 hzrc
3229 2266 3500 2320 Alcuinus
3544 2265 3838 2320 Missalem

2198 2361 2619 2431 Gregorianum
2647 2364 2704 2413 et
2724 2359 3090 2414 Gelasianum
3114 2360 3283 2413 simul
3305 2359 3601 2414 ordinasse
3625 2359 3844 2414 dicitur

2198 2455 2257 2508 in
2289 2454 2574 2508 Chronico
2606 2453 2938 2507 Centulensi
2968 2470 2980 2507 :
3012 2453 3196 2523 qualis
3232 2456 3317 2506 est
3347 2469 3493 2506 unus
3519 2452 3714 2507 Codex
3743 2463 3839 2507 reé

2199 2548 2324 2617 gius
2377 2548 2612 2618 optimae
2657 2549 2808 2601 notes
2850 2564 2908 2600 n.
2958 2549 3115 2600 3865.
3155 2545 3316 2600 Unde
3358 2546 3576 2599 factum
3621 2549 3730 2612 est,
3774 2549 3847 2600 ut

2199 2642 2387 2695 nullus
2412 2640 2622 2707 Codex,
2654 2639 2751 2710 qui
2783 2640 3171 2710 antiquiorem
3202 2639 3362 2693 illum
3393 2639 3677 2694 Ordinem
3704 2639 3843 2694 Gal-

2199 2735 2451 2788 licanum
2498 2733 2731 2799 referat,
2774 2736 2908 2786 ante
2956 2732 3063 2786 hos
3108 2748 3319 2802 paucos
3364 2749 3548 2786 annos
3587 2712 3845 2787 inveniri

2200 2827 2479 2898 potuerit;
2515 2828 2686 2896 atque
2720 2825 2793 2879 ad
2824 2825 2880 2879 id
2912 2828 3140 2896 tempus
3165 2841 3395 2896 semper
3414 2826 3638 2879 incerta
3662 2826 3846 2881 fuerit

2200 2921 2270 2975 de
2296 2920 2531 2990 hujusce
2554 2918 2783 2973 Ordinis
2808 2919 2923 2972 ritu
2950 2918 3254 2975 sententia.

2270 3015 2321 3067 4.
2336 3012 2599 3067 Matthias
2614 3013 2844 3066 Flaccus
2856 3011 3127 3083 Illyricus,
3141 3011 3597 3066 centuriatorum
3609 3013 3847 3084 Magde—

2197 3105 2572 3177 burgensium
2596 3105 2881 3176 princeps,
2901 3104 3137 3159 missam
3155 3104 3423 3159 Latinam
3445 3122 3511 3159 ex
3530 3106 3717 3161 veteri
3738 3107 3845 3162 Co-

2200 3199 2324 3254 dice
2353 3198 2604 3269 vulgavit
2627 3198 2959 3269 Argentinse
2988 3214 3141 3253 anno
3182 3202 3315 3252 1557
3347 3199 3452 3252 sub
3481 3198 3590 3253 hoc
3620 3199 3793 3255 titulo
3822 3216 3839 3255 :

2196 3295 2363 3349 Missa
2386 3294 2606 3353 Latina,
2635 3308 2754 3361 quae
2782 3293 2911 3346 olim
2945 3296 3071 3346 ante
3107 3295 3425 3354 Romanam,
3452 3295 3597 3347 circa
3623 3295 3851 3348 Domini

2196 3402 2399 3440 annum
2427 3388 2551 3448 700,
2584 3388 2642 3439 in
2669 3401 2772 3439 usu
2794 3386 2928 3452 fuit,
2957 3386 3092 3439 bona
3116 3385 3223 3453 ﬁde
3262 3401 3330 3439 ea:
3356 3389 3561 3440 vetusto
3597 3388 3844 3441 authen-

2197 3482 2403 3548 ticoque
2427 3479 2612 3537 Codice
2637 3480 2930 3548 descripta.
2958 3477 3229 3532 Codicem
3260 3494 3378 3532 non
3403 3478 3540 3533 satis
3566 3479 3849 3550 designat

2198 3572 2394 3626 titulus
2411 3589 2425 3626 :
2446 3572 2546 3626 sed
2563 3589 2631 3626 ex
2650 3571 2821 3625 variis
2842 3570 3217 3637 orationibus,
3238 3588 3364 3641 quae
3380 3570 3455 3625 ad
3477 3572 3845 3628 oblationem

2199 3665 2256 3718 in
2300 3665 2396 3719 illa
2436 3664 2612 3719 missa
2655 3665 3005 3729 referuntur,
3050 3681 3164 3717 una
3213 3664 3291 3719 sic
3339 3665 3517 3718 habet
3549 3682 3562 3719 :
3594 3667 3843 3737 Suscipe,

2193 3763 2383 3813 sancta
2427 3760 2685 3820 Trinitas,
2724 3759 2863 3812 hanc
2897 3758 3240 3823 oblationem,
3272 3755 3436 3827 quam
3478 3774 3583 3827 pro
3629 3762 3848 3815 seniore

2194 3856 2375 3905 nostro
2417 3856 2468 3905 et
2509 3855 2698 3905 cuncta
2732 3852 3139 3920 congregatione
3171 3853 3351 3905 sancti
3382 3853 3534 3905 Petri
3652 3854 3844 3922 oﬂ'ero.

2196 3945 2265 3998 Et
2294 3942 2351 3997 in
2383 3943 2494 3998 alia
2520 3945 2692 4014 paulo
2725 3946 2859 3997 ante
2882 3960 2894 3997 :
2919 3944 3089 4010 Quam
3120 3944 3222 3998 tibi
3246 3945 3407 4013 oﬂ'ero
3422 3960 3525 4015 pro
3544 3961 3628 3999 me
3644 3962 3843 4016 pecca-

2199 4042 2309 4091 tore
2332 4041 2383 4092 et
2405 4041 2601 4092 nostrae
2627 4039 3054 4107 congregationis
3081 4038 3278 4099 salute,
3305 4042 3357 4091 et
3377 4052 3477 4106 pro
3508 4039 3761 4095 omnibus
3786 4042 3846 4095 in

2199 4132 2404 4188 Christo
2432 4131 2703 4198 fratribus
2726 4134 2778 4184 et
2803 4130 3072 4185 sororibus
3098 4132 3315 4185 nostris.
3344 4131 3423 4183 Ex
3449 4129 3537 4183 his
3567 4132 3842 4202 conjicio,

2198 4224 2349 4277 hunc
2378 4223 2587 4278 librum
2614 4222 2786 4276 fuisse
2819 4222 2893 4276 ad
2922 4239 3088 4277 usum
3110 4223 3449 4277 monasterii
3474 4225 3659 4278 sancti
3687 4226 3847 4280 Petri

2198 4316 2613 4371 Hornbacensis
2641 4316 2699 4369 in
2733 4315 2959 4371 dioecesi
2986 4316 3265 4382 Mettensi,
3296 4333 3424 4386 quas
3454 4320 3844 4389 congregatio

2199 4410 2379 4464 sancti
2425 4409 2577 4464 Petri
2622 4426 2689 4463 ex
2738 4409 3094 4464 monasterio
3134 4410 3384 4465 Hornbac
3417 4411 3750 4480 appellatur
3783 4413 3847 4467 in

2199 4503 2362 4558 titulo
2403 4503 2657 4574 epistolas
2689 4519 2817 4556 cxm
2858 4500 2984 4575 18
3019 4501 3170 4555 inter
3207 4502 3610 4557 Bonifacianas
3638 4504 3716 4558 ad
3746 4505 3847 4559 Hi-

2116 4606 2175 4677 D
2199 4597 2414 4651 culfum
2441 4595 2583 4651 Lulli
2616 4612 3023 4650 successorem.
3051 4596 3177 4648 Haec
3205 4594 3528 4650 observatio
3557 4596 3851 4668 aliquanti

2202 4689 2486 4744 momenti
2512 4687 2572 4741 in
2603 4687 3088 4758 consequentibus
3118 4687 3243 4741 erit.

2273 4786 2323 4836 5.
2343 4781 2519 4851 Hujus
2537 4780 2727 4834 missae
2745 4782 2816 4834 ab
2838 4780 3059 4851 Illyrico
3087 4780 3256 4834 edita}
3278 4779 3435 4835 varia
3456 4782 3565 4835 f‘uit
3584 4783 3849 4839 fortuna.

2199 4873 2392 4928 Primo
2437 4873 2763 4944 triumphos
2804 4873 2874 4927 de
2913 4890 2982 4927 ea
3024 4876 3271 4943 egerunt
3305 4873 3638 4941 Lutherani,
3681 4877 3855 4947 quasi

2200 4966 2503 5022 Catholicis
2537 4966 2766 5037 penitus
2805 4965 3224 5020 adversaretur.
3256 4968 3328 5021 Ut
3365 4968 3471 5021 hos
3512 4967 3853 5041 triumphos

2200 5059 2543 5129 reprimeret
2567 5058 2859 5128 Philippus
2891 5075 2928 5111 Il
2962 5057 3367 5128 Hispaniarum
3396 5077 3516 5126 rex,
3547 5060 3733 5115 dulcis
3758 5065 3856 5117 Al-

2198 5152 2389 5206 bensis
2405 5150 2696 5216 instinctu,
2712 5151 2834 5220 ejus
2846 5149 3089 5204 lectione
3104 5150 3426 5218 interdixit;
3447 5153 3853 5227 eamdemque

2197 5248 2397 5315 postea
2434 5245 2619 5300 Sixtus
2644 5243 2773 5297 Vin
2814 5242 3091 5296 librorum
3131 5244 3560 5313 prohibitorum
3599 5248 3852 5304 classem

2196 5338 2439 5409 redegit.
2469 5334 2775 5392 Lutherani
2806 5338 3003 5404 aperte
3030 5336 3273 5390 tandem
3302 5338 3543 5393 missam
3577 5341 3853 5411 Illyricia-

2198 5447 2335 5484 nam
2361 5428 2663 5486 Catholicis
2692 5427 3011 5497 suffragari,
3042 5428 3261 5499 sibique
3301 5431 3599 5488 adversari
3629 5435 3850 5491 intelli-

2197 5526 2417 5593 gentes,
2432 5522 2591 5577 illam
2611 5520 2969 5592 supprimere
2983 5520 3172 5575 modis
3185 5522 3460 5579 omnibus
3473 5527 3850 5586 studuerunt.

2194 5615 2469 5672 Catholici
2513 5632 2579 5668 ex
2619 5614 2725 5669 hac
2764 5613 3058 5684 palinodia
3093 5616 3484 5687 proficientes,
3526 5620 3855 5692 ipsammet

2194 5709 2512 5764 accuratius
2531 5709 2817 5777 legerunt,
2842 5706 3170 5773 laudarunt,
3191 5713 3672 5781 comprobarunt,
3695 5720 3759 5771 et
3777 5719 3856 5773 ad

2192 5801 2501 5857 asserenda
2518 5798 2905 5865 Eucharistiaa,
2925 5799 3322 5867 confessionis,
3346 5807 3405 5856 et
3426 5805 3853 5877 suffragiorum

2190 5912 2294 5971 pro
2311 5892 2554 5950 mortuis
2572 5892 2848 5964 dogmata
2866 5890 3254 5950 adhibuerunt
3270 5911 3282 5949 :
3298 5894 3357 5950 in
3375 5897 3581 5969 primis
3600 5900 3854 5973 quidem
