4020 6232
100 398 180 465 121
1086 407 1174 466 DE
1210 410 1523 467 LITURGIA
1559 410 1930 468 GALLICANA
1970 413 2169 469 LIBER
2206 412 2473 469 PRIMUS.
3363 394 3467 470 122

99 514 422 573 Guillelmus
451 516 760 589 Peyratus,
793 519 852 574 in
880 519 1023 574 libro
1056 535 1094 573 ιι
1120 519 1192 574 de
1219 518 1456 574 historia
1487 519 1732 591 Capellae
1754 530 1813 605 Α
1835 522 1990 593 quod
2015 524 2072 577 in
2098 541 2165 579 ea
2188 523 2480 593 passiones
2503 524 2823 592 martyrum
2850 516 3247 587 recitarentur,
3268 534 3335 574 ex
3356 517 3467 574 Hil-

100 627 290 680 regum
336 611 622 677 Francius,
665 630 791 685 cap.
829 617 913 680 l3,
943 630 1191 684 eumque
1235 617 1461 668 secutus
1498 614 1732 669 Carolus
1834 613 3466 688 duiniepistolaadLudovicumAugustum,Areopagiticis

101 703 341 759 Cointius
379 703 440 757 in
486 706 814 760 Annalibus
847 706 1238 762 ecclesiasticis
1276 708 1626 762 Francorum
1659 707 1733 761 ad
1834 711 2084 781 praeﬁxa.
2109 713 2170 765 In
2193 712 2298 765 hac
2321 710 2531 781 quippe
2553 709 2794 780 epistola
2814 709 3240 762 commemorat
3263 729 3290 755 «
3315 706 3462 760 anti-

101 814 304 851 annum
330 800 458 863 601,
492 798 594 852 ubi
622 799 861 854 missam
898 800 1297 871 lllyricianam~
1320 818 1353 854 a
1392 801 1733 855 Lutheranis
1834 803 2157 874 quissimos,
2183 808 2238 858 et
2270 803 2451 858 nimia
2474 820 2623 873 pene
2648 805 2927 855 vetustate
2956 803 3327 871 consumptos
3346 798 3467 853 Mis-

102 906 452 961 supprcssam
486 892 736 946 recudit.
771 893 933 957 Quod
961 894 1137 948 etiam
1170 893 1431 965 praestitit
1465 893 1730 949 cardina-
1834 898 1978 951 sales
2012 897 2205 964 libros,
2235 897 2595 951 continentes
2618 895 2805 949 missae
2838 894 3103 949 ordinem
3139 910 3300 947 more
3332 893 3462 947 Gal-

102 984 160 1037 lis
186 985 335 1038 Bona
363 984 423 1038 in
452 985 578 1039 ﬁne
612 985 801 1056 operis
831 987 915 1040 sui
946 987 1235 1057 Liturgici.
1834 991 1960 1058 lico,
1990 992 2086 1063 qui
2118 993 2189 1046 ab
2222 990 2384 1045 initio
2416 994 2661 1061 receptae
2694 988 2828 1043 fidei
2860 1006 2961 1042 usu
2989 988 3048 1041 in
3076 988 3181 1042 hac
3204 986 3465 1041 occiden-

165 1082 213 1132 6.
244 1078 397 1130 Hanc
425 1094 571 1133 vero
600 1078 659 1132 in
688 1078 1004 1145 occidente,
1035 1080 1355 1151 praesertim
1381 1080 1439 1135 in
1467 1080 1647 1136 Gallia
1674 1084 1732 1135 et
1834 1084 1931 1138 tali
1963 1086 2133 1155 plaga
2159 1089 2243 1138 est
2266 1084 2512 1149 habitus,
2539 1099 2835 1153 usquequo
2858 1085 3144 1147 tenorem,
3170 1096 3284 1151 quo
3309 1096 3463 1134 nunc

102 1172 155 1225 in
174 1172 501 1238 Germania,
524 1177 844 1244 antequam
867 1175 1161 1229 Romanus
1178 1174 1331 1229 Ordo
1350 1174 1633 1229 admissus
1651 1192 1733 1228 es-
1834 1177 2029 1243 utitur,
2060 1179 2387 1233 Romanum
2418 1176 2745 1247 susceperit.
2770 1178 2831 1229 In
2850 1176 3054 1245 quibus
3074 1174 3462 1229 voluminibus

105 1269 198 1327 set,
224 1265 346 1319 usui
382 1266 563 1320 fuisse
605 1266 828 1337 opinari
864 1285 923 1321 se
961 1266 1096 1322 dicit
1122 1268 1373 1338 lllyricus
1400 1268 1459 1322 in
1492 1268 1732 1339 epistola
1832 1272 2122 1325 habentur
2156 1272 2283 1326 dum
2316 1271 2505 1325 missa:
2549 1270 2620 1324 de
2661 1272 2856 1323 sancto
2901 1268 3188 1340 Dionysio,
3224 1285 3352 1339 quae
3383 1266 3464 1320 sic

105 1359 460 1429 praeliminari
477 1360 555 1413 ad
568 1360 887 1430 principem
901 1360 1731 1432 Palatinum.Peyratusipsam
1832 1366 1984 1421 inter
2023 1365 2500 1421 celebrandum...
2524 1365 2817 1418 tormenta
2847 1361 3113 1431 martyris
3144 1362 3458 1416 sociorum-

110 1468 200 1523 pro
212 1452 1730 1526 antiquaGallicanaindubitanteragnovit,eidemque
1834 1476 1945 1531 que
1972 1460 2094 1530 ejus
2123 1459 2404 1513 succincte
2431 1458 2899 1511 commemorant
2928 1472 2940 1509 :
2971 1454 3113 1508 sicut
3140 1456 3197 1507 et
3225 1454 3462 1525 reliquae

108 1546 388 1601 sententiae
421 1547 686 1602 Cointius
711 1547 1276 1618 subscripsitzambo
1304 1564 1476 1618 porro
1505 1564 1636 1602 eam
1658 1549 1732 1602 ad
1831 1553 2008 1609 Missa:
2064 1552 2282 1606 ibidem
2337 1550 2560 1622 scriptze
2616 1549 2859 1603 aliorum
2923 1548 3314 1618 apostolorum
3375 1547 3464 1600 vel

109 1639 339 1708 primam
360 1656 577 1711 regum
600 1642 952 1697 Francorum
976 1641 1213 1712 stirpem
1232 1644 1521 1696 revocant.
1542 1642 1619 1695 Ex
1637 1641 1733 1695 ad-
1835 1648 2177 1716 martyrum,
2212 1661 2457 1715 quorum
2494 1642 2790 1714 passiones
2830 1640 3135 1705 habentur,
3164 1639 3462 1693 notissime

109 1748 255 1786 verso
273 1733 586 1787 Menardus
611 1738 809 1789 noster
829 1734 886 1788 in
907 1735 1056 1789 notis
1078 1735 1151 1789 ad
1167 1734 1377 1790 librum
1398 1736 1734 1791 Sacramen-
1835 1742 2165 1795 decantant.
2197 1760 2224 1787 ››
2258 1740 2387 1792 H830
2426 1736 2705 1808 passionis
2744 1739 3065 1805 martyrum
3102 1748 3462 1788 commemo-

110 1829 303 1889 torum,
327 1825 432 1879 etsi
457 1827 763 1902 antiquam
787 1845 910 1882 esse
933 1828 1513 1900 concedit;quzedam
1530 1831 1729 1881 tamen
1753 1900 1781 1902 ὦ
1834 1834 1979 1888 ratio
2007 1833 2065 1887 in
2098 1832 2442 1887 Przefatione
2472 1833 2624 1885 facta
2648 1830 2821 1885 fuisse
2846 1830 3087 1883 videtur.
3117 1826 3465 1896 Quanquam

112 1917 161 1971 in
185 1919 533 1973 contrarium
565 1921 822 1991 opponit,
854 1921 955 1975 sed
985 1939 1113 1993 quae
1138 1938 1263 1975 rem
1293 1938 1412 1977 non
1441 1921 1727 1975 evincunt.
1752 1900 1808 1971 B
1832 1926 2059 1997 integra
2086 1928 2213 1978 aeta
2245 1925 2592 1995 quandoque
2621 1924 2981 1993 legebantur,
3017 1922 3077 1974 ut
3103 1935 3239 1974 mox
3265 1918 3335 1973 de
3369 1918 3490 1972 ac-'

111 2010 269 2065 Missa:
305 2012 647 2082 Illyriciana:
688 2014 939 2069 similem
974 2014 1156 2069 edidit
1190 2015 1494 2069 Menardus
1533 2031 1600 2068 ex
1636 2030 1728 2069 co-
1832 2020 1903 2073 tis
1932 2019 2113 2073 sancti
2137 2017 2426 2072 Emiliani
2452 2017 2794 2070 videbimus.

116 2103 223 2158 dice
270 2104 603 2160 Corbeiensi
653 2107 882 2162 Ratoldi
936 2108 1059 2178 ejus
1107 2107 1215 2162 loci
1261 2106 1503 2175 abbatis,
1559 2110 1731 2177 atque
1903 2118 1954 2167 9.
1977 2114 2241 2177 Alterum
2286 2110 2474 2164 missae
2514 2109 2817 2163 Gallicanae
2852 2108 3127 2162 indicium
3168 2110 3271 2171 est,
3307 2106 3465 2177 quod

115 2197 268 2251 aliam
289 2198 785 2254 eminentissimus
810 2201 1116 2256 cardinalis
1136 2202 1293 2256 Bona
1315 2201 1372 2255 in
1399 2201 1579 2255 libror
1604 2199 1730 2272 19
1834 2207 2039 2261 eodem
2080 2205 2193 2259 ritu
2231 2205 2353 2257 haec
2389 2202 2796 2268 celebraretur,
2840 2205 3012 2271 atque
3044 2200 3318 2254 Toletana
3364 2214 3467 2252 seu

114 2290 305 2345 Rerum
325 2291 727 2363 liturgicarum
756 2310 880 2364 cap.
908 2297 993 2359 l2,
1020 2293 1116 2349 ubi
1142 2293 1525 2365 lllyricianam
1555 2296 1733 2363 negat
1830 2299 2199 2354 Mozarabica.
2223 2297 2394 2365 Cujus
2415 2295 2497 2349 rei
2524 2298 2697 2349 testes
2726 2298 2859 2348 sunt
2878 2294 3064 2349 Caroli
3085 2290 3235 2347 Calvi
3259 2290 3466 2345 litterae

113 2400 290 2438 veram
307 2401 429 2439 esse
451 2390 713 2440 veterem
732 2386 1280 2457 Gallicanam,cujus
1299 2386 1728 2454 notas,indicia,
1833 2393 1907 2447 ad
1942 2393 2158 2446 clerum
2189 2389 2672 2444 Ravennatem‘in
2704 2389 2825 2442 haec
2863 2387 3038 2440 verba
3067 2402 3079 2439 :
3114 2406 3141 2433 ‹‹
3172 2385 3358 2454 Usque
3391 2383 3465 2438 ad

116 2479 163 2531 et
185 2493 309 2531 vera
338 2479 661 2549 specimina
690 2479 903 2534 ibidem
932 2480 1214 2551 producit.
1242 2480 1521 2535 Indicium
1549 2496 1729 2534 unum
1832 2489 2098 2556 tempora
2118 2483 2279 2538 abavi
2305 2483 2481 2537 nostri
2504 2482 2807 2537 Gallicanae
2829 2478 3089 2535 Ecclesiae
3107 2477 3272 2532 aliter
3289 2492 3465 2547 quam

116 2570 465 2642 est,illudque
490 2576 715 2627 certum
731 2590 796 2627 ex
819 2573 1095 2643 Gregorio
1107 2574 1422 2628 Turonensi
1440 2573 1728 2644 episcopo.
1832 2581 2097 2634 Romana
2122 2578 2209 2631 vel
2253 2575 2691 2631 Mediolanensis
2717 2573 2963 2628 Ecclesia
2990 2572 3182 2626 divina
3210 2570 3464 2625 celebra-

117 2666 166 2720 in
182 2667 343 2722 missa
358 2667 655 2721 Gallicana
672 2666 814 2721 duas
834 2666 1108 2721 lectiones
1128 2668 1436 2738 Evangelio
1460 2665 1732 2738 praemitti
1832 2675 1975 2727 bant
1995 2672 2204 2737 officia,
2224 2671 2370 2725 sicut
2390 2669 2637 2723 vidimus
2659 2671 2716 2721 et
2736 2667 3059 2721 audivimus
3083 2666 3154 2719 ab
3177 2664 3257 2717 eis
3281 2663 3377 2734 qui
3401 2679 3468 2717 ex

118 2760 315 2828 solitas,
357 2777 538 2815 unam
582 2777 649 2814 ex
686 2760 875 2814 Veteri
915 2759 1158 2830 passim,
1192 2761 1437 2814 alteram
1478 2777 1541 2813 ex
1577 2761 1731 2814 Novo
1831 2767 2089 2839 partibus
2118 2766 2407 2820 Toletance
2435 2762 2697 2817 Ecclesiae
2719 2760 2793 2815 ad
2814 2777 2917 2815 nos
2937 2759 3250 2823 venientes,
3272 2774 3469 2812 secun-

118 2853 479 2908 Testamento.
519 2853 695 2924 Atqui
738 2853 797 2907 in
838 2853 1156 2924 lliniCiana
1202 2853 1422 2907 mentio
1463 2853 1528 2906 iii
1566 2853 1733 2906 unius
1835 2861 1971 2915 dum
1988 2875 2213 2914 morem
2233 2857 2406 2928 ipsius
2423 2855 2683 2910 Ecclesiae
2704 2871 2899 2909 coram
2918 2852 3082 2907 nobis
3100 2857 3261 2905 sacra
3278 2850 3468 2905 ofﬁcia

121 2947 368 3017 epistolae.
400 2947 624 3002 Deinde
652 2947 711 3000 in
746 2947 852 3001 hac
888 2947 1064 3001 missa
1095 2946 1413 3018 lllyriciana
1441 2945 1633 3016 agitur
1662 2946 1732 3000 de
1834 2954 2215 3008 celebrarunt.
2242 2972 2268 2998 ››
2295 2950 2431 3014 Quae
2457 2949 2629 3002 verba
2660 2945 3131 3017 consequentiam
3156 2961 3273 2998 non
3296 2944 3469 2997 habe-

122 3039 434 3110 SeQuentia,
475 3030 639 3110 CUjilS
671 3040 834 3110 origo
878 3041 1148 3095 saeculum
1196 3056 1251 3093 IX
1295 3039 1450 3093 haud
1491 3038 1730 3105 excedit,
1834 3048 1982 3112 rent,
2005 3044 2111 3099 nisi
2133 3045 2339 3099 eadem
2362 3042 2563 3097 fuisset
2581 3042 2857 3095 Toletana
2880 3043 3051 3109 atque
3071 3036 3361 3093 Gallicana
3382 3035 3467 3089 Li-

123 3133 345 3188 N'Oikel'o
379 3135 619 3188 Balbulo
666 3134 849 3187 sancti
889 3133 1031 3189 Galli
1076 3134 1363 3188 monacho
1400 3134 1596 3187 forsan
1632 3132 1731 3186 ll‘i-
1836 3139 2224 3210 turgia.Certe
2245 3136 2475 3207 Hispani
2494 3134 2636 3189 vitas
2657 3136 2988 3188 sanctorum
3008 3131 3183 3202 (quod
3204 3130 3273 3184 de
3296 3128 3468 3184 Gallis

122 3225 647 3281 buenda.Praeterea
668 3226 727 3280 in
741 3227 1015 3297 Symbolo
1039 3227 1248 3296 legitur
1267 3226 1732 3280 additamentum
1755 3268 1807 3302 η
1834 3232 2010 3287 tradit
2032 3230 2349 3299 Hilduinus)
2375 3228 2493 3302 21
2530 3228 2588 3282 in
2615 3227 2787 3282 sacris
2810 3226 2985 3280 etiam
3008 3222 3248 3296 publicis
3269 3222 3469 3278 recita-

123 3268 378 3281 .η.ν........
402 3268 647 3281 “me...”
670 3268 1014 3297 ....,J....,....,
1039 3268 1236 3296 ,νεα-ι.
1267 3268 1732 3280 .......................
1839 3268 2010 3287 υαωι
2032 3268 2349 3299 ωιυμηιυο)
2376 3268 2436 3302 Δ
2454 3268 2493 3301 ι
2615 3268 2787 3282 mm
2811 3268 2985 3280 ww...
3010 3268 3247 3296 ,ηυωνω
3269 3268 3447 3278 ,νυ-η

123 3320 353 3388 Filioque,
385 3320 545 3391 quod
586 3337 619 3374 a
657 3319 845 3375 Caroli
892 3319 1079 3391 Magni
1122 3324 1387 3390 tempore
1435 3318 1734 3373 exordium
1755 3268 1809 3342 C
1834 3326 1993 3392 bant,
2024 3328 2087 3379 ut
2114 3325 2434 3378 luculenter
2453 3322 2605 3376 inter
2631 3320 2743 3375 alia
2772 3320 2979 3391 probat
3008 3316 3326 3372 Braulionis
3347 3316 3466 3370 Cae-

125 3412 273 3466 ducit.
295 3414 362 3466 L't
391 3412 447 3467 in
482 3429 668 3483 pauca
688 3430 814 3466 rem
838 3415 1157 3478 conferam,
1182 3413 1334 3467 Ordo
1358 3413 1449 3466 ille
1472 3411 1736 3482 lllyricia-
1837 3415 2733 3489 saraugustaniepiscopilibellus
2746 3414 2815 3467 de
2831 3408 3471 3484 gestisbeatizEmiliani

128 3523 216 3559 nus
238 3506 463 3561 missam
507 3506 901 3577 pontiﬁcalem
929 3506 1187 3561 continet
1212 3506 1530 3560 secundum
1556 3506 1733 3559 ritum
1836 3511 2078 3579 abbatiS,
2097 3528 2271 3582 quem
2291 3510 2547 3564 libellum
2566 3508 2698 3562 ideo
2716 3505 3049 3577 conscripsit
3069 3528 3094 3554 ‹‹
3118 3508 3180 3558 ut
3198 3505 3392 3575 posset
3410 3501 3471 3557 in

126 3598 774 3670 Romanum,etquidem
793 3600 935 3654 nihil
951 3601 1072 3654 fere
1088 3599 1428 3669 aliudquam
1444 3598 1736 3653 orationes
1837 3604 2026 3659 missa;
2067 3605 2188 3673 ejus
2223 3602 2609 3658 celebratione
2652 3600 2993 3671 quantocius
3031 3597 3166 3668 legi,
3196 3618 3224 3646 »
3264 3612 3467 3667 quem-

130 3692 719 3764 ρτὶτδῐθελὺερίεοορο
735 3693 1080 3759 recitandas,
1096 3692 1236 3746 dum
1250 3692 1456 3746 Chorus
1472 3691 1733 3746 canendo
1837 3698 2155 3753 admodum
2189 3696 2413 3751 Braulio
2448 3696 2569 3765 ipse
2604 3694 2662 3747 in
2692 3692 3035 3748 Praefatione
3064 3708 3164 3745 sua
3194 3689 3466 3759 loquitur.

132 3789 422 3856 occupatur.
450 3788 601 3841 Nam
629 3791 759 3859 post
785 3786 1097 3853 orationes,
1125 3803 1254 3857 qum
1280 3802 1411 3839 cum
1437 3789 1571 3839 ante
1605 3784 1737 3838 mis-
1910 3790 2263 3847 10.Tertium
2282 3789 2557 3844 indicium
2575 3789 2661 3840 est
2679 3786 2832 3856 quod
2850 3786 2909 3838 in
2928 3784 3130 3839 ordine
3154 3782 3466 3846 Gallicano,

135 3894 254 3943 53m,
283 3883 397 3934 tum
424 3880 713 3935 διιῐῐιθηάο
738 3883 923 3934 vestes
950 3896 1140 3934 sacras
1167 3879 1513 3944 indicantur,
1537 3879 1735 3932 militio
1834 3887 2083 3940 testante
2102 3883 2377 3953 Gregorio
2393 3878 2711 3936 Turonensi
2729 3877 3000 3942 antistite,
3018 3876 3168 3930 facta
3189 3874 3261 3927 sit
3279 3873 3471 3945 prima

137 3970 238 4024 alia:
262 3973 477 4028 subdun
487 3977 597 4041 tur,
627 3975 789 4029 donec
812 3978 1099 4028 cantentur
1120 3987 1302 4028 versus
1329 3972 1405 4027 ad
1430 3974 1724 4034 introitum,

1881 3978 2003 4032 actio
2053 3994 2121 4030 ex
2162 3974 2476 4046 prophetis,
2526 3974 2707 4026 altera
2748 3988 2814 4024 ex
2860 3970 3155 4041 Apostolo,
3194 3967 3363 4022 tertia
3403 3983 3468 4020 ex

138 4069 177 4117 et
197 4064 345 4136 Kyrie
375 4067 614 4133 eleison,
644 4072 695 4121 et
718 4067 911 4122 deinde
941 4082 1155 4121 carmen
1174 4067 1508 4136 angelorum.
1531 4066 1736 4120 Postea
1836 4069 2165 4141 Evangelio.
2203 4068 2263 4122 Id
2304 4067 2592 4137 colligitur
2630 4083 2696 4120 ex
2742 4065 2894 4119 facto
2930 4061 3207 4119 Chramni
3236 4059 3469 4116 Clotarii

135 4158 263 4221 ﬁnita
290 4162 530 4229 angelica
557 4161 738 4223 laude,
766 4161 1040 4217 Missalem
1064 4162 1357 4215 orationem
1384 4160 1533 4214 dicat
1556 4160 1739 4215 Sacer-
1836 4164 1989 4235 regis
2018 4162 2137 4229 ﬁlii,
2173 4162 2270 4233 qui
2307 4177 2437 4215 cum
2480 4160 2779 4214 Divionem
2824 4157 2917 4211 die
2948 4155 3248 4211 Dominico
3281 4170 3469 4208 acces-

136 4249 231 4305 dos.
275 4254 466 4309 Deinde
520 4256 694 4309 Lectio
744 4256 1016 4315 recitatur,
1054 4257 1106 4307 et
1152 4255 1293 4307 inter
1342 4254 1635 4308 Lectionem
1687 4256 1739 4306 et
1838 4257 2018 4323 sisset,
2052 4259 2267 4311 sortem
2295 4253 2752 4309 suamaclericis
2773 4250 3025 4322 expetiit.
3050 4248 3251 4304 Clerici
3274 4246 3471 4318 positis
3523 4327 3526 4330 ἢ

135 4344 471 4414 Erangelium,
515 4347 577 4401 id
611 4351 690 4401 est
724 4351 954 4417 tempore
988 4347 1283 4404 Gradualis
1320 4350 1371 4400 et
1407 4344 1649 4399 Alleluia
1674 4362 1722 4399 al

1880 4367 2009 4422 iper
2033 4350 2213 4405 altare
2240 4348 2421 4403 tribus
2448 4346 2626 4413 libris,
2653 4347 2715 4418 id
2749 4349 2826 4399 est
2859 4345 3175 4414 prophetiae,
3202 4340 3467 4410 Apostoli,

138 4435 412 4505 sequentia.
456 4434 734 4511 episcopus
766 4440 914 4494 dicat
952 4441 1050 4495 has
1087 4442 1376 4500 orationes,
1406 4441 1513 4492 etc.
1553 4437 1737 4492 Multis
1836 4450 1888 4499 et
1914 4444 2352 4513 Evangeliorum,
2380 4457 2485 4513 pro
2529 4456 2692 4495 more
2728 4439 2957 4492 illorum
2989 4440 3319 4505 temporum
3346 4447 3471 4486 rem

141 4526 430 4600 interjectis,
476 4534 724 4603 quandiu
763 4534 1104 4602 Ome-torium
1145 4536 1197 4586 et
1228 4547 1412 4587 versus
1446 4535 1735 4593 canuntur,
1837 4538 2158 4607 explorant,
2189 4551 2258 4589 eo
2284 4537 2473 4606 pacto,
2498 4539 2558 4588 ut
2577 4533 2941 4601 unusquisque
2966 4532 3024 4583 in
3045 4528 3179 4582 libro
3199 4525 3344 4595 quod
3356 4526 3475 4593 pri-

143 4619 220 4713 ltas
236 4622 363 4679 dicat
381 4628 671 4688 orationes,
696 4628 801 4679 etc.
827 4624 1171 4679 Prtefatione
1193 4624 1375 4690 ﬁnita,
1399 4624 1616 4694 quando
1637 4624 1741 4679 alii
1756 4642 1815 4713 D
1840 4647 1983 4685 mum
2009 4630 2307 4700 aperiebat,
2339 4629 2433 4682 Ῑιοο
2459 4628 2535 4681 ad
2561 4629 2753 4681 missas
2782 4628 2945 4679 etiam
2981 4623 3191 4691 (egeret,
3220 4621 3304 4672 [ta
3333 4618 3472 4672 Gre-

145 4711 345 4770 Sanctus
381 4720 697 4781 demutant.
736 4720 845 4773 hac
879 4721 1053 4773 oratio
1096 4721 1293 4773 cursim
1328 4718 1556 4773 dicenda
1598 4722 1676 4772 est
1702 4710 1797 4772 a—
1840 4722 2033 4795 gorius
2059 4722 2117 4776 in
2145 4721 2243 4775 lib.
2275 4737 2329 4775 IV
2356 4737 2483 4791 cap.
2515 4723 2598 4783 16.
2622 4721 2691 4773 Et
2716 4718 2773 4771 in
2802 4718 2899 4771 lib.
2926 4732 3025 4769 vm
3047 4731 3171 4785 cap.
3195 4718 3248 4779 7,
3274 4710 3476 4765 memi-

141 4810 387 4873 sacerdote,
415 4814 525 4866 etc.
553 4812 756 4867 Deinde
780 4828 898 4866 cum
917 4814 1216 4867 reverentia
1246 4813 1493 4881 incipiat,
1523 4812 1596 4864 Te
1628 4810 1732 4881 igi-
1840 4817 1925 4869 nit
1947 4814 2269 4885 Prophetiaz
2300 4814 2391 4869 die
2414 4812 2714 4867 Dominico
2738 4809 2811 4863 ad
2830 4808 3067 4862 missam
3087 4804 3477 4878 pronuntiatae

144 4900 231 4965 ll",
267 4906 363 4957 etc.
395 4904 504 4970 Qui
545 4905 744 4960 Canon
787 4908 871 4959 est
905 4904 1134 4959 Ordinis
1171 4903 1438 4971 Romani,
1474 4904 1548 4957 ad
1579 4904 1739 4974 cujus
1840 4927 1872 4963 a
1922 4906 2175 4962 Palladio
2225 4905 2571 4962 Santonensi
2628 4903 2917 4974 episcopo,
2966 4901 3063 4972 qui
3113 4898 3287 4954 sacris
3340 4901 3477 4951 tunc

144 4991 285 5049 ritum
323 4997 555 5053 indubie
596 5015 800 5053 omnes
829 4998 979 5053 illius
1008 4998 1200 5052 missae
1238 4996 1573 5068 lllyricianze
1607 5014 1734 5051 ora-
1841 5001 2206 5072 Operabatur.
2237 5002 2313 5054 Ex
2345 5015 2458 5071 quo
2496 4996 2855 5068 intelligitur,
2886 4994 3163 5049 lectiones
3191 4989 3479 5064 ejusmodi

144 5084 295 5142 tiones
333 5083 661 5164 respiciunt.
693 5092 985 5156 Quantum
1022 5108 1157 5146 vero
1191 5108 1225 5146 a
1255 5091 1547 5145 Gallicana
1574 5090 1737 5145 diffe-
1841 5111 1957 5149 non
2002 5111 2233 5164 semper
2278 5112 2313 5148 a
2355 5092 2729 5158 subdiacono,
2758 5090 2859 5145 sed
2896 5089 2967 5143 ab
3012 5088 3137 5159 ipso
3178 5084 3476 5140 sacerdote

144 5184 265 5248 rant,
291 5201 349 5237 ex
375 5184 859 5256 consequentibus
880 5185 1128 5256 amplius
1149 5184 1523 5239 manifestum
1547 5184 1664 5237 fiet.
1841 5205 1941 5242 seu
1968 5188 2234 5259 episcopo
2273 5186 2584 5259 aliquando
2615 5184 2788 5240 fuisse
2826 5184 3178 5247 decantatas,
3211 5177 3368 5250 quod
3406 5176 3476 5229 de

199 5278 243 5327 7.
270 5277 484 5333 Primus
508 5278 826 5349 Liturgiam
860 5278 1215 5333 Gallicanam
1258 5278 1531 5348 detegere
1571 5276 1740 5348 coepit
1841 5281 2095 5352 Epistola
2126 5282 2333 5353 probat
2355 5282 2694 5351 Micrologus
2722 5279 2781 5333 in
2810 5295 2935 5350 cap.
2965 5279 3017 5331 8.

147 5364 231 5432 piae
256 5373 543 5427 memoria:
576 5371 881 5426 cardinalis
918 5373 1095 5439 Bona,
1127 5371 1223 5442 qui
1264 5371 1322 5425 in
1364 5371 1471 5425 hac
1500 5369 1738 5441 inquisi-
1916 5378 2000 5429 ll.
2026 5376 2303 5440 Quartam
2321 5374 2629 5429 Gallicanae
2653 5374 2922 5443 Liturgiae
2945 5373 3144 5425 notam
3166 5364 3331 5422 nobis
3351 5379 3478 5433 sup-

149 5457 272 5515 tione
304 5481 356 5517 se
388 5468 728 5537 implicatum
754 5464 879 5539 2ο
909 5467 1058 5521 ultro
1087 5464 1255 5520 fateri
1284 5481 1401 5518 non
1438 5463 1736 5530 dubitavit,
1841 5468 2063 5539 peditat
2109 5468 2266 5523 idem
2313 5466 2622 5539 Gregorius
2664 5467 2723 5520 in
2768 5466 2863 5519 lib.
2903 5480 2978 5517 vn
3021 5479 3145 5533 cap.
3185 5463 3237 5527 8,
3268 5472 3477 5528 nempe

150 5554 392 5619 professus
421 5560 572 5613 hanc
597 5574 723 5637 rem
758 5558 957 5630 magni
995 5575 1116 5613 esse
1149 5557 1456 5624 momenti,
1490 5573 1739 5628 eamque
1843 5561 2135 5616 silentium
2175 5579 2209 5616 a
2245 5561 2489 5616 diacono
2531 5555 3121 5633 indictum._Gregorii
3152 5553 3327 5608 verba
3356 5551 3479 5604 haec

149 5659 241 5699 non
265 5665 323 5703 ex
344 5651 557 5723 proprii
584 5651 802 5723 ingenii
831 5652 1128 5723 ﬁgmentis
1149 5654 1248 5705 aut
1273 5650 1589 5706 temeraria
1609 5666 1742 5706 con—
1844 5657 1977 5708 sunt
2008 5671 2021 5708 :
2046 5676 2073 5704 «
2103 5655 2263 5709 Unde
2296 5655 2514 5710 factum
2541 5656 2644 5720 est,
2665 5655 2727 5705 ut
2755 5649 3009 5721 quadam
3038 5648 3128 5703 die
3156 5643 3475 5707 Dominica,

146 5734 348 5810 lectura,
370 5745 469 5800 sed
489 5762 555 5803 ex
580 5746 814 5800 vetustis
834 5745 1232 5801 monumentis
1254 5745 1738 5817 investigandam.
1842 5751 2149 5819 postquam
2186 5747 2461 5802 diaconus
2498 5744 2788 5800 silentium
2821 5742 3065 5814 populis,
3095 5744 3157 5796 ut
3171 5739 3359 5795 missae
3385 5751 3479 5790 au-

206 5834 249 5886 8.
283 5836 445 5908 Hujus
479 5842 674 5894 autem
716 5841 920 5895 veteris
958 5839 1149 5894 missae
1184 5838 1492 5894 Gallicana:
1532 5838 1743 5893 indicia
1844 5824 3476 5907 scultarentur,indixit,rexGuntchramnusconversusad

156 5929 360 5993 quatuor
378 5932 541 5991 nobis
562 5933 814 5993 exhibuit
832 5935 1088 6011 optimus
1108 5932 1434 5991 cardinalis.
1458 5932 1740 6004 Primum,
1843 5935 2125 6008 populum
2151 5932 2387 6003 diceret,
2408 5952 2436 5982 ››
2456 5946 2668 6004 nempe
2688 5930 2750 5984 ut
2766 5926 2909 5983 ﬁdes
2929 5926 3036 5983 sibi
3054 5924 3393 5988 servaretur,
3417 5919 3475 5970 et
