4020 6232
532 375 631 443 I23

1329 382 1662 442 APPENDIX
1699 383 1787 440 AD
1823 381 2045 438 OPERA
2083 378 2316 436 SANGTI
2352 376 2652 434 GERMANI
2689 368 3120 435 PARISIENSIS.

3826 373 3919 431 124

529 493 770 566 nepotes
799 508 932 549 suos
969 491 1225 551 enutrirc
1261 492 1366 549 sibi
1401 493 1619 548 liceret.
1659 492 1788 547 Haec
1825 506 1893 545 eo
1921 489 2168 558 dicente,
2194 500 2253 576 Α
2274 507 2482 564 eodem
2508 504 2712 564 Missam
2739 506 2930 563 locum
2959 504 3154 573 habet,
3180 498 3337 577 quod
3364 496 3611 577 proinde
3637 497 3918 558 Gothico.

529 588 719 645 omnis
755 590 997 660 populus
1028 588 1353 644 orationem
1392 604 1495 659 pro
1531 603 1671 657 rege
1696 585 1846 640 fudit
1871 585 1944 641 ad
1973 586 2167 641 Domi-

530 698 691 739 num.
716 703 744 731 »
769 683 1061 754 Nusquam
1091 682 1416 752 Gregorius,
1443 696 1555 751 quo
1580 679 1767 735 missa:
1796 683 2060 750 tempore
2089 679 2171 734 in-

528 776 745 832 dictum
791 775 863 829 sit
905 775 1231 841 silentium,
1273 774 1485 827 diserte
1523 774 1727 840 tradit;
1762 776 1821 830 at
1869 773 1927 827 in
1964 773 2169 828 Missali

525 868 876 924 Mozarabico
895 867 1279 939 praescribitur
1302 865 1434 941 22
1456 870 1589 921 ante
1608 866 1919 937 Epistolam
1943 866 2030 920 his
2050 883 2171 920 ver-

527 962 614 1018 bis
655 980 668 1017 :
708 964 991 1019 Silentium
1026 961 1212 1028 facite.
1255 959 1421 1025 Quod
1457 960 1713 1015 officium
1750 959 1991 1015 diacono
2033 963 2168 1015 ante

527 1056 903 1127 Evangelium
934 1053 1207 1108 tribuitur
1234 1071 1268 1107 a
1291 1054 1465 1108 Beato
1493 1054 1699 1108 abbate
1730 1053 1786 1108 in
1819 1054 1914 1108 lib.
1950 1070 1994 1108 ιε
2028 1053 2169 1109 «Sic

526 1166 658 1206 cum
677 1148 1057 1219 Evangelium
1077 1165 1111 1203 a
1127 1146 1300 1202 levita
1312 1164 1484 1218 super
1501 1148 1681 1201 altare
1694 1148 1931 1213 levatur,
1948 1165 1983 1201 a
1998 1148 2170 1204 levita

530 1242 785 1314 primum
815 1241 1053 1296 dicitur:
1080 1244 1222 1297 Laus
1240 1242 1368 1306 tibi;
1389 1243 1447 1294 et
1474 1241 1545 1295 ab
1575 1240 1845 1295 omnibus
1862 1242 2169 1311 responde-

530 1340 622 1391 tur
652 1352 663 1391 :
696 1339 834 1392 Laus
858 1336 978 1398 tibi,
1009 1336 1231 1390 Domine
1255 1337 1379 1389 Jesu
1407 1336 1634 1397 Christe,
1671 1337 1785 1390 Rea:
1810 1339 2020 1390 aeterna
2046 1337 2165 1405 glo-

522 1432 641 1485 ria.
673 1428 1045 1483 Preecedente
1086 1427 1459 1498 Evangelium
1491 1442 1792 1482 cereorum
1826 1428 2076 1495 lumine,

522 1526 660 1577 tunc
692 1543 719 1571 ‹‹
749 1520 1058 1576 Silentium
1100 1521 1369 1575 omnibus
1404 1521 1672 1591 imperat,
1704 1524 1761 1575 et
1786 1520 1923 1575 dicit
1953 1538 1965 1575 :
1994 1524 2167 1577 Lectio

528 1616 709 1670 sancti
732 1615 1019 1683 Evangelii
1041 1615 1327 1669 secundum
1355 1616 1693 1676 Matthazum,
1724 1616 1821 1667 aut
1849 1614 2167 1685 quemlibet

524 1724 592 1763 ex
622 1706 820 1761 tribus.
851 1706 1254 1776 Respondetur
1274 1707 1344 1760 ab
1374 1706 1534 1760 omni
1557 1707 1770 1777 populo
1797 1724 1809 1760 :
1837 1708 2022 1763 Gloria
2043 1709 2161 1772 tibi,

526 1802 767 1856 Domine.
803 1820 830 1849 »
862 1800 1236 1871 Prosequitur
1279 1799 1554 1854 diaconus
1583 1816 1595 1854 :
1639 1821 1666 1849 «
1705 1802 1769 1855 In
1802 1800 1898 1854 illo
1935 1804 2164 1870 tempore

521 1896 779 1951 Dominus
802 1898 981 1948 noster
1004 1897 1154 1949 Iesus
1184 1894 1427 1951 Christus
1455 1892 1778 1954 ambulavit,
1810 1895 1916 1946 etc.
1948 1914 1975 1941 »
2021 1893 2163 1947 Hinc
2184 1879 2239 1950 Β

523 1987 828 2057 colligitur,
859 1986 1155 2040 silentium
1187 2003 1302 2040 non
1334 1985 1509 2040 modo
1533 1989 1666 2039 ante
1694 1985 2030 2057 Epistolam,
2064 1986 2167 2041 sed

528 2080 704 2134 etiam
737 2084 871 2134 ante
902 2079 1277 2150 Evangelium
1310 2078 1644 2149 impositum
1668 2079 1860 2133 fuisse.
1892 2080 2015 2143 Quo
2046 2080 2163 2135 for-

527 2176 676 2227 tasse
705 2173 935 2244 respicit
962 2172 1210 2227 Nicetius
1233 2172 1533 2244 episcopus
1560 2172 1617 2226 in
1645 2173 1759 2227 ﬁne
1792 2176 2068 2228 tractatus
2092 2172 2163 2227 de

526 2266 863 2337 psalmodite
888 2267 1065 2334 Bono,
1090 2266 1379 2337 Spicilegii
1404 2270 1566 2321 tomo
1594 2268 1683 2320 III.
1711 2287 1738 2314 «
1760 2267 1894 2321 Ideo
1922 2266 2078 2320 enim
2109 2269 2166 2319 et

524 2360 801 2415 diaconus
838 2360 991 2414 clara
1028 2376 1162 2414 voce
1202 2361 1259 2414 in
1304 2360 1479 2414 domo
1517 2360 1617 2414 Dei
1667 2360 1846 2415 sancti
1894 2358 2165 2430 praeconii

528 2454 808 2508 admonet
838 2455 1091 2519 cunctos,
1123 2456 1184 2506 ut
1212 2452 1326 2506 sive
1362 2453 1604 2520 orando,
1634 2453 1748 2507 sive
1778 2453 1837 2507 in
1868 2452 2165 2507 flectendis

525 2546 787 2616 genibus,
820 2546 935 2600 sive
965 2546 1022 2600 in
1054 2546 1372 2617 psallendo,
1406 2546 1519 2600 sive
1548 2546 1606 2600 in
1643 2546 1982 2601 lectionibus
2009 2546 2160 2600 solli-

522 2640 631 2694 cite
660 2639 982 2707 audiendis,
1018 2639 1204 2694 unitas
1232 2642 1489 2694 servetur
1510 2640 1581 2694 ab
1609 2639 1896 2694 omnibus.
1920 2661 1946 2687 ››

598 2785 679 2836 12.
702 2782 796 2836 His
819 2782 1305 2853 quatuorindiciis
1325 2782 1652 2853 praemissis,
1674 2782 1829 2836 idem
1857 2781 2163 2837 cardinalis

533 2876 689 2930 Bona
702 2876 814 2930 duo
834 2876 1031 2929 laudat
1044 2876 1303 2942 Missalia,
1320 2894 1446 2947 qua:
1465 2876 1755 2931 Gallicana
1770 2879 1934 2947 putat
1951 2894 1963 2930 :
1979 2892 2161 2929 unum

525 2986 589 3023 ex
613 2968 963 3024 bibliotheca
989 2969 1127 3024 olim
1150 2970 1478 3037 Petaviana,
1504 2987 1655 3023 nunc
1684 2969 1900 3041 reginae
1922 2970 2159 3037 Suecize,

521 3062 724 3118 litteris
754 3063 1083 3134 majusculis
1106 3081 1204 3117 seu
1227 3062 1522 3135 quadratis
1543 3065 1677 3131 ante
1700 3080 1883 3118 annos
1906 3080 2165 3133 nongen-

524 3159 614 3210 tos
638 3157 910 3227 scriptum
944 3174 957 3211 :
990 3158 1235 3211 alterum
1259 3175 1323 3211 ex
1345 3157 1693 3212 bibliotheca
1712 3157 1985 3211 Vaticana
2006 3157 2163 3210 Pala-

2272 602 2620 674 gallicanum
2650 600 2941 672 appellare
2973 598 3123 653 licet.

2344 714 2427 768 14.
2466 715 2643 767 Porro
2679 710 2872 765 Gallia:
2902 707 3289 766 Narbonensis
3329 707 3594 763 ecclesias
3631 706 3920 763 eumdem

2270 807 2443 862 ritum
2482 806 2541 860 in
2587 804 2761 860 sacris
2800 808 2973 875 atque
3010 802 3341 873 Hispanicae
3385 800 3721 857 adhibuisse
3758 805 3922 873 patet

2270 918 2338 954 ex
2388 898 2611 954 concilii
2655 915 2712 953 IV
2763 896 3023 952 Toletani
3067 912 3291 951 canone
3340 898 3425 962 l2,
3478 911 3593 966 quo
3638 893 3922 949 statuitur

2267 998 2329 1048 ut
2348 995 2482 1064 pari
2504 992 2659 1047 modo
2686 992 2868 1049 Gallia
2888 992 3262 1061 Hispaniaque
3284 988 3527 1043 celebret.
3550 989 3666 1043 Nec
3695 987 3917 1043 admit-

2270 1086 2445 1140 tenda
2468 1089 2553 1139 est
2572 1084 2871 1151 correctio,
2887 1099 3014 1154 qua:
3035 1082 3109 1137 ad
3130 1098 3296 1137 oram
3318 1081 3597 1137 librorum
3616 1081 3917 1136 editorum

2269 1178 2597 1250 apponitur,
2626 1178 2721 1231 ubi
2750 1193 2854 1247 pro
2884 1175 3065 1230 Gallia
3094 1174 3205 1240 hic,
3230 1177 3404 1247 atque
3434 1174 3610 1229 etiam
3642 1174 3705 1228 in
3738 1180 3915 1228 c‘ano~

2267 1288 2340 1326 ne
2362 1271 2646 1342 sequenti,
2663 1269 2897 1325 Gallicia
2918 1267 3171 1339 ponitur.
3196 1268 3355 1321 Hunc
3378 1266 3589 1338 quippe
3613 1268 3820 1322 locum
3843 1267 3920 1321 ita

2267 1364 2407 1435 legit
2430 1365 2615 1418 Berno
2646 1363 2825 1417 abbas
2844 1360 3149 1431 Augiensis
3169 1377 3288 1431 cap.
3309 1364 3362 1426 2,
3387 1360 3484 1415 ubi
3504 1360 3698 1415 Gallos
3735 1363 3801 1414 et
3822 1360 3916 1414 Hi-

2267 1474 2477 1528 spanos
2493 1460 2551 1511 in
2569 1459 2856 1512 missarum
2879 1470 3103 1510 suarum
3118 1454 3423 1509 celebritate
3446 1469 3481 1507 a
3507 1453 3784 1508 Romano
3814 1469 3917 1507 usu

2266 1550 2531 1604 similiter
2562 1549 2862 1604 recessisse
2896 1548 3128 1602 fatetur.
3156 1546 3329 1617 Atqui
3364 1562 3482 1601 non
3513 1547 3703 1601 solum
3732 1545 3917 1600 Gallia

2264 1643 2670 1709 Narbonensis,
2701 1642 2802 1696 sed
2830 1640 3007 1695 etiam
3036 1640 3162 1695 alia:
3188 1638 3315 1711 24
3343 1639 3657 1694 Galliarum
3681 1638 3918 1709 provin-

2265 1736 2364 1790 ciae
2399 1736 2458 1790 in
2498 1735 2707 1790 eodem
2747 1735 2860 1789 ritu
2897 1732 3339 1797 conveniebant,
3379 1734 3442 1785 ut
3477 1747 3545 1785 ex
3577 1731 3708 1802 jam
3750 1731 3917 1787 dictis

2264 1828 2568 1900 colligitur,
2594 1827 2991 1898 constabitque
3021 1826 3269 1896 amplius
3298 1825 3477 1892 exiis,
3508 1840 3636 1897 qua:
3665 1842 3739 1880 ex
3773 1825 3911 1881 Gre-

2266 1922 2429 1993 gorio
2460 1921 2775 1976 Turonensi
2803 1920 3069 1992 episcopo
3100 1922 3300 1990 postea
3327 1919 3671 1973 referemus.

2342 2041 2423 2091 15.
2439 2038 2701 2091 Alterum
2723 2053 2789 2090 ex
2808 2034 3122 2090 Missalibus
3137 2033 3536 2088 Thomasianis
3552 2034 3912 2088 Francorum

2265 2131 2609 2201 appellatur,
2628 2129 2784 2200 quod
2808 2128 3043 2182 missam
3077 2144 3182 2199 pro
3210 2144 3349 2198 rege
3377 2128 3730 2181 Francorum
3763 2126 3914 2180 exhi-

2264 2223 2417 2289 beat,
2441 2222 2522 2276 uti
2552 2225 2609 2277 et
2638 2222 2875 2276 missam
2905 2222 2975 2275 de
3003 2224 3200 2276 sancto
3229 2219 3605 2290 Leodegario,
3627 2236 3695 2273 ac
3728 2220 3916 2289 Roga-

2264 2314 2453 2369 tiones
2494 2319 2629 2370 ante
2669 2315 3102 2369 Ascensionem.
3149 2313 3435 2368 Eumdem
3490 2316 3687 2367 autem
3732 2312 3911 2366 ritum

2266 2408 2542 2475 continet,
2577 2412 2749 2479 atque
2777 2408 3114 2479 praedictum
3145 2406 3766 2477 Gothicogallicanum.

2341 2531 2424 2583 16.
2459 2528 2553 2582 His
2580 2528 2803 2583 duobus
2822 2528 3136 2583 Missalibus
3162 2526 3401 2595 tertium
3420 2524 3631 2596 adjecit
3657 2526 3911 2581 Thoma-

2265 2620 2380 2675 sius
2402 2637 2467 2674 ex
2490 2621 2697 2675 Codice
2726 2621 2864 2676 olim
2887 2621 3215 2687 Petaviano,
3242 2636 3415 2691 quem
3440 2618 3638 2672 laudat
3655 2620 3913 2673 Joannes

2262 2713 2511 2768 Morinus
2539 2714 2595 2768 in
2626 2714 2771 2769 libro
2795 2714 2865 2768 de
2889 2714 3061 2768 sacris
3086 2712 3573 2778 Ordinationibus,
3595 2716 3913 2784 censetque

2264 2806 2537 2878 scriptum
2570 2811 2704 2861 ante
2734 2824 2953 2861 annum
2988 2811 3089 2861 560
3118 2806 3175 2860 in
3209 2823 3322 2878 quo
3356 2806 3603 2859 habetur
3632 2805 3815 2859 missa
3843 2805 3912 2859 de

2263 2904 2461 2954 sancto
2499 2900 2730 2968 Hilario,
2763 2900 3020 2972 itemque
3060 2900 3171 2955 alia
3210 2899 3282 2954 de
3317 2898 3759 2970 Hogationibus.
3800 2899 3912 2953 Hoc

2260 2992 2478 3047 Missale
2526 2992 2866 3047 Thomasius
2919 2993 3275 3048 Gallicanum
3322 2995 3483 3046 vetus
3525 2992 3805 3062 appellat.
3852 2993 3910 3045 In

2259 3085 2461 3140 Missali
2491 3086 2701 3158 primo,
2732 3086 2791 3141 id
2823 3089 2908 3141 est
2929 3085 2985 3140 in
3010 3085 3247 3141 Gothico
3276 3102 3453 3156 purus
3474 3084 3627 3139 Ordo
3658 3084 3905 3139 Gallica-

2266 3193 2389 3247 nus,
2414 3180 2470 3234 in
2501 3180 2751 3235 secundo
2782 3183 2840 3235 et
2867 3179 3037 3234 tertio
3057 3179 3331 3258 nonnihil
3356 3178 3674 3233 admistum
3707 3195 3777 3233 ex
3805 3179 3910 3233 Ro-

522 3249 645 3345 ίξηδ
671 3268 683 3304 ⁵
714 3251 895 3345 ambo,
918 3251 1003 3321 (Ut
1030 3251 1265 3321 qnidem
1295 3249 1557 3321 θοηεῗίθίθ)
1579 3250 2021 3345 ίθκίδίωίοὼθθδ
2038 3251 2161 3345 ΠΨ
2187 3258 2242 3332 C
2269 3289 2466 3341 mano,
2498 3275 2577 3328 uti
2611 3274 2786 3328 fusius
2814 3249 3169 3345 exponemus
3196 3272 3358 3327 initio
3387 3271 3517 3326 libri
3558 3288 3640 3338 ιιι,
3674 3272 3775 3327 ubi
3803 3271 3909 3325 tria

520 3342 786 3410 riacensi,
811 3344 971 3413 cujus
991 3361 1121 3414 pars
1144 3344 1477 3415 Bongarsio,
1499 3344 1710 3398 deinde
1732 3344 1992 3397 Palatino
2014 3343 2167 3414 prin-

522 3435 661 3507 cipi;
685 3453 817 3507 pars
834 3437 1067 3491 Petavio
1100 3438 1396 3509 quondam
1419 3440 1570 3492 sorte
1595 3437 1779 3502 cessit,
1806 3436 1885 3490 uti
1908 3436 2048 3490 alias
2070 3453 2163 3491 ex-

521 3545 825 3599 ponemus.
843 3531 964 3584 Duo
986 3530 1106 3585 hzec
1127 3530 1387 3599 Missalia,
1405 3547 1651 3603 quorum
1671 3529 1986 3600 specimina
2007 3529 2164 3584 idem

524 3622 831 3677 cardinalis
861 3622 1078 3678 ibidem
1109 3624 1382 3692 exhibuit,
1409 3624 1690 3694 Josephus
1714 3622 2055 3677 Thomasius
2084 3623 2166 3676 in-

523 3720 895 3789 tegra,prout
916 3717 973 3771 in
998 3718 1218 3789 scriptis
1242 3718 1543 3773 Codicibus
1565 3717 1870 3783 habentur,
1887 3716 2163 3771 Romanis

521 3810 669 3881 typis
698 3811 949 3882 vulgavit
977 3829 1131 3866 anno
1164 3815 1318 3878 1680,
1346 3827 1528 3881 eaque
1551 3810 1623 3864 ad
1650 3814 1905 3863 veterem
1928 3810 2165 3865 Gallica-

524 3921 665 3958 num
695 3904 973 3959 Ordinem
1004 3905 1293 3977 pertinere
1324 3902 1759 3959 demonstravit.

548 4116 555 4123 1
593 4042 827 4116 2313.
847 4045 1273 4113 Argumentum
1287 4044 1409 4114 ejus
1424 4060 1601 4097 unum
1619 4047 1722 4110 est,
1739 4020 1894 4114 quod
1907 4042 2160 4114 primum

526 4155 591 4191 ex
622 4136 732 4190 illis
766 4137 1079 4191 Missalibus
1113 4138 1410 4207 complura
1437 4136 1631 4191 Gallias
1659 4139 1987 4190 sanctorum
2018 4138 2164 4192 festa

523 4229 838 4296 contineat,
854 4229 1115 4284 videlicet
1128 4230 1307 4284 sancti
1322 4229 1614 4285 Saturnini
1632 4230 1880 4301 episcopi
1897 4231 2162 4285 Tolosani

521 4327 580 4378 et
609 4323 898 4395 martyris,
930 4326 1260 4377 sanctorum
1300 4324 1548 4378 Ferreoli
1583 4323 1907 4395 Presbyteri
1945 4327 2001 4378 et
2027 4325 2157 4378 Fer-

520 4416 763 4490 rutionis
784 4416 1009 4471 diaconi
1037 4420 1358 4487 martyrum
1382 4418 1946 4484 Vesontionensium,
1979 4416 2159 4471 sancti

520 4510 931 4582 Symphoriani
959 4510 1228 4581 martyris
1248 4512 1801 4583 Augustodunensis,
1828 4513 2157 4565 sanctorum

517 4604 766 4660 Mauricii
781 4608 838 4658 et
856 4603 1143 4659 sociorum
1166 4609 1487 4676 martyrum
1505 4604 1962 4677 Agaunensium,
1978 4602 2157 4656 sancti
2178 4624 2237 4695 D

516 4696 857 4768 Leodegarii
885 4696 1133 4768 episcopi
1161 4699 1480 4766 zEduensis,
1506 4702 1565 4752 et
1590 4696 1767 4752 sancti
1797 4695 2023 4750 Martini
2049 4696 2155 4749 Tu-

524 4790 808 4845 ronensis.
849 4791 1069 4846 Deinde
1119 4793 1273 4863 quod
1312 4792 1595 4846 triduana;
1635 4789 1987 4860 Rogationes
2025 4792 2158 4843 ante

514 4884 925 4940 Aseensionem
945 4885 1001 4940 in
1025 4886 1233 4940 eodem
1254 4884 1459 4941 Missali
1486 4899 1553 4936 ex
1574 4882 1863 4938 Gallicano
1889 4882 2003 4936 ritu
2023 4898 2161 4953 pras-

515 4978 737 5050 scriptze
764 4978 895 5033 sint.
929 4979 1169 5034 Accedit
1206 4978 1363 5048 quod
1394 4975 1611 5030 ibidem
1653 4976 2035 5031 Collectiones
2059 4992 2155 5030 vo-

512 5074 714 5126 cantur
740 5072 1031 5128 orationes
1054 5071 1263 5125 Missae:
1286 5085 1399 5138 quo
1433 5067 1668 5122 nomine
1699 5069 2067 5140 appellantur
2097 5069 2155 5124 in

515 5165 739 5221 concilii
767 5163 1114 5237 Agathensis
1137 5177 1358 5215 canone
1382 5163 1469 5227 30,
1504 5163 1560 5215 et
1583 5161 1737 5232 quod
1760 5160 2019 5232 Symboli
2040 5164 2156 5217 tra-

516 5259 655 5313 ditio
676 5260 779 5313 liat
804 5258 861 5312 in
883 5254 1185 5310 Dominica
1206 5255 1567 5308 Palmarum:
1593 5255 1748 5326 quod
1767 5260 1893 5311 ante
1911 5260 2023 5311 octo
2042 5256 2158 5312 dies

510 5353 791 5409 dominicae
827 5349 1243 5406 Resurrectionis
1271 5348 1486 5418 publice
1528 5350 1585 5402 in
1620 5350 1837 5405 ecclesia
1866 5354 2158 5421 competen-

511 5447 653 5501 tibus
688 5443 841 5498 tradi
873 5440 1056 5495 sancit
1090 5439 1247 5494 idem
1287 5439 1591 5496 concilium
1632 5459 1855 5499 canone
1896 5446 1979 5498 13.
2014 5442 2157 5496 Illud

512 5542 709 5594 autem
732 5534 951 5589 Missale
975 5533 1277 5590 Gothicum
1304 5552 1481 5590 manu
1502 5536 1808 5592 recentiori
1830 5535 2158 5590 inscribitur

516 5631 574 5685 in
588 5627 795 5685 Codice
812 5627 1176 5700 perantiquo,
1193 5633 1502 5701 propterea
1519 5630 1674 5701 quod
1697 5629 1871 5684 fuerit
1891 5630 1966 5684 ad
1986 5646 2152 5683 usum

514 5723 828 5787 Gallorum,
849 5720 943 5793 qui
966 5723 1342 5778 versabantur
1361 5723 1419 5778 in
1448 5723 1627 5779 Gallia
1652 5722 2028 5789 Narbonensi,
2053 5723 2157 5778 Go-

518 5816 751 5869 thorum
783 5832 963 5886 regno
1002 5817 1141 5872 olim
1181 5817 1457 5887 subjecta.
1500 5815 1664 5869 Unde
1703 5816 1913 5870 festum
1944 5818 2155 5871 sanctas

512 5907 742 5966 Eulalia:
776 5909 1012 5983 virginis
1040 5914 1100 5965 et
1138 5908 1408 5982 martyris
1455 5908 1790 5965 Lusitaniae
1828 5908 2062 5965 illustris
2095 5908 2153 5965 in

2266 3365 2385 3421 haec
2420 3366 2661 3421 Missalia
2686 3367 2914 3437 integra
2942 3367 3281 3420 referemus.

2341 3491 2423 3542 17.
2450 3490 2512 3541 In
2533 3487 2621 3541 his
2639 3486 2951 3542 Missalibus
2972 3486 3276 3542 Gallicanis
3298 3484 3547 3541 occurrit
3568 3484 3761 3556 primo
3786 3486 3904 3540 loco

2264 3581 2550 3649 Praefatio,
2576 3598 2704 3652 quae
2726 3583 2811 3635 est
2832 3580 3020 3652 prima
3040 3579 3309 3651 Liturgize
3330 3596 3482 3651 pars,
3507 3578 3681 3633 veluti
3700 3578 3907 3634 adhor-

2264 3674 2405 3730 tatio
2433 3675 2507 3729 ad
2537 3675 2845 3745 populum;
2876 3674 3305 3745 respondetque
3333 3671 3582 3727 orationi
3612 3671 3717 3738 illi,
3748 3673 3904 3742 cujus

2265 3767 2538 3822 meminit
2558 3768 2762 3821 Beatus
2782 3767 2959 3821 abbas
2981 3765 3261 3838 Hispanus
3283 3783 3462 3838 agens
3487 3765 3557 3820 de
3586 3764 3767 3820 missa
3793 3765 3901 3821 Mo-

2264 3862 2539 3917 zarabum
2568 3860 2657 3914 his
2684 3860 2871 3914 verbis
2896 3860 3155 3931 superius
3180 3860 3377 3914 relatis
3403 3876 3416 3914 :
3449 3881 3476 3908 «
3505 3858 3700 3914 Prima
3722 3858 3901 3914 oratio

2264 3954 2524 4025 ejusdem
2546 3953 2723 4008 Missae
2745 3952 3221 4008 commonitionis
3244 3969 3383 4022 erga
3408 3952 3687 4024 populum
3716 3955 3825 4019 est,
3848 3954 3905 4004 ut

2265 4065 2469 4103 omnes
2491 4047 2811 4101 excitentur
2831 4047 2904 4101 ad
2927 4046 3284 4101 exorandum
3307 4047 3511 4101 Deum.
3539 4067 3566 4094 n
3596 4044 3821 4100 Deinde
3849 4044 3902 4098 in

2262 4142 2372 4196 illis
2397 4141 2711 4196 Missalibus
2748 4140 3006 4212 sequitur
3032 4128 3326 4207 Collectio,
3356 4156 3469 4211 quo
3508 4138 3749 4193 nomine
3780 4154 3902 4195 ora-

2262 4235 2449 4289 tiones
2473 4233 2649 4289 Μίδεω
2686 4234 3052 4305 appellantur
3086 4233 3145 4287 in
3175 4232 3398 4288 concilii
3427 4231 3779 4302 Agathensis
3816 4249 3902 4286 ca-

2263 4344 2415 4383 none
2437 4330 2523 4382 30.
2557 4326 2745 4381 Tertio
2769 4327 2894 4381 loco
2916 4326 3170 4380 succedit
3192 4325 3464 4382 Gollectio
3487 4326 3619 4379 Post
3641 4324 3900 4389 nomina,

2261 4420 2474 4475 scilicet
2498 4420 2890 4487 offerentium,
2930 4424 2989 4474 et
3017 4422 3371 4474 sanctorum.
3403 4418 3618 4482 Quarto
3660 4420 3905 4476 Collectio

2259 4514 2349 4569 Ad
2368 4529 2575 4584 pacem.
2608 4512 2745 4577 Quae
2773 4513 2899 4567 duae
2926 4513 3219 4567 orationes
3238 4512 3439 4568 itidem
3464 4510 3522 4565 in
3549 4511 3901 4566 Mozarabico

2263 4608 2413 4661 hunc
2435 4607 2623 4662 locum
2649 4609 2949 4677 occupant.
2977 4606 3210 4673 Quinto,
3235 4604 3611 4672 Contestatio,
3637 4604 3784 4659 alias
3803 4606 3905 4659 lm-

2262 4700 2501 4755 molatio
2530 4700 2737 4768 missae,
2769 4703 2844 4766 et,
2870 4702 2932 4753 ut
2958 4699 3111 4770 apud
3133 4699 3477 4764 Mozarabes,
3509 4697 3712 4764 lllatio,
3741 4696 3901 4753 nobis

2262 4793 2440 4848 modo
2460 4793 2746 4860 Praefatio,
2760 4792 2819 4846 in
2838 4809 2953 4863 qua
2973 4792 3174 4846 ﬁdeles
3191 4808 3403 4848 sursum
3423 4792 3587 4847 corda
3608 4807 3666 4844 se
3689 4791 3903 4846 habere

2261 4890 2677 4942 contestantur.
2706 4884 2840 4959 25
2868 4887 3073 4940 Postea
3093 4889 3414 4958 sequuntur
3448 4884 3573 4939 alia:
3603 4883 3899 4939 Collectio-

2268 4997 2370 5034 nes
2396 4981 2531 5035 Post
2555 4980 2817 5045 Sanctus,
2846 4980 2980 5033 Post
3007 4978 3370 5049 mysterium,
3402 4978 3461 5033 id
3491 4980 3578 5032 est
3602 4992 3898 5033 consacra-

2262 5072 2502 5139 tionem,
2530 5074 2676 5125 Ante
2715 5075 2772 5126 et
2806 5072 2940 5125 Post
2979 5070 3345 5126 Dominicam
3389 5069 3733 5135 orationem,
3778 5070 3902 5126 Post

2258 5165 2674 5222 Eucharistiam
2702 5181 2802 5219 seu
2824 5164 3330 5231 communionem,
3353 5167 3411 5217 et
3437 5162 3562 5218 aliae
3589 5162 3899 5218 similean

2257 5258 2367 5313 illis
2402 5260 2597 5312 autem
2634 5256 2948 5311 Missalibus
2977 5256 3188 5312 desunt
3213 5256 3490 5312 lectiones
3517 5260 3642 5311 tum
3671 5272 3737 5311 ex
3775 5271 3897 5329 pro-

2258 5350 2446 5423 phetis
2472 5354 2530 5405 et
2568 5367 2635 5404 ex
2659 5351 2955 5422 Apostolo,
2988 5353 3112 5405 tum
3141 5368 3207 5405 ex
3234 5349 3575 5421 Evangelia;
3606 5366 3714 5405 nec
3749 5349 3895 5421 quis-

2260 5460 2437 5515 quam
2465 5460 2561 5498 eas
2585 5443 2831 5499 antehac
2850 5443 3104 5515 reperire
3131 5442 3336 5515 potuit.
3362 5444 3473 5498 Has
3493 5459 3629 5497 vero
3649 5442 3782 5514 jam
3808 5442 3897 5497 de-

2258 5554 2425 5592 mum
2456 5536 2608 5593 felici
2643 5553 2776 5592 casu
2805 5554 2991 5609 nuper
3026 5535 3354 5591 invenimus
3381 5536 3441 5591 in
3466 5535 3784 5592 veterrima
3812 5552 3896 5590 co-

2258 5630 2381 5685 dice
2428 5630 2765 5687 monasterii
2801 5630 3185 5697 Luxoviensis,
3226 5629 3431 5685 litteris
3468 5627 3899 5702 Francogallicis

2258 5727 2394 5778 ante
2428 5742 2615 5780 annos
2644 5723 2802 5779 mille
2831 5727 3084 5791 exarato,
3112 5723 3184 5778 de
3213 5740 3328 5795 quo
3357 5727 3559 5796 postea
3592 5723 3894 5779 dicendum

2257 5816 2508 5872 uberius.
2557 5819 2843 5873 Hactenus
2884 5816 3193 5874 Missalium
3240 5817 3669 5873 Gallicanorum
3714 5820 3897 5891 partes

2257 5926 2384 5984 qua:
2405 5910 2646 5969 omnino
2673 5927 2805 5969 cum
2843 5909 3206 5972 Mozarabicis
3240 5910 3616 5987 conveniunt.
