4020 6232
144 326 239 385 125

804 439 1022 498 CAPUT
1057 441 1143 498 IV.

137 539 429 597 Gallicanae
490 542 774 614 Liturgiae
814 560 929 600 cum
966 545 1094 601 aliis
1131 547 1372 608 Latinis,
1410 546 1646 601 maxime
1679 560 1798 601 cum

195 622 563 679 Mazarabica
601 627 956 695 comparatio.
989 626 1079 681 An
1112 625 1459 682 Mazarabica
1495 626 1794 696 antiquior.

200 703 437 770 Quinam
467 703 786 759 Gallicana
810 710 1067 761 auctores.

204 817 250 869 l.
266 814 383 869 Etsi
399 815 465 869 in
485 816 796 872 Gallicano
821 817 933 872 ritu
956 818 1173 873 eaedem
1202 817 1443 874 omnino
1474 820 1666 889 partes
1683 816 1798 872 sint

136 910 299 979 atque
338 909 403 964 in
450 910 842 979 Mozarabico,
877 911 988 966 alia
1024 915 1222 967 tamen
1264 915 1351 966 est
1390 912 1450 966 in
1503 910 1793 966 Gallicano

138 1000 573 1057 Collectionum
608 1003 969 1075 compositio,
1002 1004 1139 1060 item
1173 1005 1299 1060 alia:
1328 1004 1541 1076 passim
1573 1004 1790 1060 Lectio-

137 1110 233 1149 nes
252 1112 317 1149 ex
339 1096 549 1150 Veteri
575 1113 641 1151 ac
662 1099 817 1152 Novo
838 1099 1226 1165 Testamento,
1251 1101 1425 1169 atque
1450 1097 1626 1153 etiam
1648 1098 1793 1153 alius

138 1203 301 1242 sacrae
327 1188 594 1244 actionis
627 1191 848 1257 Canon,
880 1191 977 1262 qui
1006 1191 1066 1245 in
1097 1191 1387 1263 plerisque
1420 1191 1608 1246 missis
1642 1195 1794 1246 utro~

137 1281 301 1353 hique
344 1281 620 1337 diversus
660 1287 765 1339 est.
799 1286 1014 1339 Verum
1040 1287 1214 1356 longe
1248 1285 1437 1356 majus
1467 1288 1592 1340 erat
1618 1285 1790 1341 Galli-

139 1374 259 1429 cani
285 1375 529 1430 Ordinis
562 1376 872 1432 discrimen
906 1395 939 1433 a
966 1378 1206 1434 caeteris.

204 1472 255 1523 2.
287 1469 490 1525 Primo
526 1470 591 1525 in
618 1471 909 1527 Gallicano
939 1471 1239 1527 Lectiones
1266 1471 1478 1543 passim
1502 1472 1629 1527 duae
1655 1475 1790 1526 ante

140 1562 543 1634 Evangelium,
562 1567 626 1618 ut
629 1565 752 1635 jam
766 1565 1030 1633 diximus,
1050 1565 1461 1633 recitabantur,
1478 1582 1594 1620 una
1609 1582 1677 1620 ex
1691 1566 1793 1620 Ve-

144 1655 243 1711 teri
266 1657 673 1726 Testamento,
698 1659 879 1713 altera
900 1676 968 1713 ex
996 1656 1172 1714 Novo.
1191 1659 1265 1713 At
1292 1658 1351 1713 in
1384 1660 1646 1714 Romano
1676 1675 1791 1713 una

142 1751 361 1804 tantum
390 1750 600 1805 Lectio
626 1768 692 1806 ex
729 1752 995 1823 Epistolis
1025 1752 1204 1820 Pauli,
1238 1755 1301 1807 ut
1333 1755 1493 1823 patet
1524 1769 1641 1806 non
1668 1756 1789 1807 tam

1164 332 1252 390 DE
1290 334 1605 391 LITURGIA
1640 334 2012 390 GALLICANA
2051 333 2249 391 LIBER
2287 334 2552 395 PRIMUS.

1817 441 2093 547 Atenda.
2144 441 2309 547 Quod
2354 458 2471 547 qua
2509 440 2828 547 occasione,
2872 456 3059 547 quove
3096 439 3530 547 tempore‘ﬂeri

3429 328 3529 391 126

1896 539 2144 607 coeptum
2175 536 2266 605 sit,
2295 554 2362 590 ex
2386 536 2564 590 veteri
2597 534 2835 592 historia
2866 536 3331 607 Compostellana
3361 536 3531 593 docet

1894 629 2495 697 AmbrosiusMorales,
2512 633 2570 685 et
2590 647 2657 684 ex
2679 646 2747 686 eo
2771 628 3046 685 Baronius
3067 630 3141 684 ad
3163 646 3381 685 annum
3400 632 3525 685 918.

1895 724 2113 795 Nempe
2148 746 2175 773 ‹‹
2211 724 2596 780 Sisenandum
2637 724 3042 794 Compostellae
3078 723 3414 796 episcopum
3453 723 3529 779 ad

1893 818 2176 872 Joannem
2207 834 2420 888 papam
2452 835 2505 884 x,
2539 816 2635 889 qui
2666 818 2840 888 paulo
2882 820 3015 873 ante
3049 818 3327 887 Legatum
3358 834 3527 875 suum

1895 910 2343 982 Compostellam
2367 911 2442 965 ad
2467 910 2864 965 venerandum
2888 911 3069 965 sancti
3097 911 3292 967 Jacobi
3321 928 3529 983 corpus

1895 1003 2197 1071 direxerat,
2222 1003 2444 1058 misisse
2463 1006 2748 1059 Joannem
2768 1004 3198 1075 Presbyterum,
3222 1007 3285 1059 ut
3313 1007 3526 1063 Roma-

1894 1114 1998 1152 nos
2022 1097 2166 1152 ritus
2198 1098 2540 1169 exploraret,
2568 1100 2625 1152 et
2653 1115 2786 1153 cum
2817 1098 3179 1154 Mozarabicis
3210 1100 3518 1155 conferret.

1893 1192 1961 1246 Et
1978 1194 2261 1246 Joannem
2285 1191 2523 1262 quidem
2547 1190 2896 1260 observasse,
2921 1191 3185 1263 quamvis
3205 1194 3390 1248 multa
3411 1193 3527 1249 ritu

1893 1284 2135 1352 diverso,
2176 1285 2234 1338 in
2265 1286 2423 1340 nullo
2465 1288 2665 1341 tamen
2712 1302 2782 1340 ea
2817 1285 3141 1357 discrepare
3178 1304 3211 1342 a
3246 1286 3528 1342 catholica

1892 1378 2149 1433 veritate.
2180 1378 2368 1443 Quam
2401 1379 2474 1434 ob
2501 1396 2627 1433 rem
2661 1379 2981 1435 Sisenando
3010 1379 3069 1433 in
3095 1379 3314 1450 synodo
3339 1380 3526 1435 visum

1892 1487 2035 1539 esse,
2055 1471 2281 1527 omissis
2309 1472 2547 1545 reliquis
2574 1476 2857 1544 tanquam
2882 1472 3109 1528 levioris
3137 1473 3440 1540 momenti,
3465 1476 3530 1527 ut

1892 1565 2201 1621 sacratiora
2222 1566 2318 1621 illa
2335 1566 2702 1637 potissimum
2723 1567 2916 1635 verba,
2933 1566 3140 1638 quibus
3161 1566 3526 1621 incruentum

1891 1658 2231 1714 sacrificium
2273 1660 2595 1731 perficitur,
2635 1661 2899 1715 Romano
2941 1660 3056 1716 ritu
3093 1660 3525 1731 proferrentur,

1892 1768 2021 1823 quae
2037 1752 2320 1824 aliquibus
2346 1753 2557 1809 additis
2578 1754 2664 1809 vel
2690 1754 2929 1809 mutatis
2951 1753 3032 1809 ita
3055 1753 3114 1808 in
3147 1753 3299 1808 dicto
3324 1752 3529 1809 Missali
3634 1800 3635 1805 η

145 1860 206 1897 ex
228 1843 371 1898 falsa
396 1844 639 1899 Damasi
668 1846 908 1917 epistola
929 1846 1183 1901 secunda
1204 1845 1478 1901 decretali
1500 1846 1573 1900 ad
1600 1846 1792 1901 Hiero-
1810 1843 1866 1916 Β
1892 1847 2100 1918 scripta
2130 1851 2323 1901 essent
2350 1864 2363 1902 :
2396 1850 2506 1904 Hoc
2530 1852 2606 1903 est
2634 1864 2824 1919 corpus
2852 1864 3045 1911 meum,
3090 1848 3234 1918 quod
3252 1864 3357 1919 pro
3383 1848 3531 1903 vobis

147 1953 401 2007 nymum,
451 1955 639 2009 quam
693 1955 759 1993 ex
796 1939 942 1994 libro
992 1929 1249 2007 Comitis,
1293 1942 1352 1992 et
1394 1956 1461 1993 ex
1495 1938 1791 1993 Walafridi

147 2030 320 2086 Strabi
352 2048 485 2103 cap.
519 2035 614 2099 22,
644 2035 1033 2104 prmterquam
1060 2033 1119 2087 in
1136 2033 1321 2089 Natali
1340 2032 1572 2087 Domini
1595 2035 1652 2086 et
1673 2032 1793 2103 qui-

145 2123 380 2179 busdam
412 2124 548 2179 aliis
579 2125 803 2191 diebus,
841 2126 913 2180 de
955 2126 1163 2197 quibus
1195 2126 1536 2197 Micrologus
1575 2124 1702 2198 26
1730 2126 1791 2180 in

150 2218 322 2289 capite
347 2221 437 2273 5'2.
464 2218 692 2273 Deinde
716 2219 774 2273 in
788 2220 1054 2275 Romano
1078 2237 1177 2274 seu
1200 2220 1503 2275 Gelasiano
1526 2219 1651 2274 aliae
1673 2236 1791 2273 om-

149 2310 274 2365 nino
301 2315 474 2366 erant
496 2315 716 2382 partes,
736 2313 892 2383 quod
918 2330 986 2368 ex
1016 2313 1297 2384 superiori
1318 2312 1616 2384 utriusque
1638 2329 1791 2368 com-

148 2404 441 2475 paratione
477 2405 859 2460 manifestum
892 2409 996 2460 est.
1021 2406 1400 2461 Collectioncs
1422 2406 1632 2477 quippe
1658 2409 1792 2461 Post

152 2498 396 2564 nomina,
411 2499 554 2553 Post
574 2515 798 2570 pacem,
817 2501 965 2554 Ante
978 2502 1181 2555 etPost
1200 2499 1563 2571 mysterium,
1581 2499 1791 2554 desunt

152 2589 203 2643 in
221 2591 552 2659 Gelasiano,
576 2592 638 2645 in
660 2609 773 2663 quo
797 2609 1027 2663 semper
1051 2593 1206 2647 idem
1228 2610 1399 2648 sacrae
1421 2593 1661 2647 actionis
1682 2593 1786 2648 Ca-

155 2700 278 2752 non,
304 2689 517 2740 contra
548 2702 728 2756 quam
756 2685 814 2740 in
839 2685 1151 2741 Gallicano.
1177 2687 1354 2742 Unica
1381 2686 1559 2741 etiam
1585 2689 1711 2741 erat
1730 2686 1789 2741 in

155 2777 408 2833 Africano
437 2779 638 2834 Lectio
666 2782 802 2833 ante
825 2779 1199 2850 Evangelium
1230 2797 1297 2834 ex
1324 2779 1506 2834 dictis.
1540 2780 1788 2835 Ambro-

156 2871 333 2926 sianus
362 2890 545 2944 porro
573 2873 736 2941 ritus,
757 2873 863 2928 etsi
893 2873 1036 2928 duas
1063 2890 1194 2928 cum
1218 2873 1508 2929 Gallicano
1532 2877 1591 2929 et
1608 2875 1785 2929 Μοῑᾶ-

154 2965 333 3021 rabico
366 2966 669 3034 admittat,
697 2966 758 3021 in
786 2967 895 3021 hoc
927 2969 1125 3021 tamen
1148 2984 1181 3022 a
1201 2966 1551 3023 Mozarabico
1575 2967 1786 3035 differt,

156 3063 313 3130 atque
338 3060 428 3131 (ut
456 3060 702 3132 quidem
734 3059 853 3114 veri
881 3059 1242 3115 simillimum
1275 3061 1379 3132 est)
1413 3077 1446 3114 a
1471 3061 1785 3127 Gallicano,

157 3152 299 3223 quod
326 3154 582 3208 Alleluia
610 3156 852 3209 canatur
877 3154 937 3208 in
966 3153 1352 3209 Ambrosiano
1381 3157 1515 3209 ante
1536 3155 1791 3225 Evange-

156 3246 304 3313 lium,
318 3263 485 3302 secus
502 3248 564 3301 in
580 3247 953 3315 Mozarabico,
968 3251 1031 3301 ut
1045 3247 1301 3319 praecipit
1318 3265 1505 3303 canon
1526 3252 1589 3303 l2
1606 3249 1792 3303 conci—
1812 3213 1867 3287 Ο

159 3339 208 3392 lii
226 3356 274 3393 iv
288 3340 577 3396 Toletani.
596 3341 854 3412 Denique
872 3341 931 3395 in
946 3342 1298 3397 Mozarabico
1312 3343 1583 3413 leguntur
1593 3345 1721 3398 acta
1732 3346 1793 3396 et

161 3433 281 3487 Vita
293 3438 782 3503 sanctorum,non
796 3434 853 3488 in
866 3435 1188 3503 Gelasiano,
1205 3436 1372 3490 autin
1384 3436 1788 3491 Ambrosiano.

222 3529 269 3581 3.
306 3530 614 3584 Romanus
658 3528 858 3583 Canon
902 3532 1037 3582 ante
1072 3528 1413 3600 Gregorium
1451 3529 1605 3584 idem
1643 3532 1786 3599 erat,

163 3623 399 3690 pauculis
417 3622 615 3676 verbis
642 3621 908 3693 exceptis,
928 3624 1099 3693 atque
1120 3622 1296 3678 modo
1322 3622 1560 3678 usitatus
1580 3640 1593 3678 :
1615 3639 1789 3694 quem

161 3714 556 3787 Vigiliuspapa
569 3732 637 3769 ex
657 3715 970 3786 apostolica
986 3714 1297 3771 traditione
1311 3720 1634 3787 acceptum,
1650 3717 1787 3772 Gre-

165 3809 340 3877 gorius
371 3810 617 3880 Magnus
653 3825 689 3863 a
731 3808 986 3879 quodam
1017 3809 1366 3864 Scholastico
1402 3809 1789 3881 compositum

166 3899 301 3967 dicit,
324 3904 571 3957 Precem
594 3902 893 3973 appellans
913 3901 972 3956 in
994 3901 1236 3973 epistola
1258 3902 1333 3957 ad
1360 3904 1645 3958 Joannem
1669 3903 1788 3977 epi-

167 4010 382 4066 scopum
412 3996 866 4067 Syracusanum,
892 4012 1018 4066 quae
1046 3998 1132 4049 est
1160 3997 1228 4050 64
1256 3996 1386 4051 libri
1416 4013 1493 4051 vn
1515 3997 1711 4052 indict.
1734 4001 1788 4052 2.

168 4087 275 4151 Quo
294 4090 536 4145 nomine
560 4088 737 4143 etiam
760 4088 938 4142 utitur
955 4088 1272 4160 Cyprianus
1301 4089 1361 4144 in
1382 4090 1528 4146 libro
1546 4091 1620 4145 de
1654 4091 1788 4146 Uni-

168 4184 269 4235 tate
296 4182 583 4249 Ecclesiae,
619 4181 713 4237 ubi
741 4182 1132 4237 schismaticos
1164 4186 1221 4237 et
1249 4183 1548 4239 haereticos
1578 4184 1787 4255 arguit,

170 4276 306 4345 quod
329 4275 734 4346 «contemptis
755 4274 1053 4346 episcopis,
1079 4280 1137 4330 et
1157 4276 1255 4331 Dei
1277 4277 1668 4333 sacerdotibus
1690 4278 1788 4333 de-

169 4368 378 4435 relictis,
407 4368 762 4425 constituere
789 4368 1009 4422 audent
1035 4368 1190 4423 aliud
1212 4371 1413 4436 altare,
1441 4372 1678 4427 Precem
1707 4373 1787 4426 al-

172 4464 335 4519 teram
366 4464 578 4519 illicitis
620 4463 852 4517 vocibus
894 4462 1106 4529 facere,
1145 4466 1202 4517 et
1246 4463 1549 4519 dominicae
1588 4465 1791 4521 hostias.

1893 1941 2161 1996 tradetur.
2191 1942 2261 1995 Et
2289 1957 2301 1995 :
2326 1943 2428 1997 Hic
2441 1945 2520 1996 est
2534 1942 2683 1997 calia:
2698 1944 2826 1996 novi
2854 1943 3182 1997 Testamenti
3194 1943 3252 1996 in
3268 1943 3531 2010 sanguine

1890 2050 2022 2098 meo,
2041 2037 2136 2104 qui
2155 2049 2259 2105 pro
2279 2035 2427 2090 vobis
2452 2038 2504 2089 et
2526 2050 2629 2105 pro
2657 2036 2842 2090 multis
2859 2035 3163 2104 effundetur
3189 2037 3249 2089 in
3270 2037 3530 2090 remissio-

1888 2143 2008 2182 nem
2030 2132 2388 2198 peccatorum.
2421 2148 2448 2176 ››
2479 2129 2562 2183 Ιιθ.
2594 2144 2733 2198 ergo
2763 2126 3098 2182 Mozarabici
3126 2127 3269 2181 ritus
3304 2130 3531 2182 mutata

1893 2224 1977 2274 est
1998 2222 2269 2287 formula,
2295 2221 2514 2275 caeteris
2536 2221 2878 2287 immutatis,
2899 2237 3026 2292 quae
3049 2238 3081 2275 a
3100 2221 3363 2275 Romano
3385 2220 3531 2275 mul-

1890 2318 2016 2369 tum
2045 2314 2392 2385 discrepant.
2426 2314 2515 2371 Sic
2537 2314 2714 2370 etiam
2740 2318 2903 2369 vetus
2926 2313 3325 2369 Ambrosianus
3352 2314 3531 2368 Litur-

1893 2408 2001 2479 gias
2038 2408 2292 2462 formula
2331 2408 2779 2463 consecrationis
2810 2408 2884 2463 ad
2916 2409 3243 2463 Romanam
3271 2408 3526 2474 accessit,

1891 2518 2022 2556 cum
2064 2502 2121 2556 in
2151 2502 2584 2558 consecratione
2610 2502 2907 2573 sanguinis
2947 2503 3069 2557 haec
3097 2505 3324 2556 tantum
3356 2502 3531 2557 verba

1892 2595 2029 2650 olim
2064 2595 2361 2650 exhiberet
2390 2612 2402 2650 :
2433 2598 2533 2652 Hic
2559 2600 2635 2651 est
2661 2582 2801 2652 enim
2823 2598 3048 2665 sanguis
3072 2610 3240 2651 meus.

1960 2690 2013 2743 4.
2044 2691 2132 2744 An
2161 2689 2484 2745 Gallicanus
2515 2690 2657 2745 ordo
2696 2689 3115 2745 Mozarabicum
3152 2688 3526 2760 praecesserit,

1891 2781 2057 2853 eique
2096 2783 2348 2838 formam
2371 2785 2427 2836 et
2449 2784 2779 2855 exemplum
2803 2782 3133 2854 praebuerit,
3160 2783 3268 2837 hoc
3296 2784 3420 2838 loco
3451 2783 3533 2836 in-

1892 2876 2119 2947 quirere
2153 2876 2334 2947 juvat.
2365 2876 2725 2932 Gallicanum
2762 2893 2885 2931 esse
2926 2876 3316 2947 antiquiorem
3346 2877 3530 2931 multa

1890 2969 2258 3041 persuadent.
2290 2972 2353 3025 In
2380 2970 2582 3040 primis
2601 2970 2925 3040 Prophetiae
2952 2969 3118 3024 lectio
3150 2968 3527 3040 apostolicam

1890 3062 2254 3134 prascedebat
2273 3063 2427 3133 apud
2448 3064 2638 3118 Gallos
2658 3066 2922 3134 tempore
2940 3062 3120 3117 sancti
3143 3062 3371 3118 Caesarii
3387 3065 3526 3116 Are-

1891 3156 2126 3211 latensis
2157 3156 2428 3228 episcopi,
2461 3155 2591 3230 28
2624 3156 2719 3228 qui
2759 3156 2818 3211 in
2845 3172 3116 3211 sermone
3149 3156 3222 3210 ad
3248 3157 3527 3228 populum

1893 3250 2110 3316 habito,
2143 3252 2207 3303 ut
2248 3249 2319 3304 ab
2346 3250 2603 3331 ecclesia,
2633 3250 2819 3305 donec
2849 3266 3011 3305 sacra
3042 3253 3284 3321 peracta,
3315 3253 3525 3316 essent,

1895 3360 2012 3399 non
2038 3343 2355 3409 recederet,
2371 3343 2448 3398 ita
2469 3344 2751 3415 loquitur:
2770 3367 2796 3394 «
2826 3344 2883 3400 Si
2902 3344 3212 3415 diligenter
3223 3342 3531 3399 attenderi-

1893 3438 1984 3505 tis,
2014 3436 2373 3508 cognoscetis
2399 3438 2532 3509 quia
2564 3455 2678 3493 non
2713 3442 2847 3492 tunc
2872 3438 3019 3491 fiunt
3048 3438 3257 3505 missae,
3293 3437 3528 3509 quando

1894 3530 2099 3586 divinas
2127 3531 2424 3586 Lectiones
2455 3532 2513 3586 in
2546 3532 2783 3587 ecclesia
2809 3531 3143 3598 recitantur,
3167 3532 3268 3586 sed
3296 3531 3529 3602 quando

1893 3641 2141 3679 munera
2181 3624 2521 3693 offeruntur,
2557 3630 2615 3680 et
2653 3642 2858 3696 corpus
2899 3626 2985 3679 vel
3024 3625 3258 3696 sanguis
3297 3624 3529 3680 Domini

1894 3722 2279 3774 consecratur.
2312 3721 2458 3774 Nam
2494 3719 2813 3785 Lectiones,
2851 3718 2964 3772 sive
2998 3706 3381 3789 propheticas,
3415 3719 3529 3772 sive

1894 3811 2251 3883 apostolicas,
2271 3812 2387 3866 sive
2412 3812 2801 3883 Evangelicas,
2828 3810 3004 3864 etiam
3028 3811 3086 3865 in
3115 3811 3383 3866 domibus
3408 3827 3529 3865 ves-

1892 3905 1993 3960 tris
2020 3908 2118 3960 aut
2141 3905 2247 3977 ipsi
2272 3907 2487 3977 legere,
2522 3907 2622 3958 aut
2647 3904 2789 3959 alios
2814 3905 3074 3975 legentes
3100 3903 3299 3959 audire
3335 3906 3527 3975 potes-

1893 3999 1983 4067 tis;
1998 3999 2492 4054 consecrationem
2505 4014 2640 4053 vero
2655 3998 2909 4069 corporis
2921 4000 2979 4051 et
2990 3997 3286 4069 sanguinis
3297 3995 3530 4053 Domini

1894 4109 2009 4147 non
2037 4092 2190 4161 alibi,
2220 4092 2328 4147 nisi
2358 4092 2417 4146 in
2446 4092 2622 4147 domo
2654 4091 2776 4158 Dei,
2805 4090 3004 4146 audire
3035 4093 3122 4147 ve]
3149 4091 3342 4146 videre
3366 4094 3528 4163 pote-

1891 4186 2031 4241 ritis.
2060 4208 2088 4236 ››
2123 4189 2321 4258 Itaque
2344 4186 2582 4241 missam
2606 4185 3015 4256 praecedebant
3038 4188 3220 4240 ternae
3243 4183 3529 4257 ejusmodi

1890 4280 2206 4336 Lectiones.
2253 4281 2418 4346 Quod
2460 4280 2519 4334 in
2567 4278 2978 4335 Mediolanensi
3016 4279 3253 4334 ecclesia
3304 4279 3529 4334 vivente

1890 4374 2194 4430 Ambrosio
2227 4393 2332 4429 usu
2374 4373 2593 4429 venisse
2620 4376 2822 4429 auctor
2864 4377 2951 4428 est
2977 4373 3257 4445 Sulpicius
3286 4374 3530 4428 Severus

1890 4467 1947 4523 in
1976 4468 2072 4523 lib.
2105 4485 2164 4523 ιιι
2194 4469 2264 4523 de
2290 4468 2404 4522 vita
2437 4466 2617 4523 sancti
2643 4466 2886 4522 Martini.

173 4557 452 4613 veritatem
477 4574 584 4629 per
606 4557 751 4611 falsa
771 4554 1047 4610 sacriﬁcia
1066 4557 1439 4626 profanare.»
1456 4558 1789 4614 Orationem
1810 4586 1869 4659 D
1965 4567 2015 4617 5.
2052 4562 2348 4617 Lectiones
2389 4562 2533 4629 illas,
2566 4563 2636 4616 de
2678 4560 2886 4631 quibus
2919 4562 3037 4633 agit
3065 4559 3361 4629 Caesarius,
3393 4576 3528 4615 vero

174 4652 425 4721 appellari
469 4652 691 4706 mavult
725 4647 1077 4721 Augustinus
1112 4650 1172 4705 in
1207 4650 1448 4721 epistola
1492 4653 1590 4708 149
1632 4670 1792 4709 novae

176 4742 417 4800 editionis
435 4762 604 4800 num.
627 4748 723 4800 16:
746 4767 774 4794 ‹‹
793 4745 1014 4813 Omnis,
1033 4747 1134 4800 aut
1152 4760 1301 4816 pene
1319 4745 1509 4800 omnis
1524 4747 1794 4817 frequen-

175 4840 243 4891 tat
264 4839 530 4907 Ecclesia,
565 4841 626 4893 ut
651 4839 1015 4895 Precationes
1040 4838 1388 4910 accipiamus
1418 4839 1617 4908 dictas,
1650 4857 1792 4911 quas

172 4930 391 4987 facimus
419 4933 482 4987 in
509 4932 897 4987 celebratione
927 4934 1448 5000 sacramentorum,
1471 4936 1788 5005 antequam

175 5022 311 5091 illud,
334 5025 493 5098 quod
520 5028 607 5080 est
632 5024 691 5079 in
719 5025 951 5081 Domini
972 5043 1196 5093 mensa,
1220 5025 1456 5097 incipiat
1477 5027 1743 5082 benedici
1772 5044 1785 5081 :

176 5114 612 5187 Orationes,cum
626 5119 887 5176 benedici
897 5123 989 5175 tur
1000 5122 1097 5176 aut
1110 5120 1580 5189 sanctiﬁcatur,et
1592 5120 1665 5175 ad
1682 5120 1790 5175 dis-

175 5210 523 5269 tribuendum
552 5213 987 5270 comminuitur.
1013 5214 1199 5278 Quam
1232 5216 1413 5270 totam
1443 5214 1786 5287 petitionem

175 5303 276 5361 fere
299 5307 489 5364 omnis
515 5308 767 5364 Ecclesia
792 5308 1093 5365 Dominica
1124 5309 1385 5364 oratione
1417 5308 1723 5364 concludit.
1755 5329 1783 5357 »

175 5398 564 5459 Ambrosianus
579 5406 778 5460 Canon
797 5402 855 5457 in
872 5403 1069 5475 paucis
1082 5402 1275 5458 differt
1290 5401 1414 5475 2'7
1437 5419 1472 5457 a
1491 5404 1754 5457 Romano
1771 5420 1784 5457 :

179 5494 226 5545 at
249 5497 590 5553 solemnibus
611 5497 818 5569 quibus
838 5496 1005 5569 panis
1030 5498 1400 5553 consecratur
1418 5496 1605 5551 verbis
1630 5513 1784 5567 quas-

180 5583 291 5642 dam
311 5591 468 5647 addit
484 5591 852 5648 Mozarabicee
874 5591 1139 5646 formulae
1160 5589 1391 5657 similia,
1416 5589 1475 5644 in
1490 5590 1642 5645 hunc
1666 5607 1789 5644 mo-

182 5677 296 5737 dum
320 5701 335 5738 :
360 5688 470 5742 Hoc
503 5691 581 5742 est
606 5701 796 5756 corpus
819 5700 1014 5747 meum,
1040 5685 1187 5755 quod
1209 5700 1312 5755 pro
1340 5684 1526 5740 multis
1551 5686 1789 5753 confrin-

181 5778 329 5837 gatur.
351 5778 719 5847 Mozarabico,
744 5779 1011 5834 tradetur.
1036 5779 1099 5832 In
1118 5778 1352 5849 vulgato
1372 5777 1576 5834 Missali
1602 5779 1783 5833 Maza-

185 5865 362 5929 l‘abum
386 5873 458 5930 ad
481 5872 808 5946 marginem
837 5874 1093 5941 notatur,
1117 5872 1239 5928 haec
1263 5871 1439 5928 verba
1459 5887 1583 5928 esse
1616 5872 1782 5928 omit-

1893 4656 2220 4728 proximum
2247 4659 2333 4709 est
2353 4672 2451 4709 eas
2474 4657 2626 4728 ipsas
2648 4675 2792 4724 esse,
2826 4672 2967 4728 quas
2988 4656 3046 4710 in
3075 4655 3341 4710 ordinem
3370 4654 3532 4709 rede-

1893 4752 2056 4821 gerat
2095 4750 2302 4803 saaculo
2337 4766 2371 4801 v
2411 4750 2648 4804 Musaeus
2682 4751 2984 4823 presbyter
3000 4748 3385 4816 Massiliensis;
3410 4748 3528 4820 qui,

1892 4846 2036 4897 teste
2059 4842 2358 4897 Gennadio
2388 4842 2447 4896 in
2476 4861 2599 4914 cap.
2629 4846 2696 4898 79
2723 4844 2795 4897 de
2820 4842 2965 4897 Viris
2992 4843 3323 4911 illustribus,
3351 4866 3379 4894 «
3402 4843 3533 4897 hor-

1891 4940 2015 4990 tatu
2043 4935 2222 4990 sancti
2264 4935 2492 4990 Venerii
2529 4936 2779 5009 episcopi
2822 4936 2907 4991 sui
2939 4936 3220 5008 excerpsit
3254 4954 3322 4992 ex
3359 4938 3531 4993 sacris

1893 5028 2195 5101 Scripturis
2218 5029 2515 5084 Lectiones
2532 5029 2706 5086 totius
2727 5030 2864 5085 anni
2879 5030 3092 5085 festivis
3113 5033 3276 5103 aptas
3297 5031 3528 5099 diebus;

1892 5122 2259 5194 responsoria
2272 5123 2450 5177 etiam
2475 5125 2857 5196 psalmorum,
2874 5128 2932 5180 et
2952 5125 3201 5198 capitula
3213 5124 3461 5196 tempori
3474 5128 3532 5179 et

1891 5215 2254 5272 Lectionibus
2280 5218 2726 5288 congruentia...
2750 5219 2862 5274 Sed
2891 5222 2947 5274 et
2979 5220 3052 5274 ad
3078 5235 3387 5291 personam
3406 5235 3531 5274 san-

1891 5310 1966 5364 cti
2005 5308 2247 5365 Eustasii
2290 5310 2561 5382 episcopi,
2597 5312 2937 5368 successoris
2981 5312 3239 5383 praedicti
3277 5312 3530 5367 hominis

1892 5404 2013 5471 Dei,
2030 5403 2355 5474 composuit
2367 5408 2865 5461 sacramentorum
2885 5405 3187 5477 egregium
3202 5409 3260 5460 et
3277 5423 3391 5461 non
3408 5424 3531 5479 par-

1889 5515 2025 5552 vum
2051 5498 2347 5565 volumen,
2362 5515 2467 5570 per
2489 5500 2755 5555 membra
2770 5500 3006 5572 quidem
3020 5516 3123 5570 pro
3138 5501 3531 5571 opportunita-

1890 5596 1948 5646 te
1961 5590 2287 5647 officiorum
2302 5595 2359 5644 et
2370 5595 2725 5665 temporum,
2742 5611 2846 5665 pro
2864 5591 3203 5648 Lectionum
3216 5597 3374 5650 textu
3388 5595 3529 5668 psal-

1889 5702 2241 5757 morumque
2261 5684 2408 5740 serie
2427 5689 2485 5740 et
2501 5686 2905 5741 decantatione
2919 5685 3231 5743 discretum
3253 5706 3265 5744 :
3283 5689 3382 5744 sed
3396 5705 3525 5759 sup-

1888 5779 2139 5851 plicandi
2170 5781 2288 5834 Deo
2318 5781 2376 5832 et
2416 5779 2775 5835 contestandi
2807 5779 3222 5836 beneficiorum
3250 5783 3374 5852 ejus
3395 5779 3520 5835 soli-

1890 5873 2067 5931 ditate
2095 5873 2181 5928 sui
2209 5876 2733 5930 consentaneum.»
2764 5873 2867 5929 Ubi
2895 5874 3256 5929 contestandi
3280 5872 3519 5929 vocabu-
