4020 6232
460 307 560 377 l2?

1242 315 1571 380 APPENDIX
1610 324 1696 379 AD
1733 322 1952 378 OPERA
1990 320 2221 381 SANCTI
2261 320 2559 379 GERMANI
2597 316 3023 381 PAHISIENSIS.

3744 301 3842 380 les

458 434 583 494 lum'
611 434 842 512 respicit
870 438 943 497 ad
974 436 1315 513 primaevum
1355 457 1579 495 morem
1621 438 1999 507 Gallicanum,
2030 439 2089 493 in
2113 452 2174 526 Α
2194 442 2365 511 atque
2392 440 2627 511 psalmis
2652 441 2834 495 multa
2862 439 3154 495 dulcisone
3174 432 3582 511 composuisse.
3608 458 3637 488 »
3662 437 3844 496 Unde

460 548 574 604 quo
597 534 950 590 Contestatio
982 535 1039 589 in
1068 553 1173 589 usu
1203 538 1325 590 erat
1347 535 1419 589 ad
1449 533 1884 604 signiﬁcandam
1912 550 2087 604 quam

459 626 630 681 hodie
652 644 926 682 vocamus
944 629 1120 683 Missae
1140 646 1236 682 seu
1260 627 1507 683 Canonis
1534 626 1963 681 Prasfationem.
1981 627 2093 681 Mu-

459 737 606 775 saeus
634 738 794 793 ergo,
824 722 919 793 qui
950 726 1078 793 post
1110 721 1367 775 medium
1407 721 1679 774 saeculum
1710 736 1744 772 v
1772 738 1802 774 e
1833 720 1971 774 vivis
1997 736 2091 774 ex-

460 815 628 867 cessit
656 816 847 869 Leone
880 820 935 869 et
963 814 1240 884 Majorino
1270 813 1736 885 imperatoribus,
1771 812 1995 884 scripsit
2024 813 2089 867 li-

459 906 627 961 brum
655 910 1184 963 Sacramentorum.
1211 907 1333 972 Quo
1368 908 1605 962 nomine
1627 912 1850 960 veteres
1880 907 2091 977 passim

462 1017 625 1058 sacra
654 1000 780 1073 29
811 1001 1178 1055 Ευοὴᾶιιίειίω
1214 1002 1489 1072 mysteria
1521 1000 1923 1071 designabant.
1956 999 2094 1053 Hinc

461 1094 763 1162 Voconius,
798 1095 1105 1149 Castellani
1132 1094 1189 1148 in
1221 1094 1561 1149 Mauritania
1592 1094 1911 1165 episcopus,
1942 1093 2095 1164 apud

463 1188 737 1241 eumdem
773 1188 1139 1242 Gennadium
1172 1188 1562 1259 composuisse
1591 1188 1799 1241 dicitur
1821 1188 2094 1241 volumen

462 1280 991 1335 Sacramentorum.
1018 1281 1142 1345 Quo
1165 1282 1342 1336 modo
1358 1281 1710 1353 Augustinus
1732 1283 2095 1335 sacramenta

457 1376 623 1428 vocat
656 1374 970 1428 Dominicaa
1002 1391 1219 1429 mensae
1253 1376 1612 1442 sacriﬁcium,
1643 1392 1711 1428 ex
1737 1374 1919 1428 dictis.

531 1470 582 1520 6.
616 1466 728 1520 Sed
758 1469 816 1519 et
840 1470 973 1521 ante
1000 1467 1273 1521 Musaeum
1303 1467 1562 1536 Hilarius,
1588 1468 1949 1523 Pictavorum
1973 1484 2098 1521 san-

461 1559 747 1613 ctissimus
774 1559 1029 1625 antistes,
1054 1560 1265 1615 librum
1300 1563 1681 1632 Hymnorum,
1708 1565 1766 1615 et
1786 1561 1963 1615 alium
1988 1561 2098 1632 My-

461 1652 767 1707 steriorum
802 1652 1040 1723 scripsit,
1083 1658 1315 1709 auctore
1353 1655 1702 1726 Hieronymo
1741 1654 1797 1707 in
1840 1654 1984 1708 libro
2020 1654 2091 1707 de

462 1745 844 1815 Scriptoribus
871 1763 993 1817 cap.
1032 1750 1149 1801 100.
1188 1748 1447 1817 Hymnus
1479 1749 1664 1804 Gloria
1690 1750 1747 1801 in
1775 1748 1992 1801 emcelsis
2019 1747 2089 1800 ab

2190 536 2441 588 Joannes
2460 534 2730 601 Mariana,
2753 534 2811 587 in
2834 534 2930 588 lib.
2957 551 2989 586 v
3012 534 3082 588 de
3099 534 3269 588 rebus
3284 532 3601 604 Hispanicis
3622 550 3760 604 cap.
3786 549 3841 600 ν,

2193 628 2273 681 ait
2302 644 2467 681 usum
2500 627 2812 682 obtinuisse
2842 631 2903 681 ut
2930 628 3143 682 Isidoro
3165 627 3307 681 ritus
3326 627 3723 683 Mozarabicus
3748 626 3846 681 tri-

2194 721 2485 787 bueretur,
2511 721 2612 774 sed
2636 722 2832 774 tamen
2855 720 3184 775 Leandrum
3215 722 3492 775 nonnulla
3518 720 3843 775 invenisse.

2264 817 2316 867 9.
2332 813 2649 869 Cardinalis
2663 815 2819 867 Bona
2847 835 2875 862 «
2898 814 3004 867 hoc
3027 814 3280 868 ofﬁcium
3303 813 3542 867 concilio
3566 830 3627 867 ιιι
3664 814 3846 868 Tole—

2196 909 2351 973 tano,
2377 906 2465 961 cui
2495 906 2755 961 Leander
2780 906 3058 972 interfuit,
3083 905 3373 977 antiquius
3391 922 3512 960 esse
3536 928 3563 956 ››
3590 906 3848 960 arbitra-

2194 1002 2305 1066 tur,
2335 1022 2363 1047 «
2388 1004 2446 1053 et
2465 999 2701 1071 quidem
2723 1001 2930 1054 saeculo
2951 1016 2985 1052 v
2990 1000 3115 1070 jam
3132 999 3379 1070 viguisse
3397 1016 3409 1065 ;
3426 999 3525 1053 sed
3548 999 3619 1053 de
3638 998 3846 1070 primo

2197 1093 2321 1162 ejus
2343 1096 2574 1147 auctore
2603 1109 2718 1147 non
2751 1096 3033 1147 constare.
3071 1092 3156 1146 Ab
3186 1092 3308 1163 ipso
3332 1098 3529 1146 tamen
3562 1090 3845 1147 Leandre

2196 1185 2564 1254 illustratum,
2594 1189 2825 1240 auctum
2856 1186 2928 1240 ab
2964 1186 3198 1251 Isidoro,
3229 1189 3400 1255 atque
3443 1185 3515 1239 ab
3542 1185 3671 1239 aliis
3700 1200 3846 1257 pro-

2199 1296 2397 1350 gressu
2427 1280 2702 1350 temporis
2728 1279 3165 1351 ampliﬁcatum,
3201 1277 3547 1333 nominatim
3582 1278 3655 1332 ab
3685 1277 3844 1333 Iide-

2198 1374 2386 1439 fonso,
2409 1373 2569 1443 cujus
2596 1389 2774 1443 Opera
2796 1372 3055 1427 Julianus
3082 1373 3390 1427 Toletanus
3420 1371 3478 1425 in
3508 1371 3845 1443 appendice

2198 1466 2271 1520 ad
2301 1466 2506 1520 librum
2532 1466 2603 1520 de
2631 1465 3013 1537 Scriptoribus
3036 1464 3093 1518 in
3125 1467 3375 1535 quatuor
3402 1468 3594 1536 partes
3621 1464 3843 1531 divisit,

2198 1560 2545 1630 tertiamque
2569 1559 2647 1613 ait
2668 1559 2839 1614 fuisse
2861 1581 2887 1607 «
2912 1559 3239 1624 missarum,
3259 1559 3632 1629 hymnorum,
3656 1561 3847 1629 atque

2199 1670 2555 1707 sermonum.
2577 1675 2603 1702 »
2620 1653 2705 1706 Ad
2726 1653 2849 1707 Ι]ωο
2866 1653 3111 1706 Felicem
3135 1652 3467 1722 episcopum
3488 1651 3703 1705 librum
3718 1651 3848 1705 Mis-

2198 1763 2391 1800 sarum
2413 1747 2484 1800 de
2504 1749 2623 1800 toto
2646 1746 2854 1800 circulo
2871 1745 3006 1799 anni
3035 1746 3091 1799 in
3113 1748 3359 1815 quatuor
3373 1743 3489 1817 31
3525 1748 3726 1814 partes
3753 1744 3847 1798 di-

462 1838 670 1892 eodem
694 1842 892 1893 auctus
914 1844 971 1892 et
992 1844 1428 1896 consummatus
1447 1840 1654 1895 dicitur
1674 1841 1731 1894 in
1754 1841 1988 1911 vulgato
2010 1841 2098 1893 ΑΙ·
2117 1830 2173 1901 Β
2197 1840 2379 1893 visum
2403 1839 2745 1893 emendasse
2767 1842 2938 1909 atque
2957 1839 3352 1909 complevisse;
3372 1854 3435 1891 ac
3457 1837 3843 1908 postmodum

464 1932 652 1986 cuino.
682 1932 778 1986 His
811 1932 1032 1987 duobus
1069 1934 1278 1987 merito
1309 1933 1787 1988 annumerandus
1813 1937 1901 1986 est
1929 1932 2094 1987 Sido-

464 2025 592 2078 nius
615 2027 1006 2080 Arvernorum
1030 2026 1350 2097 episcopus,
1375 2027 1536 2097 cujus
1568 2026 1713 2081 libro
1738 2026 1807 2079 de
1828 2025 2004 2081 Missis
2025 2025 2096 2079 ab

465 2133 533 2172 eo
555 2118 886 2189 compositis
900 2119 1207 2189 Gregorius
1222 2120 1568 2174 Turonensis
1580 2120 1984 2191 praefationem
2004 2118 2099 2172 ad-

457 2210 666 2280 junxit,
701 2227 767 2264 ex
796 2210 892 2265 lib.
928 2228 964 2265 ιι
997 2212 1255 2267 Historiae
1287 2230 1411 2284 cap.
1441 2217 1528 2268 22.
1558 2215 1626 2267 Et
1647 2213 1946 2268 Salvianus
1964 2213 2100 2267 Mas-

466 2303 710 2357 siliensis
735 2305 1037 2375 presbyter
1076 2306 1425 2360 clarissimus
1453 2328 1482 2355 ‹‹
1522 2306 1791 2360 homilias
1819 2305 2099 2376 episcopis

464 2397 645 2451 factas
667 2398 898 2463 multas,
918 2402 1415 2452 sacramentorum
1434 2415 1589 2465 vero,
1616 2400 1861 2469 quantas
1881 2414 1986 2451 nec
2006 2414 2098 2451 re-

466 2490 693 2556 cordor,
727 2491 806 2544 ait
831 2492 1180 2558 Gennadius,
1215 2492 1556 2562 composuit.
1589 2514 1616 2541 ››
1642 2492 1766 2557 Quo
1788 2492 1847 2545 in
1870 2493 1994 2546 loco
2017 2508 2102 2546 sa-

467 2586 900 2637 cramentorum
920 2583 1588 2655 homiliaaintelliguntur
1602 2586 1691 2638 vel
1712 2601 2011 2639 sermones
2028 2584 2099 2637 de

468 2675 755 2746 mysteriis
780 2676 971 2743 sacris,
1004 2676 1157 2730 inter
1180 2677 1473 2730 Missarum
1500 2677 1782 2732 solemnia
1803 2677 2098 2749 quondam

468 2784 533 2820 ex
564 2784 728 2820 more
762 2768 1045 2838 gallicano
1072 2769 1298 2824 recitari
1331 2770 1538 2835 solitis;
1572 2771 1658 2824 vel
1682 2770 1973 2825 orationes
1999 2787 2099 2824 seu

467 2859 838 2929 prastationes
869 2861 943 2915 ad
979 2861 1236 2916 missam.
1275 2863 1431 2917 Mitto
1465 2863 1621 2934 quod
1648 2864 1706 2917 in
1746 2864 1860 2918 fine
1891 2864 2019 2918 libri
2046 2880 2099 2917 γι

467 2953 776 3024 Gregorius
802 2955 1148 3009 Turonensis
1190 2956 1448 3026 pontifex
1475 2957 1652 3010 tradit
1685 2957 1755 3011 de
1782 2956 2101 3028 Chilperico

467 3062 625 3116 rege,
651 3047 746 3117 qui
776 3047 927 3101 inter
950 3048 1061 3102 alia
1092 3050 1368 3119 opuscula
1397 3050 1647 3120 hymnos
1675 3049 1899 3120 scripsit
1931 3070 1959 3098 ‹‹
1986 3050 2100 3103 sive

468 3138 691 3206 missas,
722 3156 849 3210 quae
878 3141 1035 3195 nulla
1071 3142 1296 3196 ratione
1326 3142 1531 3213 suscipi
1562 3146 1818 3213 possunt.
1856 3163 1883 3192 »

2195 1934 2429 1986 Petrum
2462 1932 2813 1986 llerdcnsem
2842 1931 3180 1998 antistitem,
3211 1935 3269 1986 et
3298 1931 3529 1985 Salvum
3559 1930 3844 1985 abbatem

2195 2025 2619 2079 Albueldensem
2648 2025 2840 2079 eidem
2868 2028 3216 2096 argumento
3247 2041 3482 2078 navasse
3511 2039 3784 2094 operam.
3811 2045 3841 2071 »

2196 2121 2296 2172 Ast
2333 2118 2645 2189 Elipandus
2684 2118 2992 2172 Toletanus
3038 2118 3337 2188 episcopus
3378 2117 3437 2170 in
3474 2116 3720 2187 epistola
3768 2115 3846 2169 ad

2196 2212 2467 2265 Albinum
2510 2228 2610 2265 seu
2659 2210 2984 2277 Alcuinum,
3025 2212 3330 2265 Toletanos
3377 2212 3604 2264 sanctos
3638 2210 3846 2263 Patres

2199 2304 2461 2375 agnoscit
2488 2304 2795 2357 missarum
2825 2303 3309 2358 Mozarabicarum
3341 2306 3624 2368 auctores,
3659 2302 3720 2355 in
3752 2302 3845 2356 his

2199 2397 2481 2452 Isidorum
2507 2414 2519 2451 :
2546 2398 2844 2467 signanter
2858 2413 2993 2451 vero
3026 2396 3371 2467 Eugenium,
3388 2396 3771 2462 Ildefonsum,
3788 2399 3849 2450 et

2197 2490 2489 2545 Iulianum
2527 2490 2791 2560 exprimit
2829 2490 3071 2557 libellus,
3101 2506 3277 2560 quem
3305 2489 3607 2543 confutant
3639 2489 3845 2543 Patres

2201 2583 2422 2638 concilii
2466 2582 2993 2637 Francofordiensis
3032 2582 3184 2653 apud
3219 2581 3542 2636 Alcuinum.
3576 2580 3844 2645 Quorum

2204 2677 2393 2730 nullus
2423 2677 2699 2730 saeculum
2722 2692 2798 2729 vn
2820 2675 3110 2746 praecedit.
3136 2676 3259 2729 Non
3282 2690 3421 2745 ergo
3454 2673 3526 2728 ad
3559 2675 3842 2729 saeculum

2200 2786 2233 2821 v
2261 2768 2516 2823 revocari
2548 2772 2785 2839 possunt
2819 2767 3140 2821 istiusmodi
3180 2767 3502 2821 ofﬁciorum
3551 2771 3841 2822 auctores.

2276 2866 2359 2917 lO.
2394 2864 2515 2916 Duo
2549 2866 2745 2916 tamen
2787 2861 2955 2915 aﬁ'ert
2988 2861 3147 2915 idem
3186 2860 3491 2915 cardinalis
3519 2860 3591 2918 ad
3621 2861 3842 2932 produ-

2202 2956 2445 3010 cendam
2464 2956 2633 3027 hujus
2653 2955 2795 3009 ritus
2814 2955 3244 3025 antiquitatem.
3264 2956 3453 3008 Unum
3478 2958 3581 3019 est,
3606 2954 3845 3025 quodin

2203 3049 2378 3103 missa
2410 3049 2479 3103 de
2505 3052 2701 3103 sancto
2722 3048 2982 3113 Martino,
3009 3047 3103 3118 qui
3128 3047 3365 3101 ineunte
3393 3048 3599 3101 saeculo
3628 3064 3662 3098 v
3686 3047 3843 3100 vive-

2200 3158 2262 3196 re
2292 3142 2477 3210 desiit,
2507 3142 2628 3195 haac
2656 3142 2928 3213 leguntur
2952 3140 3011 3195 in
3040 3140 3227 3195 ofﬁcio
3254 3140 3603 3194 Mozarabico
3633 3157 3647 3194 :
3687 3143 3847 3195 Hunc

538 3234 590 3286 4.
628 3192 790 3287 Tales
827 3238 1107 3300 auctores,
1149 3235 1207 3288 id
1245 3238 1331 3288 est
1369 3192 1665 3304 Hilarriurm,
1707 3237 1999 3303 Musaeum,
2043 3192 2177 3289 etC
2200 3238 2395 3297 virum,
2420 3192 2573 3306 quem
2593 3192 2770 3290 aetatis
2789 3239 2985 3290 nostra
3009 3239 3248 3305 tempora
3265 3233 3849 3305 praemleruntjubeas

469 3324 793 3391 Sidonium,
814 3325 1078 3380 habuisse
1110 3326 1337 3381 videtur
1366 3328 1519 3383 Ordo
1547 3329 1736 3383 missae
1755 3312 2098 3396 Gallicanus,

469 3434 643 3488 quem
671 3434 704 3471 a
730 3419 994 3473 Romano
1026 3419 1313 3473 diversum
1343 3425 1586 3475 exeunte
1614 3422 1821 3476 smculo
1844 3438 1899 3475 γι
1926 3421 2098 3475 fuisse

468 3513 692 3565 constat
714 3528 779 3565 ex
804 3511 1044 3582 epistola
1072 3513 1330 3584 Gregorii
1361 3514 1559 3584 magni
1582 3514 1656 3568 ad
1680 3514 2097 3585 Augustinum:

469 3603 568 3674 qui
596 3604 764 3659 tertio
800 3606 925 3659 loco
967 3606 1307 3677 Gregorium
1346 3607 1740 3677 interrogavit,
1784 3624 1938 3661 «cur
1968 3625 2097 3661 cum

468 3714 584 3752 una
614 3697 685 3751 sit
715 3698 877 3765 ﬁdes,
913 3699 1150 3769 diversa:
1179 3700 1293 3754 sint
1321 3699 1701 3754 Ecclesiarum
1733 3701 2097 3755 consuetudi-

468 3807 599 3857 nes;
630 3795 689 3845 et
716 3793 897 3846 altera
926 3794 1281 3848 consuetudo
1314 3793 1620 3847 missarum
1639 3793 1697 3847 in
1720 3794 1985 3849 Romana
2007 3812 2099 3849 ec-

472 3883 662 3952 clesia,
678 3887 850 3955 atque
875 3886 1056 3939 altera
1078 3885 1133 3939 in
1159 3886 1472 3941 Galliarum
1495 3886 1756 3941 Ecclesiis
1778 3890 2097 3942 teneatur.»

468 3976 725 4047 Denique
750 3978 1047 4031 Hilduinus
1073 3978 1131 4031 in
1164 3979 1403 4049 epistola
1424 3980 1833 4051 Areopagiticis
1871 3981 2103 4051 praaﬁxa

468 4070 757 4124 existimat
797 4068 923 4142 3O
959 4090 986 4119 «
1024 4070 1214 4124 missae
1253 4072 1520 4126 ordinem
1567 4089 1732 4127 more
1771 4073 1983 4128 Gallico
2030 4075 2101 4129 ab

466 4162 630 4217 initio
671 4166 917 4232 receptae
952 4162 1088 4216 ﬁdei
1120 4185 1148 4212 ››
1188 4163 1246 4217 in
1278 4163 1367 4217 his
1398 4165 1656 4235 partibus
1691 4166 2003 4221 obtinuisse
2028 4168 2107 4222 ad

468 4255 654 4310 Caroli
679 4255 867 4325 Magni
904 4254 1313 4326 principatum.

538 4351 589 4402 8.
618 4349 691 4401 At
710 4364 827 4402 non
849 4348 995 4403 adeo
1018 4349 1322 4420 antiquum
1346 4367 1469 4405 esse
1488 4352 1903 4409 Mozarabicum
1926 4355 2101 4410 ritum

467 4439 835 4495 consentiunt
855 4440 1138 4512 Hispanici
1162 4447 1442 4511 auctores,
1464 4446 1560 4516 qui
1586 4446 1708 4517 ejus
1725 4447 2008 4519 originem
2029 4449 2103 4503 ad

2199 3330 2470 3383 auxilium
2496 3332 2692 3384 nostris
2717 3329 2909 3398 afferre
2930 3329 3273 3398 temporibus.
3302 3327 3583 3394 Alterum,
3603 3326 3764 3398 quod
3787 3327 3845 3381 in

2202 3421 2440 3476 concilio
2480 3438 2539 3475 ιιι
2577 3423 2853 3476 Toletano
2894 3421 3031 3474 anni
3077 3424 3178 3475 589
3209 3420 3479 3474 statuitur
3505 3420 3757 3491 capitulo
3789 3424 3841 3485 2,

2194 3532 2297 3588 per
2332 3531 2507 3571 omnes
2541 3516 2785 3569 ecclesias
2819 3516 3096 3584 Hispaniae
3132 3514 3216 3568 vel
3255 3515 3447 3570 Galliae
3498 3513 3843 3584 Symbolum

2203 3608 2518 3675 decantari,
2544 3608 2879 3679 priusquam
2899 3607 3081 3662 oratio
3104 3607 3405 3661 Dominica
3425 3606 3715 3661 recitetur.
3734 3606 3845 3671 Qui

2201 3703 2342 3757 ritus
2386 3706 2471 3755 est
2511 3701 2698 3755 missa:
2723 3700 3087 3755 Mozarabicae
3126 3700 3448 3770 peculiaris.
3487 3700 3601 3754 Sed
3636 3699 3846 3771 reponi

2202 3799 2409 3867 potest,
2453 3796 2575 3849 haec
2614 3795 2807 3861 verba,
2834 3798 3031 3848 nostrae
3060 3796 3258 3855 aetatis,
3303 3794 3388 3847 vel
3427 3810 3493 3847 ex
3531 3792 3847 3863 antiquiori

2201 3889 2456 3960 Liturgia
2478 3888 2783 3958 desumpta
2804 3886 2994 3953 fuisse,
3009 3887 3097 3940 vel
3118 3886 3346 3956 longius
3368 3902 3543 3956 quam
3563 3885 3635 3939 ad
3658 3903 3843 3941 unum

2204 3984 2475 4037 saeculum
2520 3979 2778 4051 protrahi
2824 3996 3028 4050 posse;
3070 3982 3127 4033 et
3163 3982 3441 4034 statutum
3479 3978 3549 4032 de
3583 3978 3846 4049 Symboli

2203 4080 2337 4130 ante
2359 4075 2681 4130 orationem
2705 4072 3067 4128 Dominicam
3085 4072 3424 4127 recitatione
3439 4088 3651 4127 novum
3668 4072 3845 4127 fuisse

2202 4170 2277 4224 ad
2308 4167 2733 4225 corroborandas
2774 4168 3045 4221 hominum
3077 4167 3355 4222 invalidas
3390 4171 3609 4230 mentes,
3648 4168 3715 4219 ut
3761 4167 3843 4221 lo-

2205 4266 2465 4334 quuntur
2494 4260 2719 4315 concilii
2744 4261 2960 4315 Patres.

2278 4360 2362 4410 Η.
2405 4356 2579 4409 Certe
2610 4354 2938 4408 Romanum
2978 4352 3175 4420 ritum,
3221 4354 3425 4407 saltem
3463 4352 3521 4406 in
3548 4353 3849 4424 provincia

2205 4447 2555 4514 Bracarensi,
2574 4446 2779 4518 Vigilio
2798 4446 3070 4518 pontiﬁce
3085 4446 3339 4502 maximo
3353 4447 3525 4501 fuisse
3542 4451 3845 4520 receptum

467 4534 794 4588 Leandrum
818 4538 876 4588 et
896 4534 1175 4589 Isidorum
1191 4537 1787 4611 saeculivuepiscopos
1806 4544 2095 4596 revocant.
2119 4560 2178 4631 D
2202 4545 2427 4597 constat
2462 4558 2529 4595 ex
2570 4540 2810 4595 concilio
2850 4556 2890 4594 ιι
2922 4540 3255 4594 Bracarensi
3292 4540 3429 4595 anni
3468 4544 3591 4608 563,
3630 4542 3690 4597 in
3728 4559 3844 4614 quo

468 4626 744 4681 Baronius
787 4626 860 4681 ad
900 4644 1119 4681 annum
1172 4631 1274 4683 633
1318 4630 1440 4700 ejus
1480 4636 1775 4687 auctorem
1818 4633 2099 4688 lsidorum

467 4719 727 4790 agnoscit
749 4720 855 4773 hac
880 4720 1124 4775 ratione.
1143 4722 1285 4776 Cum
1305 4723 1462 4779 enim
1482 4727 1679 4780 Patres
1704 4727 1762 4780 in
1784 4726 2023 4781 concilio
2048 4743 2102 4780 IV

464 4813 738 4866 Toletano
771 4814 907 4867 tunc
935 4814 1214 4885 temporis
1241 4817 1436 4874 habito
1465 4819 1850 4874 decrevissent
1879 4836 2099 4874 canone

466 4908 518 4972 2,
536 4908 597 4957 ut
618 4922 722 4975 per
743 4922 981 4960 omnem
1004 4907 1335 4979 Hispaniam
1360 4916 1418 4966 et
1448 4914 1711 4979 Galliam,
1735 4911 1949 4966 scilicet
1968 4914 2103 4967 Nar-

464 4997 809 5066 bonensem,
826 5016 954 5070 qua:
968 5000 1164 5056 Gothis
1177 5004 1582 5076 Hispaniarum
1596 5005 1828 5075 regibus
1844 5008 1978 5061 tunc
1995 5023 2097 5077 pa-

465 5092 648 5159 rebat,
665 5092 819 5147 idem
836 5094 1043 5149 modus
1058 5095 1114 5149 in
1134 5098 1443 5154 missarum
1458 5099 1919 5153 solemnitatibus
1931 5103 2097 5154 caete-

465 5185 654 5257 risque
680 5186 882 5241 ofﬁciis
903 5184 1259 5257 servaretur;
1281 5193 1429 5252 hanc
1451 5208 1648 5246 curam
1673 5192 1887 5248 Isidoro
1910 5194 2102 5265 Hispa-

465 5278 609 5333 lensi
627 5280 928 5335 sanctitate
943 5285 1001 5336 et
1012 5282 1273 5338 doctrina
1291 5284 1768 5354 praestantimmo
1782 5286 2049 5359 episcopo
2066 5304 2101 5343 θ,

464 5372 725 5426 Patribus
751 5374 1167 5429 demandatam
1206 5375 1397 5429 fuisse.
1434 5377 1605 5431 Favet
1635 5378 1766 5433 huic
1797 5380 2099 5435 sententiae

464 5464 662 5519 titulus
685 5467 855 5520 ofﬁcii
886 5467 1107 5522 Gothici
1133 5466 1190 5520 in
1216 5468 1411 5535 Editis,
1441 5469 1535 5523 ubi
1564 5492 1591 5520 «
1608 5489 1641 5525 a
1664 5476 1861 5528 sancto
1882 5473 2099 5529 Isidoro

466 5557 795 5613 ordinatum
825 5581 852 5608 »
879 5559 1102 5613 dicitur.
1126 5560 1340 5614 Verum
1363 5562 1611 5619 Isidorus
1630 5565 1752 5637 ipse
1775 5566 1831 5620 in
1862 5567 2004 5623 libro
2028 5568 2099 5622 de

466 5649 845 5723 Scriptoribus
873 5650 1265 5706 ecclesiasticis
1282 5654 1527 5711 Leandri
1552 5660 1745 5714 fratris
1775 5660 1861 5715 sui
1891 5661 2101 5732 scripta

466 5760 791 5809 recensens,
824 5747 1069 5798 testatur
1093 5744 1281 5815 ipsum
1318 5770 1347 5797 «
1376 5748 1434 5804 in
1479 5754 1873 5809 ecclesiasticis
1899 5754 2101 5810 ofﬁciis

467 5853 583 5891 non
618 5853 790 5908 parvo
815 5838 1001 5895 studio
1032 5839 1343 5911 laborasse,
1375 5848 1432 5899 et
1464 5845 1521 5901 in
1550 5848 1807 5907 sacriﬁcii
1840 5848 2102 5905 laudibus

2200 4635 2549 4707 praecipitur,
2594 4650 2816 4689 canone
2856 4636 2908 4702 4,
2944 4639 3007 4689 ut
3044 4634 3224 4689 eodem
3271 4635 3460 4690 ordine
3499 4624 3675 4693 missae
3715 4638 3850 4691 cele-

2202 4730 2424 4784 brentur
2444 4729 2514 4782 ab
2542 4729 2802 4789 omnibus,
2823 4742 2977 4797 quem
3012 4720 3339 4797 profuturus
3373 4728 3647 4798 quondam
3686 4728 3849 4799 hujus

2201 4823 2626 4893 metropolitanae
2650 4822 2881 4875 ecclesia
2901 4823 3177 4890 episcopus
3196 4822 3265 4874 ab
3293 4824 3416 4892 ipsa
3436 4822 3744 4891 apostolica
3759 4837 3847 4877 se-

2200 4915 2286 4971 dis
2308 4917 2634 4969 auctoritate
2660 4916 2867 4984 accepit
2894 4911 3021 4985 32
3056 4916 3337 4983 scriptum.
3379 4915 3597 4985 Nempe
3626 4931 3660 4967 a
3689 4914 3846 4985 Vigi-

2200 5008 2277 5063 lio
2304 5025 2475 5079 papa,
2500 5008 2660 5077 cujus
2687 5006 3012 5077 epistolam,
3042 5023 3171 5077 quae
3194 5006 3251 5059 in
3279 5007 3526 5078 vulgatis
3548 5006 3709 5060 libris
3733 5004 3846 5062 Eu-

2200 5101 2387 5155 therio
2412 5100 2685 5171 inscripta
2719 5103 2862 5165 erat,
2890 5099 3197 5154 Profuturo
3231 5099 3369 5155 scite
3390 5100 3701 5154 vindicavit
3720 5118 3851 5155 eru-

2202 5194 2353 5249 ditus
2382 5193 2639 5247 Baluzius
2680 5195 2803 5245 tum
2835 5191 2893 5245 in
2928 5192 3081 5246 notis
3117 5193 3189 5247 ad
3220 5193 3583 5259 Gratianum,
3623 5196 3749 5248 tum
3786 5195 3848 5249 in

2200 5292 2362 5343 temo
2386 5303 2579 5342 inovse
2601 5284 2966 5340 Collectionis
2989 5286 3386 5353 conciliorum,
3410 5286 3507 5340 ubi
3523 5287 3708 5358 ipsam
3732 5289 3852 5359 epi-

2202 5382 2405 5437 stolam
2437 5380 2627 5434 denuo
2657 5377 2856 5433 excudi
2889 5378 3126 5433 curavit.
3167 5381 3228 5433 In
3262 5396 3331 5434 ea
3355 5397 3490 5435 vero
3518 5379 3597 5435 sic
3636 5380 3851 5451 legitur

2202 5492 2324 5546 cap.
2361 5478 2391 5528 ὅ
2424 5491 2436 5528 :
2475 5494 2503 5523 ‹‹
2544 5472 2822 5527 Ordinem
2864 5488 3096 5543 quoque
3134 5490 3392 5544 precum,
3423 5473 3481 5527 in
3513 5474 3849 5531 celebritate

2202 5569 2509 5624 missarum
2528 5567 2684 5621 nullo
2708 5582 2813 5620 nos
2833 5568 3121 5638 tempore,
3154 5567 3312 5620 nulla
3339 5567 3648 5623 festivitate
3667 5569 3848 5640 signi~

2200 5664 2442 5717 ﬁcamus
2469 5661 2681 5715 habere
2702 5659 2946 5715 divisum
2982 5676 2995 5714 :
3027 5659 3127 5713 sed
3149 5677 3384 5731 semper
3406 5661 3615 5715 eodem
3638 5665 3847 5718 tenore

2204 5756 2395 5810 oblata
2424 5756 2539 5809 Deo
2558 5769 2805 5808 munera
2824 5769 3182 5807 consecrare.
3199 5753 3435 5817 Quoties
3454 5771 3589 5809 vero
3606 5756 3850 5811 Pascha-

2202 5848 2290 5916 lis,
2320 5850 2419 5904 aut
2445 5845 2808 5903 Ascensionis
2837 5842 3188 5915 Domini,vel
3220 5848 3606 5915 Pentecostes,
3638 5851 3698 5904 et
3722 5849 3851 5924 Epi-
