4020 6232
168 324 252 379 129
702 326 709 329 ’
1141 325 1227 379 DE
1266 325 1580 381 LITUHGIA
1615 324 1985 380 GALLICANA
2026 327 2223 384 LIBER
2261 328 2526 386 PRIMUS.
3433 336 3532 396 130

164 432 370 506 phaniaa
405 418 870 504 sanctorumque
884 432 995 488 diei
1009 431 1417 503 fueritagenda
1434 434 1772 493 solemnitas
1816 446 1877 518 Α
1896 436 2062 489 cimus
2082 454 2099 489 :
2130 438 2315 492 Gloria
2335 444 2386 493 et
2413 442 2581 494 honor
2607 444 2783 503 Patri,
2806 447 2856 496 et
2882 444 3038 507 Filio,
3066 451 3118 500 et
3140 446 3375 517 Spiritui
3400 446 3527 522 34

164 528 369 598 singula
408 526 674 596 capitula
717 526 918 580 diebus
947 530 1080 598 apta
1116 526 1549 597 subjungimus,
1590 527 1795 598 quibus
1894 534 2097 591 sancto,
2127 546 2301 585 amen.
2323 536 2464 590 Nam
2486 539 2536 587 et
2565 536 2657 588 ille
2688 537 2936 604 hymnus,
2956 554 3110 607 quem
3134 546 3261 595 nato
3288 544 3345 595 in
3370 558 3532 597 carne

164 620 780 674 commemorationem
807 623 1015 673 sancta:
1044 620 1448 687 solemnitatis,
1474 624 1573 674 aut
1592 637 1793 674 eorum
1898 623 2105 679 Christo
2131 626 2313 693 angeli
2338 629 2641 681 cecinerunt
2667 647 2683 681 :
2715 629 2901 684 Gloria
2930 632 2986 684 in
3012 634 3231 687 excelsis
3254 636 3375 696 Deo,
3397 641 3447 689 et
3472 638 3531 690 in

162 713 400 779 facimus,
425 729 691 783 quorum
719 712 983 766 natalitia
1010 713 1370 767 celebramus
1395 731 1407 767 :
1432 717 1640 767 caetera
1660 730 1793 768 vero
1896 719 2043 769 terra
2066 732 2186 785 pax
2219 718 2519 774 hominibus
2551 720 2699 774 bona:
2738 723 3057 788 voluntatis,
3089 730 3140 779 et
3175 727 3387 795 reliqua
3412 744 3531 796 quap

162 806 343 861 ordine
370 810 661 860 consueto
690 805 1114 877 persequimur.
1143 805 1504 877 Quapropter
1535 810 1591 859 et
1619 806 1795 877 ipsius
1895 809 1972 861 ibi
2025 814 2355 879 sequuntur,
2413 814 2756 867 ecclesiastici
2805 816 3042 871 doctores
3103 827 3526 889 composuerunt.

160 898 432 954 canonica:
449 898 657 952 Precis
681 902 899 953 textum
927 898 1242 953 direximus
1263 899 1459 953 subter
1480 899 1792 969 adjectum,
1894 902 2061 971 Apud
2089 903 2278 956 Gallos
2308 904 2785 974 frequentabatur
2816 909 3001 965 Gloria
3028 913 3209 973 Patri,
3229 915 3371 966 teste
3398 913 3529 967 Gre-

162 1009 316 1063 quem
348 994 464 1046 Deo
492 992 758 1063 propitio
790 1010 857 1045 ex
894 992 1209 1062 apostolica
1238 993 1549 1047 traditione
1580 994 1796 1063 accepi-
1896 994 2058 1064 gorio
2093 995 2360 1066 episc0po
2399 998 2717 1052 Turonensi
2758 1000 2817 1053 in
2854 1001 2951 1055 lib.
2993 1019 3045 1056 v1
3082 1020 3206 1075 cap.
3238 1006 3324 1059 40.
3361 1006 3527 1070 Quod

159 1102 336 1139 mus.»
360 1086 476 1139 Hoc
499 1085 563 1138 in
590 1086 719 1139 loco
744 1085 985 1155 Vigilius
1014 1086 1204 1139 Precis
1234 1086 1472 1140 nomine
1495 1087 1791 1140 Canonem
1895 1104 2011 1141 non
2035 1088 2283 1159 probant
2301 1090 2559 1144 Toletani
2580 1093 2775 1145 Patres
2798 1093 2853 1146 in
2873 1111 3095 1150 canone
3117 1100 3200 1164 15,
3216 1099 3525 1170 voluntque

159 1195 314 1232 sacrae
340 1178 594 1232 actionis
624 1178 916 1249 intelligit,
942 1178 1025 1232 uti
1040 1178 1165 1249 jam
1188 1179 1449 1249 superius
1471 1179 1789 1233 observavi-
1896 1182 1957 1234 ut
1987 1181 2172 1237 Gloria
2204 1186 2255 1235 et
2284 1183 2451 1237 honor
2476 1186 2634 1238 Patri
2661 1184 2900 1240 dicatur.

158 1288 273 1325 mus
303 1288 316 1325 :
349 1288 529 1342 quem
571 1287 863 1326 canonem
897 1271 980 1324 ait
1007 1271 1182 1325 fuisse
1216 1272 1274 1325 in
1307 1272 1576 1326 omnibus
1610 1272 1789 1339 festis,
1966 1276 2049 1328 13.
2084 1274 2318 1328 Canone
2348 1279 2411 1330 18
2442 1276 2704 1347 arguitur
2734 1282 3123 1349 quorumdam
3156 1284 3523 1340 sacerdotum

159 1366 287 1419 sicut
317 1367 375 1418 et
403 1364 613 1431 modo,
642 1380 1039 1430 communem,
1069 1368 1280 1435 praeter
1305 1366 1620 1436 singularia
1646 1366 1794 1436 capi-
1893 1368 2267 1434 consuetudo,
2312 1369 2410 1439 qui
2445 1375 2570 1439 post
2608 1371 2811 1426 dictam
2849 1377 3144 1430 orationem
3194 1380 3526 1433 Dominicam

158 1459 261 1512 tula
289 1458 599 1529 praecipuis
629 1458 787 1512 festis
814 1458 1164 1529 peculiaria:
1190 1459 1247 1512 in
1274 1459 1479 1530 quibus
1496 1464 1697 1514 sanctae
1714 1474 1793 1514 so-
1889 1462 2075 1514 statim
2112 1465 2525 1527 communicant,
2569 1469 2621 1518 et
2658 1470 2848 1534 postea
2886 1469 3295 1524 benedictionem
3330 1474 3388 1525 in
3419 1487 3521 1542 po-

160 1553 453 1614 lemnitatis,
472 1555 580 1605 aut
598 1568 803 1606 eorum
826 1551 1003 1605 ﬁebat
1025 1552 1333 1619 memoria,
1353 1569 1580 1622 quorum
1594 1553 1793 1608 natali-
1884 1554 2019 1624 pulo
2067 1554 2231 1623 dant;
2269 1556 2673 1627 statuiturque,
2705 1562 2767 1611 ut
2794 1566 2920 1629 post
2946 1565 3239 1643 orationem
3277 1566 3518 1619 Domini-

158 1644 922 1708 tiacelebrabantur.Qualia
939 1645 1117 1699 etiam
1137 1662 1287 1699 nunc
1304 1645 1656 1700 habemusin
1670 1662 1793 1700 ora-
1890 1662 2008 1700 cam
2048 1651 2100 1701 et
2142 1648 2559 1716 conjunctionem
2587 1654 2753 1721 panis
2786 1658 2836 1707 et
2879 1654 3085 1717 calicis,
3135 1656 3427 1712 benedictio
3467 1660 3525 1713 in

160 1738 299 1792 tione
322 1738 864 1803 Communicantes,
890 1755 1019 1808 qua:
1048 1738 1105 1792 in
1132 1738 1435 1809 praecipuis
1454 1739 1615 1793 festis
1636 1738 1790 1793 varia
1886 1742 2148 1809 populum
2166 1748 2424 1811 sequatur
2449 1746 2583 1796 ante
2611 1747 3109 1801 communionem.
3135 1749 3272 1803 Huic
3294 1750 3523 1807 decreto

160 1835 249 1884 est.
268 1830 362 1884 Hic
384 1835 591 1885 autem
616 1831 778 1897 ritus,
795 1831 865 1885 de
888 1846 1002 1901 quo
1024 1831 1263 1901 Vigilius
1283 1832 1424 1902 agit,
1444 1832 1600 1886 haud
1617 1832 1789 1886 dubie
1811 1815 1866 1886 Β
1891 1832 2066 1886 afﬁne
2092 1837 2177 1886 est
2198 1835 2353 1905 quod
2381 1836 2658 1890 Caesarius
2690 1837 2745 1891 in
2769 1855 3040 1895 sermone
3062 1845 3156 1895 281
3189 1843 3525 1914 appendicis

160 1924 473 1978 Gelasianus
497 1929 629 1978 erat
654 1941 666 1979 :
695 1940 869 1995 quem
902 1924 1148 1993 proinde
1176 1926 1382 1979 saeculo
1413 1941 1465 1978 v1
1494 1925 1790 1995 provincia
1891 1925 1965 1979 ad
2004 1943 2213 1981 novam
2253 1927 2570 1983 editionem
2614 1948 2954 1987 sermonum
2992 1935 3298 2005 Augustini
3325 1937 3524 1991 ﬁdeles

158 2017 343 2071 saltem
373 2016 749 2071 Bracarensis
778 2016 1015 2087 recepit.
1038 2018 1111 2070 At
1130 2033 1261 2072 cum
1288 2018 1578 2072 Toletanis
1598 2018 1787 2073 conci-
1889 2023 2110 2086 monet,
2128 2023 2189 2074 ut
2210 2021 2437 2091 quivult
2456 2022 2693 2077 missam
2713 2025 2828 2079 «ad
2847 2026 3141 2096 integrum
3165 2029 3518 2098 celebrare,»

160 2110 237 2163 liis
261 2127 317 2164 m
344 2114 401 2163 et
433 2127 489 2164 IV
522 2111 907 2165 Bracarenses
947 2112 1202 2183 episcOpi
1230 2111 1648 2179 interfuissent,
1685 2128 1785 2166 no-
1890 2111 1947 2165 id
1978 2115 2065 2165 est
2088 2113 2308 2179 audire,
2347 2134 2375 2162 «
2407 2130 2703 2186 usquequo
2733 2118 2918 2171 oratio
2950 2119 3256 2175 Dominica
3278 2122 3519 2191 dicatur,

159 2218 275 2256 vum
303 2204 480 2257 ritum
510 2204 574 2258 in
612 2204 692 2259 eis
722 2205 1122 2277 praescriptum
1153 2206 1416 2260 Romano
1446 2205 1529 2275 (ut
1553 2205 1788 2259 credere
1891 2207 1948 2258 et
1981 2205 2308 2260 benedictio
2352 2209 2565 2278 populo
2608 2208 2794 2276 detur,
2824 2230 2851 2258 »
2887 2227 2947 2264 se
2978 2211 3037 2265 in
3067 2213 3306 2267 ecclesia
3336 2215 3519 2269 conti-

160 2313 251 2367 par
276 2300 375 2366 est)
397 2299 808 2368 praetulerunt.
833 2301 902 2353 Et
927 2299 1428 2370 quemadmodum
1453 2300 1701 2370 hymnos
1723 2316 1787 2353 ex
1890 2301 2042 2351 neat.
2060 2298 2197 2362 Quae
2214 2298 2540 2355 benedictio
2559 2324 2585 2349 ‹‹
2599 2302 2897 2372 praemissa
2910 2304 3171 2359 oratione
3184 2306 3517 2362 Dominica»

160 2393 335 2445 sancto
374 2391 623 2458 Hilario,
662 2392 742 2447 sic
779 2393 958 2447 etiam
1003 2410 1170 2447 suum
1212 2394 1454 2447 fortasse
1502 2392 1678 2446 ritum
1722 2409 1788 2446 ex
1891 2390 2017 2444 dari
2048 2390 2255 2445 dicitur
2283 2392 2342 2445 in
2376 2409 2645 2447 sermone
2676 2396 2961 2465 sequenti.
2988 2397 3103 2451 Huc
3124 2402 3345 2468 spectat
3364 2399 3522 2471 quod

161 2483 431 2538 Gallorum
451 2484 791 2540 imitatione
810 2490 1157 2557 acceperunt
1174 2486 1428 2557 Hispani.
1448 2485 1788 2541 Ubimemo-
1890 2483 2101 2554 legitur
2134 2484 2191 2537 in
2224 2484 2321 2538 lib.
2354 2502 2369 2539 1
2401 2485 2472 2539 de
2515 2487 2774 2556 ejusdem
2804 2489 3035 2544 Caesarii
3066 2491 3181 2545 vita
3216 2509 3377 2546 num.
3412 2494 3477 2547 14
3504 2510 3518 2547 :

160 2576 291 2630 riam
312 2578 465 2632 subit
490 2579 718 2633 factum
742 2580 945 2651 magni
967 2580 1200 2635 Caesarii
1222 2578 1477 2651 episcopi
1496 2581 1790 2633 Arelaten-
1894 2598 1922 2625 ‹‹
1951 2578 2083 2631 Post
2114 2578 2237 2630 haec
2258 2578 2511 2649 quadam
2539 2579 2631 2633 die
2661 2582 3017 2652 prospiciens
3038 2584 3108 2637 de
3135 2584 3359 2653 altario,
3382 2585 3524 2640 vidit

164 2671 243 2736 sis,
266 2672 359 2742 qui
384 2694 411 2720 «
438 2684 548 2743 per
570 2672 799 2727 Italiam
822 2678 879 2727 et
900 2674 1235 2744 Hispaniam
1260 2697 1286 2722 ››
1312 2673 1583 2728 homilias
1601 2689 1788 2727 sacras
1890 2669 2112 2740 aliquos
2143 2670 2306 2723 lectis
2330 2672 2656 2742 Evangeliis
2685 2673 2755 2726 de
2788 2676 3029 2729 ecclesia
3048 2677 3203 2731 foras
3225 2678 3396 2745 exire,
3423 2679 3522 2749 qui

164 2762 404 2819 distribui
432 2766 683 2833 curavit,
710 2764 837 2839 33
864 2788 892 2816 ‹‹
915 2771 977 2821 01
1002 2767 1272 2839 projectis
1304 2767 1473 2822 rebus
1494 2766 1710 2821 frivolis
1733 2768 1791 2819 et
1888 2763 2127 2816 verbum
2158 2763 2314 2817 beati
2341 2764 2478 2831 Viri,
2508 2765 2567 2818 id
2593 2769 2679 2819 est
2712 2768 3210 2837 praedicationem,
3241 2771 3521 2841 dedigna-

163 2857 386 2927 caducis,
403 2860 578 2930 juxta
610 2861 971 2931 Apostolum,
992 2860 1279 2915 bonorum
1310 2876 1552 2931 operum
1580 2861 1789 2913 ﬁerent
1889 2854 2101 2909 bantur
2123 2856 2182 2909 in
2206 2857 2395 2927 primo
2420 2874 2787 2928 cognoscere.
2812 2861 2966 2916 111100
2989 2878 3293 2917 occurrens
3316 2865 3525 2920 clama-

160 2955 470 3019 sectatores,
503 2976 533 3003 ››
568 2971 639 3007 ex
671 2954 794 3024 ejus
821 2954 961 3007 V’itce
989 2953 1134 3008 libro
1168 2954 1378 3024 primo,
1413 2970 1575 3007 num.
1606 2956 1691 3007 31.
1889 2948 1968 3002 vit
1998 2948 2071 3002 ad
2103 2950 2380 3020 populum
2414 2967 2427 3004 :
2463 2951 2611 3014 Quid
2638 2952 2827 3022 agitis,
2852 2970 2885 3008 0
2915 2955 3056 3008 ﬁlii?
3085 2956 3208 3019 Quo
3242 2956 3523 3014 ducimini

226 3049 302 3099 12.
325 3048 385 3100 10
408 3047 662 3102 00001110
683 3048 958 3102 Toletano
983 3064 1036 3101 ιν
1057 3047 1327 3118 quaedam
1350 3045 1790 3101 constitutiones
1888 3041 2043 3095 foras
2081 3042 2236 3096 mala
2276 3043 2541 3097 suasione
2581 3044 2873 3099 subversi?
2904 3046 3060 3101 State
3084 3064 3189 3118 pro
3217 3049 3523 3105 animabus

164 3137 312 3192 facta
348 3145 500 3205 sunt,
532 3157 786 3211 quarum
828 3140 1314 3197 commemoratio
1356 3140 1489 3194 huic
1518 3140 1643 3194 loco
1672 3156 1788 3194 non
1812 3183 1867 3256 Ο
1893 3134 2093 3188 vestris
2122 3136 2195 3189 ad
2224 3136 2461 3190 verbum
2491 3137 2925 3206 admonitionis,
2960 3144 3019 3193 et
3047 3141 3517 3211 auditesolliciti.

164 3247 344 3256 ..η-η...
384 3233 651 3256 _-_._I-_-:1
700 3235 924 3256 n-_-_-
964 3237 979 3256 ι
1003 3240 1015 3256 ι
1057 3238 1280 3256 -----ι-.,.
1314 3233 1534 3256 ιιι,ι--ε..
1566 3234 1618 3256 :..
1646 3233 1761 3256 Λα..
1894 3228 2007 3256 ιιι-η.
2035 3228 2276 3256 ..-1.:-:..
2304 3229 2392 3256 A:-
2426 3229 2619 3256 :..A:-::
2646 3231 2832 3256 c---..-
2864 3249 2975 3256 ...ιη
3003 3233 3188 3256 ιε--ι.ει
3242 3235 3436 3256 Il-_--
3471 3240 3517 3256 ,ι

163 3247 350 3301 parum
378 3233 675 3288 conducit.
698 3235 931 3289 Canone
961 3237 1017 3289 11
1049 3238 1281 3290 cavetur
1298 3233 1541 3287 Alleluia
1564 3234 1622 3287 in
1645 3233 1793 3297 Qua-
1814 3228 1867 3256 υ
1892 3228 2009 3282 Hoc
2035 3228 2194 3282 vobis
2220 3229 2278 3282 in
2302 3229 2394 3283 die
2419 3229 2624 3299 judicii
2644 3231 2834 3285 facere
2863 3249 2979 3286 non
3002 3233 3212 3288 licebit.
3240 3235 3442 3291 Moneo
3465 3240 3525 3291 et

167 3322 476 3395 dragesima
509 3326 664 3381 dici:
691 3330 748 3380 et
770 3344 991 3382 canone
1024 3329 1314 3385 l2Laudes
1334 3328 1792 3399 postApostolum
1892 3322 2078 3376 clamo
2126 3322 2529 3393 obtestorque;
2581 3340 2697 3377 non
2746 3342 2884 3396 ergo
2931 3330 3113 3381 estote
3156 3328 3384 3399 fugitivi
3430 3329 3519 3384 vel

164 3416 444 3482 demutari,
462 3422 795 3490 priusquam
810 3423 1163 3491 Evangelium
1181 3422 1531 3493 praedicetur,
1547 3422 1677 3474 dum
1695 3435 1787 3474 ca-
1892 3414 2067 3468 surdi.
2096 3416 2238 3469 Ecce
2267 3415 2381 3470 oris
2411 3416 2528 3469 mei
2548 3416 2811 3485 buccina,
2841 3419 3005 3490 quasi
3029 3420 3227 3475 anima
3247 3422 3521 3493 cujusque

165 3526 306 3567 nones
345 3515 685 3584 precipiunt
724 3519 847 3583 post
886 3516 1222 3584 Αροειοιωη,
1273 3530 1379 3569 non
1422 3514 1653 3576 Laudes,
1697 3512 1791 3567 sed
1890 3511 2143 3562 vestrum
2176 3509 2350 3563 fuerit
2377 3508 2591 3564 diaboli
2618 3526 2895 3565 mucrone
2928 3518 3250 3585 perempta.
3280 3516 3403 3570 Non
3435 3519 3519 3570 te-

162 3607 498 3675 Evangelium
524 3610 871 3662 annuntiari.
896 3606 1123 3662 Garsias
1151 3607 1375 3662 Loiaisa
1401 3606 1663 3661 Laudum
1693 3622 1790 3660 no-
1891 3603 2074 3656 nebor
2100 3602 2170 3656 de
2200 3602 2587 3657 taciturnitate
2619 3604 2935 3674 eulpabilis.
2962 3607 3045 3660 Ob
3067 3608 3175 3661 hoc
3207 3608 3522 3679 saepissime

168 3699 307 3753 mine
326 3700 607 3773 intelligit
628 3703 911 3773 hymnum
933 3701 1107 3754 trium
1128 3702 1549 3771 puerorum.At
1567 3703 1788 3754 certum
1891 3696 2038 3749 ostia
2066 3699 2197 3766 post
2223 3696 2533 3767 Evangelia
2562 3697 2751 3751 claudi
2771 3698 2927 3765 fecit,
2951 3699 3135 3754 donec
3153 3702 3271 3755 Deo
3292 3703 3521 3757 volente

170 3794 241 3845 est
260 3793 502 3849 Alleluia
530 3794 849 3866 signiﬁcari
881 3795 990 3849 hoc
1028 3795 1173 3849 loco.
1204 3794 1452 3848 Isidorus
1478 3794 1549 3848 de
1583 3793 1789 3848 divinis
1891 3790 2321 3860 gratularentur
2373 3788 2498 3861 35
2554 3790 2903 3844 coercitione
2959 3795 3017 3845 et
3067 3797 3359 3863 provectu,
3420 3795 3522 3866 qui

170 3883 363 3941 Ofﬁciis
400 3904 529 3959 cap.
581 3891 664 3942 13.
698 3909 726 3935 ‹‹
764 3887 1005 3953 Laudes,
1048 3887 1256 3958 inquit,
1285 3888 1393 3942 hoc
1426 3890 1511 3941 est
1544 3886 1789 3941 Alleluia
1888 3882 2120 3936 fuerant
2150 3886 2283 3935 ante
2311 3882 2556 3951 fugitivi.

170 3993 376 4034 canere.
406 4004 434 4030 ι»
466 3982 542 4035 Ε1
571 3981 896 4052 signantius
920 3978 1265 4034 Walafridu’s
1303 3980 1539 4035 Strabus
1568 3979 1627 4032 in
1659 3996 1784 4051 cap.
1963 3977 2046 4029 14.
2071 3976 2433 4029 Hunclocum
2452 3975 2745 4045 integrum
2763 3977 2953 4045 retuli,
2974 3981 3097 4033 tum
3121 3980 3256 4051 quia
3278 3979 3522 4053 insignis

171 4074 257 4127 22:
280 4095 305 4121 ‹‹
323 4074 714 4146 Responsoria
740 4078 799 4128 et
816 4074 1078 4141 Alleluia,
1104 4091 1232 4145 quae
1254 4077 1387 4128 ante
1410 4075 1786 4146 Evangelium
1890 4072 1993 4137 est,
2022 4072 2145 4122 tum
2175 4072 2235 4122 ut
2263 4072 2540 4139 appareat
2566 4068 2746 4123 moris
2772 4070 2945 4125 fuisse
2970 4073 3237 4141 Caesario,
3263 4075 3422 4129 lectis
3448 4077 3522 4131 ad

169 4169 472 4235 cantantur,
494 4167 709 4222 deinde
729 4167 1002 4238 adjuncta
1018 4167 1304 4235 videntur,
1325 4171 1632 4240 postquam
1646 4168 1789 4222 anti-
1889 4162 2127 4217 missam
2155 4162 2497 4233 Evangeliis,
2533 4180 2866 4219 sermonem
2888 4165 2961 4219 ad
2981 4168 3259 4238 populum
3283 4168 3517 4225 habere.

166 4257 355 4327 phonaa
381 4262 455 4315 ad
478 4261 807 4332 ingressum
831 4260 943 4315 dici
965 4261 1342 4332 exspirarunt.
1360 4262 1497 4325 Qum
1518 4266 1577 4316 et
1596 4262 1789 4316 viden-
1888 4258 2011 4311 Non
2042 4258 2229 4311 solum
2258 4259 2454 4310 autem
2486 4256 2544 4310 in
2577 4258 2873 4328 provincia
2896 4262 3237 4329 Arelatensi,
3264 4262 3363 4316 sed
3386 4267 3444 4316 et
3461 4264 3523 4319 in

166 4352 248 4405 tur
260 4354 563 4424 prohibita:
582 4355 902 4409 canonibus
919 4355 1325 4426 Hispanorum,
1342 4355 1440 4426 qui
1463 4356 1637 4426 longo
1660 4358 1789 4426 post
1888 4351 2014 4405 aliis
2035 4351 2358 4404 invaluerat
2379 4367 2551 4421 prava
2577 4351 2699 4405 huic
2721 4353 3096 4420 consuetudo,
3118 4358 3179 4408 ut
3198 4360 3328 4425 post
3346 4357 3525 4411 Evan-

168 4447 410 4518 tcmpore
442 4452 579 4502 sunt
605 4448 922 4503 constituti.
946 4451 1007 4502 In
1032 4448 1141 4502 illis
1167 4448 1321 4502 enim
1339 4448 1576 4518 jubetur
1597 4465 1668 4502 ne
1691 4448 1788 4501 ali-
1890 4444 2106 4515 gelium
2136 4443 2403 4498 nonnulli
2431 4443 2692 4498 ﬁdelium
2716 4448 2851 4499 ante
2874 4445 3108 4500 missam
3137 4447 3518 4504 discederent.

174 4540 283 4608 quis
298 4540 549 4612 hymnus
570 4542 724 4595 inter
744 4542 1055 4597 lectionem
1079 4541 1456 4613 apostolicam
1476 4544 1533 4595 et
1552 4557 1793 4612 evange-
1812 4553 1871 4624 D
1896 4537 2256 4609 Quapropter
2277 4536 2500 4591 diversa
2522 4538 2627 4591 hac
2648 4537 2718 4591 de
2741 4555 2802 4591 re
2819 4537 2878 4591 in
2892 4539 3145 4593 conciliis
3163 4544 3374 4594 statuta
3393 4557 3525 4596 con-

171 4630 325 4687 licam
346 4635 403 4688 in
427 4635 637 4689 ordine
659 4635 849 4689 missae
869 4639 1135 4706 ponatur.
1152 4657 1178 4684 »
1194 4636 1266 4688 At
1283 4634 1524 4706 quinam
1542 4650 1794 4690 canones
1899 4631 2017 4684 dita
2039 4634 2188 4697 sunt,
2210 4646 2422 4701 nempe
2439 4629 2497 4682 in
2515 4631 2832 4700 Agathensi
2848 4649 3067 4686 canone
3084 4634 3180 4699 47;
3200 4633 3257 4687 in
3273 4635 3527 4689 Aurelia-

176 4730 293 4779 ante
338 4728 649 4783 concilium
695 4745 748 4782 ιν
785 4729 1126 4783 Toletanum
1169 4728 1229 4783 id
1264 4731 1479 4795 vetent,
1514 4728 1651 4783 alibi
1677 4745 1794 4782 non
1897 4724 2062 4778 nensi
2083 4722 2272 4794 primo
2297 4740 2518 4777 canone
2541 4725 2629 4789 26,
2654 4723 2785 4777 etin
2809 4725 3235 4792 tertio,canone
3252 4729 3526 4800 '29.Cujus

173 4818 306 4889 lego.
332 4822 534 4876 Canon
568 4824 629 4876 13
656 4822 818 4892 rejici
844 4825 999 4876 vetat
1026 4822 1274 4893 hymnos
1311 4823 1369 4877 in
1403 4823 1636 4877 laudem
1668 4821 1791 4887 Dei,
1898 4818 2020 4872 haec
2044 4815 2216 4870 verba
2248 4833 2261 4870 :
2290 4819 2365 4871 De
2389 4818 2565 4871 missis
2606 4817 2790 4871 nullus
2828 4819 3087 4873 laicorum
3112 4827 3238 4875 ante
3262 4823 3523 4887 discedat,

176 4914 330 4984 atque
352 4916 753 4986 apostolorum
778 4918 835 4969 et
857 4919 1179 4987 martyrum
1197 4917 1430 4970 humano
1444 4916 1624 4970 studio
1645 4932 1798 4970 com-
1896 4926 2057 4981 quam
2099 4911 2374 4965 Dominica
2407 4910 2626 4963 dicatur
2662 4913 2866 4976 oratio;
2894 4916 2947 4965 et
2973 4915 3023 4966 si
3049 4916 3322 4985 episcopus
3354 4918 3528 4984 fuerit

173 5006 572 5075 positoszSicut
597 5010 655 5063 hi
671 5025 801 5079 quos
829 5010 1798 5078 beatissimidoctoresHilariusatque
1891 5020 2145 5077 praesens,
2191 5003 2302 5073 ejus
2347 5003 2638 5059 benedictio
2680 5010 3030 5074 eccspectetur.
3080 5008 3419 5063 Walafridus
3466 5009 3527 5066 id

172 5099 468 5158 Ambrosius
503 5103 814 5157 ediderunt.
846 5104 983 5170 Quos
1014 5108 1193 5158 tamen
1232 5103 1459 5173 quidam
1493 5103 1799 5172 specialiter
1900 5098 2312 5169 interpretatur
2338 5096 2409 5150 de
2440 5096 2721 5163 oratione,
2746 5115 2874 5169 quas
2900 5103 3527 5171 postcommunionem

176 5196 470 5263 reprobant,
498 5212 605 5268 pro
635 5212 693 5251 eo
721 5196 866 5267 quod
890 5197 956 5251 de
983 5198 1280 5267 Scripturis
1308 5201 1617 5252 sanctorum
1645 5211 1801 5250 cano-
1901 5190 2125 5245 dicitur.
2159 5192 2232 5243 At
2257 5192 2590 5260 repugnant
2618 5190 2791 5245 verba
2822 5194 3049 5248 concilii
3074 5194 3351 5261 Toletani,
3382 5195 3522 5250 alio-

155 5276 289 5341 ’κωη
322 5291 406 5344 vel
442 5292 739 5361 apostolica
776 5291 1069 5345 traditione
1103 5306 1210 5345 non
1235 5293 1494 5345 existunt.
1518 5289 1618 5344 Hic
1643 5290 1800 5344 locus
1902 5299 2165 5354 rumque.
2200 5285 2261 5336 In
2304 5282 2511 5337 Missali
2555 5283 2907 5341 Mozarabico
2946 5285 3270 5340 benedictio
3316 5285 3528 5358 ubique

181 5387 421 5452 spectare
448 5384 676 5439 videtur
700 5400 985 5439 canonem
1014 5387 1076 5437 12
1098 5384 1328 5439 concilii
1355 5400 1392 5438 ιι
1416 5383 1797 5449 Bracarensis,
1901 5376 2303 5432 communioni
2323 5376 2716 5447 praemittitur,
2737 5377 2992 5449 itemque
3014 5379 3073 5432 in
3096 5378 3385 5434 Gallicana
3407 5396 3529 5451 pas-

182 5472 234 5528 in
252 5492 360 5547 quo
382 5478 894 5549 ejusmodihymni
913 5478 1316 5551 reprobantur,
1337 5477 1422 5531 uti
1437 5476 1616 5532 etiam
1636 5477 1697 5531 in
1718 5493 1802 5530 re-
1902 5470 2011 5525 sim
2040 5470 2193 5541 apud
2217 5470 2590 5525 Thomasium
2627 5488 2639 5525 :
2670 5474 2727 5524 et
2757 5471 3032 5525 hactenus
3058 5471 3385 5528 benedictio
3415 5474 3530 5546 epi-

185 5569 304 5637 gula
328 5575 657 5626 sanctorum
688 5573 849 5626 Pauli
875 5576 932 5626 et
954 5572 1236 5644 Stephani
1262 5574 1434 5643 caput
1463 5575 1545 5626 15.
1569 5570 1804 5624 Addunt
1904 5563 2145 5635 scopalis
2162 5567 2295 5617 ante
2315 5564 2791 5619 communionem
2807 5564 2991 5619 datur.
3009 5565 3531 5638 Quippelicebatiis

185 5659 365 5718 Patres
387 5665 447 5719 in
477 5665 686 5721 eodem
714 5683 934 5723 canone
967 5670 1031 5722 12
1067 5684 1079 5722 :
1108 5671 1383 5738 Respuent
1410 5682 1533 5736 ergo
1569 5670 1620 5720 et
1649 5666 1772 5720 illum

1999 5704 2003 5712 .
2020 5674 2137 5714 non
2156 5658 2683 5726 communicabant,
2705 5661 2937 5729 accepta
2952 5658 3375 5729 benedictione,
3394 5664 3528 5717 ante
3582 5650 3586 5654 ’

191 5754 427 5827 hymnum
446 5760 514 5818 ab
535 5761 832 5819 hominibus
856 5764 1224 5834 compositum,
1247 5776 1403 5833 quem
1427 5759 1671 5833 quotidie
1690 5775 1800 5831 pu-
1904 5754 2381 5812 communionem
2405 5752 2717 5822 discedere,
2740 5754 2801 5807 ut
2815 5767 2882 5807 ex
2902 5753 3191 5825 praedictis
3211 5754 3348 5813 locis
3366 5755 3531 5813 intel-

192 5846 313 5911 ῢιίοο
338 5857 653 5930 privatoque
676 5858 853 5931 ofﬁcio
881 5859 938 5914 in
961 5859 1067 5930 ﬁne
1094 5858 1327 5916 omnium
1351 5855 1685 5931 psalmorum
1713 5854 1800 5911 di-
1903 5849 2129 5924 ﬁgitur:
2148 5852 2318 5922 atque
2342 5847 2474 5904 hinc
2498 5848 2656 5919 patet
2685 5861 2800 5901 non
2829 5861 3035 5906 omnes
3060 5849 3158 5925 qui
3180 5853 3311 5910 tunc
3336 5847 3527 5931 missa;
