4020 6232
423 288 515 349 131

1118 354 1133 362 λ
1214 286 1545 343 APPENDIX
1582 286 1669 341 AD
1705 282 1924 340 OPERA
1963 272 2198 339 SANCTI
2234 281 2534 340 GERMANI
2572 281 2998 338 PARISIENSIS.

3697 282 3811 335 132

424 396 753 463 aderant,in
766 394 974 451 eadem
987 395 1462 450 communionem
1476 392 1909 463 accepisse.lmo
1920 407 2055 446 vero
2078 407 2137 480 Α
2156 390 2469 446 Missalibus
2481 389 2786 446 Gallicanis
2797 390 2951 462 apud
2960 386 3335 443 Thomasium
3348 389 3590 443 vocatur
3599 387 3824 459 pepuli

425 492 701 547 diaconus
731 492 865 544 ante
901 488 1378 544 communionem
1420 488 1671 541 clamare
1705 484 1928 539 solebat
1959 501 1972 538 :
1998 486 2057 542 Si

422 588 544 657 quis
590 600 696 640 non
739 585 1112 645 communicat,
1150 582 1241 637 det
1275 582 1465 643 locum,
1492 581 1740 633 testante
1778 577 2055 649 Gregorio

424 678 629 750 Magno
655 677 715 731 in
737 677 835 731 lib.
867 693 903 730 ιι
931 675 1325 745 Dialogorum,
1354 689 1479 743 cap.
1504 675 1593 739 23,
1618 671 1773 743 quod
1797 687 1914 725 non
1937 674 2059 724 tan-

426 773 550 826 tum
584 770 654 825 de
680 767 1106 840 paenitentibus,
1135 766 1236 819 sed
1281 765 1459 819 etiam
1489 764 1560 818 de
1591 763 1884 835 quibusvis
1910 763 2055 830 aliis,

428 864 529 936 qui
563 879 679 918 non
714 858 1244 925 communicabant,
1283 856 1730 928 intelligendum
1769 856 2055 911 existimo.

427 959 538 1013 Por
551 954 796 1011 remissa
809 953 1031 1023 expleta
1048 950 1390 1005 censebatur
1407 953 1540 1004 ante
1559 950 2057 1016 communionem,

428 1052 491 1104 ut
515 1049 683 1104 docet
710 1045 1018 1116 Gregorius
1050 1043 1398 1099 Turonensis
1434 1042 1673 1097 antistes
1701 1042 1759 1096 in
1789 1041 1889 1096 lib.
1922 1058 1961 1095 ιι
1989 1041 2061 1095 de

426 1140 705 1197 Miraculis
736 1137 917 1192 sancti
941 1137 1186 1203 Martini,
1210 1153 1336 1207 cap.
1358 1136 1426 1189 47
1453 1151 1466 1189 :
1494 1157 1522 1184 «
1542 1136 1800 1205 Cumque
1825 1133 2061 1204 expletis

429 1234 635 1301 missis,
672 1228 917 1303 populus
950 1230 1213 1301 cmpisset
1253 1232 1682 1284 sacrosanctum
1714 1244 1920 1298 corpus
1950 1227 2061 1280 Rc~

428 1326 748 1399 demptoris
782 1324 1060 1395 accipere,
1105 1344 1132 1373 ››
1173 1325 1281 1377 etc.
1309 1321 1625 1394 Cyprianus
1665 1321 1737 1376 ad
1773 1338 1907 1375 eum
1940 1321 2060 1375 fere

429 1420 671 1478 modum
842 1417 1096 1488 loquitur
1121 1416 1180 1470 in
1209 1416 1353 1471 libro
1376 1416 1446 1470 de
1469 1415 1664 1487 Lapsis
1687 1432 1700 1469 :
1728 1436 1755 1464 «
1777 1414 1883 1469 Ubi
1904 1431 2059 1481 vero,

429 1513 784 1572 solemnibus
836 1510 1186 1581 adimpletis,
1238 1508 1475 1564 calicem
1527 1509 1803 1564 diaconus
1854 1507 2061 1563 offerre

429 1604 811 1682 praesentibus
852 1604 1041 1675 coepit,
1073 1626 1099 1652 ››
1140 1605 1248 1658 etc.
1287 1603 1579 1667 Quantum
1623 1618 1796 1673 porro
1828 1601 2065 1655 duraret

431 1702 637 1757 saeculo
677 1715 731 1753 γι
781 1697 971 1752 missae
1016 1696 1345 1763 celebratio,
1386 1695 1641 1750 declarat
1683 1693 1962 1750 Caesarius
2003 1692 2061 1746 in

2158 484 2482 540 admonitio
2505 501 2538 539 a
2560 484 2854 540 sacerdote
2878 484 3030 538 facta
3053 481 3126 537 ad
3143 482 3300 536 diem
3313 481 3408 553 pie
3420 480 3817 553 exigendum,

2159 580 2390 651 qualem
2432 578 2489 631 in
2526 577 2877 633 Mozarabico
2914 579 3248 647 usurpatam
3295 574 3471 630 fuisse
3511 591 3579 629 ex
3624 575 3819 629 Beato

2160 671 2419 743 superius
2448 670 2716 725 vidimus.
2751 670 2842 725 Sic
2874 670 2932 724 in
2970 668 3320 724 Mozarabico
3362 668 3436 723 ad
3465 668 3661 723 natale
3686 668 3819 723 Do-

2160 766 2308 820 mini
2336 782 2348 820 :
2383 765 2554 822 Hodie
2591 766 2741 820 nobis
2781 766 3064 820 thesaurus
3097 767 3262 818 natus
3297 767 3374 817 est
3402 780 3418 816 :
3460 763 3619 817 hodie
3651 763 3824 817 nobis

2161 862 2380 916 lucerna
2409 861 2673 928 Virginis,
2695 874 2859 928 quam
2877 859 3115 928 Spiritus
3132 861 3350 912 sanctus
3376 858 3593 925 ignivit,
3616 870 3823 911 verum

2162 955 2339 1008 lumen
2367 954 2649 1023 apparuit,
2678 955 2785 1005 etc.
2810 953 2872 1005 In
2904 950 3143 1005 Gothico
3173 967 3271 1005 seu
3294 949 3586 1005 Gallicano
3616 949 3677 1003 in
3707 949 3819 1003 die

2162 1046 2376 1101 Natalis
2403 1045 2638 1100 Domini
2669 1044 2874 1098 similis
2906 1044 3174 1098 Praefatio
3215 1042 3429 1114 legitur
3458 1046 3588 1115 post
3611 1044 3817 1096 Evan-

2164 1140 2400 1210 gelium.
2434 1141 2507 1193 At
2545 1138 2712 1193 initio
2749 1138 2939 1192 missae
2983 1137 3057 1192 ad
3096 1137 3253 1191 diem
3293 1137 3475 1191 sancti
3518 1135 3822 1207 Stephani

2162 1232 2604 1303 protomartyris
2633 1248 2645 1286 :
2684 1232 3054 1288 Venerabilem
3079 1234 3241 1301 atque
3274 1232 3555 1286 sublimem
3596 1231 3817 1285 beatis-

2160 1329 2285 1382 simi
2295 1327 2713 1397 protomartyris
2730 1326 2993 1396 Stephani
3010 1326 3313 1395 passionem
3339 1324 3494 1379 hodie
3519 1324 3819 1379 celebran-

2164 1426 2258 1483 tes,
2289 1423 2455 1476 Deum
2477 1424 2803 1488 martyrum,
2833 1420 3037 1485 fratres
3071 1419 3393 1481 charissimi,
3423 1417 3813 1488 deprecamur,

2164 1516 2271 1568 etc.
2317 1511 2539 1582 Ubique
2591 1511 2822 1578 desinit,
2860 1527 2960 1581 per
3007 1512 3291 1566 Dominum
3340 1514 3581 1565 nostrum
3621 1512 3817 1565 Iesum

2165 1608 2453 1665 Christum.
2483 1604 2575 1659 Sic
2609 1604 2667 1658 in
2708 1604 2979 1659 omnibus
3017 1604 3139 1657 fere
3174 1603 3363 1658 missis
3404 1601 3659 1658 Gothicis
3701 1618 3814 1657 seu

2164 1698 2469 1754 Gallicanis
2498 1698 2763 1752 Praefatio
2794 1697 2958 1752 initio
2986 1697 3239 1767 ponitur.

432 1799 677 1864 utroque
714 1806 982 1845 sermone
1022 1789 1397 1860 praelaudato,
1428 1788 1523 1843 ubi
1555 1788 1654 1854 ait,
1684 1787 1879 1842 divina
1907 1803 2061 1857 mys-
2083 1784 2140 1855 B
2235 1793 2287 1846 4.
2312 1793 2469 1845 Hanc
2499 1791 2821 1861 excipiebat
2844 1790 3013 1844 lectio
3036 1788 3380 1860 Prophetias.
3406 1788 3723 1860 Gregorius
3746 1788 3814 1843 in

432 1888 579 1943 teria
603 1908 630 1935 ‹‹
663 1885 829 1939 unius
860 1885 945 1938 vel
978 1883 1221 1937 duarum
1254 1882 1529 1936 horarum
1557 1881 1744 1953 spatio
1770 1902 1799 1929 »
1828 1883 2062 1951 peracta

431 1982 625 2037 fuisse.
656 1978 817 2034 Unde
862 1977 921 2030 in
974 1992 1243 2031 sermone
1291 1975 1643 2046 prmcedenti
1687 1972 2064 2046 reprehendit

432 2073 712 2147 quosdam
762 2070 1029 2126 homines
1077 2072 1485 2140 prmpotentes,
1539 2069 1637 2139 qui
1697 2068 2063 2140 presbyteros

434 2167 719 2239 cogebant
752 2187 779 2216 ‹‹
810 2164 1049 2219 missam
1083 2162 1437 2218 abbreviare.
1474 2186 1500 2211 ››

1087 2279 1308 2333 CAPUT
1344 2279 1407 2332 V.

431 2381 609 2436 Missa
635 2377 930 2435 Gallicana
946 2376 1134 2445 partes
1153 2372 1477 2445 singillatim
1497 2370 1842 2440 explicantur
1862 2384 1928 2445 ea:
1944 2370 2066 2427 Gre-

539 2451 688 2520 gorio
720 2443 1011 2504 Turonensi
1035 2446 1298 2515 episcopo,
1329 2443 1558 2512 aliisque
1586 2443 1957 2495 monumentis.

509 2547 559 2597 l.
588 2542 719 2596 Haec
762 2539 953 2595 missa)
997 2536 1303 2593 Gallicana:
1346 2552 1477 2590 cum
1521 2533 1892 2601 Mozarabica,
1937 2550 2064 2605 quas

436 2652 716 2707 magnam
747 2650 879 2689 cum
910 2649 977 2686 ea
998 2631 1081 2701 (ut
1106 2629 1445 2701 praedictum
1478 2628 1581 2699 est)
1605 2627 1949 2683 affinitatem
1969 2627 2066 2681 ha-

344 2764 359 2769 ~
434 2731 551 2799 bet,
581 2726 936 2800 comparatio
961 2725 1082 2778 visa
1112 2726 1198 2777 est
1231 2723 1340 2777 hoc
1368 2724 1491 2777 loco
1521 2720 1879 2776 necessaria:
1914 2738 2066 2775 nunc

436 2841 570 2879 vero
598 2823 737 2895 quid
766 2838 834 2876 ex
858 2816 1163 2875 Gallicanis
1191 2816 1609 2883 monumentis,
1639 2814 1962 2887 praesertim
1999 2831 2065 2869 ex

436 2916 712 2989 Gregorio
737 2912 1055 2970 Turonensi
1082 2910 1338 2966 antistite
1376 2910 1448 2964 de
1490 2910 1780 2964 Gallicana
1809 2908 2065 2979 Liturgia

382 2988 395 2996 ’
432 2988 703 3082 colligere
731 3008 896 3063 nobis
921 3006 1097 3072 licuit,
1131 3003 1537 3076 exponendum
1573 3006 1676 3058 est.

504 3110 557 3161 2.
585 3106 648 3159 In
676 3101 946 3158 omnibus
976 3098 1245 3169 Liturgiis
1280 3098 1455 3152 missa
1485 3097 1798 3168 incipiebat
1823 3096 1893 3151 ab
1926 3095 2069 3151 anti-

435 3199 630 3272 phona
651 3196 925 3268 quadam.
943 3192 1107 3247 Unde
1124 3192 1289 3259 liber,
1309 3191 1408 3262 qui
1424 3190 1712 3261 ejusmodi
1726 3206 1920 3244 versus
1941 3206 2071 3244 con-

436 3292 602 3357 tinet,
632 3286 1119 3359 Antiphonarium
1151 3302 1184 3339 a
1206 3286 1427 3339 Joanne
1463 3284 1715 3339 Diacono
1750 3286 1986 3338 vocatur
2010 3282 2067 3337 in

436 3384 565 3439 Vita
589 3380 852 3452 Gregorii
882 3379 1090 3450 Magni.
1121 3379 1201 3432 De
1226 3377 1315 3431 his
1342 3377 1695 3449 antiphonis,
1722 3392 1864 3447 quas
1893 3376 2069 3431 modo

436 3476 710 3534 Introitus
725 3474 1102 3546 appellamus,
1122 3471 1626 3542 interpretandum
1642 3469 1869 3523 videtur
1887 3470 2072 3525 conci-

437 3571 582 3626 lium
603 3569 931 3641 Agathense
953 3565 1092 3621 anni
1115 3568 1237 3633 506,
1256 3581 1480 3619 canone
1502 3567 1571 3618 30
1597 3580 1610 3618 ε
1636 3566 1705 3619 Et
1732 3565 1863 3633 quia
1881 3580 2067 3619 conve-

433 3667 518 3721 nit
544 3664 785 3720 ordinem
818 3662 1065 3717 Ecclesiae
1098 3660 1168 3714 ab
1202 3658 1445 3713 omnibus
1472 3657 1755 3727 wgualiter
1791 3658 2068 3721 custodiri,

432 3757 758 3815 studendum
792 3760 888 3819 est,
930 3758 993 3809 ut
1028 3756 1167 3809 sicut
1188 3753 1384 3822 ubique
1421 3753 1503 3820 ﬁt,
1531 3755 1583 3805 et
1598 3755 1723 3821 post
1747 3753 2072 3822 antiphonas

437 3853 775 3911 Collectiones
811 3850 881 3902 ab
918 3848 1177 3918 episcopis
1212 3846 1298 3899 vel
1327 3845 1662 3915 presbyteris
1703 3845 1979 3900 dicantur.
2010 3844 2071 3898 Id

438 3944 669 4016 generis
683 3942 879 3996 forsan
898 3942 1023 3993 erat
1037 3939 1137 3991 illa
1153 3937 1492 4007 antiphona,
1509 3954 1684 4008 quam
1702 3954 1769 3993 ea:
1786 3940 2073 4010 improviso

434 4038 781 4095 Primicerius
828 4033 1102 4103 imposuit,
1154 4047 1284 4084 cum
1339 4030 1500 4085 missi
1557 4032 1830 4087 Clodovei
1882 4031 2071 4102 Magni

438 4133 640 4187 contra
664 4126 954 4182 A‘laricum
990 4124 1284 4196 pergentis
1311 4123 1608 4180 basilicam
1637 4125 1821 4180 sancti
1844 4124 2073 4179 Martini

437 4222 683 4296 ingressi
723 4223 875 4287 sunt,
905 4218 1254 4290 exploraturi
1280 4216 1403 4291 3'7
1437 4236 1509 4274 an
1539 4222 1721 4275 Deum
1755 4217 2068 4290 propitium

437 4317 737 4375 habiturus
763 4316 930 4382 esset,
965 4329 1033 4367 ex
1064 4312 1341 4384 Gregorio
1372 4313 1692 4369 Turonensi
1720 4312 1989 4383 episcopo
2009 4312 2070 4366 in

436 4412 537 4468 lib.
582 4427 641 4477 ιι,
681 4425 804 4480 cap.
850 4409 936 4462 39.
978 4406 1312 4477 Antiphona
1352 4407 1475 4461 haec
1520 4409 1688 4461 erat:
1730 4407 2073 4462 Prwcinaisti

435 4522 538 4569 me,
570 4506 809 4566 Domine,
838 4504 1038 4557 virtute
1060 4501 1137 4556 ad
1164 4502 1380 4564 bellum,
1407 4503 1515 4553 etc.

510 4601 562 4654 3.
586 4597 981 4668 Antiphonem
1004 4598 1062 4650 et
1080 4611 1310 4651 versum
1332 4591 1680 4664 sequebatur
1701 4609 1768 4647 ex
1796 4609 2016 4648 canone
2040 4596 2069 4648 3

439 4688 668 4750 concilii
717 4707 755 4745 ιι
794 4690 1057 4745 Vasensis
1085 4692 1251 4759 Kyrie
1293 4688 1507 4749 eleison,
1538 4685 1973 4757 frequentatum
1997 4688 2073 4742 ad

438 4788 735 4846 Matutinos
759 4789 811 4841 et
848 4786 924 4841 ad
946 4788 1165 4849 missas,-
1195 4782 1326 4851 quia
1359 4784 1472 4835 tam
1515 4781 1574 4834 in
1607 4780 1729 4836 sede
1752 4781 2069 4852 apostolica,

437 4897 603 4953 quam
626 4883 789 4937 etiam
812 4894 913 4950 per
939 4883 1078 4933 totas
1108 4876 1340 4931 Orientis
1364 4878 1528 4944 atque
1559 4874 1739 4930 Italia
1767 4877 2072 4945 provincias

439 4976 549 5032 haec
586 4973 907 5031 consuetudo
949 4975 1025 5025 est
1068 4969 1394 5023 intromissa.
1435 4967 1602 5038 Apud
1648 4968 1892 5035 Graecos,
1925 4971 2070 5024 teste

439 5066 716 5143 Gregorio
736 5067 963 5137 Magno,
983 5085 1009 5112 «
1022 5063 1187 5131 Kyrie
1206 5061 1401 5116 eleison
1421 5060 1592 5114 simul
1620 5077 1825 5116 omnes
1852 5061 2067 5116 dicunt.

439 5164 605 5237 Apud
633 5178 739 5218 nos
763 5160 980 5224 autem,
1011 5154 1217 5226 inquit,
1248 5170 1282 5207 a
1314 5153 1535 5209 clericis
1561 5154 1786 5223 dicitur,
1818 5158 1875 5209 et
1909 5173 1945 5210 a
1967 5172 2067 5227 po-

440 5260 576 5332 pulo
602 5250 1005 5327 respondetur,
1035 5252 1093 5303 et
1121 5247 1362 5302 totidem
1391 5249 1595 5307 Christe
1618 5250 1813 5305 eleison
1842 5248 2067 5317 dicitur,

442 5352 597 5425 quod
627 5348 785 5403 nullo
815 5342 991 5399 modo
1031 5341 1185 5413 apud
1214 5342 1456 5397 Graecos.
1486 5362 1515 5393 »
1547 5342 1692 5398 Dein
1727 5342 2073 5414 sequebatur

439 5461 547 5520 pro
567 5441 795 5498 ratione
815 5440 1147 5508 temporum
1162 5436 1313 5509 apud
1326 5440 1611 5492 nostrates
1623 5437 1812 5491 Gallos
1823 5436 2073 5507 hymnus

442 5534 737 5608 angelicas
763 5532 947 5590 Gloria
974 5534 1030 5586 in
1054 5522 1271 5587 excelsis
1297 5534 1421 5595 Deo,
1452 5530 1612 5599 cujus
1642 5527 1914 5583 meminit
1942 5529 2073 5585 Gre-

443 5629 639 5706 gorius
665 5625 1011 5683 Turonensis
1039 5625 1340 5698 episcopus
1360 5623 1421 5678 in
1451 5622 1549 5677 lib.
1576 5621 1686 5677 ide
1707 5622 1898 5678 Gloria
1914 5639 2071 5678 mar-

441 5729 656 5800 tyrum,
681 5738 805 5797 cap.
830 5724 917 5793 63,
952 5724 1012 5777 et
1036 5720 1097 5777 in
1131 5718 1231 5775 lib.
1259 5733 1298 5774 ιι
1321 5717 1392 5774 de
1416 5715 1696 5772 Miraculis
1722 5716 1905 5774 sancti
1927 5717 2069 5774 Mar-

441 5817 570 5891 tini,
599 5836 724 5897 cap.
752 5820 840 5876 25.
872 5816 968 5873 His
1011 5810 1353 5871 succedebat
1385 5809 1674 5869 Praefatio.
1705 5812 1796 5870 Sic
1823 5810 1979 5869 enim
2012 5812 2070 5867 in

2090 4525 2149 4598 D

2162 1885 2260 1940 lib.
2294 1902 2392 1939 vm
2425 1884 2678 1939 historia:
2708 1884 3079 1951 Francorum,
3109 1900 3233 1954 cap.
3267 1887 3299 1937 7
3334 1900 3346 1937 :
3381 1903 3411 1932 κ
3438 1882 3813 1937 Adveniente

2165 1995 2393 2051 quoque
2423 1977 2516 2032 die
2540 1976 2667 2051 38
2692 1976 2994 2033 Dominico
3017 1993 3115 2031 rex
3140 1977 3608 2032 Guntchramnus
3626 1977 3817 2032 eccle-

2166 2073 2310 2127 siam
2332 2072 2406 2126 ad
2427 2071 2738 2143 spectanda
2758 2069 3067 2125 missarum
3090 2070 3375 2125 solemnia
3396 2070 3561 2142 petit.
3576 2071 3817 2125 Fratres

2162 2182 2299 2221 vero
2330 2164 2883 2236 consacerdotesque
2908 2164 3007 2235 qui
3034 2164 3296 2232 aderant,
3319 2165 3510 2220 locum
3540 2163 3814 2219 Palladio

2167 2260 2434 2331 episcopo
2447 2259 2521 2314 ad
2534 2275 2640 2330 age
2650 2258 2767 2313 nda
2779 2258 2927 2312 festa
2944 2258 3333 2329 praebuerunt.
3351 2258 3474 2322 Quo
3487 2256 3816 2327 incipiente

2164 2352 2557 2424 Prophetiam,
2587 2368 2684 2406 rex
2716 2350 3035 2422 interrogat
3055 2351 3183 2422 quis
3210 2354 3376 2405 esset.
3398 2352 3660 2422 Cumque
3681 2350 3818 2405 Pal-

2165 2446 2386 2501 ladium
2416 2445 2750 2517 episcopum
2793 2444 3048 2499 initiasse
3081 2434 3574 2516 pronuntiassent,
3603 2443 3813 2499 statim

2166 2542 2493 2594 commotus
2504 2555 2603 2593 rex
2615 2539 2747 2607 ait,»
2765 2542 2873 2594 etc.
2888 2539 3260 2611 Prophetiam
3276 2538 3469 2609 itaque
3483 2535 3811 2609 aliquando

2168 2634 2364 2700 lector,
2395 2632 2709 2704 aliquando
2750 2634 3018 2689 sacerdos
3048 2630 3481 2705 pronuntiabat.
3510 2633 3644 2686 Post
3672 2647 3814 2702 pro-

2168 2726 2427 2799 phetiam
2454 2726 2715 2780 Psalmus
2739 2726 3155 2798 responsorius,
3186 2726 3286 2798 qui
3310 2725 3519 2780 tractui
3546 2741 3645 2779 seu
3675 2726 3819 2780 Gra-

2170 2819 2324 2874 duali
2381 2819 2663 2875 hodierno
2720 2821 3053 2892 respondet,
3104 2823 3353 2875 testante
3414 2817 3694 2891 Gregorio
3748 2818 3816 2872 in

2170 2913 2431 2968 Historia:
2458 2914 2808 2970 Francorum
2838 2915 2934 2969 lib.
2965 2932 3083 2982 vm,
3114 2932 3239 2986 cap.
3269 2918 3299 2969 3
3331 2932 3344 2968 :
3378 2935 3406 2964 ‹‹
3431 2915 3659 2967 Interea
3679 2911 3815 2982 jam

2173 3007 2369 3062 medio
2396 3008 2627 3079 prandii
2657 3012 2909 3079 peracto,
2932 3008 3100 3079 jubet
3132 3024 3231 3063 rex
3263 3011 3326 3061 ut
3360 3007 3671 3062 diaconum
3701 3022 3815 3061 no-

2173 3103 2376 3168 strum,
2406 3098 2504 3172 qui
2533 3104 2668 3155 ante
2700 3101 2856 3155 diem
2885 3101 2957 3155 ad
2999 3101 3204 3156 missas
3242 3101 3536 3157 Psalmum
3565 3116 3812 3172 respon-

2172 3194 2391 3249 sorium
2423 3194 2663 3261 dixerat,
2692 3212 2901 3249 canere
2921 3194 3210 3265 juberem.

2244 3292 2294 3342 5.
2325 3290 2441 3343 Hoc
2470 3288 2653 3354 finito,
2685 3288 2961 3343 diaconus
2986 3288 3281 3343 silentium
3314 3286 3608 3343 indicebat
3632 3285 3708 3342 ad
3736 3287 3818 3342 le«

2172 3380 2425 3436 ctionem
2461 3380 2748 3451 Epistolas,
2774 3398 2901 3453 quae
2923 3398 2957 3436 a
2984 3381 3336 3436 subdiacono
3358 3381 3725 3435 recitabatur.
3747 3382 3818 3436 In

2172 3474 2517 3546 quibusdam
2548 3474 2739 3528 missis
2768 3474 3045 3529 diaconus
3067 3478 3201 3529 ante
3223 3474 3546 3539 Orationes,
3568 3490 3713 3545 quas
3734 3474 3818 3529 le-

2173 3567 2456 3622 ctionibus
2475 3566 2751 3638 praemitti
2770 3584 2897 3624 mos
2913 3572 3055 3636 erat,
3069 3565 3355 3623 ﬂectenda
3376 3584 3567 3640 genua
3586 3567 3816 3623 indice-

2171 3661 2287 3715 bat.
2322 3661 2485 3715 Unde
2516 3661 2795 3715 Ctesarius
2827 3662 2885 3716 in
2919 3678 3189 3717 sermone
3218 3665 3321 3717 285
3348 3678 3511 3717 novae
3533 3661 3816 3733 appendi-

2172 3754 2252 3808 cis
2274 3754 2709 3825 Augustinianae
2738 3772 2751 3809 :
2781 3777 2809 3804 «
2830 3756 3120 3827 Supplico,
3155 3756 3361 3810 fratres
3386 3754 3731 3823 charissimi,
3752 3760 3815 3810 et

2172 3851 2415 3919 paterna
2431 3848 2646 3919 pietate
2664 3860 3035 3919 commeneo,
3050 3853 3113 3903 ut
3137 3850 3590 3921 quotiescunque
3611 3848 3812 3905 Oratio

2172 3940 2461 4009 indicitur,
2494 3942 2592 4013 qui
2611 3942 2759 3997 forte
2782 3959 2885 4015 pro
2907 3943 3099 4014 aliqua
3117 3942 3456 3998 inﬁrmitate
3479 3959 3596 3998 non
3617 3944 3817 4013 potest

2173 4051 2365 4107 genua
2400 4035 2654 4103 ﬂectere,
2684 4039 2743 4090 et
2772 4036 3006 4092 dorsum
3043 4037 3371 4103 incurvare;
3404 4037 3493 4090 vel
3525 4035 3810 4091 cervicem

2172 4127 2479 4182 humiliare
2511 4146 2626 4183 non
2664 4129 2910 4185 differat.
2944 4152 2972 4180 »
3006 4130 3075 4185 Et
3102 4130 3163 4184 in
3192 4146 3461 4185 sermone
3491 4129 3763 4200 sequenti
3796 4147 3809 4186 :

2176 4244 2204 4271 ‹‹
2236 4222 2397 4292 Rogo
2420 4225 2478 4276 et
2503 4221 2793 4279 admoneo
2823 4241 2941 4292 vos,
2970 4224 3178 4279 fratres
3200 4223 3542 4290 charissimi,
3572 4226 3635 4276 ut
3668 4239 3816 4294 quo-

2172 4314 2507 4386 tiescunque
2526 4315 2689 4386 juxta
2713 4318 2892 4372 altare
2927 4335 2961 4372 a
2992 4317 3211 4373 clericis
3239 4321 3454 4386 oratur,
3485 4319 3584 4371 aut
3608 4316 3813 4372 Oratio

2173 4408 2417 4464 diacono
2457 4409 2746 4465 clamante
2781 4410 3072 4479 indicitur,
3108 4428 3225 4466 non
3258 4412 3445 4466 solum
3481 4409 3677 4478 corda,
3706 4409 3817 4464 sed

2173 4502 2350 4557 etiam
2369 4519 2612 4574 corpora
2633 4503 2881 4558 ﬁdeliter
2896 4503 3204 4559 inclinatis.
3219 4506 3363 4559 Nam
3382 4504 3521 4559 dum
3540 4503 3816 4575 frequen-

2172 4598 2278 4663 ter,
2328 4596 2472 4651 sicut
2516 4600 2763 4668 oportet,
2805 4600 2865 4652 et
2908 4596 3219 4669 diligenter
3261 4598 3519 4666 attendo,
3558 4596 3813 4652 diacono

2172 4690 2481 4759 clamante,
2504 4692 2801 4747 Flectamus
2819 4707 3014 4761 genua,
3040 4691 3359 4747 maximam
3382 4696 3628 4763 partem,
3653 4691 3817 4745 velut

2172 4784 2471 4839 columnas
2500 4788 2738 4851 erectas,
2762 4787 2919 4840 stare
2945 4785 3256 4856 conspicio,
3282 4808 3310 4836 »
3336 4789 3443 4839 etc.
3470 4786 3549 4839 De
3576 4783 3814 4839 silentio

2172 4894 2275 4949 per
2309 4878 2617 4933 diaconum
2649 4878 2865 4934 indicto
2897 4880 3089 4934 locum
3120 4880 3381 4951 superius
3410 4878 3716 4933 retulimus
3742 4893 3815 4932 ex

2173 4971 2432 5042 Gregorii
2461 4972 2809 5026 Turonensis
2834 4971 2932 5026 lib.
2962 4989 3060 5040 vn,
3090 4990 3214 5045 cap.
3248 4976 3300 5029 8.

2244 5068 2295 5119 6.
2320 5066 2455 5119 Post
2474 5065 2779 5135 epistolam
2804 5065 3081 5120 diaconus
3102 5067 3177 5121 ad
3197 5067 3513 5121 ambonem
3534 5059 3816 5136 procede-

2172 5157 2272 5211 bat
2314 5157 2389 5211 ad
2427 5157 2740 5228 legendum
2768 5159 3164 5229 Evangelium.
3197 5159 3617 5215 Guntchramni
3650 5159 3814 5230 regis

2174 5250 2295 5304 huic
2314 5249 2488 5304 verba
2510 5253 2643 5305 sunt
2664 5251 2817 5322 apud
2838 5251 3112 5306 eumdem
3137 5252 3481 5324 Gregorium
3496 5253 3556 5307 in
3570 5252 3667 5307 lib.
3684 5268 3811 5321 vm,

2173 5359 2297 5413 cap.
2327 5344 2361 5396 4
2393 5360 2405 5397 :
2439 5364 2466 5391 ‹‹
2491 5345 2553 5397 In
2587 5341 2713 5416 39
2758 5343 2851 5398 die
2896 5348 3092 5401 sancto
3127 5346 3378 5413 Pascha,
3411 5349 3598 5400 stante
3628 5346 3813 5401 fratre

2174 5451 2307 5491 meo
2339 5435 2640 5507 Sigeberto
2668 5437 2727 5491 in
2753 5438 3011 5507 ecclesia,
3035 5439 3385 5511 procedente
3407 5439 3652 5495 diacono
3673 5454 3812 5495 cum

2173 5532 2370 5585 sancto
2414 5530 2859 5602 Evangeliorum
2901 5532 3070 5602 libro,
3113 5533 3348 5588 nuntius
3385 5533 3511 5605 regi
3550 5533 3809 5601 advenit,

2173 5640 2403 5697 unaque
2428 5641 2535 5681 vox
2574 5625 2685 5679 fuit
2711 5626 3141 5698 pronuntiantis
3168 5627 3481 5682 lectionem
3513 5625 3811 5700 evangeli-

2174 5734 2324 5789 cam,
2357 5735 2423 5776 ac
2449 5718 2640 5776 nuntii
2665 5718 2909 5785 dicentis
2939 5737 2952 5778 :
2982 5720 3156 5778 Filius
3186 5725 3358 5777 natus
3382 5724 3470 5778 est
3496 5721 3620 5778 tibi.
3649 5743 3680 5774 »

2244 5818 2294 5868 7.
2322 5814 2385 5870 In
2421 5813 2581 5871 festis
2621 5817 2949 5873 sanctorum
2985 5815 3090 5872 has
3132 5815 3408 5874 lectiones
3441 5816 3813 5890 pracedabat
