4020 6232
134 305 217 361 133

128 412 275 468 lectio
312 410 603 483 passionis
634 429 735 468 seu
769 411 909 468 Vitae
943 411 1306 479 Sanctorum,
1339 428 1586 483 quorum
1612 410 1758 465 festa

128 505 530 562 recolebantur.
576 507 732 560 Audi
775 505 1114 577 Gregorium
1151 500 1207 559 in
1250 505 1347 559 lib.
1388 522 1404 559 ι
1448 504 1519 558 de
1563 503 1752 559 Gloria

128 602 447 670 martyrum,
471 615 606 671 cap.
638 603 708 655 86
740 616 752 653 :
788 621 815 649 ‹‹
840 600 968 654 Dies
994 597 1275 671 passionis
1304 601 1429 652 erat
1452 597 1750 670 Polycarpi

128 692 371 763 martyris
397 692 633 764 magni,
659 696 718 746 et
742 692 800 747 in
822 692 1226 765 Ricomagensi
1249 692 1372 746 vico
1395 691 1634 745 civitatis
1652 694 1752 745 Ar-

125 802 292 839 vernae
314 786 436 856 ejus
463 785 761 840 solemnia
774 786 1230 855 celebrabantur.
1251 784 1610 855 Lectaigitur
1625 801 1750 855 pas-

124 877 263 932 sione
287 895 416 932 cum
448 878 698 951 reliquis
719 878 1077 946 lectionibus,
1110 895 1252 950 quas
1273 894 1459 933 canon
1481 877 1744 932 sacerdo-

123 971 235 1024 talis
261 971 486 1040 invexit,
522 975 758 1043 tempus
785 972 857 1027 ad
885 972 1225 1027 sacrificium
1261 971 1622 1027 offerendum
1652 970 1749 1025 ad-

122 1064 272 1118 venit.
301 1088 328 1112 ››
353 1065 411 1119 Si
439 1066 569 1119 haec
592 1067 762 1121 lectio
786 1066 1048 1137 proxime
1072 1067 1224 1120 facta
1250 1082 1367 1119 non
1393 1064 1591 1119 fuisset
1611 1068 1745 1118 ante

125 1157 462 1225 sacriﬁcium,
498 1176 638 1213 eam
669 1159 761 1213 hic
787 1175 1251 1215 commemorare
1279 1158 1419 1212 nihil
1441 1157 1741 1211 attinebat.

124 1249 367 1320 Ejusdem
386 1252 659 1307 lectionis
671 1252 825 1307 idem
839 1253 1149 1323 Gregorius
1166 1252 1437 1306 meminit
1452 1250 1509 1305 in
1524 1250 1746 1304 duobus

125 1348 230 1402 aliis
252 1348 403 1413 locis,
432 1363 654 1417 nempe
683 1346 741 1400 in
771 1346 865 1401 lib.
906 1363 944 1400 ιι
981 1346 1052 1401 de
1082 1345 1360 1402 Miraculis
1398 1343 1577 1399 sancti
1601 1344 1741 1399 Mar-

122 1440 228 1507 tini,
254 1458 371 1511 cap.
401 1443 470 1494 29
517 1442 579 1493 et
610 1456 733 1511 cap.
767 1441 855 1507 49,
887 1438 985 1493 ubi
1028 1439 1151 1493 haec
1179 1438 1351 1493 verba
1380 1455 1393 1493 :
1431 1460 1459 1488 «
1485 1436 1742 1507 Denique

123 1533 486 1588 sacerdotibus
530 1533 632 1604 qui
678 1532 1055 1598 advenerant,
1088 1531 1161 1585 ad
1200 1531 1429 1602 agenda
1460 1529 1745 1583 solemnia

122 1625 562 1698 procedentibus,
596 1642 724 1679 cum
752 1627 952 1692 lector,
976 1624 1065 1679 cui
1088 1624 1318 1696 legendi
1342 1626 1466 1678 erat
1487 1622 1740 1677 officium

123 1719 434 1785 advenisset,
476 1722 536 1773 et
574 1722 806 1790 arrepto
844 1718 990 1773 libro
1025 1704 1215 1772 Vitam
1259 1717 1439 1771 sancti
1481 1716 1745 1788 coepisset

1116 300 1203 359 DE
1235 302 1552 359 LlTURGlA
1589 296 1965 358 GALLICANA
2001 299 2200 356 LIBER
2238 298 2505 356 PRIMUS.

3397 294 3498 356 134

1861 408 2196 463 mulieribus
2210 408 2502 473 offeratur,
2519 410 2640 462 tam
2658 406 2823 480 panis
2849 423 3024 480 quam
3049 403 3183 477 vini,
3201 409 3261 463 ut
3280 424 3384 480 per
3394 409 3497 464 has

1860 502 2293 557 immolationes
2330 506 2388 556 et
2426 505 2792 573 peccatorum
2835 518 3070 557 suorum
3121 503 3366 558 fascibus
3400 521 3496 558 ca-

1852 599 2040 663 reant,
2062 599 2119 649 et
2144 613 2274 650 cum
2292 595 2432 649 Abel
2450 598 2535 650 vel
2558 596 2783 650 czeteris
2802 596 2956 666 juste
2975 596 3348 651 offerentibus
3369 615 3497 668 pro-

1852 692 2191 743 mereantur
2221 706 2343 743 esse
2378 692 2691 744 consortes.
2723 712 2750 738 »
2782 674 3046 744 Rubeum
3080 688 3273 744 vinum
3303 690 3497 746 offerri

1849 782 2056 852 saepius
2092 786 2443 853 praeceptum
2478 786 2583 851 est,
2622 786 2743 836 tum
2779 783 2852 837 ob
2884 782 3225 854 periculum,
3268 787 3391 837 tum
3422 783 3495 838 ob

1852 875 2228 945 mysterium;
2256 892 2391 930 nam
2424 876 3013 947 rubeam-expressius
3034 876 3242 935 Christi
3271 877 3497 949 sangui-

1849 986 1984 1022 nem
2019 968 2227 1038 signat,
2252 986 2425 1039 quam
2457 969 2673 1035 album,
2707 970 2867 1040 cujus
2895 970 3021 1024 loco
3044 987 3193 1041 aqua
3219 987 3335 1025 non
3362 987 3493 1025 raro

1848 1061 2111 1129 sumitur,
2136 1061 2287 1116 facili
2311 1079 2528 1117 errore.
2555 1063 2643 1117 Ad
2670 1063 2912 1117 rubeum
2929 1061 3044 1135 41
3080 1064 3333 1119 colorem
3359 1065 3496 1119 allu-

1850 1156 1993 1209 dens
2023 1155 2360 1209 Ambrosius
2391 1155 2449 1209 in
2479 1157 2767 1227 psalmum
2800 1173 2985 1225 cxvm,
3017 1156 3181 1212 initio
3215 1158 3493 1212 octonarii

1851 1250 1915 1303 14
1944 1266 1957 1303 :
1993 1271 2019 1297 α
2052 1248 2253 1304 Cernis
2286 1265 2502 1317 rosam,
2542 1248 2745 1320 inquit,
2789 1250 2898 1304 hoc
2935 1254 3021 1305 est
3057 1250 3332 1305 dominici
3374 1268 3494 1306 cor-

1846 1343 2002 1413 poris
2033 1343 2401 1414 sanguinem.
2430 1365 2457 1393 »
2490 1343 2763 1414 Apposite
2803 1343 3047 1398 Jacobus
3083 1361 3117 1398 a
3147 1344 3391 1400 Vitriaco
3430 1346 3490 1400 in

1847 1436 2109 1491 Historiae
2139 1436 2513 1490 occidentalis
2558 1428 2786 1507 cap.'38
2820 1453 2833 1490 :
2871 1458 2897 1483 (ι
2931 1436 3045 1491 Sed
3082 1441 3137 1490 et
3177 1437 3395 1507 vinum,
3432 1440 3490 1494 in

1846 1533 2129 1600 quantum
2162 1547 2229 1583 ex
2263 1529 2500 1584 diversis
2528 1530 2706 1584 acinis
2728 1529 2982 1598 conﬂuit,
3008 1529 3291 1585 unitatem
3319 1535 3493 1588 eccle-

1844 1622 2136 1677 siasticam
2192 1626 2600 1694 repraesentat;
2650 1624 2709 1677 in
2759 1626 3043 1695 quantum
3099 1627 3296 1679 autem
3345 1627 3493 1681 calet

1844 1720 1943 1770 aut
1986 1717 2171 1783 rubet,
2204 1716 2548 1771 charitatem
2580 1716 2843 1771 Ecclesiae
2881 1715 3164 1788 designat.
3197 1741 3225 1768 »

122 1812 287 1883 legere
313 1812 683 1879 confessoris,
718 1835 744 1861 ››
780 1815 888 1865 etc.
918 1813 997 1865 Ex
1034 1828 1147 1882 quo
1188 1810 1548 1881 intelligitur,
1590 1810 1736 1863 hanc
1759 1801 1815 1871 B
1916 1813 1998 1864 10.
2024 1810 2193 1863 Facta
2217 1809 2531 1877 oblatione,
2551 1811 2855 1881 presbyter
2883 1814 3166 1882 quantum
3189 1811 3325 1866 satis
3343 1814 3486 1882 erat,

123 1905 401 1960 lectionem
443 1905 574 1960 aliis
611 1904 968 1976 praemissam
1005 1903 1199 1958 fuisse.
1242 1904 1312 1957 Et
1348 1903 1583 1975 quidem
1611 1905 1739 1956 acta

125 1996 434 2053 Sanctorum
459 1998 519 2052 in
542 1998 720 2052 missa
740 1998 1015 2069 legebant
1032 1997 1375 2063 Mozarabes,
1400 1998 1461 2050 ut
1482 2013 1547 2049 ex
1569 1995 1739 2049 Brau-

126 2091 252 2145 lione
280 2092 333 2146 in
374 2091 490 2146 vita
531 2092 716 2147 sancti
749 2090 1041 2146 .lEmiliani
1081 2089 1342 2162 superius
1372 2089 1639 2145 vidimus.
1672 2093 1733 2145 In

125 2184 449 2239 Lectionario
472 2188 676 2239 nostro
698 2184 989 2239 Gallicano
1013 2187 1139 2239 acta
1151 2187 1482 2238 sanctorum
1504 2187 1731 2256 aposto-

124 2277 283 2332 lorum
309 2277 459 2332 Petri
488 2281 549 2331 et
575 2277 736 2332 Pauli
768 2277 1039 2349 Epistolas
1066 2276 1519 2348 praemittuntur.

181 2372 225 2424 8.
263 2371 571 2442 Evangelia
611 2370 919 2441 Gregorius
954 2369 1182 2440 subjicit
1209 2369 1467 2424 sacriﬁcii
1490 2369 1731 2424 oblatio-

126 2480 237 2517 nem
255 2463 312 2518 in
339 2465 463 2519 loco
486 2481 629 2519 mox
650 2464 832 2518 relato
851 2463 923 2517 de
939 2466 1137 2518 sancto
1148 2465 1482 2535 Polycarpo,
1498 2463 1587 2517 cui
1608 2465 1733 2517 loco

128 2556 248 2611 alter
272 2558 588 2613 consimilis
625 2561 713 2612 est
741 2557 799 2612 in
831 2574 956 2628 cap.
992 2561 1055 2611 17
1084 2554 1154 2611 de
1185 2557 1323 2611 Vitis
1351 2559 1607 2625 Patrum,
1637 2557 1734 2611 ubi

128 2649 223 2720 agit
241 2651 306 2705 de
329 2651 550 2706 Nicetio
576 2651 848 2722 episcopo
876 2649 1215 2706 Trevirensi.
1242 2650 1426 2714 Quem
1452 2652 1638 2704 locum
1655 2650 1733 2704 ita

124 2744 440 2798 restituimus
469 2761 538 2798 ex
570 2742 779 2799 Codice
810 2760 918 2797 ms.
948 2760 962 2798 :
991 2765 1018 2793 «
1046 2743 1293 2797 Advenit
1320 2742 1442 2797 dies
1472 2742 1731 2798 Domini-

130 2851 222 2903 cus,
247 2839 297 2890 et
319 2854 445 2892 ecce
476 2854 577 2891 rex
606 2853 738 2891 cum
760 2836 849 2891 his
878 2836 966 2891 cui
1005 2837 1077 2891 ab
1104 2837 1212 2891 hoc
1242 2836 1539 2891 sacerdote
1571 2853 1730 2891 com-

129 2929 353 2984 munioni
366 2930 567 2985 abesse
581 2930 725 3001 jussi
738 2931 988 2997 fuerant,
1004 2928 1305 2984 ecclesiam
1321 2933 1405 2983 est
1418 2930 1727 3001 ingressus.

127 3019 278 3075 Lectis
295 3022 467 3094 igitur
490 3023 856 3091 lectionibus,
872 3040 1014 3095 quas
1030 3040 1216 3077 canon
1239 3022 1425 3077 sanxit
1439 3022 1727 3094 antiquus,

128 3113 300 3169 oblatis
331 3116 672 3171 muneribus
708 3133 880 3188 super
916 3116 1096 3171 altare
1132 3116 1254 3184 Dei,
1294 3116 1375 3171 ait
1408 3116 1674 3171 sacerdos
1712 3132 1725 3171 :

1839 1902 1913 1957 ad
1935 1903 2274 1957 sacrificium
2303 1902 2651 1970 assumebat,
2671 1904 2845 1975 idque
2866 1905 3025 1975 palla
3042 1921 3144 1960 seu
3158 1906 3335 1977 pallio
3358 1924 3490 1962 con-

1838 1997 2094 2067 tegebat.
2127 1998 2324 2051 Plures
2346 1996 2515 2067 bujus
2538 1996 2619 2050 rei
2643 1996 2749 2051 loci
2774 2001 2908 2051 sunt
2938 1998 3092 2069 apud
3120 1997 3484 2070 Gregorium.

1837 2090 1991 2144 Unus
2008 2089 2064 2143 in
2083 2089 2178 2143 lib.
2198 2106 2275 2143 vn
2302 2107 2424 2160 cap.
2446 2093 2515 2144 22
2538 2106 2550 2143 :
2590 2111 2617 2139 (ι
2640 2090 2921 2144 Putabam
2953 2104 3069 2157 me,
3093 2094 3293 2161 inquit,
3316 2092 3484 2163 quasi

1836 2181 1894 2235 in
1916 2182 2149 2237 basilica
2162 2186 2524 2237 sacrosancta
2538 2181 2847 2237 missarum
2861 2183 3146 2238 solemnia
3159 2185 3456 2240 celebrare
3466 2228 3479 2242 .

1837 2276 2097 2346 Cumque
2108 2276 2231 2346 jam
2257 2276 2525 2330 altarium
2551 2293 2682 2330 cum
2705 2275 3090 2331 oblationibus
3106 2277 3280 2348 pallio
3302 2278 3483 2335 serico

1836 2372 2103 2439 opertum
2128 2372 2295 2437 esset,
2318 2368 2505 2423 subito
2527 2368 2957 2439 ingredientem
2976 2371 3479 2427 Guntchramnum

1836 2462 2149 2533 conspicio,
2181 2463 2279 2533 qui
2301 2479 2518 2534 magna
2537 2479 2674 2517 voce
2704 2462 2994 2517 clamabat
3022 2481 3034 2518 :
3065 2463 3360 2519 Extrahite
3384 2465 3485 2520 ho-

1834 2555 2111 2610 micidam
2140 2574 2174 2611 a
2212 2573 2374 2611 sacro
2407 2555 2509 2611 Dei
2538 2556 2809 2611 altario...
2843 2560 2916 2611 At
2937 2573 3046 2628 ego
3068 2575 3198 2611 cum
3228 2559 3350 2613 haec
3376 2575 3478 2613 au-

1834 2649 2043 2715 direm,
2073 2649 2146 2703 ad
2177 2652 2232 2703 te
2265 2666 2573 2705 conversus
2602 2649 2718 2704 dixi
2752 2668 2764 2705 :
2798 2651 3185 2721 Apprehende
3208 2649 3476 2722 pallium,

1834 2741 2051 2808 infelix,
2076 2759 2190 2813 quo
2212 2759 2372 2797 sacra
2385 2760 2630 2797 munera
2647 2746 3055 2815 conteguntur,
3082 2761 3154 2798 ne
3168 2744 3479 2817 hincabji-

1832 2834 2064 2890 ciaris...
2099 2837 2358 2907 Cumque
2387 2839 2707 2891 reverteres
2733 2837 2807 2891 ad
2830 2836 3125 2904 altarium,
3152 2839 3475 2909 apprehen-

1832 2928 2008 2983 debas
2043 2929 2306 2999 pallium,
2336 2930 2435 2983 sed
2477 2946 2705 2984 rursum
2752 2930 3187 3001 relinquebas...
3221 2932 3291 2985 Et
3334 2931 3432 2985 ille
3463 2946 3475 2986 :

1830 3022 2243 3090 Deliberatum,
2268 3022 2476 3094 inquit,
2501 3023 2696 3089 habui,
2721 3026 2785 3076 ut
2804 3024 2852 3076 si
2873 3041 2969 3078 me
2993 3040 3089 3077 rex
3112 3024 3183 3077 ab
3214 3023 3324 3078 hoc
3350 3024 3475 3081 loco

1823 3114 2055 3185 juberet
2092 3115 2332 3184 extrahi,
2368 3116 2440 3169 ab
2476 3133 2593 3170 una
2632 3132 2811 3170 manu
2851 3133 3047 3171 PALLAS
3082 3117 3279 3171 altaris
3314 3119 3478 3173 tene-

718 3168 869 3188 -_r_,
922 3168 1089 3171 ηπ--
1132 3168 1254 3184 _-_,
1300 3168 1369 3171 __,
1713 3168 1723 3171 -
1823 3168 1885 3185 νγ
2102 3168 2332 3184 mnam,
2851 3168 3042 3171 --η-,η
3087 3168 3274 3171 _______
3320 3168 3444 3173 η---

125 3205 225 3261 Non
249 3207 331 3263 hic
361 3208 487 3283 4ο
517 3210 698 3265 hodie
729 3210 1036 3264 missarum
1059 3209 1344 3265 solemnia
1361 3226 1726 3265 consumma-
1750 3168 1804 3242 C
1829 3225 1977 3277 rem,
2010 3232 2039 3259 »
2074 3212 2181 3264 etc.
2212 3211 2341 3264 Haec
2373 3209 2686 3281 Gregorius
2722 3210 2793 3264 de
2819 3209 3090 3265 Eberulfo
3126 3210 3282 3281 regis
3319 3212 3475 3266 cubi-

127 3298 323 3369 buntur,
346 3303 452 3357 nisi
479 3303 896 3359 communione
924 3303 1130 3375 privati
1160 3304 1316 3375 prius
1341 3303 1672 3358 abscedant.
1696 3325 1724 3353 ››

127 3392 213 3447 L'bi
236 3398 361 3450 nota
404 3396 599 3469 primo
634 3397 1162 3454 excommunicatos
1192 3400 1327 3451 ante
1374 3396 1727 3452 oblationem

131 3486 309 3555 ejectos
343 3490 514 3544 fuisse
553 3507 623 3545 ex
658 3490 913 3545 ecclesia.
948 3490 1113 3555 Quod
1146 3490 1323 3545 etiam
1352 3490 1638 3561 colligitur
1662 3508 1729 3545 ex

128 3578 207 3633 lib.
228 3582 534 3638 xHistorize
563 3583 845 3654 Gregorii,
888 3600 1013 3655 cap.
1044 3587 1095 3639 8.
1137 3583 1356 3638 Deinde
1396 3583 1587 3638 missa).
1622 3585 1724 3639 Ca-

131 3689 331 3741 nonem,
358 3677 415 3731 id
453 3680 542 3731 est
579 3676 859 3731 Ordinem
891 3677 1269 3745 Gallicanum,
1306 3677 1581 3747 Gregorio
1618 3677 1729 3732 dici

133 3764 395 3839 antiquum
422 3788 437 3825 :
470 3788 537 3825 ac
566 3769 813 3842 proinde
848 3770 1197 3825 Mozarabico
1236 3771 1320 3841 (ut
1339 3769 1726 3842 probavimus)

135 3862 644 3935 esseantiquiorem.
666 3866 820 3917 Inter
843 3863 1136 3934 Evangelii
1156 3863 1462 3918 lectionem
1491 3867 1549 3917 et
1577 3864 1730 3918 obla-

135 3951 319 4010 tionem
330 3973 753 4028 nonnunquam
768 3957 1008 4012 homilia
1020 3957 1094 4011 ad
1104 3957 1383 4029 populum
1401 3957 1729 4029 interpone-

134 4042 288 4114 batur,
316 4054 452 4104 teste
483 4050 756 4118 Caesario,
786 4051 945 4122 cujus
961 4050 1369 4117 auctoritatem
1392 4052 1565 4121 paulo
1593 4055 1725 4105 ante

135 4140 411 4197 retulimus.
442 4144 605 4199 ldem
634 4144 845 4215 probat
874 4144 1185 4198 Audoenus
1224 4143 1282 4197 in
1314 4143 1410 4197 lib.
1443 4161 1480 4198 ιι
1505 4144 1575 4198 de
1603 4144 1728 4199 Vita

135 4235 282 4289 sancti
305 4237 480 4309 Eligii,
510 4255 638 4309 cap.
682 4242 751 4292 22
779 4254 791 4293 :
844 4257 872 4287 «
907 4237 1113 4309 Aliquo
1150 4254 1344 4291 rursus
1370 4236 1429 4291 in
1461 4240 1725 4309 tempore

133 4326 370 4395 agebatur
389 4331 597 4386 natalis
620 4330 776 4385 beati
800 4330 1044 4385 Martini.
1069 4332 1329 4402 Cumque
1352 4329 1503 4385 inter
1522 4331 1723 4386 missa-

135 4431 239 4472 rum
279 4423 572 4491 solemnia,
624 4422 958 4495 evangelica
994 4423 1157 4494 juxta
1192 4440 1422 4478 morem
1480 4424 1724 4479 lectione

1831 3302 2047 3357 culario
2087 3320 2099 3357 :
2129 3320 2303 3375 quem
2331 3304 2523 3359 locum
2555 3304 2679 3358 fuse
2708 3304 2899 3371 retuli,
2918 3305 3041 3358 tum
3077 3307 3141 3358 ut
3172 3308 3472 3377 appareat,

1831 3410 1949 3451 non
1990 3396 2166 3451 modo
2208 3415 2396 3452 sacras
2434 3397 2774 3464 oblationes,
2806 3397 2865 3451 id
2892 3400 2979 3451 est
3011 3415 3227 3469 panem
3259 3402 3317 3455 et
3337 3398 3475 3455 cali-

1831 3506 1979 3557 cem,
2011 3490 2110 3543 sed
2148 3493 2206 3544 et
2241 3492 2421 3545 altare
2461 3491 2615 3563 palla
2653 3490 2861 3545 eadem
2902 3489 3080 3546 fuisse
3108 3496 3474 3565 coopertum,

1830 3585 1954 3637 tum
2000 3584 2216 3654 pallam
2258 3584 2419 3638 illam
2457 3601 2524 3638 ex
2566 3586 2732 3639 serico
2770 3584 3015 3649 factam;
3057 3588 3181 3639 tum
3225 3586 3476 3659 denique

1823 3677 2057 3747 pallam,
2075 3670 2589 3749 pallas,‘etpallum
2604 3678 2712 3732 hoc
2734 3678 2859 3732 loco
2889 3678 3046 3732 idem
3079 3696 3222 3733 esse.
3256 3681 3337 3734 De
3367 3680 3475 3736 hac

1828 3770 1981 3841 palla
1999 3773 2227 3824 sanctus
2245 3770 2591 3825 Benedictus
2608 3770 2863 3840 loquitur
2885 3770 2942 3824 in
2966 3773 3183 3843 regula:
3208 3789 3325 3827 suae
3347 3789 3471 3845 cap.

1831 3866 1916 3929 59,
1959 3862 2056 3916 ubi
2098 3862 2169 3917 de
2204 3879 2517 3934 puerorum
2564 3863 2856 3917 oblatione
2903 3880 3102 3934 agens,
3133 3864 3303 3935 jubet
3342 3883 3467 3920 ma-

1829 3973 1968 4010 num
1994 3955 2159 4027 pueri
2190 3955 2473 4011 offerendi
2504 3955 2714 4010 involvi
2734 3959 2791 4011 in
2815 3957 2975 4027 palla
3002 3958 3220 4021 altaris,
3252 3957 3475 4014 scilicet

1829 4066 1959 4103 cum
2001 4048 2293 4103 oblatione
2337 4049 2503 4120 panis
2555 4051 2613 4102 et
2654 4048 2792 4117 vini,
2836 4053 2900 4104 ut
2941 4067 3008 4104 ex
3050 4046 3308 4123 utrisque
3355 4067 3472 4107 una

1828 4143 1946 4197 Deo
1988 4143 2152 4196 fieret
2197 4142 2430 4197 oblatio.
2480 4142 2640 4197 Idem
2695 4142 2869 4197 fuisse
2922 4143 3152 4199 videtur
3196 4147 3472 4217 corporale

1820 4237 2077 4307 pallium,
2105 4237 2244 4291 albis
2268 4237 2613 4305 stigmatibus
2640 4238 2940 4300 variatum,
2970 4238 3126 4309 quod
3167 4240 3471 4295 Pethelmo

1829 4330 2072 4384 antistiti
2115 4330 2268 4385 dono
2298 4329 2619 4384 transmisit
2658 4330 2988 4385 Bonifacius
3023 4331 3324 4403 episcopus
3352 4333 3468 4388 Mo-

1829 4423 2104 4494 guntinus
2144 4423 2202 4477 in
2246 4423 2490 4495 epistola
2536 4427 2619 4490 ll,
2642 4425 2880 4495 pallium
2920 4426 3118 4479 altaris
3153 4423 3371 4480 dictum
3405 4424 3464 4481 in

137 4512 339 4608 expleta,
389 4516 582 4571 divina
631 4516 848 4587 Eligius
901 4517 1114 4587 populo
1162 4516 1503 4587 praedicaret
1566 4534 1730 4572 man-
1749 4537 1809 4608 D
1833 4516 2075 4587 epistola
2096 4520 2183 4571 35.
2209 4515 2336 4589 42
2352 4517 2524 4573 Palla
2535 4516 2874 4571 vocabulum
2899 4517 3073 4572 hodie
3094 4517 3471 4573 retinetillud

139 4599 262 4671 data,
287 4628 312 4655 υ
337 4610 439 4663 etc.

193 4697 235 4748 9.
260 4698 449 4757 Postea
483 4702 762 4759 diaconus
801 4721 1027 4759 sacrum
1072 4702 1463 4758 ministerium
1508 4721 1607 4759 seu
1636 4722 1727 4759 su-

140 4788 437 4856 pellectilem
483 4814 728 4865 sacram,
762 4797 821 4852 id
857 4798 961 4866 est,
991 4798 1231 4853 calicem
1268 4801 1327 4851 et
1361 4801 1569 4853 caetera
1596 4816 1731 4861 vasa

141 4895 285 4952 sacra,
308 4904 370 4942 ex
395 4890 664 4957 sacrario,
697 4891 853 4962 quod
871 4891 930 4945 in
964 4891 1315 4947 domuncula
1342 4891 1595 4947 ecclesia:
1627 4893 1725 4947 ad-

141 4970 352 5035 herente
393 4983 566 5039 situm
614 4988 756 5052 erat,
805 4988 904 5039 aut
946 4989 1100 5039 certe
1148 5001 1216 5039 ex
1264 4986 1516 5041 armario
1562 4985 1728 5039 altari

141 5072 357 5135 proximo
377 5076 673 5132 afferebat.
698 5078 1006 5149 Gregorius
1025 5079 1085 5133 in
1106 5078 1206 5133 lib.
1235 5096 1251 5132 ι
1274 5078 1344 5133 de
1358 5078 1547 5135 Gloria
1580 5096 1730 5133 mar-

141 5162 313 5233 ῗῖΐιιω,
350 5186 469 5241 cap.
511 5174 580 5226 86
622 5188 635 5226 :
675 5191 703 5223 ‹‹
739 5172 1004 5243 Tempus,
1032 5172 1241 5244 inquit,
1276 5173 1349 5226 ad
1384 5172 1726 5227 sacrificium

145 5252 454 5317 offerendum
483 5264 748 5331 advenit;
780 5269 1130 5337 acceptaque
1154 5268 1311 5321 turre
1342 5265 1635 5333 diaconus,
1665 5266 1724 5319 in

146 5358 231 5414 qua
248 5351 609 5411 ministerium
630 5357 907 5414 dominici
933 5359 1188 5431 corporis
1209 5359 1551 5427 habebatur,
1575 5360 1726 5413 ferre

146 5442 278 5511 εοερῆ
298 5447 365 5502 ad
384 5450 590 5506 ostium
617 5469 631 5518 ;
653 5450 1061 5524 ingressusque
1083 5454 1391 5524 templum,
1415 5456 1477 5507 ut
1499 5470 1628 5507 eam
1651 5454 1729 5507 al-

146 5530 231 5587 ίᾶτὶ
253 5549 666 5615 superponeret,
700 5568 728 5596 »
760 5548 867 5602 etc.
893 5547 1049 5601 Tunc
1080 5550 1274 5602 autem
1308 5547 1486 5602 fiebat
1512 5546 1725 5602 oblatio

149 5627 276 5693 Pallia
299 5638 354 5689 et
372 5637 483 5693 vini
511 5638 585 5694 ad
607 5640 972 5697 sacrificium.
1000 5641 1320 5697 Concilium
1345 5640 1721 5697 Matisconen-

151 5732 194 5774 δε
214 5737 264 5794 II,
290 5743 428 5789 anno
454 5735 574 5805 585,
603 5751 730 5793 can.
762 5736 817 5807 4,
847 5734 1126 5807 decernit,
1158 5757 1187 5791 ‹‹
1226 5738 1289 5794 ut
1318 5736 1587 5794 omnibus
1611 5736 1723 5794 Ποσ-

154 5814 334 5881 ιηὶιιὶοἰι
362 5823 554 5887 diebus
586 5830 783 5889 altaris
816 5831 1031 5890 oblatio
1074 5830 1146 5888 ab
1183 5831 1452 5889 omnibus
1491 5829 1625 5889 viris
1670 5831 1729 5889 et

1833 4611 2167 4682 operculum
2207 4610 2447 4677 lineum,
2482 4627 2596 4682 quo
2623 4611 2768 4665 calix
2795 4614 3051 4665 sacratus
3078 4608 3293 4681 tegitur
3324 4626 3337 4666 :
3368 4609 3469 4666 sed

1831 4722 1922 4759 res
1948 4705 2071 4775 ipsa
2106 4705 2277 4775 longe
2306 4703 2469 4758 abest
2503 4721 2537 4758 a
2570 4704 2753 4758 veteri
2787 4720 2971 4759 more.
3013 4705 3288 4759 Processu
3325 4707 3472 4759 tem-

1831 4797 1986 4869 poris
2035 4797 2339 4868 corporali,
2381 4797 2538 4868 quod
2574 4797 2788 4853 Christi
2831 4797 3060 4868 corpori
3111 4798 3471 4870 supponitur,

1831 4892 2007 4946 etiam
2037 4888 2180 4945 calix
2209 4892 2505 4945 contectus
2533 4894 2636 4957 est,
2664 4890 2819 4961 quod
2850 4890 3025 4945 hodie
3051 4908 3282 4963 quoque
3314 4892 3473 4948 facti-

1830 4985 1956 5038 tant
1980 4981 2363 5039 Carthusiani.
2392 4984 2550 5038 Hunc
2576 4983 2753 5037 ritum
2790 4982 3012 5040 indicat
3042 4985 3286 5040 Iacobus
3317 5003 3351 5041 a
3376 4986 3469 5041 Vis

1828 5078 2007 5132 triaco
2039 5075 2099 5131 in
2121 5078 2245 5133 loco
2274 5094 2407 5132 mox
2430 5076 2601 5132 citato
2628 5092 2639 5132 :
2667 5077 2815 5132 Dum
2840 5078 3138 5150 corporale
3162 5076 3473 5151 deponitur

1829 5170 1900 5225 de
1932 5171 2128 5238 calice,
2169 5173 2303 5226 ante
2336 5172 2530 5227 oculos
2562 5170 2777 5225 habeat
2807 5171 3235 5244 depositionem
3264 5169 3474 5228 Christi

1829 5264 1900 5319 de
1941 5281 2127 5319 cruce.
2174 5283 2202 5315 »
2234 5262 2333 5320 Hic
2371 5263 2516 5321 ritus
2553 5264 2741 5335 magis
2768 5264 3084 5321 accedebat
3111 5264 3186 5320 ad
3214 5267 3473 5322 veterem

1828 5357 2184 5413 Gallicanum
2220 5375 2469 5425 morem,
2502 5374 2676 5429 quem
2716 5376 2784 5413 ex
2814 5358 3093 5431 Gregorio
3125 5375 3258 5414 mox
3290 5361 3467 5433 expli-

1828 5450 2070 5507 cuimus.
2104 5453 2355 5509 Filiolam
2378 5455 2585 5507 vocant
2606 5453 2935 5508 Mozarabes
2958 5454 3148 5507 velum
3177 5453 3321 5510 illud
3351 5472 3467 5527 quo

1827 5563 2054 5601 sacrum
2103 5545 2345 5601 calicem
2389 5545 2677 5617 operiunt.
2731 5545 2824 5601 Sic
2873 5545 3032 5600 enim
3074 5546 3303 5604 rubrica
3341 5552 3473 5621 post

1826 5640 2128 5713 sanguinis
2157 5639 2653 5698 consecrationem
2681 5639 2860 5695 habet
2892 5656 2904 5697 :
2932 5642 3034 5698 Hic
3069 5641 3303 5701 elevatur
3325 5644 3474 5702 calta:

1825 5739 2101 5809 coopertus
2122 5751 2242 5794 cum
2266 5736 2459 5808 ﬁliola.

1902 5833 1986 5887 Η.
2014 5830 2152 5890 Ideo
2171 5846 2308 5887 vero
2333 5844 2496 5887 sacra
2523 5824 2799 5903 mysteria
2822 5828 2980 5901 palla
3004 5845 3106 5889 seu
3129 5829 3303 5905 pallio
3330 5829 3449 5905 alta
