4020 6232
499 264 599 325 l35

1286 266 1620 324 APPENDIX
1656 267 1743 324 AD
1781 268 2007 326 OPERA
2043 266 2275 326 SANCTI
2310 265 2606 324 GERMANI
2643 264 3067 323 PARISIENSIS.

3775 272 3883 323 136

490 378 571 433 ris
598 375 752 447 apud
778 375 1001 431 veteres
1030 375 1221 432 Gallos
1248 378 1616 449 tegebantur,
1645 381 1707 433 ut
1733 397 1807 433 ne
1830 396 1865 434 a
1892 380 2132 435 circum-
2156 391 2214 463 Α
2233 380 2449 461 Domine
2489 381 2626 432 Deus
2667 382 2863 440 noster,
2897 382 3238 447 peccatorum
3285 375 3490 432 tribuas
3537 377 3783 457 veniam,
3829 384 3887 431 et

494 470 776 526 stantibus
811 470 993 524 videri
1033 474 1285 542 possent.
1324 473 1641 542 Propterea
1672 474 1794 527 hinc
1832 475 1988 544 palla
2017 490 2132 527 non

492 580 625 618 rara
653 562 932 631 tenuisve,
967 564 1069 617 sed
1096 565 1279 619 densa
1312 582 1435 619 esse
1470 566 1740 621 debebat.
1773 569 2131 637 Argumento

494 659 581 711 est
612 655 769 726 quod
795 657 955 711 Dado
1000 657 1241 727 quidam
1274 658 1346 712 ab
1373 659 1633 714 hostibus
1660 660 2010 729 interceptus
2034 673 2129 711 vo-

491 749 590 815 vit,
632 766 714 815 se,
755 750 801 801 si
851 750 1124 821 evaderet
1172 751 1500 819 incolumis,
1547 752 1765 823 aliquid
1804 749 2132 805 ornamenti

494 841 747 895 ecclesia:
771 843 951 897 sancti
977 843 1183 897 Nicetii
1212 845 1467 917 epiSCOpi
1487 842 1883 915 Lugdunensis
1900 842 2134 913 largitu-

492 951 625 989 rum
657 951 669 988 :
702 956 728 981 ‹‹
752 935 1029 1006 deditque
1043 939 1471 1008 coopertorium
1490 936 1895 1003 Sarmaticum,
1919 952 2032 1006 quo
2051 936 2130 989 al-

492 1032 616 1081 tare
645 1028 1008 1083 dominicum
1038 1047 1169 1085 cum
1193 1030 1579 1085 oblationibus
1599 1014 1911 1098 tegeretur.
1938 1050 1965 1077 »
1991 1028 2131 1082 lllud

494 1124 691 1175 autem
722 1139 839 1176 non
864 1122 972 1176 fuit
992 1127 1191 1178 sancto
1213 1127 1532 1193 acceptum,
1556 1126 1620 1175 ut
1644 1122 1871 1175 homini
1899 1121 1956 1175 in
1986 1138 2134 1176 som-

493 1214 583 1267 nis
624 1218 867 1268 testatus
912 1220 999 1270 est
1042 1216 1130 1269 his
1172 1215 1360 1269 verbis
1396 1232 1409 1269 :
1451 1236 1477 1264 «
1506 1215 1945 1285 Coopertorium
1974 1231 2130 1281 vero,

494 1307 629 1377 quia
656 1325 853 1362 rarum
879 1313 982 1376 est,
1014 1325 1129 1362 non
1161 1312 1414 1379 ponatur
1450 1324 1622 1379 super
1648 1324 1893 1362 munera
1914 1307 2132 1376 altaris,

494 1400 629 1471 quia
661 1418 778 1455 non
810 1401 1013 1455 exinde
1041 1402 1212 1471 plene
1252 1401 1468 1471 tegitur
1503 1400 1845 1471 mysterium
1878 1401 2134 1471 corporis

494 1494 906 1564 sanguinisque
941 1493 1242 1547 dominici.
1278 1512 1305 1546 ››
1335 1495 1419 1547 lta
1445 1493 1753 1564 Gregorius
1779 1493 1850 1547 de
1878 1494 2016 1548 Vitis
2036 1496 2135 1548 Pa-

492 1590 646 1639 trum
691 1604 814 1657 cap.
859 1590 947 1641 20.
988 1586 1150 1639 Adde
1186 1587 1379 1640 locum
1419 1604 1485 1641 ex
1520 1587 1618 1640 lib.
1659 1603 1697 1640 ιι
1741 1586 1811 1640 de
1851 1586 2134 1641 Miraculis

494 1679 674 1733 sancti
716 1679 943 1734 Martini
981 1695 1103 1749 cap.
1144 1682 1231 1732 25.
1272 1680 1385 1733 Hac
1420 1680 1571 1749 palla
1610 1679 1916 1749 tegebatur
1953 1680 2132 1733 altare

2230 473 2464 540 requiem
2501 471 2758 540 largioris
2781 474 3070 537 mternam;
3098 472 3300 525 meritis
3329 475 3378 524 et
3408 470 3887 525 intercessionibus

2229 568 2535 618 sanctorum
2575 568 2807 618 tuorum.
2858 566 3051 619 Mariae
3100 565 3373 633 genitricis
3431 565 3647 618 Domini
3704 566 3890 618 nostri

2230 659 2353 710 Jesu
2403 658 2621 718 Christi,
2674 657 2896 710 Joannis
2942 658 3200 725 Baptista:
3260 661 3311 710 et
3360 658 3717 726 precursoris
3778 659 3889 710 Do-

2231 752 2367 802 mini
2386 751 2557 804 nostri
2583 751 2705 803 Jesu
2735 750 2952 811 Christi,
2983 750 3263 819 Stephani,
3292 752 3457 811 Petri,
3488 750 3674 811 Pauli,
3714 751 3888 803 Joan-

2232 843 2337 905 nis,
2377 843 2583 905 Jacobi,
2613 841 2869 905 Andreae,
2907 841 3172 912 Philippi,
3216 844 3443 904 Thomas,
3469 843 3883 905 Bartholomavi,

2233 935 2498 1000 Matthaei,
2546 935 2749 996 Jacobi,
2790 936 3041 996 Simonis,
3091 934 3264 997 Italae,
3317 936 3582 997 Matthiae,
3642 936 3884 999 Genesii,

2232 1028 2635 1097 Symphoriani,
2683 1027 2947 1089 Baudilii,
3004 1028 3252 1090 Victoris,
3309 1028 3517 1082 Hilarii
3551 1029 3792 1098 episcopi
3828 1034 3885 1082 et

2234 1122 2568 1187 confesso-ms,
2604 1121 2835 1176 Martini
2868 1121 3103 1188 episcopi
3157 1125 3209 1173 et
3253 1122 3589 1187 confessoris,
3650 1124 3887 1178 ϐένθεαήί

2233 1215 2485 1283 epiSCOpi,
2514 1214 2624 1269 haec
2660 1214 2933 1283 propitius
2956 1216 3220 1281 prazstare
3242 1218 3295 1267 et
3318 1215 3578 1268 exaudire
3606 1214 3882 1283 digneris,

2234 1308 2329 1375 qui
2364 1308 2502 1359 vivis
2534 1310 2585 1360 et
2625 1321 2819 1374 regnas
2859 1308 2917 1359 in
2946 1309 3156 1361 unitate
3187 1308 3423 1376 Spiritus
3446 1310 3621 1362 sancti
3649 1311 3789 1362 Deus
3818 1310 3883 1360 in

2231 1399 2429 1453 saecula
2451 1399 2785 1453 saeculorum.
2813 1399 3005 1454 Amen.

2309 1494 2393 1545 13.
2426 1491 2689 1546 Similem
2716 1492 3052 1561 formulam,
3078 1492 3179 1547 sed
3197 1509 3301 1564 pro
3332 1493 3488 1561 vivis,
3512 1491 3881 1549 habemusin

2234 1584 2518 1639 hodierno
2535 1585 2767 1639 Canone
2790 1585 3054 1640 Romano
3077 1589 3213 1639 ante
3235 1588 3759 1655 consecrationem,
3776 1587 3885 1641 ubi

2237 1675 2420 1730 oratio
2449 1693 2576 1747 quae
2602 1676 2805 1747 incipit
2831 1694 2865 1731 a
2888 1677 3061 1731 verbo
3090 1681 3562 1743 Communicantes,
3586 1680 3885 1750 superiori

494 1773 673 1827 etiam
702 1776 858 1826 extra
885 1788 1062 1826 sacra.
1106 1772 1270 1825 Unde
1307 1772 1597 1826 abbatissa
1626 1772 1974 1827 Pictavensis
2000 1789 2129 1843 par-
2154 1758 2211 1829 B
2235 1769 2539 1823 Gallicana:
2567 1770 2899 1840 respondet.
2924 1772 3121 1841 Itaque
3144 1772 3258 1825 ritu
3284 1771 3574 1826 Gallicana
3607 1777 3666 1826 et
3695 1774 3887 1828 Moza-

494 1865 765 1920 thenonis
817 1869 1028 1919 sanctae
1083 1865 1283 1929 crucis,
1333 1882 1464 1918 cum
1509 1865 1579 1919 de
1635 1869 1801 1919 nocte
1848 1865 2134 1938 a}sicariis

493 1958 851 2014 Chrodieldis
882 1958 956 2012 ad
988 1974 1190 2012 necem
1217 1962 1593 2029 quaereretur,
1617 1980 1645 2007 ‹‹
1664 1959 1738 2014 ad
1764 1962 1977 2013 sanctae
2005 1976 2133 2013 cru-

495 2051 573 2106 cis
603 2068 818 2119 arcam,
849 2052 909 2106 id
943 2057 1020 2106 est
1053 2067 1231 2114 aram,
1266 2069 1325 2105 se
1362 2052 1655 2123 deportari
1691 2053 1951 2124 poposcit
1981 2053 2134 2124 (gra-

494 2145 735 2200 vabatur
774 2146 931 2200 enim
979 2144 1176 2199 dolore
1219 2145 1481 2200 humoris
1526 2147 1865 2217 podagrici).
1908 2149 2135 2200 Interea

493 2240 714 2295 Justina
738 2238 1064 2310 praeposita,
1090 2254 1225 2291 cum
1254 2239 1378 2293 aliis
1408 2240 1719 2307 sororibus,
1746 2241 1898 2311 palla
1918 2239 2131 2307 altaris,

499 2332 654 2403 quod
695 2335 781 2386 est
835 2335 968 2386 ante
1015 2348 1247 2386 crucem
1304 2332 1729 2387 dominicam...
1767 2333 2132 2387 Abbatissam

493 2423 620 2496 43
648 2424 851 2495 operit.
882 2445 910 2473 »
945 2424 1196 2479 Vetitum
1226 2429 1427 2480 tamen
1452 2430 1577 2481 erat
1604 2426 1831 2481 concilii
1855 2426 2133 2480 Autissio-

493 2518 754 2572 dorensis
783 2521 1122 2601 canone.37,
1144 2536 1211 2574 ne
1236 2521 1430 2574 mulier
1436 2521 1652 2591 pallam
1678 2520 2001 2574 dominicam
2017 2536 2136 2574 con-

492 2616 765 2675 trectaret,
792 2612 878 2665 uti
902 2612 961 2665 in
991 2612 1159 2667 titulo
1190 2613 1427 2669 canonis
1456 2613 1818 2684 exprimitur.

566 2707 650 2758 l2.
685 2707 749 2761 In
773 2705 980 2760 Missali
1010 2706 1269 2774 Gothico,
1298 2723 1398 2761 seu
1430 2707 1744 2774 Gallicano,
1779 2706 1854 2760 ad
1880 2706 2134 2777 singulas

491 2797 615 2852 fere
657 2798 881 2866 missas,
916 2802 1046 2869 post
1079 2798 1436 2853 oblationem
1476 2799 1806 2854 indicantur
1842 2799 2134 2854 orationes

493 2890 642 2958 duae,
673 2910 791 2947 una
812 2909 942 2963 quae
969 2892 1175 2946 dicitur
1197 2893 1467 2948 Collectio
1497 2897 1627 2964 post
1653 2892 1927 2959 nomina;
1952 2895 2134 2946 altera

493 3000 622 3055 qua:
645 2985 917 3041 Collectio
940 2985 1013 3039 ad
1041 3002 1266 3056 pacem,
1289 2987 1486 3057 quales
1509 2987 1686 3040 etiam
1710 2987 1767 3039 in
1779 2985 2131 3041 Mozarabico

2234 1862 2429 1917 rabico
2452 1862 2625 1916 ﬁebat
2655 1863 2912 1917 vivorum
2946 1868 3117 1935 atque
3150 1865 3555 1920 defunctorum
3582 1866 3889 1921 memoria

2237 1956 2311 2009 ad
2324 1956 2699 2024 oblationem,
2716 1973 2831 2011 non
2850 1957 2910 2010 in
2922 1956 3046 2027 ipso
3058 1958 3319 2025 Ganone;
3345 1962 3516 2030 atque
3538 1963 3887 2015 sanctorum

2237 2050 2720 2103 commemoratio
2742 2054 2866 2103 tum
2888 2051 3065 2105 ﬁebat
3084 2052 3157 2105 ad
3177 2052 3537 2123 suffragium.
3551 2055 3758 2108 Postea
3771 2070 3883 2124 pa-

2236 2142 2316 2197 cis
2346 2145 2603 2198 osculum
2630 2143 2829 2198 ﬁdeles
2859 2143 2966 2198 sibi
2990 2144 3240 2199 invicem
3268 2145 3720 2217 impertiebant:
3747 2151 3885 2201 tum

2237 2237 2504 2292 sacerdos
2532 2227 2813 2293 recitabat
2841 2238 3254 2293 Collectionem
3287 2240 3362 2294 ad
3391 2257 3616 2311 pacem.

2310 2332 2393 2384 14.
2416 2332 2621 2385 Totum
2635 2331 2789 2385 hunc
2810 2331 3077 2386 ordinem
3094 2333 3291 2403 paucis
3310 2334 3668 2405 praestringit
3686 2334 3890 2390 conci-

2234 2423 2377 2477 lium
2407 2424 2797 2479 Laodicenum
2825 2442 3047 2480 canone
3075 2429 3139 2480 19
3168 2443 3181 2481 :
3206 2429 3349 2498 quod
3368 2433 3609 2498 oporteat
3639 2444 3891 2484 seorsum

2228 2519 2469 2586 primum
2489 2523 2614 2587 post
2637 2519 2985 2574 allocutiones
3013 2518 3160 2589 (aliis
3185 2522 3464 2591 sermones)
3486 2523 3888 2592 episcoporum,

2234 2612 2499 2665 orationes
2548 2626 2706 2681 super
2744 2613 3141 2667 catechumenos
3182 2614 3473 2681 celebrari;
3504 2618 3555 2667 et
3583 2619 3891 2685 postquam

2234 2705 2597 2758 catechumeni
2623 2707 2820 2773 egressi
2857 2707 3087 2771 fuerint,
3118 2721 3281 2777 super
3304 2722 3389 2761 eos
3414 2710 3510 2777 qui
3535 2713 3661 2762 sunt
3686 2710 3743 2762 in
3765 2725 3891 2778 pae—

2232 2799 2463 2851 nitentia
2493 2813 2706 2867 precem
2746 2800 2884 2866 ﬁeri.
2924 2802 3024 2854 His
3057 2802 3218 2853 etiam
3252 2802 3621 2856 accedentibus
3647 2802 3724 2855 ad
3751 2818 3887 2857 ma-

2232 2906 2362 2944 num
2397 2892 2710 2955 sacerdotis,
2756 2897 2807 2945 et
2845 2892 3255 2958 discedentibus,
3296 2899 3402 2949 tres
3440 2898 3704 2950 orationes
3756 2912 3892 2951 con-

2232 2987 2495 3039 summari
2526 2986 2803 3054 ﬁdelium;
2834 2988 2918 3040 ita
2956 2992 3017 3040 ut
3042 2990 3229 3057 prima
3256 2990 3475 3058 quidem
3509 2991 3607 3044 sub
3634 2991 3888 3054 silentio,

494 3079 884 3151 assignantur,
913 3079 1023 3133 alia
1055 3078 1274 3133 duabus
1308 3079 1427 3133 istis
1464 3079 1786 3151 praemissa.
1821 3079 2132 3133 Praedictas
2157 3125 2206 3152 η
2233 3079 2467 3132 secunda
2494 3094 2617 3134 vero
2653 3083 2702 3133 et
2736 3082 2897 3134 tertia
2930 3096 3032 3152 per
3067 3083 3482 3137 emcla-mationes
3506 3086 3712 3151 solitas,
3746 3083 3890 3137 aliis

493 3174 785 3227 orationes
820 3172 1201 3227 antecedebat
1244 3174 1427 3227 oratio
1467 3190 1597 3244 quae
1639 3156 1908 3227 omnibus
1945 3172 2133 3226 missis

492 3266 821 3320 communis
839 3270 981 3333 erat,
1002 3265 1073 3320 de
1102 3283 1215 3336 qua
1241 3267 1580 3337 Micrologus
1606 3266 1665 3320 in
1686 3283 1810 3337 cap.
1844 3269 1902 3320 11
1944 3282 1956 3320 :
1989 3269 2134 3324 Com-

485 3362 669 3432 posita
694 3361 962 3415 oblatione
996 3363 1059 3415 in
1094 3360 1286 3424 altari,
1327 3362 1462 3415 dicit
1496 3362 1743 3415 sacerdos
1774 3362 1911 3414 hanc
1938 3363 2135 3415 oratio-

490 3469 610 3509 nem
625 3454 794 3522 juxta
838 3454 1181 3511 Gallicanum
1222 3456 1477 3510 Ordinem
1502 3473 1519 3508 :
1563 3456 1718 3517 Veni,
1759 3455 2137 3522 Sanctiﬁcator

491 3550 842 3617 omnipotens,
878 3554 1070 3603 uterne
1093 3552 1252 3612 Deus,
1277 3554 1327 3603 et
1345 3548 1559 3603 benedic
1586 3549 1681 3602 hoc
1700 3549 2025 3617 sacriﬁcium
2044 3552 2134 3602 tuo

489 3643 698 3695 nomini
720 3647 1119 3712 praeparatum,
1141 3659 1241 3713 per
1267 3644 1535 3700 Christum
1561 3644 1846 3697 Dominum
1871 3645 2130 3696 nostrum.

493 3733 638 3788 Dein
656 3734 928 3790 Collectio
958 3740 1087 3806 post
1111 3735 1369 3790 nomina.
1397 3735 1619 3806 Quippe
1636 3738 1766 3806 post
1778 3733 2131 3789 oblationem

495 3827 765 3899 diptycha
782 3828 1145 3899 legebantur,
1166 3829 1224 3883 id
1246 3832 1333 3883 est
1351 3828 1743 3883 recitabantur
1758 3828 1998 3883 nomina
2010 3831 2132 3882 tam

495 3924 828 3977 sanctorum
864 3922 922 3976 in
964 3939 1210 3994 quorum
1249 3922 1599 3977 memoriam
1635 3922 1975 3977 sacriﬁcium
2013 3923 2131 3976 Deo

495 4015 863 4083 offerebatur,
884 4032 1057 4087 quam
1079 4016 1391 4070 viventium
1416 4019 1588 4087 atque
1607 4016 2013 4071 defunctorum
2027 4031 2130 4087 pro

495 4108 701 4181 quibus
739 4108 1107 4163 offerebatur.
1152 4110 1213 4163 ld
1241 4109 1519 4181 probatur
1556 4126 1623 4163 ex
1647 4110 1881 4165 Missalis
1908 4109 2131 4165 Gothici

492 4202 664 4257 variis
700 4202 857 4269 locis,
901 4207 957 4256 et
999 4220 1067 4257 ex
1108 4203 1289 4257 veteri
1336 4203 1543 4257 Missali
1577 4204 1886 4259 Gallicano.
1927 4203 2130 4259 Conci-

493 4294 641 4350 lium
676 4298 925 4350 Vasense
964 4314 1003 4351 ιι
1051 4297 1254 4351 deﬁnit
1288 4313 1509 4351 canone
1539 4299 1591 4365 4,
1618 4302 1680 4352 ut
1713 4314 1902 4353 nomen
1929 4299 2133 4353 domini

485 4404 669 4461 papae,
703 4392 1004 4461 quicunque
1029 4392 1146 4446 sedi
1184 4392 1489 4461 apostolicae
1510 4392 1818 4462 praefuerit,
1846 4394 1903 4446 in
1936 4394 2132 4447 nostris

2155 3125 2209 3198 C

2227 3188 2330 3243 per
2337 3175 2832 3243 pronuntiationem
2855 3176 3025 3238 cocis,
3057 3177 3412 3246 eapleantur;
3440 3181 3499 3230 et
3519 3177 3600 3231 ita
3630 3176 3887 3232 demum

2227 3282 2418 3336 pacem
2456 3268 2560 3321 sibi
2594 3265 2718 3338 45
2758 3270 2983 3322 invicem
3017 3269 3292 3325 dabunt...
3323 3274 3393 3325 Et
3418 3273 3498 3325 ita
3521 3277 3711 3325 sancta
3735 3273 3887 3326 cele-

2236 3361 2482 3415 brabitur
2510 3362 2728 3416 oblatio.
2768 3361 2880 3415 Has
2909 3362 3201 3417 orationes
3232 3364 3688 3436 subsequebatur
3720 3366 3883 3419 Con-

2235 3454 2484 3509 testatio.

2310 3551 2392 3602 15.
2429 3550 2511 3603 De
2536 3549 2966 3606 Contestatione
2995 3569 3094 3605 seu
3118 3552 3397 3621 lllatione,
3424 3569 3551 3624 quae
3574 3557 3633 3607 et
3652 3555 3883 3611 Immo-

2234 3641 2373 3696 latio
2407 3643 2748 3714 appellatur,
2774 3645 3110 3699 Praefationi
3136 3650 3346 3701 nostra;
3376 3647 3753 3719 respondens,
3789 3649 3885 3703 in-

2235 3735 2413 3807 signis
2435 3741 2522 3790 est
2550 3738 2704 3791 locus
2735 3739 2889 3809 apud
2920 3739 3194 3793 eumdem
3228 3741 3571 3812 Gregorium
3602 3742 3661 3795 in
3694 3743 3798 3797 lib.
3830 3761 3878 3798 ιι

2235 3829 2307 3883 de
2322 3829 2601 3885 Miraculis
2617 3831 2800 3885 sancti
2823 3832 3049 3886 Martini
3075 3849 3198 3905 cap.
3222 3836 3288 3888 14
3311 3850 3323 3889 :
3349 3856 3377 3883 «
3402 3835 3633 3888 Factum
3668 3839 3757 3889 est
3772 3853 3881 3891 au-

2233 3925 2353 3977 tem
2382 3926 2443 3976 ut
2467 3923 2526 3977 in
2559 3923 2652 3978 die
2678 3924 2922 3996 insignis
2946 3927 3328 3981 solemnitatis
3355 3928 3511 3982 beati
3537 3928 3662 3997 viri,
3697 3930 3877 3985 nobis

2233 4017 2437 4071 missas
2464 4017 2804 4088 dicentibus,
2834 4036 2966 4073 cum
2998 4038 3103 4075 nos
3130 4021 3236 4075 rite
3263 4026 3625 4077 sacrosancta
3647 4023 3873 4078 solem-

2234 4111 2331 4165 nia
2370 4111 2737 4181 celebrando,
2774 4114 3266 4169 Contestationem
3304 4115 3374 4169 de
3417 4116 3599 4170 sancti
3626 4117 3877 4173 Domini

2231 4204 2533 4258 virtutibus
2554 4221 2942 4274 narraremus,
2965 4207 3151 4260 subito
3173 4207 3270 4261 illa
3291 4208 3498 4277 (puella
3525 4210 3872 4283 paralytica)

2232 4298 2535 4352 vociferari
2561 4299 2732 4369 ccepit
2758 4302 2816 4353 et
2846 4299 3005 4367 ﬂere,
3036 4299 3299 4353 indicans
3333 4317 3393 4353 se
3426 4302 3703 4370 torqueri.
3739 4325 3771 4354 ››
3805 4290 3875 4358 Iri

2232 4392 2339 4446 hac
2367 4392 2794 4473 Contestatione
2823 4392 3172 4446 recitabatur
3197 4393 3381 4447 sancti
3410 4393 3549 4448 Vitta
3584 4411 3869 4467 compen-

492 4484 741 4539 Ecclesiis
757 4487 1030 4539 recitetur.
1052 4485 1321 4538 Formam
1338 4485 1545 4539 horum
1563 4485 2130 4558 diptychorum,qua3
2150 4496 2210 4569 D
2234 4485 2415 4553 dium,
2450 4502 2577 4556 quae
2610 4485 2797 4539 missae
2824 4484 2990 4540 initio
3018 4485 3245 4557 integra
3277 4488 3425 4542 lecta
3456 4488 3667 4544 fuerat.
3695 4491 3865 4560 Ejus-

495 4574 793 4650 quondam
840 4574 900 4631 in
938 4578 1301 4649 parthenone
1339 4578 1518 4633 sancti
1553 4580 1848 4634 Aureliani
1878 4579 2131 4651 episcopi

492 4672 844 4734 Arelatensis
874 4672 1001 4725 usui
1033 4676 1216 4739 erant,
1243 4672 1407 4727 nobis
1425 4672 1567 4727 item
1596 4675 1926 4746 suppeditat
1941 4674 2127 4729 Codex

491 4765 956 4836 regularum,ubi
972 4765 1047 4820 ad
1062 4766 1242 4819 ﬁnem
1260 4767 1475 4838 regulae
1486 4768 1780 4822 Aureliani
1799 4769 1921 4822 haec
1933 4769 2129 4838 legun-

493 4861 588 4914 tur
619 4875 631 4913 :
668 4861 944 4930 Simulque
972 4865 1252 4929 precantes
1289 4877 1502 4917 oramus
1536 4865 1720 4925 etiam,
1755 4863 1991 4923 Domine,
2024 4875 2127 4929 pro

491 4953 776 5008 animabus
807 4954 1141 5020 famulorum
1173 4958 1383 5010 tuorum
1413 4957 1641 5011 Patrum
1667 4959 1830 5023 atque
1849 4954 2123 5007 instituto-

490 5061 613 5102 rum
638 5046 909 5116 quondam
935 5053 1260 5112 nostrorum,
1288 5050 1596 5111 Aureliani,
1620 5048 1787 5108 Petri,
1808 5046 2122 5110 Florentini,

490 5140 799 5210 Redempti,
880 5142 1247 5207 Constantini,
1322 5144 1602 5203 Himiteri,
1678 5139 1949 5203 Hilarini,
2024 5143 2121 5195 Ja-

486 5235 732 5296 nuarini,
776 5237 1057 5304 Reparati,
1112 5237 1456 5298 Childeberti,
1516 5234 1860 5302 Ultrogothae,
1895 5232 1982 5287 vel
2020 5250 2127 5289 om-

488 5330 640 5382 nium
670 5329 915 5396 fratrum
956 5333 1277 5393 nostrorum,
1315 5343 1444 5398 quos
1482 5327 1547 5381 de
1585 5327 1680 5380 hoc
1719 5327 1828 5381 loco
1864 5328 1939 5382 ad
1964 5333 2013 5382 te
2039 5344 2127 5383 vo-

488 5435 613 5476 care
638 5422 896 5491 dignatus
921 5438 990 5479 es.
1025 5426 1447 5490 Cunctorumque
1485 5421 1647 5474 etiam
1677 5420 1835 5490 hujus
1865 5422 1967 5475 loci
1992 5421 2120 5494 44

486 5531 739 5573 memores
790 5516 1048 5587 ﬁdelium,
1112 5519 1431 5589 pariterque
1478 5519 1767 5585 parentum
1823 5520 2123 5572 nostrorum

487 5615 648 5685 atque
663 5614 1006 5669 servientium
1035 5612 1192 5680 hujus
1223 5610 1324 5664 loci
1352 5627 1369 5663 :
1392 5613 1440 5664 et
1459 5625 1563 5680 pro
1589 5610 1873 5665 animabus
1889 5614 2124 5668 omnium

483 5705 722 5778 fidelium
753 5709 1089 5781 famulorum
1124 5708 1356 5769 tuorum,
1383 5704 1470 5759 vel
1503 5705 1861 5773 famularum,
1889 5721 1953 5761 ac
1971 5722 2123 5780 pere-

485 5802 755 5881 grinorum
800 5810 859 5864 in
890 5813 1030 5879 pace
1074 5800 1319 5857 Ecclesia?
1364 5799 1775 5870 defunctorum;
1825 5804 1885 5857 ut
1927 5802 2000 5856 eis
2040 5804 2118 5868 tu,

2230 4579 2392 4635 modi
2418 4578 2862 4633 Contestationis
2887 4579 3044 4634 varia
3077 4583 3341 4653 exempla
3362 4582 3420 4635 in
3453 4582 3723 4654 Liturgiis
3754 4602 3865 4640 no.

2228 4674 2379 4740 stris,
2414 4671 2591 4725 etiam
2621 4676 2750 4743 post
2771 4673 3088 4729 admissum
3112 4675 3289 4729 ritum
3312 4677 3754 4747 Gregorianum,
3786 4680 3868 4733 vi-

2230 4768 2364 4821 dere
2386 4767 2536 4822 licet.
2562 4771 2624 4823 In
2655 4767 2924 4822 omnibus
2950 4772 3145 4831 autem
3175 4769 3463 4842 Liturgiis,
3496 4774 3616 4825 tam
3642 4772 3865 4827 Latinis

2229 4866 2402 4931 quam
2426 4861 2889 4931 Greecis,Sursum
2903 4863 3069 4917 corda
3087 4864 3302 4918 habere
3323 4852 3666 4932 monentur;
3681 4864 3861 4937 idque

2226 4954 2571 5025 proﬁtentur
2607 4956 2825 5025 ﬁdeles,
2859 4958 3002 5011 teste
3045 4973 3075 5010 e
3106 4958 3323 5012 Latinis
3351 4959 3633 5030 Cypriano
3663 4960 3768 5013 sub
3798 4961 3862 5015 ﬁ-

2228 5064 2364 5102 nem
2391 5049 2524 5103 libri
2551 5048 2621 5103 de
2652 5051 2946 5119 Oratione,
2975 5054 3033 5105 et
3060 5068 3126 5105 ex
3152 5052 3360 5107 Graecis
3390 5052 3596 5124 Cyrillo
3630 5054 3857 5110 Jeroso-

2226 5142 2508 5214 lymitano
2536 5143 2593 5197 in
2625 5145 2910 5200 catechesi
2936 5146 3333 5218 mystagogica
3364 5151 3415 5215 5,
3440 5146 3537 5200 ubi
3569 5148 3862 5218 praedictis

2226 5236 2336 5289 illis
2365 5238 2552 5292 verbis
2577 5238 2709 5307 alia,
2740 5239 2915 5293 etiam
2944 5256 3097 5295 nunc
3121 5242 3424 5311 solemnia,
3459 5241 3521 5295 in
3548 5257 3651 5296 usu
3670 5242 3858 5311 fuisse

2224 5332 2486 5399 testatur,
2522 5332 2756 5401 scilicet,
2795 5335 3012 5391 Gratias
3043 5351 3269 5404 agamus
3305 5338 3549 5399 Domino,
3583 5352 3715 5391 cum
3752 5354 3856 5409 po-

2224 5424 2344 5495 puli
2370 5427 2767 5497 responsione,
2800 5431 3034 5498 Dignum
3062 5434 3113 5485 et
3125 5430 3335 5499 justum
3365 5435 3457 5485 est.

2300 5522 2382 5574 l6.
2415 5520 2548 5574 Post
2576 5521 2750 5575 verba
2777 5522 3075 5593 superiora
3101 5523 3410 5595 Gregorius
3436 5524 3600 5579 addit
3618 5525 3853 5581 Contesd

2223 5612 2429 5668 tationi
2461 5616 2795 5671 successisse
2820 5616 3119 5690 Trisagion
3146 5635 3180 5671 a
3205 5619 3419 5690 populo
3448 5618 3854 5678 decantatum:

2228 5728 2256 5759 ‹‹
2283 5708 2358 5763 At
2383 5708 2479 5764 ubi
2518 5710 2784 5784 expedita
2816 5711 3266 5782 Contestatione,
3295 5716 3492 5786 inquit,
3527 5715 3719 5771 omnis
3748 5732 3853 5790 po-

2222 5803 2387 5879 pulus
2410 5804 2651 5863 Sanctus
2672 5806 2733 5862 in
2746 5806 2977 5865 laudem
3002 5808 3235 5866 Domini
3245 5811 3641 5889 proclamavit,
3657 5814 3855 5885 statim
