4020 6232
155 294 230 349 137

149 399 366 493 dissoluti
388 403 515 454 sunt
553 402 717 456 nervi
750 402 848 474 qui
877 402 1040 474 ligati
1080 408 1265 471 erant,
1295 407 1351 458 et
1378 405 1537 459 stetit
1561 421 1732 477 super
1751 420 1810 493 Α

148 492 290 565 pedes
319 509 440 547 suos
472 498 677 549 cuncto
718 497 931 567 populo
970 501 1295 568 spectante;
1327 501 1386 552 et
1420 498 1500 553 sic
1534 499 1727 570 propi-

148 586 295 640 tiante
312 586 546 643 Domino
578 604 761 660 usque
788 590 861 644 ad
886 591 1067 645 altare
1089 594 1351 646 sanctum
1375 591 1449 646 ad
1475 608 1733 646 commu-

150 678 413 733 nicandum
467 681 718 751 propriis
770 683 1078 755 gressibus,
1137 685 1294 739 nullo
1350 687 1726 750 sustentante,

150 772 380 842 pervenit.
408 794 434 819 η
463 773 569 827 Ubi
610 775 799 829 obiter
840 776 1099 843 observa,
1133 777 1406 831 mulieres
1441 778 1616 832 etiam
1656 777 1731 832 ad

148 865 293 918 altare
319 866 836 922 communicaturas
876 869 1199 924 accessisse.
1229 870 1310 924 De
1349 870 1605 941 Trisagio
1642 870 1726 924 di-

149 957 296 1011 cendo
319 962 486 1012 exstat
513 976 704 1016 canon
736 961 936 1016 tertius
963 962 1202 1018 Concilii
1228 963 1493 1017 Vasensis
1525 980 1585 1031 11,
1614 965 1728 1017 sta-

148 1049 322 1104 tuentis
353 1056 411 1105 ut
446 1055 503 1106 in
530 1055 776 1109 omnibus
807 1057 1003 1118 missis,
1029 1071 1122 1111 seu
1150 1059 1208 1110 in
1230 1059 1533 1120 matutinis,
1556 1071 1649 1111 seu
1673 1058 1732 1109 in

147 1143 677 1213 quadragesimalibus,
706 1163 799 1202 seu
840 1150 899 1202 in
923 1149 1036 1203 illis
1073 1165 1194 1219 quae
1214 1165 1318 1220 pro
1345 1147 1728 1222 46'defunc-

150 1242 289 1289 torum
319 1242 798 1295 commoratione
828 1244 985 1310 ﬁunt,
1014 1256 1221 1312 semper
1255 1242 1514 1309 Sanctus,
1553 1242 1729 1297 Sanc-

148 1333 235 1395 tus,
253 1329 489 1397 Sanctus,
507 1348 565 1387 eo
592 1333 781 1387 ordine
802 1350 908 1403 quo
933 1335 1010 1389 ad
1034 1338 1225 1390 missas
1242 1336 1493 1407 publicas
1508 1336 1729 1398 dicitur,

149 1421 236 1474 dici
253 1422 439 1478 debeat.
464 1424 570 1478 Ubi
591 1426 851 1481 notanda
873 1431 961 1481 est
978 1428 1289 1482 missarum
1310 1428 1730 1483 matutinarum

150 1515 777 1587 aquadragesimalibus,
809 1523 984 1591 atque
1029 1521 1207 1576 etiam
1249 1539 1303 1576 a.
1329 1520 1572 1592 publicis
1616 1521 1730 1575 dis-

149 1606 328 1675 tinctio,
355 1609 422 1663 de
454 1627 566 1682 qua
594 1611 764 1666 infra.

207 1705 276 1755 17.
307 1703 491 1758 Canon
531 1704 744 1772 missae,
780 1706 880 1777 qui
907 1706 1217 1778 i'l‘risagion
1256 1706 1643 1778 consequitur,
1677 1708 1737 1759 et

152 1795 265 1847 sacri
291 1797 535 1866 mysterii
561 1798 853 1854 actionem
883 1799 1197 1867 antecedit,
1212 1801 1402 1854 varius
1423 1804 1509 1854 est
1525 1800 1586 1853 in
1606 1799 1732 1854 Mis-
1754 1785 1811 1857 Β

151 1886 321 1941 salibus
340 1888 639 1945 Gallicanis
665 1908 771 1962 pro
804 1892 1136 1947 diversitate
1165 1894 1493 1947 missarum.
1522 1895 1585 1946 In
1613 1892 1734 1947 Mis-

152 1980 231 2033 sali
263 1981 479 2037 Gothico
514 2001 616 2037 seu
661 1985 953 2039 Gallicano
994 1986 1069 2039 ad
1110 1985 1368 2057 vigiliam
1413 1984 1734 2041 Nativitatis

153 2073 341 2128 Domini
368 2076 441 2130 sic
462 2076 637 2131 habet
665 2095 678 2130 :
719 2080 851 2135 Vere
875 2083 1114 2141 sanctus,
1146 2094 1268 2134 vere
1297 2080 1598 2134 benedictus
1627 2082 1731 2133 Do-

152 2169 463 2224 minusnoster
481 2172 634 2225 Iesus
655 2172 897 2228 Christus
912 2172 1082 2227 Filius
1098 2177 1241 2236 tuus,
1256 2188 1476 2228 manens
1492 2174 1550 2226 in
1569 2172 1732 2235 oculis,

151 2262 474 2328 manifestatus
509 2266 569 2317 in
596 2267 773 2318 terris.
802 2267 919 2334 Ipse
952 2268 1093 2319 enim
1112 2266 1296 2335 pridie
1328 2282 1493 2335 quam
1514 2269 1732 2336 patere-

152 2357 236 2415 tur,
259 2357 373 2422 etc.,
400 2372 523 2426 quae
560 2360 697 2410 sunt
729 2356 921 2427 prima
957 2357 1133 2411 verba
1159 2375 1335 2412 sacrm
1363 2357 1605 2413 actionis
1634 2374 1734 2413 seu

152 2448 565 2503 consecrationis.
599 2451 668 2503 Et
708 2450 766 2503 in
808 2450 1256 2506 Circumcisione
1287 2452 1524 2506 Domini
1553 2469 1567 2506 :
1604 2455 1738 2509 Vere

148 2545 340 2603 scaenis,
368 2558 485 2597 vere
529 2543 855 2607 benedictus,
890 2547 1143 2599 Dominus
1172 2549 1349 2601 noster
1387 2548 1535 2601 Iesus
1579 2547 1733 2603 Chri-

148 2636 236 2686 stus
264 2635 419 2689 Filius
455 2641 602 2699 tuus,
640 2638 738 2706 qui
774 2640 920 2692 venit
958 2653 1194 2707 quaerere
1224 2643 1275 2692 et
1311 2639 1523 2693 salvum
1558 2639 1738 2704 facere

151 2726 263 2793 quod
293 2731 537 2796 perierat.
584 2732 703 2800 Ipse
745 2732 885 2784 enim
923 2731 1106 2801 pridie
1144 2747 1327 2802 quam,
1367 2734 1473 2785 etc.
1522 2730 1737 2785 Omnes

153 2817 390 2887 ejusmodi
415 2838 669 2876 canones
698 2823 901 2878 breves
926 2827 1059 2878 sunt
1078 2824 1200 2878 fere
1227 2824 1301 2879 ad
1321 2825 1473 2878 hunc
1492 2824 1736 2878 modum

150 2910 195 2963 in
211 2912 390 2968 Missali
414 2915 967 2987 Gothicogallicano,
990 2917 1251 2989 itemque
1273 2917 1331 2971 in
1354 2917 1737 2987 subsequente

149 3005 293 3059 veteri
329 3007 637 3064 Gallicano.
680 3011 754 3063 At
804 3010 862 3063 in
909 3010 1116 3064 Missali
1158 3012 1506 3065 Francorum
1541 3011 1738 3065 Canon

150 3096 487 3168 Gregorianus
512 3101 864 3174 assignatur,
897 3104 1128 3157 tametsi
1158 3104 1285 3157 aliae
1327 3104 1516 3158 missae
1545 3106 1739 3174 partes

148 3188 289 3245 ritum
318 3197 567 3249 veterem
610 3196 968 3250 Gallicanum
1008 3197 1282 3251 retinent.
1315 3198 1394 3250 Ex
1426 3212 1540 3267 quo
1565 3196 1734 3251 intel-

146 3281 325 3353 ligitur,
350 3288 604 3359 majores
643 3292 870 3345 nostros
901 3289 1063 3361 prius
1102 3290 1469 3345 Gelasianum
1498 3306 1597 3344 seu
1623 3291 1735 3345 Ro-

150 3390 347 3432 manum
366 3382 664 3438 Canonem
692 3383 1015 3451 admisisse,
1042 3400 1219 3454 quam
1241 3383 1536 3455 integrum
1558 3384 1736 3438 ritum

148 3467 449 3529 Romanum.

206 3567 273 3619 18.
300 3567 507 3623 Canoni
539 3569 821 3640 praedicto
858 3570 1226 3625 continenter
1257 3568 1557 3641 subjicitur
1586 3569 1735 3624 actio

149 3670 293 3726 sacra,
317 3660 595 3733 incipiens
621 3662 693 3717 ab
716 3663 807 3717 his
832 3663 1040 3731 verbis,
1073 3665 1177 3731 Qui
1198 3664 1382 3733 pridie
1403 3679 1568 3734 quam
1583 3667 1739 3735 pate-

148 3754 283 3814 retur,
307 3757 429 3821 etc.,
457 3772 589 3827 quae
617 3756 811 3824 verba,
840 3774 907 3811 ex
948 3756 1161 3811 sanctis
1200 3756 1543 3828 Evangeliis,
1582 3759 1735 3827 Apo-

148 3844 264 3899 stole
290 3850 342 3900 et
369 3848 682 3904 traditione
711 3852 967 3920 accepta,
992 3848 1201 3904 eadem
1226 3852 1360 3904 sunt
1378 3849 1439 3903 in
1466 3849 1736 3905 omnibus

150 3933 390 4010 Liturgiis,
418 3942 528 3997 nisi
552 3942 714 4015 quod
737 3943 799 3997 in
826 3942 1120 3997 nonnullis
1145 3943 1414 4014 quaedam
1447 3959 1614 3998 voces
1638 3959 1735 3998 va-

148 4028 286 4099 riant,
313 4036 370 4088 ut
394 4036 658 4107 superius
687 4035 939 4090 vidimus
965 4035 1037 4090 de
1077 4036 1268 4090 missis
1300 4035 1650 4091 Mozarabica
1680 4038 1738 4090 et

148 4124 501 4196 Ambrosiana,
531 4129 593 4183 in
627 4128 834 4200 quibus
859 4132 989 4201 post
1018 4130 1141 4184 haec
1160 4129 1353 4196 verba,
1375 4133 1486 4186 Hoc
1504 4134 1582 4185 est
1598 4132 1737 4185 enim

147 4230 302 4288 corpus
336 4237 525 4285 meum,
565 4221 801 4276 additur
846 4222 909 4276 in
959 4222 1140 4277 veteri
1185 4222 1559 4289 Mozarabica,
1594 4222 1738 4293 quod

142 4323 225 4377 pro
244 4313 370 4369 vobis
395 4316 665 4379 tradetur,
694 4315 756 4369 in
788 4316 1174 4370 Ambrosiana
1204 4316 1346 4370 item
1380 4315 1580 4383 veteri,
1614 4331 1733 4371 con-

147 4403 393 4473 fringetur.
419 4410 563 4463 ltem
596 4409 755 4479 quod
780 4413 910 4480 post
934 4410 1059 4464 haec
1089 4408 1263 4463 verba
1293 4409 1351 4463 in
1385 4409 1739 4465 Mozarabica

149 4494 248 4550 hac
261 4499 370 4571 47
393 4502 704 4557 adduntur.
722 4505 1141 4573 Quotiescunque
1149 4504 1627 4566 manducaveritis,
1643 4505 1738 4558 hoc
1756 4509 1816 4582 Ι)

145 4590 280 4655 facite
296 4596 345 4648 in
366 4612 536 4652 meam
555 4599 1121 4652 commemorationem.
1142 4600 1229 4651 An
1254 4595 1543 4666 ejusmodi
1562 4596 1735 4651 verba

148 4680 195 4734 in
218 4688 375 4742 veteri
401 4690 693 4745 Gallicana
722 4689 899 4744 missa
939 4690 1242 4761 interjecta
1280 4689 1515 4757 fuerint,
1548 4689 1734 4745 incer-

150 4778 262 4833 tum.
283 4782 351 4835 At
377 4800 602 4838 morem
635 4783 1005 4851 catholicum,
1034 4783 1092 4839 id
1123 4788 1212 4838 est
1240 4783 1644 4851 universalem,
1675 4783 1734 4837 in

149 4868 231 4925 hac
244 4889 388 4931 sacra
402 4878 630 4933 actione
647 4882 936 4932 servatum
954 4877 1129 4932 fuisse
1153 4877 1331 4931 tradit
1348 4877 1659 4948 Gregorius
1674 4878 1733 4931 in

147 4978 245 5035 cap.
273 4971 329 5023 16
359 4970 426 5024 de
453 4971 597 5026 Vitis
619 4973 877 5037 Patrum,
910 4971 1009 5025 ubi
1041 4971 1111 5025 de
1138 4970 1421 5025 Venantio
1451 4970 1732 5043 Turonico

148 5057 335 5129 abbate,
360 5065 457 5135 qui
482 5064 818 5136 presbytero
843 5064 1071 5119 Missam
1102 5063 1416 5119 celebranti
1440 5063 1735 5134 proximus

148 5153 293 5207 astitit
322 5173 334 5210 :
369 5180 395 5206 ι(
424 5159 791 5229 Ventumque
817 5160 904 5212 est
943 5161 1005 5212 ut
1042 5161 1304 5212 sanctum
1337 5173 1550 5211 munus
1570 5157 1735 5227 juxta

149 5260 335 5303 morem
358 5251 725 5318 catholicum,
753 5250 920 5321 signo
947 5251 1128 5305 crucis
1158 5250 1539 5322 superposito,
1563 5250 1735 5305 bene~

1760 3145 1814 3219 C

149 5340 408 5400 diceretur.
440 5368 468 5395 ››
502 5346 599 5399 1118
624 5361 760 5399 vero
791 5343 933 5397 vidit
973 5344 1287 5414 quemdam
1317 5360 1538 5410 senem,
1568 5343 1732 5398 cleri-

148 5439 274 5490 catus
300 5439 514 5494 honore
542 5437 959 5503 venerabilem,
988 5436 1246 5492 oblatum
1286 5436 1487 5491 altaris
1517 5436 1732 5491 sacriﬁ-

148 5527 270 5584 cium
314 5532 541 5586 dextera
590 5534 826 5585 extensa
868 5529 1333 5585 benedicentem.
1381 5552 1409 5579 ‹‹
1460 5531 1733 5585 Formam

148 5622 568 5693 Ambrosianum,
600 5625 659 5679 in
684 5641 799 5697 qua
828 5623 1078 5693 additur,
1107 5624 1251 5694 quod
1267 5640 1371 5695 pro
1394 5624 1579 5679 multis
1606 5639 1732 5679 con-

149 5714 400 5787 fringatur,
418 5719 477 5774 in
498 5719 710 5775 Ordine
733 5718 1024 5774 Gallicana
1054 5720 1340 5773 servatam
1362 5718 1536 5773 fuisse
1560 5718 1736 5788 conji-

153 5808 302 5867 cimus
328 5829 393 5868 ex
418 5811 623 5869 Missali
651 5812 889 5868 Gothico
919 5812 982 5867 in
1012 5811 1190 5869 missa
1210 5810 1281 5868 de
1302 5811 1607 5869 Nativitate
1629 5812 1737 5869 Dm

432 5910 703 5975 PATROL.
749 5909 985 5976 LXXII.

1084 294 1171 352 DE
1207 293 1521 353 LITURGIA
1556 296 1927 355 GALLICANA
1962 297 2162 356 LIBER
2198 297 2464 355 PRIMUS.

3353 306 3455 362 138

1831 406 1997 474 mini,
2031 407 2128 461 ubi
2157 410 2288 478 post
2312 407 2564 475 Secreta,
2588 407 2649 462 id
2680 410 2767 462 est
2785 411 2917 480 post
2939 409 3455 478 consecrationem,

1830 500 1951 555 haec
1980 501 2251 570 leguntur
2274 518 2287 555 :
2312 500 2518 571 Corpus
2541 506 2695 556 tuum
2713 504 2773 557 in
2786 506 3129 572 peccatorum
3156 507 3463 559 nostrorum

1828 596 2140 648 remissione
2164 597 2522 661 confractum,
2556 597 2688 661 etc.,
2722 610 2850 666 qum
2884 595 3059 649 verba
3082 596 3343 667 proxime
3368 613 3461 652 re-

1830 686 1961 740 latis
1988 686 2436 741 consecrationis
2464 687 2652 741 verbis
2681 688 3054 760 respondent.

1906 782 1989 834 19.
2020 781 2081 833 In
2130 778 2371 835 concilio
2408 780 2598 851 primo
2636 781 2987 836 Arausicano
3028 781 3465 838 obscurissimus

1832 873 1920 926 est
1954 887 2140 927 canon
2177 875 2246 927 22
2288 888 2301 927 :
2331 872 2461 928 Cum
2495 889 2660 944 capsa
2694 880 2746 929 et
2780 875 2928 929 calin:
2951 875 3260 945 oﬂ‘erendus
3289 882 3387 940 est,
3417 882 3468 932 et

1830 965 2153 1019 admistione
2186 965 2546 1021 Eucharistiaz
2575 969 2991 1023 consecrandus.
3017 969 3167 1033 Quid
3195 969 3269 1023 sit
3296 985 3466 1041 capsa

1831 1057 1940 1112 hoc
1984 1058 2128 1125 loco,
2168 1074 2286 1112 non
2337 1058 2535 1129 liquet.
2580 1060 2701 1115 Duo
2751 1061 2844 1115 hic
2884 1061 3208 1133 signiﬁcare
3254 1064 3461 1133 potest,

1833 1166 2044 1222 nempe
2064 1152 2151 1204 vel
2175 1151 2404 1218 turrim,
2421 1167 2535 1223 qua
2550 1153 2692 1207 calix
2708 1152 2927 1207 includi
2938 1154 3176 1222 solebat,
3192 1157 3249 1208 et
3267 1155 3329 1208 in
3352 1171 3467 1226 qua

1833 1243 2190 1298 inferebatur
2210 1260 2245 1297 a
2266 1243 2511 1299 diacono
2535 1244 2609 1298 ad
2639 1246 2839 1313 altare,
2865 1250 2927 1300 ut
2947 1247 3005 1300 in
3029 1247 3214 1317 capite
3237 1249 3270 1302 8
3291 1263 3460 1318 expo-

1833 1352 2067 1403 nemus;
2089 1338 2176 1390 vel
2199 1341 2495 1408 patenam,
2521 1339 2777 1408 amplam
2803 1341 2861 1392 et
2874 1339 3246 1409 profundam,
3269 1339 3329 1393 in
3351 1356 3465 1410 qua

1833 1430 2000 1500 panis
2030 1429 2354 1485 consecrari
2388 1430 2636 1496 solebat;
2666 1434 2728 1484 ut
2767 1431 2839 1484 sit
2878 1447 3094 1498 sensus,
3128 1448 3245 1487 non
3277 1432 3464 1487 solum

1833 1538 2045 1599 panem
2073 1522 2132 1576 in
2159 1523 2353 1589 missa,
2382 1523 2483 1577 sed
2523 1522 2701 1577 etiam
2734 1523 2975 1577 calicem
3014 1523 3185 1578 simul
3217 1523 3462 1579 offeren-

1835 1614 1975 1669 dum
2016 1632 2147 1670 cum
2186 1619 2417 1686 patena,
2451 1616 2511 1669 in
2553 1632 2667 1686 qua
2694 1616 2862 1687 panis
2890 1617 3094 1688 reponi
3131 1617 3294 1671 solet.
3328 1616 3467 1671 Huic

1835 1708 2298 1778 interpretationi
2322 1710 2516 1761 favere
2541 1708 2769 1763 videtur
2789 1709 3028 1764 canonis
3057 1709 3256 1764 titulus
3279 1725 3293 1763 :
3322 1710 3390 1765 Ut
3408 1712 3468 1764 in

1834 1816 2005 1855 unum
2018 1804 2321 1870 propositio
2340 1801 2680 1856 Sacramenti
2697 1808 3051 1857 consecretur.
3075 1802 3327 1857 Tametsi
3348 1818 3465 1858 non

1833 1896 1954 1947 tam
1995 1893 2251 1964 priorem
2291 1894 2530 1948 canonis
2564 1897 2789 1965 partem
2833 1898 3052 1966 spectat
3082 1895 3192 1950 hoc
3226 1897 3463 1963 lemma,

1835 2001 2009 2057 quam
2033 1986 2434 2057 posteriorem,
2461 2002 2574 2057 qua
2593 1987 2803 2041 dicitur
2830 1987 2973 2042 calix
2995 1987 3343 2043 admistione
3364 1989 3468 2043 Eu-

1834 2079 2119 2133 charistiaa
2168 2078 2607 2133 consecrandus.
2649 2080 2865 2134 Horum
2921 2084 3115 2134 autem
3157 2080 3466 2135 verborum

1834 2188 2034 2226 sensus
2063 2189 2179 2227 non
2207 2175 2311 2239 est,
2338 2171 2503 2242 quasi
2527 2173 2649 2227 solo
2682 2172 3071 2239 Eucharistiaa,
3104 2172 3163 2227 id
3190 2176 3276 2227 est
3300 2173 3467 2245 panis

1835 2266 2171 2332 consecrati,
2192 2268 2457 2320 contactu
2480 2264 2623 2319 calix
2644 2263 2772 2337 48
2795 2268 3178 2332 consecretur,
3193 2265 3293 2319 sed
3311 2265 3468 2337 quod

1836 2359 1958 2413 hinc
1975 2357 2323 2412 admistione
2342 2357 2511 2411 simul
2534 2361 2849 2424 sacrentur,
2869 2360 2927 2411 et
2946 2373 3123 2412 unam
3145 2358 3320 2413 veluti
3339 2373 3466 2413 rem

1837 2455 2231 2506 consecratam
2272 2450 2543 2505 efﬁciant.
2586 2450 2749 2505 Unde
2787 2450 3067 2505 hactenus
3100 2450 3310 2505 eadem
3347 2451 3469 2506 fere

1836 2544 2010 2598 verba
2051 2544 2390 2611 retinemus,
2428 2559 2559 2597 cum
2591 2542 2963 2598 Eucharistiae
2990 2543 3330 2615 particulam
3358 2544 3467 2598 im-

1837 2637 2124 2691 mittendo
2146 2637 2205 2691 in
2228 2637 2464 2691 calicem
2488 2636 2609 2690 haec
2629 2637 2934 2707 proferunt
2954 2637 3283 2691 sacerdotes
3308 2653 3321 2692 :
3344 2638 3470 2693 Haec

1836 2733 2127 2785 commistio
2158 2736 2208 2785 et
2243 2732 2569 2785 consecratio
2598 2733 2838 2800 corporis
2866 2735 2916 2785 et
2938 2733 3227 2798 sanguinis
3256 2732 3473 2785 Domini

1836 2826 2011 2878 nostri
2051 2826 2177 2878 Iesu
2221 2823 2423 2878 Christi
2459 2827 2557 2892 fiat
2591 2824 2981 2892 accipientibus
3019 2824 3174 2878 nobis
3209 2825 3269 2877 in
3302 2825 3471 2878 vitam

1838 2921 2114 2971 ἀυτεῖ-παθη.
2142 2915 2360 2970 Clarius
2379 2915 2531 2970 Ordo
2551 2915 2968 2970 Ambrosianus
2991 2933 3004 2970 :
3029 2916 3333 2971 Commistio
3351 2931 3472 2970 con—

1838 3011 2036 3063 secrati
2058 3012 2297 3078 corporis
2318 3014 2369 3063 et
2387 3011 2674 3077 sanguinis
2694 3011 2910 3063 Domini
2928 3012 3104 3064 nostri
3119 3010 3248 3064 Iesu
3272 3008 3473 3064 Christi

1838 3104 1993 3158 nobis
2040 3103 2320 3158 edentibus
2362 3108 2413 3156 et
2453 3102 2788 3157 sumentibus
2821 3105 3077 3172 proﬁciat
3112 3102 3187 3157 ad
3223 3105 3391 3156 vitam
3420 3106 3471 3155 et

1837 3197 2103 3265 gaudium
2134 3198 2535 3265 sempiternum.
2564 3195 2651 3249 Ad
2684 3194 2953 3250 ordinem
2986 3195 3182 3250 redeo.

1908 3293 1995 3345 20.
2022 3289 2207 3343 Finita
2238 3288 2428 3343 calicis
2449 3288 2902 3357 consecratione,
2923 3288 3143 3345 Missale
3166 3286 3469 3344 Gothicum

1838 3382 1899 3436 in
1921 3382 2161 3454 singulis
2182 3398 2332 3453 pene
2363 3382 2555 3437 missis
2575 3382 2768 3437 subdit
2792 3397 2969 3436 unam
2993 3381 3319 3437 orationem
3340 3383 3475 3437 Post

1756 3477 1762 3483 ’
1838 3476 2181 3548 mysterium
2219 3492 2319 3530 seu
2345 3477 2479 3530 Post
2507 3478 2745 3530 secreta.
2769 3474 3095 3530 Mozarabes
3118 3476 3253 3530 Post
3279 3475 3471 3530 Pridie

1838 3570 2049 3625 eodem
2076 3586 2245 3625 sensu
2273 3570 2586 3641 appellant.
2610 3569 2951 3639 Exemplum
2974 3571 3095 3624 esto
3118 3568 3190 3624 de
3212 3568 3389 3623 missa
3411 3568 3472 3623 in

1837 3663 2034 3734 vigilia
2059 3663 2275 3718 Natalis
2298 3662 2558 3730 Domini,
2590 3677 2718 3732 quae
2760 3661 2820 3714 in
2861 3662 3099 3717 Gothico
3140 3661 3221 3715 sic
3253 3661 3428 3716 habet
3456 3677 3469 3715 :

1836 3758 1964 3811 Haec
1976 3759 2230 3825 facimus,
2249 3758 2472 3811 Domine
2496 3760 2699 3819 sancte,
2718 3756 2880 3809 Pater
2902 3757 3257 3824 omnipotens,
3278 3759 3472 3809 aeterne

1837 3852 1999 3917 Deus,
2042 3853 2508 3904 commemorantes
2548 3853 2598 3903 et
2635 3847 2963 3902 celebrantes
2998 3848 3310 3916 passionem
3343 3848 3470 3901 uni.

1836 3944 2008 4011 geniti
2032 3943 2163 3997 Filii
2200 3945 2285 3997 tui
2325 3944 2453 3997 Iesu
2489 3940 2691 3997 Christi
2715 3942 2931 3995 Domini
2957 3942 3150 4004 nostri,
3179 3942 3276 4011 qui
3300 3945 3472 3996 tecum

1835 4038 1971 4091 vivit
2003 4040 2054 4091 et
2078 4040 2272 4103 regnat
2305 4051 2426 4091 cum
2462 4035 2673 4105 Spiritu
2711 4039 2895 4090 sancto
2920 4036 2981 4089 in
3014 4035 3214 4089 saecula
3248 4033 3467 4090 saeculo-

1836 4145 1978 4184 rum.
2028 4130 2158 4184 Haec
2203 4130 2325 4184 tota
2371 4128 2620 4184 Canonis
2670 4131 2728 4182 et
2782 4126 2928 4182 sacri
2978 4126 3243 4200 mysterii
3295 4126 3472 4182 series

1836 4222 2200 4277 Mozarabicae
2232 4221 2473 4277 omnino
2500 4220 2816 4278 consimilis
2836 4223 2941 4289 est,
2974 4220 3207 4276 tametsi
3232 4219 3469 4275 diversae

1838 4319 1973 4371 sunt
2000 4316 2170 4370 unius
2196 4316 2268 4370 ab
2299 4315 2414 4370 alio
2441 4316 2556 4369 ritu
2588 4313 2899 4371 orationes.

1910 4412 1997 4464 21.
2024 4410 2159 4465 Post
2180 4409 2303 4463 haec
2331 4409 2655 4463 Mozarabes
2689 4407 2940 4463 hostiam
2970 4407 3248 4478 frangunt
3270 4406 3331 4460 in
3361 4422 3464 4461 no-

1837 4520 1969 4559 vem
2018 4503 2344 4575 portiones;
2391 4518 2456 4556 ac
2507 4501 2717 4555 deinde
2763 4500 2900 4553 dicit
2940 4499 3283 4571 presbyter:
3313 4499 3463 4563 Fide,

1836 4614 2001 4669 quam
2024 4597 2182 4652 corde
2207 4596 2497 4658 credimus,
2527 4610 2617 4649 ore
2635 4599 2815 4649 autem
2842 4594 3104 4648 dicamus.
3132 4592 3276 4646 Tum
3295 4592 3467 4648 elevat

1836 4692 2084 4747 sacerdos
2109 4705 2304 4759 corpus
2331 4689 2553 4750 Christi,
2582 4692 2645 4741 ut
2669 4687 2925 4741 videatur
2940 4686 3164 4756 populo.
3194 4685 3315 4740 Mox
3337 4686 3468 4763 ch9-

1836 4802 1932 4839 rus
1963 4786 2157 4839 cantat
2194 4782 2534 4854 Symbolum
2563 4779 3289 4850 Constantinopolitanum,
3319 4782 3381 4833 ut
3406 4779 3464 4833 in

1836 4878 2021 4949 capite
2050 4876 2241 4948 primo
2272 4873 2679 4946 praemisimus.
2708 4873 2871 4928 Haud
2897 4872 3012 4927 scio
3039 4889 3112 4927 an
3143 4872 3297 4944 apud
3334 4873 3462 4928 Gal-

1834 4972 1919 5026 los
1946 4970 2005 5024 id
2035 4970 2241 5025 eodem
2269 4968 2446 5024 modo
2476 4968 2660 5021 fieret.
2695 4965 3004 5038 Gregorius
3043 4966 3463 5021 eonsecrationi

1835 5063 2094 5135 proxime
2139 5062 2366 5133 subjicit
2398 5060 2852 5116 confractionem
2888 5060 2947 5113 in
2991 5058 3089 5113 lib.
3120 5075 3135 5112 1
3165 5059 3235 5112 de
3273 5059 3465 5114 Gloria

1833 5158 2143 5228 Martyrum
2171 5172 2294 5226 cap.
2319 5159 2386 5211 87
2412 5173 2424 5209 :
2454 5176 2481 5203 ‹‹
2503 5156 2715 5209 Verum
2748 5152 2844 5207 ubi
2875 5152 3153 5223 explicitis
3173 5152 3360 5206 verbis
3381 5168 3463 5205 sa-

1836 5250 1963 5318 cris,
2001 5250 2293 5309 confracto
2339 5247 2619 5303 dominici
2667 5246 2923 5318 corporis
2971 5248 3356 5311 sacramento,
3404 5248 3462 5298 et

1834 5344 1955 5415 ipse
1987 5341 2250 5413 sumpsit,
2279 5344 2338 5395 et
2374 5341 2501 5395 aliis
2539 5340 2829 5429 distribuit
2868 5339 2943 5394 ad
2982 5338 3295 5393 edendum.
3329 5358 3357 5388 »
3390 5340 3462 5391 At

1835 5436 2121 5508 siquidem
2153 5434 2462 5506 Gregorius
2486 5434 2575 5488 his
2598 5432 2785 5488 verbis
2812 5432 2986 5486 sacris
3017 5430 3308 5502 intelligit,
3344 5447 3461 5486 non

1836 5530 2161 5587 orationem
2194 5526 2320 5601 49
2346 5527 2731 5595 Βοῐῐι111108111,
2760 5525 2861 5580 sed
2886 5524 3059 5578 verba
3087 5524 3465 5579 consecratio-

1836 5624 1944 5692 nis,
1998 5623 2108 5677 dici
2160 5624 2352 5694 potest
2407 5620 2862 5676 contractionem
2920 5633 3037 5672 non
3082 5617 3278 5673 statim
3332 5616 3463 5672 huic

1836 5717 2188 5784 successisse,
2220 5731 2352 5772 cum
2376 5715 2851 5771 communionem
2885 5711 3149 5785 proxime
3179 5710 3459 5782 subjiciat,

1839 5828 1966 5887 quae
1991 5814 2145 5868 certe
2172 5810 2347 5866 ﬁebat
2374 5813 2505 5881 post
2540 5806 2905 5864 Dominicam
2935 5806 3280 5862 orationem.
3314 5800 3460 5859 Nihil

3112 5908 3148 5968 ὅ
