4020 6232
510 316 606 373 139

1286 314 1618 372 APPENDIX
1655 315 1741 370 AD
1781 313 2001 368 OPERA
2039 310 2271 367 SANCTI
2308 307 2606 365 GERMANI
2646 304 3070 362 PARISIENSIS.

3774 296 3870 353 140

504 445 677 500 porro
703 430 809 484 hac
837 429 907 483 de
938 445 1002 484 re
1030 429 1088 484 in
1126 429 1440 484 Missalibus
1471 428 1774 483 Gallicanis
1814 427 2129 498 praescribi-
2156 439 2214 511 Α
2235 423 2390 495 quod
2439 423 2691 493 quadam
2736 424 2877 487 vice,
2917 422 3053 475 dum
3079 422 3242 492 juxta
3277 419 3760 474 consuetudinem
3801 418 3871 473 de

504 524 638 577 tur:
672 522 772 577 sed
812 522 1080 589 orationi,
1129 539 1256 593 quae
1301 525 1430 593 post
1475 519 1816 591 mysterium
1864 537 1962 573 seu
2006 522 2135 590 post

505 615 999 669 consecrationem
1027 614 1371 684 assignatur,
1397 612 1670 666 continuo
1705 612 1815 665 alia
1838 612 2136 683 subjicitur

504 706 867 761 Prmfationis
900 706 1081 760 instar
1110 710 1245 760 ante
1269 704 1591 760 orationem
1614 704 2054 769 Dominicalcm,
2081 706 2138 759 et

504 799 662 853 varia
697 799 932 869 quidem
966 799 1025 852 in
1060 797 1301 868 singulis
1340 799 1461 852 fere
1502 796 1711 852 missis.
1742 797 1833 851 Sic
1859 797 1917 850 in
1954 793 2137 851 Natali

504 891 738 947 Domini
771 908 784 944 :
816 893 935 947 Non
964 895 1147 945 nostro
1165 896 1573 959 praesumentes,
1604 894 1767 946 Pater
1796 894 1998 951 sancte,
2025 902 2135 943 me-

503 987 629 1046 rito,
654 985 749 1039 sed
772 985 988 1038 Domini
1006 985 1179 1037 nostri
1195 986 1321 1038 Iesu
1341 982 1543 1038 Christi
1563 985 1870 1038 obedientes
1890 984 2134 1051 imperio,

504 1077 767 1132 audemus
793 1078 1008 1130 dicere:
1039 1077 1209 1129 Pater
1246 1078 1460 1141 noster,
1496 1080 1604 1130 etc.
1640 1078 1719 1129 De
1757 1077 1865 1129 hoc
1906 1074 2132 1128 univer-

503 1169 606 1223 sali
647 1184 810 1223 more
850 1168 1236 1238 Hieronymus
1282 1169 1361 1221 ita
1402 1168 1599 1222 scribit
1625 1169 1683 1222 in
1718 1169 1814 1222 lib.
1846 1185 1905 1221 III
1938 1169 2137 1221 contra

502 1261 799 1331 Pelagium
835 1278 848 1315 :
888 1282 915 1309 ‹‹
947 1261 1037 1316 Sic
1067 1260 1261 1315 docuit
1290 1262 1579 1331 apostolos
1610 1279 1758 1327 suos,
1792 1264 1852 1314 ut
1878 1259 2135 1331 quotidie

499 1353 560 1407 in
591 1354 847 1423 corporis
882 1353 971 1406 sui
1011 1353 1289 1407 sacrificio
1318 1354 1619 1408 credentes
1650 1353 1905 1407 audeant
1928 1352 2083 1423 loqui
2120 1369 2132 1405 :

499 1446 663 1500 Pater
686 1451 869 1501 noster
893 1448 990 1514 qui
1018 1462 1072 1499 es
1102 1449 1161 1499 in
1187 1448 1350 1501 caelis.

572 1541 660 1592 22.
686 1539 841 1592 Hanc
863 1541 1058 1593 autem
1081 1539 1403 1593 orationem
1422 1539 1806 1605 Dominicam,
1826 1556 1942 1593 non
1962 1555 1995 1593 a
2011 1539 2130 1593 solo

500 1630 819 1697 sacerdote,
854 1630 954 1684 sed
986 1631 1159 1684 etiam
1185 1632 1256 1684 ab
1289 1634 1513 1685 astante
1534 1633 1746 1702 populo
1770 1631 1923 1702 apud
1943 1632 2131 1686 Gallos

501 1724 787 1794 prolatam
810 1723 982 1777 fuisse
1005 1723 1172 1777 docet
1189 1724 1496 1794 Gregorius
1512 1724 1571 1778 in
1590 1725 1686 1778 lib.
1713 1724 1840 1778 nde
1855 1723 2130 1779 Miraculis

2235 516 2498 581 basilicis,
2530 533 2669 586 quas
2709 514 2985 569 orationis
3025 514 3211 585 gratia
3252 513 3494 581 adierat,
3535 513 3869 583 repedarct,

2236 612 2294 661 et
2331 607 2387 661 in
2436 608 2667 662 basilica
2699 608 2769 662 ad
2815 606 3016 661 missas
3042 606 3354 661 Dominica:
3387 605 3665 660 orationis
3693 605 3872 659 verba

2236 700 2710 767 decantarentur;
2747 717 2878 753 cum
2915 698 2995 754 illi
3041 700 3324 767 dixerunt,
3358 699 3464 756 Sed
3494 700 3663 753 libera
3700 714 3799 752 nos
3840 715 3873 749 a

2234 794 2397 856 malo,
2428 792 2643 847 audivit
2682 809 2711 846 e
2747 794 2970 847 tumulo
3001 793 3300 863 cujusdam
3337 808 3537 846 vocem
3572 792 3870 845 dicentem

2236 885 2521 952 similiter,
2547 888 2738 942 Libera
2764 901 2857 941 nos
2894 902 2928 939 α
2960 887 3124 940 malo.
3153 908 3180 935 ››
3213 887 3461 939 Domum
3492 886 3623 954 post
3653 884 3869 938 oratio-

2238 995 2374 1032 nem
2420 978 2781 1033 Dominicam
2818 979 2875 1033 in
2911 978 3117 1034 Missali
3158 978 3413 1045 Gothico,
3442 994 3557 1031 non
3602 993 3768 1031 secus
3807 993 3873 1029 ac

2238 1071 2295 1124 in
2334 1072 2703 1139 Mozarabico,
2747 1072 3008 1126 subditur
3044 1070 3158 1143 51
3219 1070 3400 1124 oratio
3445 1070 3602 1124 varia
3643 1086 3750 1140 pro
3785 1068 3873 1122 di-

2236 1164 2412 1217 versis
2444 1163 2652 1219 missis.
2696 1167 2755 1218 ln
2784 1165 2964 1219 Natali
3008 1162 3235 1218 Domini
3268 1181 3281 1218 :
3309 1164 3499 1218 Libera
3534 1178 3651 1225 nos,
3694 1164 3873 1216 omni-

2226 1261 2415 1327 potens
2435 1261 2591 1321 Deus,
2608 1259 2676 1311 ab
2701 1260 2846 1312 omni
2870 1259 3031 1320 malo,
3058 1262 3107 1312 et
3128 1256 3338 1312 custodi
3360 1272 3454 1311 nos
3477 1259 3535 1310 in
3554 1259 3703 1310 omni
3718 1271 3877 1325 opere

2235 1349 2388 1413 bono,
2411 1352 2655 1419 perfecta
2680 1353 2877 1406 veritas
2904 1355 2954 1406 et
2977 1367 3101 1405 vera
3135 1351 3360 1405 libertas
3386 1353 3539 1416 Deus,
3559 1350 3656 1418 qui
3678 1363 3878 1418 regnas

2230 1445 2291 1496 in
2319 1444 2517 1497 saecula
2541 1445 2876 1498 saeculorum.
3242 1444 3247 1448 ’

2302 1537 2393 1589 23.
2423 1536 2893 1591 Communionem
2925 1536 3364 1607 subsequentem
3389 1534 3754 1606 praecedebat
3778 1532 3875 1588 be-

2230 1626 2474 1682 nedictio
2528 1629 2597 1682 ab
2653 1630 2914 1700 episcopo
2965 1630 3054 1683 vel
3102 1629 3385 1683 sacerdote
3440 1626 3749 1699 impertita,
3801 1626 3878 1680 ad

2230 1734 2404 1790 quam
2443 1720 2709 1775 diaconus
2748 1726 3056 1793 przesentes
3100 1722 3249 1776 elata
3276 1737 3410 1776 voce
3437 1720 3781 1775 admonebat
3810 1725 3882 1773 ut

499 1815 679 1870 sancti
708 1815 934 1869 Martini
964 1832 1089 1886 cap.
1116 1819 1201 1870 30.
1228 1817 1451 1888 Quippe
1478 1839 1504 1866 «
1528 1817 1780 1887 quadam
1813 1817 1906 1871 die
1933 1816 2130 1871 Domi-
2150 1809 2207 1881 B
2232 1827 2289 1866 se
2328 1811 2684 1869 inclinarent.
2722 1814 2996 1871 Caesarius
3036 1815 3193 1870 testis
3235 1815 3295 1869 in
3336 1829 3595 1869 sermone
3619 1815 3726 1867 285
3746 1812 3877 1883 jam

502 1908 649 1974 nica,
683 1908 819 1962 dum
847 1908 1145 1962 Missarum
1179 1910 1463 1964 solemnia
1501 1909 1953 1975 celebrarentur,
1988 1925 2135 1978 qua?-

501 2001 629 2055 dam
669 2003 875 2068 femina
918 2006 1069 2055 muta
1110 2003 1167 2055 in
1211 2003 1437 2056 basilica
1480 2018 1611 2056 cum
1657 2002 1882 2073 reliquo
1926 2002 2138 2071 populo

500 2093 705 2148 stabat.
728 2094 962 2147 Factum
981 2096 1067 2146 est
1084 2097 1281 2148 autem
1308 2112 1439 2149 cum
1464 2093 1764 2149 Dominica
1786 2093 1970 2149 oratio
1995 2093 2141 2147 dice-

498 2188 676 2251 retur,
698 2185 819 2238 haec
839 2188 1038 2255 aperto
1061 2202 1161 2240 ore
1185 2187 1354 2257 coepit
1380 2191 1635 2241 sanctam
1661 2186 1984 2241 orationem
2006 2201 2138 2240 cum

499 2276 737 2348 reliquis
756 2277 1085 2332 decantare.
1104 2301 1130 2327 ››
1147 2278 1305 2333 Idem
1321 2280 1496 2334 ﬁebat
1515 2280 1690 2334 etiam
1710 2282 1843 2333 tunc
1862 2278 2139 2350 temporis

501 2370 653 2441 apud
676 2370 918 2437 Graecos,
941 2374 1085 2424 teste
1102 2372 1340 2426 Leontio
1364 2372 1630 2443 episcopo
1666 2372 1725 2425 in
1749 2371 1892 2425 libro
1916 2371 1987 2425 de
2014 2371 2139 2426 Vita

499 2462 682 2516 sancti
726 2462 963 2517 Joannis
1005 2463 1259 2535 episcopi
1298 2463 1689 2529 Alexandrini,
1743 2467 2137 2533 cognomento

498 2554 975 2625 Elecmosynarii;
991 2555 1235 2626 quicum
1250 2556 1573 2631 principem
1592 2556 1907 2627 quemdam
1923 2556 1997 2609 ad
2008 2573 2071 2610 co
2080 2575 2138 2610 n-

498 2646 753 2703 cordiam
787 2664 918 2703 cum
953 2648 1063 2703 alio
1088 2666 1357 2704 revocare
1386 2650 1578 2716 vellet,
1605 2648 1764 2703 misit
1785 2649 1885 2720 qui
1906 2665 2038 2702 eum
2064 2649 2138 2703 ad

498 2757 558 2796 se
586 2740 899 2797 adduceret
928 2745 1101 2813 atque
1132 2743 1258 2814 ipso
1296 2744 1580 2813 prasente
1614 2763 1641 2791 ‹‹
1672 2742 1809 2795 fecit
1842 2742 2048 2796 missas
2077 2742 2136 2796 in

500 2835 752 2890 oratorio
781 2852 904 2901 suo,
937 2836 1159 2890 nullum
1188 2835 1408 2890 habens
1440 2834 1547 2889 nisi
1578 2835 1909 2889 ministrum
1944 2852 2132 2890 suum.

497 2929 639 2984 Cum
673 2945 812 2999 ergo
838 2932 1035 2983 sancta
1060 2928 1449 2983 benedixisset
1468 2927 1818 2998 patriarcha,
1845 2931 1903 2981 et
1929 2929 2138 2983 oratio-

499 3038 636 3076 nem
672 3021 1037 3077 Dominicam
1078 3021 1425 3088 inchoasset,
1457 3024 1756 3091 coeperunt
1793 3021 1984 3076 dicere
2021 3025 2136 3077 tres

499 3118 729 3169 tantum
750 3115 853 3181 illi,
876 3118 1038 3170 Pater
1064 3120 1262 3169 noster.
1288 3115 1356 3167 Et
1381 3130 1513 3167 cum
1542 3113 1895 3184 pervenisset
1914 3115 1986 3169 ad
2015 3132 2133 3169 ser-

2241 1904 2487 1959 laudatae
2515 1908 2841 1978 appendicis
2865 1907 3310 1979 Augustiniante,
3339 1924 3500 1962 num.
3523 1909 3555 1960 2
3580 1925 3593 1961 :
3630 1924 3657 1957 «
3679 1907 3747 1960 Et
3767 1905 3881 1959 hoc

2240 1997 2516 2054 admoneo
2555 2000 2723 2055 simul
2763 2005 2819 2056 et
2858 2018 3019 2072 rogo,
3054 2002 3276 2069 fratres,
3307 2001 3524 2072 quoties
3561 1999 3879 2054 clamatum

2239 2089 2411 2145 fuerit
2446 2096 2510 2146 ut
2556 2110 2651 2148 vos
2688 2094 3067 2149 benedictioni
3110 2093 3412 2149 humiliare
3458 2091 3727 2159 debeatis,
3758 2108 3881 2146 non

2239 2184 2395 2238 vobis
2435 2184 2507 2238 sit
2539 2186 2881 2241 laboriosum
2922 2187 3103 2259 capita
3131 2186 3426 2257 inclinare,
3455 2187 3589 2257 quia
3618 2202 3736 2240 non
3767 2185 3879 2239 ho-

2238 2276 2401 2348 mini,
2432 2279 2530 2333 sed
2557 2280 2669 2335 Deo
2696 2280 3030 2335 humiliatis.
3060 2302 3089 2329 »
3170 2264 3187 2273 “

2308 2371 2399 2426 24.
2429 2373 2557 2427 Post
2593 2373 3048 2429 benedictionem
3088 2377 3144 2427 et
3181 2371 3481 2427 sacerdotis
3517 2372 3878 2427 communio-

2237 2480 2392 2534 nem,
2435 2464 2628 2521 fideles
2668 2465 3139 2522 communicaturi
3180 2466 3251 2520 ad
3289 2465 3463 2520 altare
3505 2465 3875 2533 accedebant,

2239 2558 2408 2613 etiam
2433 2560 2719 2627 mulieres,
2748 2565 2812 2615 ut
2836 2577 2997 2614 num.
3028 2563 3060 2614 6
3086 2560 3402 2614 notavimus
3435 2575 3449 2612 :
3480 2562 3675 2613 contra
3701 2574 3884 2628 quam

2237 2652 2390 2722 apud
2440 2651 2731 2723 Hispanos,
2785 2654 2934 2725 apud
2987 2669 3129 2725 quos
3183 2652 3468 2706 sancitum
3520 2654 3602 2706 est
3653 2650 3886 2705 concilii

2236 2744 2484 2799 Toletani
2531 2761 2584 2798 ιν
2622 2763 2837 2802 canone
2878 2750 2964 2813 l7,
3003 2750 3067 2801 Ut
3109 2746 3407 2801 sacerdotes
3447 2750 3497 2799 et
3534 2745 3708 2798 levita:
3756 2749 3887 2798 ante

2237 2839 2411 2892 altare
2454 2842 2855 2901 communicent,
2899 2841 2956 2892 in
3003 2841 3159 2894 choro
3208 2838 3404 2899 clerus,
3450 2841 3607 2892 emtra
3658 2837 3887 2890 chorum

2230 2934 2486 3003 populus.
2519 2932 2671 2986 Idem
2712 2932 2829 2987 fere
2869 2935 3145 2986 statutum
3186 2930 3408 2985 concilii
3450 2928 3756 2985 Laodiceni
3783 2945 3880 2982 ca-

2235 3039 2384 3079 none
2416 3028 2502 3079 19.
2547 3024 2872 3079 Contrarias
2897 3040 3021 3078 mos
3060 3025 3210 3095 apud
3249 3024 3448 3077 Gallos.
3489 3024 3547 3076 In
3575 3020 3816 3075 concilio
3845 3037 3887 3074 Il

2238 3118 2552 3173 Turonensi
2579 3134 2759 3172 canon
2800 3122 3035 3188 quartus
3057 3121 3209 3172 vetat
3242 3116 3413 3170 laicos
3443 3115 3614 3169 choro
3654 3114 3889 3168 misceri

502 3223 741 3262 monem
769 3224 882 3278 quo
907 3207 1132 3272 dicitur,
1156 3208 1374 3260 Dim-itte
1391 3167 1748 3261 nobis‘debita
1766 3213 1972 3269 nostra,
1999 3210 2128 3276 etc.,
2154 3167 2211 3243 Ο
2234 3211 2594 3282 psallentium
2623 3167 2958 3264 clericdmm
2981 3227 2994 3264 :
3018 3212 3109 3266 Ad
3135 3210 3401 3264 orandum
3425 3224 3549 3263 vero
3569 3212 3619 3262 et
3650 3223 3889 3261 commu-

499 3297 690 3353 innuit
719 3298 1035 3355 domestico
1064 3297 1409 3369 patriarcha,
1444 3300 1506 3351 ut
1539 3297 1665 3370 5O
1698 3301 1932 3355 taceret.
1967 3300 2135 3355 Siluit

502 3408 641 3463 ergo
673 3392 1019 3463 patriarcha,
1058 3393 1115 3443 et
1140 3390 1421 3443 remansit
1455 3390 1719 3462 princeps
1746 3393 1915 3446 solus.
1952 3415 1977 3441 ››
2008 3393 2133 3456 Qua

503 3483 803 3542 occasione
838 3485 1087 3553 captata,
1115 3482 1199 3536 vir
1234 3486 1461 3537 sanctus
1490 3499 1624 3537 eum
1660 3485 1733 3538 ad
1760 3486 2131 3541 concordiam

502 3576 743 3632 induxit.
783 3577 940 3629 Hunc
983 3576 1311 3629 Graecorum
1347 3576 1523 3631 ritum
1560 3594 1594 3631 a
1629 3594 1873 3633 romano
1920 3579 2130 3633 discre-

503 3685 667 3741 passe
712 3667 872 3721 testis
915 3669 1000 3721 cst
1038 3668 1345 3739 Gregorius
1378 3670 1613 3741 Magnus
1658 3670 1716 3724 in
1742 3671 1840 3725 lib.
1873 3688 1951 3726 vn
1983 3672 2130 3742 epis-

505 3763 624 3817 tola
662 3761 749 3826 64,
784 3758 981 3815 indict.
1016 3764 1049 3814 2
1084 3777 1096 3814 :
1131 3760 1300 3816 «Sed
1340 3764 1398 3815 et
1431 3763 1733 3818 Dominica
1767 3764 1950 3819 oratio
1981 3764 2133 3836 apud

505 3856 730 3912 Graecos
769 3852 840 3907 ab
881 3853 1042 3908 omni
1088 3855 1300 3925 populo
1336 3854 1572 3922 dicitur;
1603 3858 1757 3928 apud
1788 3875 1893 3911 nos
1935 3874 2069 3912 vero
2102 3875 2135 3911 a

506 3949 627 4004 solo
654 3946 970 4001 sacerdote.
1003 3969 1029 3997 »
1054 3949 1251 4018 Itaque
1281 3949 1675 4004 Graecanicam
1704 3967 1953 4018 morem,
1984 3954 2047 4004 ut
2074 3950 2131 4004 in

506 4039 632 4096 aliis
659 4040 969 4107 nonnullis,
997 4040 1373 4095 imitabantur
1397 4043 1558 4097 Galli.
1582 4044 1775 4113 Neque
1800 4043 1956 4097 enim
1980 4043 2135 4114 quod

506 4131 867 4189 Dominicam
886 4133 1209 4187 orationem
1229 4151 1361 4188 cum
1383 4135 1680 4189 sacerdote
1698 4134 1874 4189 etiam
1893 4137 2136 4206 populus

510 4225 871 4293 decantabat,
890 4225 951 4279 id
966 4226 1139 4280 ﬁebat
1155 4243 1221 4281 ex
1238 4227 1561 4282 imitatione
1577 4227 1960 4295 Mozarabum,
1981 4230 2136 4299 apud

510 4335 652 4392 quos
681 4320 925 4390 populus
958 4320 1030 4373 ad
1069 4320 1321 4392 singulas
1350 4321 1472 4375 fere
1503 4319 1819 4375 Dominica
1859 4323 2137 4378 orationis

506 4412 815 4486 petitiones
829 4413 1216 4484 respondebat
1232 4417 1479 4479 tantum,
1498 4414 1704 4467 Amen.
1725 4415 1970 4469 Noverat
1983 4417 2136 4472 hunc

2230 3304 2523 3358 nicandum
2573 3305 2726 3357 laicis
2773 3308 2823 3357 et
2862 3306 3099 3369 feminis,
3145 3306 3284 3358 sicut
3331 3317 3442 3356 mos
3502 3305 3596 3363 est,
3647 3305 3886 3370 pateant

2231 3402 2420 3451 sancta
2452 3400 2776 3451 sanctorum.
2805 3397 2880 3451 De
2910 3397 3336 3451 Guntchramno
3365 3410 3501 3465 rege
3549 3393 3609 3447 id
3634 3396 3885 3448 testatur

2232 3489 2534 3560 Gregorius
2571 3489 2628 3542 in
2670 3489 2770 3543 lib.
2798 3505 2853 3542 1x
2880 3506 3001 3559 cap.
3037 3493 3066 3544 3
3099 3508 3112 3543 :
3148 3511 3175 3538 «
3217 3490 3439 3543 Interea
3465 3486 3695 3540 advenit
3719 3484 3885 3540 festi-

2232 3580 2372 3635 vitas
2402 3581 2581 3635 sancti
2609 3582 2875 3651 Marcelli,
2899 3598 3029 3653 qua:
3050 3582 3203 3653 apud
3223 3581 3427 3635 urbem
3449 3579 3889 3634 Cabilonensem

2233 3689 2427 3729 mense
2447 3674 2685 3745 septimo
2706 3675 3044 3745 celebratur,
3070 3679 3126 3730 et
3160 3674 3621 3729 Guntchramnus
3646 3688 3751 3726 rex
3777 3671 3885 3725 ad-

2188 3748 2195 3753 .
2231 3766 2360 3821 fuit.
2390 3768 2597 3822 Verum
2626 3768 2721 3822 ubi
2766 3769 3015 3839 peractis
3064 3767 3412 3823 solemnibus
3450 3766 3521 3821 ad
3558 3781 3889 3820 sacrosanc-

2233 3864 2357 3914 tum
2383 3860 2646 3915 altarium
2674 3861 3132 3917 communicandi
3161 3861 3341 3932 gratia
3366 3858 3704 3928 accessisset,
3724 3858 3889 3913 venit

2235 3952 2469 4025 quidam
2499 3955 2659 4025 quasi
2683 3955 2897 4027 aliquid
2923 3959 3318 4027 suggestums.
3346 3975 3373 4003 ››
3405 3952 3508 4008 Ubi
3530 3951 3705 4021 vides,
3728 3951 3893 4023 quod

2236 4047 2495 4118 superius
2529 4049 2968 4123 observavimus,
3003 4048 3192 4104 missae
3238 4046 3507 4101 solemnia
3551 4049 3683 4099 ante
3733 4060 3894 4098 com-

2236 4140 2569 4195 munionem
2595 4143 2907 4198 astantium
2934 4142 3151 4196 censeri
3180 4144 3426 4211 peracta.

2307 4238 2396 4289 25.
2442 4235 2516 4289 De
2552 4236 2747 4290 Eulalii
2786 4234 3007 4290 comitis
3042 4234 3113 4288 ad
3150 4233 3325 4287 altare
3366 4246 3591 4284 accessu
3641 4230 3892 4303 insignis

2238 4332 2324 4382 est
2355 4326 2525 4383 etiam
2573 4329 2727 4383 locus
2764 4328 2917 4400 apud
2957 4327 3225 4381 eumdem
3252 4322 3591 4393 Gregorium
3626 4321 3690 4377 in
3716 4324 3821 4378 lib.
3853 4340 3893 4377 ι

2238 4437 2363 4493 cap.
2385 4425 2438 4490 8,
2463 4419 2588 4493 52
2617 4437 2686 4475 ex
2702 4437 2815 4492 quo
2832 4419 3121 4488 discimus,
3143 4415 3483 4488 particulam
3501 4415 3706 4470 hostia:
3725 4432 3890 4471 com-

507 4506 685 4562 ritum
702 4506 993 4574 Boherius,
1010 4507 1106 4577 qui
1123 4507 1182 4560 in
1200 4505 1620 4561 commentario
1640 4508 1671 4560 2
1688 4523 1860 4578 super
1874 4511 2134 4581 regulam
2156 4535 2218 4610 D
2238 4514 2610 4570 municaturis
2656 4532 2687 4568 a
2723 4513 3007 4568 sacerdote
3049 4514 3389 4583 porrectam,
3423 4512 3596 4580 atque
3620 4507 3692 4563 ab
3720 4510 3804 4564 eis
3829 4509 3897 4564 in

510 4599 690 4656 sancti
714 4599 1006 4655 Benedicti
1034 4599 1107 4653 ad
1134 4601 1307 4668 caput
1340 4601 1395 4651 ll
1436 4597 1514 4651 ita
1533 4598 1743 4656 habet:
1773 4602 1984 4658 «Unde
2006 4604 2141 4675 legi-

511 4697 622 4761 tur,
653 4692 808 4763 quod
841 4692 1089 4747 Isidorus
1128 4689 1472 4760 Hispalensis
1511 4692 1766 4748 condens
1794 4695 1985 4751 missa:
2013 4698 2140 4752 ofﬁ-

511 4786 666 4841 cium
699 4784 1001 4852 ordinavit,
1035 4782 1176 4838 utin
1205 4781 1460 4852 qualibet
1490 4784 1766 4855 petitione
1791 4791 1954 4844 Pater
1966 4794 2143 4844 noster

511 4879 695 4935 clerus
726 4876 1106 4949 responderet
1145 4878 1344 4943 Amen,-
1382 4876 1483 4931 sed
1527 4878 1623 4947 ibi,
1664 4883 1863 4936 Panem
1902 4887 2142 4937 nostrum

509 4973 887 5043 quotidianum
936 4970 1010 5023 da
1060 4968 1211 5023 nobis
1272 4970 1427 5025 hodie
1478 4973 1882 5043 responderet,
1939 4975 2041 5039 Qui
2089 4989 2142 5028 es

510 5069 667 5129 Deus,
696 5086 722 5113 »
760 5061 915 5133 quod
940 5060 1111 5115 hodie
1150 5077 1378 5133 quoque
1406 5064 1465 5118 in
1492 5066 1766 5119 Toletana
1796 5063 2046 5119 Ecclesia
2074 5083 2141 5121 ex

511 5159 734 5213 vetusto
762 5154 876 5208 ritu
901 5153 1251 5209 observatur.
1277 5157 1434 5212 Nunc
1465 5157 1524 5209 in
1556 5154 1804 5209 Ecclesia
1825 5157 2045 5225 Latina,
2080 5164 2143 5213 ut

514 5248 782 5307 omnibus
807 5249 1009 5302 notum
1040 5252 1143 5315 est,
1166 5253 1297 5320 post
1315 5249 1616 5304 recitatam
1644 5265 1677 5302 a
1700 5250 1820 5305 solo
1843 5251 2140 5307 sacerdote

515 5358 736 5399 sacram
756 5340 912 5395 illam
932 5341 1275 5409 orationem,
1291 5344 1412 5396 haec
1430 5344 1657 5396 tantum
1670 5344 1842 5399 verba
1856 5345 2144 5416 excipiunt

514 5437 950 5491 circumstantes
979 5452 990 5491 :
1019 5438 1126 5494 Sed
1152 5437 1323 5490 libera
1348 5450 1443 5489 nos
1468 5451 1502 5489 a
1528 5437 1692 5506 malo,
1724 5438 1879 5509 quod
1912 5439 1983 5494 de
2012 5441 2139 5495 ofﬁ-

514 5530 600 5585 cio
627 5528 818 5585 divino
836 5528 1095 5601 praecipit
1113 5529 1341 5582 sanctus
1358 5528 1715 5585 Benedictus.
1738 5534 1811 5586 At
1826 5533 2143 5589 secundum

514 5627 767 5680 veterem
787 5640 1013 5679 morem
1032 5621 1191 5674 illum
1205 5620 1556 5678 Gallicanum
1573 5622 2040 5697 interpretandus
2058 5632 2145 5684 est

513 5718 820 5791 Gregorius
861 5716 921 5771 in
956 5730 1081 5785 cap.
1123 5715 1188 5770 l6
1225 5713 1298 5770 de
1334 5715 1472 5771 Vitis
1505 5718 1760 5788 Patrum,
1795 5720 1895 5776 ubi
1922 5722 1996 5778 de
2039 5727 2139 5781 Ve-

514 5812 713 5871 nantio
738 5809 945 5868 abbate
974 5807 1254 5865 Turonico
1288 5824 1300 5865 :
1329 5810 1493 5869 «Sed
1513 5829 1618 5871 nec
1643 5813 1781 5870 illud
1812 5816 2139 5893 praeteribo,

2240 4625 2442 4663 manus
2478 4609 2767 4676 acceptam
2803 4605 2975 4660 fuisse
3019 4621 3033 4659 :
3079 4624 3107 4656 «
3145 4602 3624 4660 Convenientibus
3671 4601 3895 4657 civibus

2242 4717 2372 4755 cum
2398 4698 2687 4754 sacerdote
2722 4698 2842 4769 (seu
2870 4698 3133 4770 episcopo
3175 4701 3564 4752 Arvernorum
3601 4696 3891 4765 Cautino),

2241 4793 2311 4848 ad
2339 4790 2699 4847 festivitatem
2736 4791 2887 4847 beati
2924 4792 3169 4864 maryris
3191 4790 3422 4858 Iuliani,
3455 4789 3525 4844 ad
3550 4788 3725 4861 pedes
3761 4789 3891 4860 epi-

2243 4885 2394 4956 scopi
2412 4884 2660 4939 Eulalius
2675 4884 2770 4940 ille
2791 4874 3195 4957 prosternitur,
3223 4899 3468 4956 querens
3486 4899 3544 4937 se
3563 4882 3894 4937 inauditum

2241 4996 2274 5034 a
2301 4978 2705 5035 communione
2756 4982 3062 5034 remotum.
3104 4981 3258 5034 Tunc
3293 4978 3585 5049 episcopus
3626 4976 3894 5047 permisit

2243 5088 2375 5128 eum
2416 5089 2548 5127 cum
2582 5073 2802 5128 caeteris
2842 5073 3144 5128 missarum
3178 5076 3428 5143 spectare
3467 5068 3760 5124 solemnia.
3789 5070 3893 5124 Ve-

2242 5183 2373 5222 rum
2402 5165 2499 5221 ubi
2535 5166 2607 5221 ad
2633 5167 3096 5222 communionem
3140 5170 3376 5220 ventum
3416 5167 3518 5231 est,
3549 5166 3605 5217 et
3639 5160 3891 5216 Eulalius

2241 5261 2312 5315 ad
2353 5256 2619 5315 altarium
2656 5261 2997 5330 accessisset,
3037 5260 3117 5313 ait
3153 5258 3447 5330 episcopus
3479 5273 3492 5310 ε
3534 5256 3754 5311 Rumor
3791 5271 3892 5326 po-

2242 5353 2364 5426 puli
2390 5353 2730 5425 parricidam
2758 5358 2812 5409 te
2855 5353 3169 5425 proclamat
3207 5368 3346 5407 esse.
3376 5351 3493 5420 Ego
3528 5364 3660 5404 vero
3688 5351 3891 5403 utrum

2242 5448 2653 5520 perpetraveris
2694 5449 2802 5502 hoc
2837 5447 3040 5514 scelus,
3069 5463 3143 5500 an
3172 5463 3310 5514 non,
3341 5445 3564 5516 ignoro.
3597 5442 3810 5497 Idcirco
3830 5441 3892 5497 in

2243 5540 2341 5596 Dei
2367 5541 2477 5597 hoc
2506 5545 2571 5620 et
2603 5541 2752 5597 beati
2777 5540 3045 5613 martyris
3079 5539 3291 5595 Iuliani
3331 5541 3514 5593 statuo
3533 5535 3775 5607 judicio.
3807 5537 3892 5591 Tu

2241 5648 2375 5690 vero
2398 5634 2444 5689 si
2478 5633 2734 5706 idoneus,
2762 5637 2831 5690 ut
2873 5636 3097 5705 asseris,
3128 5633 3333 5689 accede
3359 5629 3614 5703 propius,
3644 5632 3703 5686 et
3729 5645 3892 5685 sume

2242 5727 2346 5784 tibi
2384 5728 2750 5787 Eucharistiaa
2788 5728 3147 5803 particulam,
3170 5731 3341 5800 atque
3376 5725 3612 5797 impone
3653 5723 3741 5779 ori
3767 5728 3888 5780 tuo.

2243 5821 2362 5881 Erit
2402 5822 2555 5880 enim
2600 5824 2745 5880 Deus
2779 5825 3066 5898 respector
3104 5819 3464 5880 conscientiae
3503 5822 3640 5878 tuae.
3680 5821 3756 5876 At
3794 5819 3891 5878 ille
