4020 6232
187 294 273 347 tit
1181 295 1266 349 DE
1305 295 1615 351 LITURGIA
1652 295 2024 351 GALLICANA
2066 295 2262 350 LIBER
2300 295 2565 350 PRIMUS.

182 404 402 470 accepta
453 399 820 456 Eucharistia
867 401 1293 456 communicans
1331 404 1617 458 abscessit.
1672 425 1698 452 ››
1745 406 1826 458 Ex
1850 437 1908 508 Α

183 493 285 547 hoc
309 494 568 565 Gregorii
595 494 724 548 loco
753 499 1000 565 quatuor
1027 495 1366 565 colligimus.
1393 499 1597 564 Unum,
1617 498 1829 551 Eucha-

186 587 353 641 ristia
394 587 635 642 nomine
683 589 778 642 hic
820 589 994 642 solam
1039 589 1199 660 panis
1239 590 1484 660 speciem
1521 591 1823 660 designari.

186 680 462 749 Alterum,
496 697 566 734 ex
616 681 893 751 particula
937 683 1078 753 ejus,
1122 699 1236 736 non
1287 699 1354 736 ex
1400 683 1624 753 integra
1665 683 1830 754 panis

188 773 427 828 formula
455 774 927 829 communionem
955 775 1143 829 datam
1175 775 1367 829 fuisse.
1391 775 1662 843 Tertium,
1682 793 1829 830 com-

186 866 522 920 munionem
558 867 664 920 hac
708 867 768 920 in
810 868 1097 922 occasione
1145 867 1249 922 sub
1284 868 1400 922 sola
1441 869 1601 938 panis
1646 869 1829 940 specie

186 959 423 1026 factam,
467 959 753 1030 siquidem
799 960 1046 1016 Eulalius
1092 965 1322 1032 accepta
1365 962 1732 1031 Eucharistia,
1772 961 1830 1016 id

191 1057 272 1106 est
290 1053 662 1107 Eucharistite
694 1054 993 1124 particula,
1025 1055 1213 1108 statim
1246 1055 1527 1110 abscessit.
1556 1057 1830 1120 Quartum

190 1145 454 1216 denique,
485 1146 902 1201 Eucharistiam
943 1147 1131 1203 eidem
1178 1148 1238 1201 in
1280 1165 1484 1202 manus
1520 1148 1690 1203 fuisse
1715 1153 1827 1203 tra-

188 1238 381 1308 ditam,
411 1256 476 1293 ac
507 1239 748 1310 proinde
777 1241 1081 1312 antiquum
1117 1241 1277 1295 illum
1321 1241 1581 1295 Ecclesiae
1610 1257 1829 1296 morem

190 1347 252 1386 eo
282 1349 462 1403 usque
495 1350 910 1404 perseverasse.
933 1333 1192 1388 Mulieres
1231 1339 1421 1388 tamen
1448 1335 1620 1389 linteo
1647 1335 1829 1388 domi-

198 1423 365 1479 nicali
393 1425 725 1495 utebantur,
753 1432 820 1481 ut
842 1432 1043 1481 notum
1073 1431 1157 1481 est
1185 1443 1254 1481 ex
1280 1443 1494 1481 canone
1523 1428 1589 1481 42
1618 1427 1834 1481 concilii

194 1517 719 1573 Antissiodorensis.
754 1520 990 1590 Sumpta
1017 1519 1378 1574 Eucharistia}
1416 1520 1710 1590 particula,
1740 1537 1831 1574 ca-

191 1608 272 1662 lix
297 1616 549 1665 sacratus
568 1613 986 1682 porrigebatur.
1015 1635 1040 1659 ‹‹
1073 1613 1433 1668 Consuetudo
1460 1617 1651 1666 autem
1674 1613 1832 1666 Aria-

191 1718 396 1756 norum
435 1709 556 1757 erat
597 1710 662 1758 ut
688 1705 760 1758 ad
788 1705 1054 1760 altarium
1086 1705 1398 1772 venientes,
1431 1706 1500 1759 de
1530 1705 1642 1758 alio
1668 1705 1836 1760 calice

3459 299 3556 352 142

2565 425 2782 479 CAPUT
2827 426 2892 478 Vl
2901 465 2914 479 .

1928 519 2104 573 Missae
2131 520 2384 572 solemnes
2409 522 2459 571 et
2482 520 2731 588 privatae,
2763 519 3042 572 matutina
3063 523 3111 573 et
3135 523 3448 588 vespertina
3467 536 3559 576 seu

2000 590 2513 658 quadragesinwles.
2543 589 2688 643 Unde
2713 591 2875 642 missa
2895 605 2997 658 pro
3017 591 3194 655 festo?
3219 591 3362 656 Quid
3386 591 3557 646 missa

1998 660 2297 713 revocata?
2326 661 2702 728 Dispositiones
2727 659 2802 713 ad
2830 662 3068 714 missam.

2005 775 2131 848 54
2148 776 2206 829 In
2228 773 2462 828 concilio
2487 773 2734 843 Vasensi,
2755 774 2906 844 quod
2925 791 3072 829 anno
3093 777 3195 828 529
3211 774 3559 831 celebratum

1931 873 2032 938 est,
2055 872 2299 938 quatuor
2324 867 2620 921 missarum
2641 883 2850 937 genera
2866 867 3254 938 distinguntur
3275 885 3487 924 canone
3503 873 3555 938 3,

1931 977 2136 1032 nempe
2153 959 2467 1030 matutinae,
2484 959 3019 1032 quadragesimales,
3037 977 3142 1031 pro
3159 961 3556 1016 defunctorum

1931 1054 2486 1121 commemoratione,
2511 1057 2566 1108 et
2595 1053 2856 1124 publicae.
2887 1053 3128 1107 Publica:
3147 1059 3327 1124 erant,
3345 1071 3474 1126 quae
3502 1054 3560 1109 in

1931 1147 2213 1220 frequenti
2259 1145 2514 1201 fidelium
2561 1151 2727 1215 coetu,
2765 1146 2961 1200 diebus
3001 1146 3176 1217 festis,
3225 1152 3280 1202 et
3327 1147 3559 1219 quidem

1933 1240 2074 1295 hora
2101 1240 2267 1295 tertia
2293 1239 2742 1293 celebrabantur.
2775 1239 2849 1292 De
2877 1238 2963 1292 his
2989 1240 3289 1294 concilium
3315 1241 3564 1296 Aurelia-

1933 1350 2107 1388 nense
2134 1349 2190 1386 ιιι
2214 1349 2425 1386 canone
2451 1333 2512 1387 14
2547 1349 2560 1386 :
2591 1336 2664 1387 De
2689 1335 2974 1387 missarum
3004 1334 3308 1388 celebritate
3337 1336 3394 1388 in
3413 1350 3558 1404 pra:-

1933 1429 2104 1496 cipuis
2129 1426 2403 1480 duntaxat
2438 1426 2864 1480 solemnitatibus
2900 1425 2960 1479 id
2997 1426 3268 1480 observari
3303 1427 3474 1490 debet,
3502 1434 3562 1482 ut

1935 1519 2068 1573 hora
2120 1522 2282 1573 tertia
2330 1522 2616 1574 missarum
2665 1520 2947 1573 celebratio
2989 1521 3048 1572 in
3089 1522 3185 1574 Dei
3225 1523 3433 1574 nomine
3474 1524 3561 1576 in-

1935 1613 2169 1674 choetur,
2199 1628 2302 1680 quo
2330 1613 2552 1679 facilius
2583 1616 2728 1666 intra
2756 1613 2916 1666 horas
2937 1617 3302 1682 competentes,
3335 1615 3450 1683 ipso
3476 1618 3562 1682 of-

1934 1707 2052 1771 ﬁcio
2079 1706 2346 1775 expedito,
2373 1705 2668 1760 sacerdotes
2691 1708 2897 1774 possint
2935 1705 3010 1759 ad
3035 1709 3338 1776 vespertina
3363 1709 3564 1776 ofﬁcia,

191 1811 355 1866 reges
385 1798 897 1866 communicarent,
931 1804 986 1852 et
1015 1799 1084 1852 de
1123 1799 1234 1852 alio
1274 1799 1516 1869 populus
1562 1798 1770 1868 minor,
1802 1818 1829 1850 »
1853 1798 1908 1868 B
1933 1797 1992 1850 id
2029 1803 2106 1853 est
2136 1801 2193 1852 in
2227 1802 2524 1869 vespertino
2559 1804 2790 1868 tempore
2833 1801 3130 1854 convenire.
3160 1799 3259 1853 Ubi
3291 1799 3568 1870 particula

190 1892 330 1942 teste
356 1889 627 1959 Gregorio
658 1890 717 1944 in
748 1891 1004 1945 Historiae
1030 1908 1148 1946 suae
1181 1892 1278 1945 lib.
1301 1908 1360 1945 ιιι
1378 1908 1499 1962 cap.
1522 1894 1609 1945 31.
1639 1892 1834 1946 Nescio

191 1997 262 2034 an
295 1981 410 2034 huc
440 1985 656 2052 spectet
685 1983 841 2053 quod
867 1983 1172 2055 Gregorius
1200 2001 1347 2055 papa
1378 1985 1418 2037 ll
1454 1984 1513 2038 in
1542 1984 1775 2055 epistola
1802 1989 1832 2038 9

193 2074 261 2127 ad
290 2074 644 2129 Bonifacium
681 2076 1078 2147 Moguntinum
1107 2077 1422 2132 antistitem
1451 2077 1662 2145 scribit,
1697 2093 1832 2132 con-

196 2183 409 2242 gruum
435 2183 551 2221 non
574 2185 716 2237 esse,
744 2169 934 2224 «duos
958 2171 1048 2224 vel
1072 2175 1186 2224 tres
1211 2171 1410 2225 calices
1432 2171 1493 2224 in
1513 2171 1711 2225 altario
1739 2187 1835 2242 po-

194 2276 352 2328 nere,
383 2277 515 2314 cum
553 2262 856 2316 missarum
913 2262 1037 2334 53
1085 2263 1359 2318 solemnia
1396 2264 1772 2319 celebrantur.
1803 2283 1830 2314 »

194 2354 368 2408 Porro
407 2355 639 2409 calicem
683 2355 1013 2426 praebebant
1038 2357 1260 2411 diaconi
1293 2375 1306 2410 :
1336 2362 1393 2410 at
1421 2373 1612 2426 corpus
1639 2359 1838 2414 Christi

186 2452 454 2517 praesente
473 2449 783 2517 presbytero
813 2450 1027 2504 tradere
1073 2467 1188 2504 non
1235 2450 1316 2504 eis
1359 2449 1584 2520 licebat,
1615 2467 1683 2505 ex
1709 2467 1838 2505 con-

195 2539 315 2593 cilii
343 2541 684 2595 Arelatensis
713 2558 750 2594 ιι
777 2559 990 2598 canone
1021 2547 1104 2598 15.

264 2636 358 2687 26.
382 2634 490 2696 Qui
510 2651 625 2688 non
651 2637 1168 2704 communicabant,
1193 2635 1445 2706 eulogias
1465 2637 1834 2708 accipiebant,

193 2726 303 2780 nisi
321 2728 738 2781 communionis
771 2729 1156 2783 ecclesiastica:
1192 2735 1378 2784 essent
1403 2732 1672 2784 exsortes.
1699 2729 1835 2784 Gre-

198 2820 392 2890 gorius
418 2825 618 2874 auctor
642 2821 702 2875 in
732 2822 985 2876 historiae
1026 2823 1370 2877 Francorum
1401 2823 1500 2877 lib.
1529 2839 1560 2874 ν
1587 2839 1709 2894 cap.
1753 2824 1836 2893 14,

198 2913 297 2968 ubi
340 2914 409 2968 de
454 2914 883 2969 Guntchramno
933 2917 1169 2985 Bosone,
1203 2916 1303 2987 qui
1348 2936 1374 2967 «
1421 2921 1548 2987 post
1585 2917 1781 2970 missas
1807 2932 1840 2969 a

195 3007 469 3077 Gregorio
495 3007 617 3078 ipso
645 3007 825 3078 petiit,
854 3013 919 3063 ut
963 3009 1212 3080 eulogias
1257 3009 1309 3063 ei
1353 3009 1486 3064 dare
1530 3009 1837 3064 deberet.»

195 3101 358 3165 Quod
385 3117 517 3156 cum
543 3101 819 3156 refutaret
837 3102 1161 3173 Gregorius,
1187 3102 1304 3174 ipse
1323 3103 1567 3157 clamare
1597 3102 1762 3173 ccepit
1787 3107 1844 3158 et

195 3195 405 3262 dicere,
440 3195 647 3266 «quod
689 3211 803 3248 non
851 3200 1001 3250 recte
1039 3212 1172 3250 eum
1202 3213 1235 3249 a
1279 3197 1678 3251 communione
1722 3196 1842 3251 sine

195 3288 444 3342 fratrum
479 3287 839 3342 conniventia
865 3288 1254 3360 suspenderet.
1275 3289 1371 3343 lllo
1397 3294 1589 3344 autem
1616 3289 1737 3343 haec
1765 3289 1845 3344 di-

197 3385 383 3448 cente,
404 3398 540 3436 cum
564 3397 841 3436 consensu
866 3382 1054 3436 fratris
1086 3381 1163 3452 (id
1189 3386 1292 3451 est,
1319 3383 1673 3452 Regnemodi
1695 3383 1844 3437 Pari-

197 3474 415 3528 siorum
443 3475 734 3546 episcopi),
765 3474 863 3544 qui
892 3491 1140 3546 praesens
1167 3480 1308 3544 erat,
1333 3479 1640 3530 contestata
1679 3493 1845 3531 causa

199 3568 490 3636 canonica,
522 3567 775 3638 eulogias
813 3585 846 3621 a
870 3568 1030 3622 nobis
1061 3569 1160 3638 (ait
1186 3569 1508 3641 Gregorius)
1536 3569 1770 3640 accepit.
1813 3588 1840 3621 »

269 3665 360 3716 27.
388 3661 537 3725 Quid
581 3665 837 3732 tempore
874 3663 1292 3717 communionis
1328 3663 1481 3734 apud
1527 3663 1708 3716 Gallos
1749 3678 1841 3717 ca-

199 3760 457 3820 neretur,
487 3753 816 3809 videndum.
837 3755 1042 3809 Psalmi
1066 3756 1441 3810 cantabantur
1463 3756 1522 3810 in
1549 3755 1842 3826 Carthagi-

199 3848 366 3902 nensi
408 3864 507 3902 seu
548 3847 808 3902 Africana
847 3849 1098 3919 ecclesia,
1132 3853 1273 3905 teste
1313 3849 1652 3919 Augustino,
1679 3849 1845 3920 cujus

200 3946 463 4012 tempore
489 3940 546 3994 id
579 3941 699 3995 fieri
729 3947 996 4013 coeptum.
1029 3963 1056 3994 »
1089 3944 1241 3998 Inter
1268 3943 1387 3997 haec
1431 3943 1513 4011 (ut
1537 3943 1655 4013 ipse
1683 3943 1760 3996 ait
1785 3942 1844 3996 in

199 4035 301 4088 lib.
333 4051 372 4088 ιι
403 4035 895 4090 Retractationum
931 4054 1054 4108 cap.
1093 4037 1176 4107 11)
1224 4036 1441 4092 Hilarus
1479 4035 1730 4107 quidam,
1761 4035 1846 4089 vir

199 4127 553 4195 tribunitius,
581 4128 758 4182 laicus
787 4130 1115 4198 catholicus,
1155 4129 1344 4184 nescio
1382 4129 1535 4184 unde
1577 4129 1843 4184 adversus

198 4221 297 4275 Dei
333 4221 650 4290 ministros,
679 4226 745 4276 ut
777 4222 902 4277 ﬁeri
937 4224 1161 4291 assolet,
1188 4223 1462 4290 irritatus,
1496 4239 1715 4279 morem
1745 4223 1844 4294 qui

197 4320 337 4370 tunc
383 4331 504 4370 esse
545 4315 699 4387 apud
729 4317 1135 4388 Carthaginem
1163 4321 1428 4388 coeperat,
1457 4323 1522 4372 ut
1547 4317 1748 4389 hymni
1773 4318 1840 4372 ad

195 4410 378 4464 altare
397 4409 725 4464 dicerentur
741 4410 809 4464 de
836 4411 1191 4465 Psalmorum
1211 4411 1375 4480 libro,
1397 4411 1511 4466 sive
1539 4416 1669 4466 ante
1696 4412 1844 4466 obla-

1933 1890 2207 1945 duntamat
2219 1908 2332 1946 non
2345 1896 2428 1946 est
2438 1890 2740 1957 exclusiva,
2755 1891 2847 1944 sed
2865 1890 3216 1962 explicativa,
3231 1908 3335 1962 pro
3345 1893 3566 1958 scilicet,

1935 1999 2048 2053 quo
2063 1984 2180 2038 fere
2201 2000 2366 2038 sensu
2387 1984 2539 2054 apud
2559 1988 2815 2038 auctores
2840 1984 3043 2038 mediae
3071 1984 3252 2038 aetatis
3273 1985 3568 2057 accipitur.

1933 2075 2218 2130 Matutinse
2247 2076 2432 2130 missae
2458 2081 2621 2130 erant
2636 2091 2764 2146 qua:
2782 2079 2911 2130 ante
2931 2076 3130 2130 horam
3149 2077 3403 2146 tertiam;
3435 2095 3572 2150 qua-

1936 2168 2354 2238 dragesimales,
2375 2185 2503 2240 quae
2520 2169 2623 2223 sub
2641 2185 2953 2239 vesperam,
2972 2169 3126 2223 unde
3146 2169 3406 2224 serotinaa
3435 2171 3571 2226 alias

1936 2261 2121 2330 dictze,
2158 2261 2608 2316 celebrabantur.
2650 2263 2802 2316 Idem
2844 2261 3146 2316 concilium
3190 2278 3403 2318 canone
3437 2267 3505 2319 29
3552 2283 3568 2318 :

1937 2356 2216 2424 Sacriﬁcia
2241 2371 2366 2409 vero
2391 2359 2664 2409 matutina
2683 2359 2995 2418 missarum,
3017 2358 3128 2410 sive
3150 2359 3479 2425 vespertina,
3506 2373 3572 2412 ne

1937 2451 2058 2518 quis
2071 2465 2191 2502 cum
2205 2451 2372 2502 armis
2384 2450 2786 2518 pertinentibus
2807 2450 2880 2503 ad
2903 2449 3161 2503 bellorum
3181 2465 3336 2505 usum
3355 2455 3570 2520 spectet.

1937 2542 2066 2595 Haec
2115 2541 2383 2596 sacrificia
2432 2541 2750 2612 vespertina
2799 2540 2857 2594 in
2906 2541 3141 2595 concilio
3183 2541 3577 2597 Matisconensi

1936 2633 2144 2705 primo,
2193 2650 2405 2689 canone
2453 2638 2504 2701 9,
2551 2634 2819 2688 dicuntur
2859 2635 3056 2689 ordine
3099 2635 3578 2708 quadragesimali

1939 2726 2243 2795 celebrari,
2292 2727 2423 2798 quia
2469 2726 2745 2780 nimirum
2800 2727 2859 2780 in
2915 2727 3374 2798 Quadragesimaz
3425 2727 3578 2782 feriis

1939 2819 2126 2873 missae
2152 2819 2223 2874 ad
2248 2835 2541 2890 vesperam
2564 2819 2994 2874 differebantur.
3019 2821 3225 2873 Horam
3252 2837 3461 2874 nonam
3491 2820 3578 2875 vel

1940 2912 2218 2967 decimam
2239 2912 2326 2966 his
2351 2912 2534 2966 missis
2560 2911 2808 2983 assignat
2823 2911 3127 2966 concilium
3155 2913 3492 2968 Bracarense
3516 2929 3576 2978 ιι,

1941 3021 2155 3059 canone
2179 3009 2232 3058 9.
2254 3005 2429 3058 Missa:
2452 3004 2750 3058 matutinae
2779 3008 2836 3060 et
2855 3003 3190 3075 vespertinae
3215 3020 3313 3059 seu
3334 3005 3576 3076 quadra-

1945 3097 2239 3169 gesimales
2259 3114 2292 3151 a
2311 3097 2550 3168 publicis
2579 3095 2703 3169 55
2732 3096 3248 3167 distinguebantur,
3271 3099 3578 3154 censeban-

1943 3195 2152 3261 turque
2172 3190 2403 3262 privatae
2438 3207 2506 3244 ex
2529 3189 2807 3260 superiori
2835 3205 3048 3245 canone
3077 3190 3276 3260 synodi
3302 3190 3578 3257 Vasensis,

1942 3289 2244 3355 propterea
2271 3283 2423 3354 quod
2458 3283 2648 3338 fideles
2678 3283 2766 3337 his
2793 3282 3062 3338 interesse
3091 3283 3246 3338 nulla
3269 3283 3358 3338 lex
3386 3285 3582 3355 prteci-

1942 3377 2154 3450 piebat.
2200 3380 2286 3431 An
2337 3380 2531 3432 autem
2586 3376 2824 3448 singulis
2869 3376 3330 3449 Quadragesimae
3383 3377 3581 3433 diebus

1942 3487 2101 3525 sacra
2135 3470 2456 3541 vespertina
2489 3470 2710 3540 tierent,
2740 3470 2798 3524 in
2836 3469 2981 3524 libro
3011 3486 3072 3542 ιι,
3100 3470 3199 3526 ubi
3227 3470 3296 3526 de
3325 3471 3578 3535 Quadra-

1944 3563 2177 3634 gesima,
2206 3564 2617 3634 expendamus.

2013 3661 2067 3711 2.
2097 3656 2360 3724 Licinius,
2377 3656 2584 3711 szeculo
2609 3672 2659 3709 v1
2677 3656 3106 3710 Andecavorum
3122 3655 3376 3722 antistes,
3399 3675 3426 3706 «
3445 3671 3582 3726 quo-

1941 3749 2076 3804 tidie
2103 3751 2331 3806 missam
2359 3767 2490 3806 cum
2531 3748 2750 3820 ingenti
2777 3748 2960 3803 cordis
2989 3747 3424 3818 compunctione
3449 3764 3576 3803 can-

1942 3850 2109 3915 tasse,
2135 3865 2162 3898 »
2188 3844 2244 3899 id
2271 3848 2355 3899 est
2380 3842 2681 3915 protulisse
2719 3844 3087 3908 memoratur,
3120 3839 3271 3911 quod
3299 3839 3367 3894 de
3390 3840 3576 3895 Cassio

1942 3938 2240 3995 Narniensi
2271 3937 2530 4008 episcopo
2557 3934 2865 4005 Gregorius
2889 3935 3126 4003 Magnus
3153 3933 3430 3988 observat.
3463 3933 3579 3988 Cea-

1941 4037 2128 4088 terum
2157 4047 2270 4085 non
2296 4031 2374 4084 ita
2400 4028 2720 4100 frequentia
2747 4031 2883 4081 tunc
2912 4030 3074 4081 erant
3100 4025 3368 4081 sacriﬁcia
3388 4025 3575 4080 missa:

1941 4125 2305 4197 quotidianae.
2338 4123 2488 4178 Adeo
2531 4124 2598 4176 ut
2639 4119 2952 4175 sacerdotes
2994 4119 3166 4174 etiam
3192 4135 3225 4172 a
3249 4119 3578 4190 presbytero

1941 4219 2169 4274 missam
2199 4217 2521 4274 celebrante
2548 4212 2852 4285 aliquando
2878 4211 3340 4268 communionem
3364 4211 3578 4283 accipe-

1940 4317 2087 4382 rent,
2116 4317 2181 4367 ut
2204 4311 2383 4366 fusius
2413 4307 2792 4365 demonstravi
2840 4306 2898 4361 in
2933 4305 3266 4378 praefatione
3295 4305 3368 4360 ad
3393 4320 3572 4360 saecu-

1939 4407 2062 4462 lum
2115 4423 2156 4460 11
2199 4401 2646 4471 Benedictinum,
2677 4417 2838 4456 num.
2871 4401 2957 4454 36.
2991 4400 3051 4452 ln
3103 4397 3449 4469 praefationis
3485 4413 3574 4452 se-

196 4502 436 4568 tionem,
473 4503 586 4558 sive
613 4519 746 4557 cum
770 4503 1210 4559 distribueretur
1233 4505 1442 4576 populo
1468 4505 1618 4576 quod
1644 4505 1842 4560 fuisset
1859 4529 1919 4601 D
1941 4499 2166 4573 quentis
2191 4514 2353 4552 num.
2378 4501 2407 4550 7
2438 4501 2725 4550 ostensum
2749 4498 2833 4548 est
2859 4492 2971 4601 illis
2983 4491 3338 4601 temporibus
3353 4489 3576 4601 licuisse

196 4595 482 4664 oblatum,
521 4596 794 4650 maledica
830 4597 1292 4668 reprehensione,
1321 4598 1646 4670 ubicunque
1677 4603 1838 4669 pote-

195 4694 312 4754 rat,
343 4689 648 4758 lacerabat,
681 4706 936 4744 asserens
964 4691 1088 4746 fieri
1127 4708 1242 4746 non
1269 4696 1548 4761 oportere.
1579 4712 1606 4743 »
1637 4694 1844 4748 Contra

197 4782 358 4836 hunc
403 4781 754 4853 Augustinus
795 4783 1008 4838 librum
1048 4783 1289 4855 scripsit,
1329 4784 1427 4855 qui
1464 4785 1536 4838 ad
1582 4802 1684 4839 nos
1726 4803 1842 4840 non

197 4875 485 4947 pervenit.
519 4874 715 4930 Simile
755 4876 894 4947 quid
937 4877 1104 4932 ﬁebat
1147 4876 1206 4930 in
1244 4877 1438 4947 Gallia,
1469 4894 1604 4932 nam
1637 4899 1663 4931 «
1690 4880 1840 4950 psal-

197 4968 375 5023 lendo
423 4984 622 5023 omnes
664 4971 1083 5025 communicare
1124 4992 1150 5020 »
1198 4970 1457 5042 praecipit
1509 4972 1843 5028 Aurelianus

194 5064 258 5118 in
286 5062 405 5117 ﬁne
433 5062 649 5133 regulae
676 5078 812 5118 suae.

269 5160 365 5212 28.
401 5157 530 5210 Haec
563 5156 680 5210 fere
716 5161 848 5211 sunt
891 5173 1018 5228 quae
1056 5158 1127 5213 de
1163 5159 1336 5213 missa
1375 5158 1655 5214 Gallicana
1691 5159 1842 5231 apud

194 5250 547 5322 Gregorium
593 5249 842 5322 aliosque
880 5253 1136 5322 ejusdem
1175 5253 1281 5306 azvi
1313 5258 1570 5308 auctores
1595 5253 1843 5324 reperire

195 5347 519 5415 potuimus,
548 5349 760 5414 praeter
789 5343 898 5398 alia
933 5346 1219 5416 quaedam,
1248 5346 1316 5401 de
1340 5346 1546 5417 quibus
1577 5352 1844 5418 opportu-

194 5439 331 5493 nior
359 5439 472 5494 erit
499 5437 738 5492 inferius
766 5438 990 5493 dicendi
1020 5438 1196 5494 locus.
1247 5440 1308 5493 ln
1356 5439 1444 5494 his
1480 5441 1744 5495 omnibus
1786 5440 1845 5495 id

195 5532 455 5586 maxime
479 5537 755 5586 curarunt
780 5532 1048 5588 Gallicani
1076 5534 1286 5603 Patres,
1314 5533 1613 5589 uniformis
1632 5539 1695 5589 ut
1714 5533 1840 5588 ubi-

197 5641 316 5696 que
342 5625 488 5680 ritus
518 5629 860 5693 servaretur,
878 5627 1031 5699 quod
1053 5626 1204 5682 varia
1229 5628 1594 5684 conciliorum
1622 5628 1846 5683 decreta

199 5717 435 5785 docent,
465 5717 528 5773 in
573 5719 663 5774 his
701 5721 920 5777 concilii
943 5721 1195 5780 Venetici
1244 5738 1423 5779 canon
1471 5727 1555 5794 15,
1594 5726 1651 5779 et
1691 5724 1844 5795 Aga-

199 5811 430 5869 thensis
461 5828 645 5870 canon
668 5815 758 5870 30.

1941 4595 2132 4667 plures
2157 4593 2216 4646 in
2245 4608 2358 4646 uno
2387 4589 2547 4645 altari
2573 4588 2775 4642 missas
2795 4602 2912 4640 uno
2941 4585 3031 4640 die
3057 4584 3575 4654 celebrare,contra

1941 4705 2114 4760 quam
2140 4685 2303 4740 multi
2324 4684 2648 4756 opinantur.
2665 4682 2803 4744 Quae
2830 4679 2983 4734 enim
3005 4680 3110 4733 hac
3124 4679 3192 4733 de
3219 4695 3280 4734 re
3306 4678 3576 4750 leguntur

1942 4780 2258 4850 interdicta,
2288 4778 2358 4832 de
2395 4793 2510 4831 uno
2555 4774 2868 4844 eodemque
2905 4772 3213 4842 sacerdote,
3246 4789 3362 4828 non
3392 4773 3461 4827 de
3491 4772 3577 4827 di-

1941 4874 2116 4929 versis
2139 4871 2469 4944 explicanda
2501 4873 2653 4924 sunt.
2686 4867 2743 4923 ld
2770 4865 3090 4938 colligimus
3119 4882 3189 4920 ex
3216 4865 3436 4920 concilii
3467 4868 3576 4921 An-

1941 4966 2354 5024 tissiodorensis
2394 4979 2606 5020 canone
2640 4965 2704 5018 10
2739 4979 2752 5016 :
2790 4964 2912 5020 Non
2947 4961 3067 5016 licet
3091 4976 3252 5032 super
3275 4976 3381 5015 uno
3406 4960 3578 5016 altari

1942 5067 2000 5118 in
2027 5079 2136 5117 una
2164 5063 2252 5116 die
2275 5061 2412 5115 duas
2440 5061 2628 5113 missas
2650 5057 2852 5123 dicere;
2879 5071 2973 5109 nec
3008 5057 3067 5109 in
3092 5056 3314 5118 altario,
3344 5055 3439 5110 ubi
3466 5054 3574 5124 epi-

1941 5171 2129 5227 scOpus
2164 5157 2354 5210 missas
2388 5152 2608 5214 dixerit,
2635 5155 2695 5204 ut
2725 5150 3006 5220 presbyter
3043 5152 3102 5203 in
3141 5149 3243 5204 illa
3269 5149 3358 5203 die
3385 5149 3576 5202 missas

1943 5251 2111 5305 dicat.
2142 5247 2355 5312 Quibus
2394 5244 2579 5299 verbis
2612 5243 2989 5314 praerogativa
3016 5243 3278 5314 quaedam
3313 5239 3574 5311 episcopo

1944 5360 2062 5415 prae
2105 5340 2324 5396 caeteris
2355 5336 2716 5410 prtesbyteris
2745 5336 3036 5404 tribuitur,
3062 5341 3129 5390 ut
3153 5334 3360 5389 scilicet
3385 5333 3443 5388 in
3478 5333 3574 5387 illo

1943 5435 2124 5502 altari,
2155 5434 2215 5488 in
2243 5449 2358 5504 quo
2407 5431 2634 5486 missam
2675 5429 3010 5484 celebrasset
3050 5428 3360 5498 episcopus,
3409 5442 3572 5498 pres-

1941 5529 2141 5602 bytero
2166 5543 2281 5581 non
2310 5525 2502 5580 liceret
2540 5525 2659 5596 ipsa
2691 5522 2782 5579 die
2811 5519 3146 5578 sacriﬁcium
3179 5519 3402 5575 offerre.
3427 5521 3574 5591 Ergo

1945 5623 2000 5678 id
2034 5619 2377 5695 presbyteris
2410 5618 2613 5673 licebat
2641 5616 2762 5670 aliis
2803 5618 2929 5687 post
2958 5612 3117 5680 alios,
3149 5611 3400 5683 alioquin
3425 5612 3577 5668 addi-

1944 5717 2024 5775 tio
2063 5716 2132 5774 de
2167 5712 2441 5788 episcopis
2467 5713 2784 5767 frustranea
2819 5712 2984 5762 esset.
3023 5709 3095 5762 At
3135 5706 3238 5761 uni
3280 5705 3576 5776 eidemque

1946 5813 2297 5888 presbytero,
2328 5810 2443 5867 imo
2465 5823 2568 5863 nec
2594 5804 2851 5876 episcopo
2881 5803 2967 5856 fas
2995 5806 3118 5856 erat
3149 5801 3210 5855 in
3238 5815 3354 5854 uno
3379 5798 3578 5855 eodem
