4020 6232
435 350 533 405 443

1220 337 1549 397 APPENDIX
1589 335 1676 390 AD
1712 333 1933 388 OPEBA
1970 328 2202 386 SANCTI
2237 325 2533 383 GERMANI
2572 318 2999 378 PARISIENSIS.

3691 311 3798 368 144

431 456 593 512 altari
623 455 813 527 plures
839 454 1035 509 missas
1060 451 1264 507 dicere.
1291 448 1448 504 Unde
1474 459 1604 499 cum
1629 439 1929 511 Gregorius
1946 441 2058 493 Tu-
2083 450 2142 523 Α
2162 437 2291 492 inde
2319 436 2530 490 factum
2550 436 2706 504 puto,
2728 430 2880 502 quod
2908 427 3077 481 missa
3097 423 3240 479 dicta
3261 421 3384 476 sita
3402 419 3673 475 missione
3694 435 3797 474 seu

432 549 688 606 ronensis
719 547 950 603 antistes
990 540 1397 601 maledicentiee
1446 539 1505 591 in
1531 533 1961 604 Fredegundem
1990 532 2061 585 ab

437 641 657 696 zemulis
704 640 899 694 fuisset
943 640 1256 702 accusatus,
1291 631 1439 703 apud
1483 630 1835 682 Brennacum
1873 625 2063 679 villam

434 735 569 806 pagi
609 731 1041 800 Suessionensis,
1075 750 1101 780 ‹‹
1128 726 1328 783 restitit
1351 723 1421 777 ad
1453 722 1559 775 hoc
1594 736 1780 789 causa,
1810 722 1876 773 ut
1903 716 2064 772 dictis

435 827 621 882 missis
664 826 723 880 in
773 825 947 879 tribus
996 821 1262 877 altaribus
1298 836 1357 871 se
1388 817 1457 871 de
1495 814 1586 869 his
1622 813 1807 867 verbis
1834 814 2067 866 exueret

439 922 811 974 sacramento.
840 919 906 971 Et
930 916 1059 969 licet
1073 912 1384 967 canonibus
1405 914 1591 965 essent
1608 905 1908 974 contraria,
1937 900 2063 975 56

438 1030 542 1084 pro
560 1028 724 1066 causa
742 1015 934 1065 tamen
950 1006 1100 1079 regis
1117 1005 1348 1076 impleta
1374 1008 1526 1072 sunt,
1556 1023 1582 1051 »
1608 1001 1691 1056 uti
1725 1000 1842 1072 ipse
1867 999 2067 1051 narrat

439 1104 498 1160 in
522 1105 618 1159 lib.
639 1120 670 1156 v
690 1120 812 1173 cap.
840 1103 928 1155 49.

512 1201 565 1252 3.
588 1198 777 1267 Itaque
803 1194 994 1263 missa,
1014 1196 1081 1246 ut
1099 1191 1283 1246 dicere
1307 1205 1608 1261 coeperam,
1637 1187 1917 1258 praecepta
1947 1184 2068 1237 erat

440 1294 661 1345 tantum
705 1287 903 1343 diebus
950 1284 1125 1353 festis,
1152 1284 1305 1337 unde
1354 1282 1542 1337 missa:
1585 1279 1921 1334 vocabulum
1965 1291 2066 1346 pro

438 1384 579 1437 festo
619 1380 773 1453 apud
808 1382 1024 1433 veteres
1059 1374 1308 1431 inolevit.
1338 1374 1608 1444 Exempla
1643 1370 1853 1443 passim
1881 1384 2070 1422 occur-

441 1480 577 1530 runt
603 1474 664 1528 in
684 1469 1096 1543 Capitularibus
1112 1483 1317 1540 regum
1334 1470 1679 1521 nostrorum.
1701 1462 1965 1517 Dubitare
1990 1464 2070 1514 ta-

440 1584 575 1623 men
601 1566 750 1633 licet,
783 1579 926 1618 num
954 1561 1126 1616 etiam
1152 1560 1210 1614 in
1236 1559 1434 1615 diebus
1459 1556 1832 1630 jejuniorum,
1864 1553 2071 1626 quibus

443 1659 642 1715 diebus
661 1654 899 1711 orationi
919 1652 1275 1725 potissimum
1290 1650 1605 1706 vacandum
1624 1653 1766 1716 erat,
1789 1645 2072 1701 sacriﬁciis

444 1749 777 1823 vespertinis
805 1748 1074 1802 interesse
1100 1746 1372 1801 deberent
1389 1743 1602 1809 ﬁdeles,
1621 1741 1880 1796 videlicet
1905 1740 1959 1793 in
1988 1739 2072 1792 fe-

2162 527 2485 585 dimissione
2514 523 2727 595 populi.
2776 544 2802 571 ‹‹
2849 523 2891 575 A
2936 519 3096 588 cujus
3134 514 3473 586 proprietate
3516 512 3802 567 sermonis

2162 620 2365 693 (inquit
2403 619 2594 673 Avitus
2631 612 2961 669 Viennensis
2997 608 3229 663 antistes
3273 606 3333 660 in
3368 605 3604 676 epistola
3642 606 3694 675 1)
3738 604 3803 657 in

2162 712 2426 781 ecclesiis,
2455 707 2809 781 palatiisque,
2839 705 2954 758 sive
2978 700 3277 774 praetoriis,
3309 698 3480 752 missa
3508 698 3631 752 ﬁeri
3670 714 3803 768 pro-

2161 806 2476 873 nuntiatur,
2491 818 2622 856 cum
2646 799 2889 870 populus
2907 796 2977 849 ab
2994 791 3380 849 observatione
3407 789 3735 846 dimittitur.
3771 812 3800 837 ι»

2164 901 2243 955 Ex
2270 915 2383 971 quo
2406 896 2490 966 ﬁt,
2518 898 2583 949 ut
2605 890 2877 947 allusione
2897 904 3000 959 per
3026 884 3378 957 antiphrasin
3403 884 3474 939 ad
3496 882 3686 937 missae
3706 899 3805 936 vo-

2166 1009 2288 1047 cem
2308 992 2477 1059 facta,
2496 986 2667 1043 missa
2685 986 2940 1039 revocata
2957 981 3194 1048 dicatur,
3210 995 3341 1033 cum
3366 976 3613 1049 populus
3631 980 3807 1030 antea

2165 1085 2448 1151 dimissus,
2472 1082 2658 1135 denuo
2684 1077 2756 1131 ad
2781 1072 3119 1129 sacriﬁcium
3146 1074 3456 1126 revocatur.
3478 1070 3647 1122 Favet
3663 1068 3805 1122 huic

2166 1171 2615 1248 interpretationi
2669 1167 2972 1240 Gregorius
3019 1163 3361 1219 Turonensis
3412 1162 3470 1215 in
3519 1161 3619 1215 lib.
3666 1176 3684 1213 Ι
3730 1160 3805 1214 de

2166 1269 2349 1325 Gloria
2376 1271 2711 1337 martyrum,
2742 1278 2865 1332 cap.
2899 1258 3096 1329 5t,ubi
3119 1256 3319 1311 eodem
3343 1253 3609 1326 loquendi
3632 1252 3806 1307 modo

2166 1363 2347 1418 utitur
2378 1378 2391 1415 :
2428 1383 2455 1410 «
2482 1359 2651 1427 Vade,
2675 1360 2731 1411 et
2754 1353 2927 1424 vigila
2950 1356 3126 1406 totam
3153 1354 3377 1404 noctem
3398 1348 3455 1401 in
3478 1347 3718 1411 honore,
3738 1362 3809 1398 ac

2169 1470 2368 1511 revoca
2393 1451 2608 1518 missas,
2636 1452 2692 1503 et
2715 1444 3048 1502 liberaberis
3088 1460 3121 1496 a
3148 1442 3334 1514 plaga.
3368 1460 3395 1489 ››
3426 1440 3484 1494 td
3512 1443 3617 1508 est,
3651 1437 3807 1491 cele-

2170 1549 2272 1603 bra
2299 1546 2516 1612 missas,
2532 1542 2633 1598 etsi
2660 1541 2734 1595 ibi
2763 1540 2832 1594 de
2853 1542 3035 1592 matre
3056 1552 3154 1590 sua
3170 1532 3471 1604 Gregorius
3493 1531 3632 1603 agit.
3660 1532 3811 1584 Nam

2171 1639 2444 1695 familiare
2471 1641 2552 1691 est
2579 1631 2868 1704 Gregorio,
2894 1634 2961 1684 ut
2985 1628 3173 1683 missae
3214 1626 3385 1681 etiam
3412 1641 3443 1679 a
3470 1623 3623 1679 laicis
3654 1623 3808 1677 cele-

2171 1732 2322 1788 brari
2348 1731 2628 1786 dicantur.
2654 1728 2714 1780 In
2742 1724 2996 1795 ejusdem
3038 1719 3167 1775 libri
3204 1735 3329 1791 cap.
3367 1722 3454 1786 75,
3477 1716 3576 1771 ubi
3611 1716 3680 1770 de
3718 1714 3808 1771 Si-

447 1844 544 1899 riis
580 1838 1057 1913 Quadragesimai,
1086 1837 1146 1893 in
1190 1837 1378 1892 triduo
1421 1835 1820 1906 Rogationum,
1841 1830 2075 1904 jejuniis
2093 1822 2151 1894 B
2177 1823 2477 1898 gismundo
2499 1818 2624 1892 58
2651 1833 2807 1888 rege,
2826 1831 2998 1886 quem
3024 1812 3102 1867 ait
3130 1812 3189 1865 in
3219 1809 3564 1865 consortium
3588 1812 3816 1861 sancto-

447 1937 697 2001 Quatuor
719 1935 1082 2004 Temporum,
1112 1934 1169 1985 et
1193 1929 1431 2002 singulis
1454 1927 1733 1994 secundis,
1757 1924 1997 1997 quartis,
2022 1928 2078 1979 et

452 2028 619 2084 sextis
644 2026 796 2082 feriis
822 2043 854 2079 a
880 2026 1024 2081 festo
1049 2023 1223 2077 sancti
1249 2021 1467 2078 Martini
1505 2021 1576 2075 ad
1604 2020 1793 2074 Natale
1831 2016 2073 2084 Domini,

451 2122 520 2176 de
546 2119 751 2192 quibus
788 2134 969 2172 canon
996 2121 1028 2171 9
1059 2114 1280 2170 concilii
1304 2113 1477 2185 primi
1515 2110 1928 2167 Matisconensis
1960 2127 1973 2163 :
2014 2112 2080 2164 Ut

450 2231 483 2269 a
510 2198 655 2281 feria
688 2214 863 2267 sancti
888 2212 1118 2267 Martini
1158 2223 1324 2278 usque
1363 2207 1438 2262 ad
1485 2207 1681 2264 Natale
1727 2205 1960 2266 Domini,
1994 2218 2077 2257 se-

452 2308 651 2369 cunda,
676 2309 896 2376 quarta,
927 2309 977 2358 et
1004 2307 1158 2358 sexta
1182 2302 1407 2358 Sabbati
1421 2300 1714 2369 jejunetur,
1744 2302 1793 2352 et
1815 2298 2080 2365 sacriﬁcia

451 2398 914 2473 quadragesimali
933 2397 1160 2451 debeant
1183 2395 1369 2450 ordine
1394 2394 1672 2448 celebrari.
1691 2393 1749 2445 ln
1763 2388 2083 2461 Rogationi-

452 2493 559 2549 bus
584 2491 814 2563 quidem
841 2490 1114 2561 populum
1141 2488 1328 2542 missae
1364 2484 1682 2540 interfuisse
1716 2483 2083 2539 manifestum

456 2591 541 2641 est
582 2601 652 2639 ex
694 2585 998 2638 Fortunato
1036 2581 1093 2636 in
1132 2580 1318 2635 libello
1357 2580 1424 2634 de
1450 2578 1570 2632 Vita
1596 2576 1771 2632 sancti
1797 2575 2080 2645 Germani,

456 2677 796 2733 Parisiorum
838 2674 1104 2746 episcopi,
1134 2690 1257 2744 cap.
1283 2676 1370 2739 33,
1397 2671 1496 2726 ubi
1531 2674 1787 2724 matrona
1823 2669 2085 2739 quaedam

460 2771 712 2826 caecitate
740 2770 981 2824 liberata
996 2772 1251 2838 tempore
1277 2764 1625 2831 litaniarum,
1644 2763 1979 2817 clarescente
1996 2760 2085 2816 die

459 2864 529 2918 ad
556 2864 786 2918 missam
813 2878 943 2917 cum
972 2861 1179 2932 populo
1210 2880 1235 2907 ››
1265 2873 1566 2929 progressa
1587 2854 1938 2927 perhibetur.
1969 2854 2087 2909 Odo

460 2957 630 3011 abbas
655 2953 1035 3011 Cluniacensis
1065 2951 1349 3023 singulare
1373 2950 1588 3004 factum
1618 2949 1910 3019 cujusdam
1938 2964 2091 3019 pres-

460 3049 643 3121 byteri
684 3046 1025 3104 Turonensis
1060 3045 1255 3114 refert,
1295 3043 1413 3115 qui,
1454 3041 1630 3097 sancti
1671 3042 1909 3096 Andreae
1949 3041 2089 3095 festo

463 3159 592 3197 cum
634 3141 921 3195 Dominica
962 3137 1148 3210 prima
1184 3137 1471 3191 Adventus
1506 3139 1894 3201 concurrente,
1929 3154 1955 3186 «
1983 3152 2087 3206 pa-

2175 1934 2307 1973 rum
2329 1915 2566 1970 ascitum
2591 1928 2604 1965 :
2630 1931 2658 1960 «
2681 1910 2735 1966 Si
2761 1908 2858 1980 qui
2880 1923 3034 1962 nunc
3051 1903 3349 1976 frigoritici
3374 1903 3433 1956 in
3452 1902 3574 1971 ejus
3588 1901 3814 1954 honore

2176 2011 2371 2066 missas
2397 2009 2593 2063 devote
2623 2003 2928 2070 celebrent,
2962 2000 3196 2070 ejusque
3224 2013 3328 2068 pro
3355 1994 3552 2066 requie
3577 1994 3692 2047 Deo
3722 1991 3814 2046 of-

2176 2103 2361 2157 ferant
2406 2098 2788 2163 oblationem;
2835 2092 3025 2148 statim
3062 2088 3396 2160 compressis
3444 2085 3814 2152 tremoribus,

2176 2192 2458 2250 restinctis
2482 2190 2755 2258 febribus,
2784 2184 3005 2240 sanitati
3049 2182 3305 2254 pristinae
3337 2183 3749 2235 restaurantur.
3784 2199 3815 2225 η

2182 2289 2371 2358 Itaque
2395 2284 2581 2339 missa:
2612 2280 2817 2336 oblatio
2841 2279 3010 2334 ﬁebat
3035 2275 3205 2331 etiam
3238 2290 3342 2346 pro
3378 2272 3572 2343 requie
3607 2286 3821 2325 eorum

2181 2380 2277 2452 qui
2304 2377 2479 2433 sancti
2509 2373 2903 2442 credebantur,
2932 2370 3093 2425 ut.in
3130 2364 3467 2422 Mozarabico
3500 2381 3605 2435 pro
3644 2363 3821 2434 spiri-

2181 2473 2333 2528 tibus
2358 2469 2719 2543 pausantium
2745 2483 2846 2521 seu
2871 2464 3275 2530 confessorum,
3292 2473 3501 2529 nempe
3521 2460 3587 2511 ut
3601 2473 3707 2527 pro
3728 2473 3826 2510 eo-

2183 2583 2313 2621 rum
2351 2562 2545 2635 requie
2588 2563 2698 2616 Deo
2739 2559 2940 2632 gratiae
2966 2559 3292 2627 agerentur.
3322 2552 3427 2608 Sed
3466 2553 3532 2604 ut
3571 2546 3644 2603 ad
3667 2566 3820 2615 rem,

2184 2675 2298 2731 qua
2325 2657 2393 2712 de
2423 2655 2514 2709 hic
2544 2653 2752 2725 agitur,
2779 2652 3029 2718 redeam,
3057 2645 3360 2717 Gregorius
3391 2644 3552 2709 item,
3585 2642 3645 2696 in
3670 2641 3826 2695 libro

2186 2752 2256 2806 de
2281 2748 2467 2805 Gloria
2505 2747 2910 2813 confessorum,
2945 2759 3067 2813 cap.
3103 2744 3190 2809 65,
3219 2737 3400 2792 utitur
3431 2735 3601 2791 etiam
3643 2735 3827 2790 verbo

2187 2843 2492 2899 celebrandi
2513 2840 2733 2912 agendo
2760 2838 2829 2892 de
2857 2835 3095 2891 muliere
3133 2848 3262 2905 quae
3299 2852 3325 2880 ‹‹
3357 2846 3461 2901 per
3484 2844 3701 2883 annum
3728 2828 3824 2882 in—
3854 2858 3875 2875 -

2186 2942 2417 3009 tegrum
2460 2934 2677 2989 assidue
2716 2929 2955 2987 orationi
2987 2927 3234 2993 vacabat,
3259 2924 3548 2978 celebrans
3569 2920 3831 2993 quotidie

2188 3031 2490 3085 missarum
2510 3026 2800 3092 solemnia,
2819 3030 2875 3079 et
2894 3022 3135 3077 offerens
3154 3017 3495 3074 oblationem
3512 3031 3617 3086 pro
3631 3014 3834 3069 anima

2188 3124 2315 3194 viri,
2344 3139 2460 3177 non
2485 3121 2665 3176 difﬁsa
2691 3120 2760 3174 de
2783 3115 3005 3172 Domini
3031 3110 3433 3179 misericordia,
3462 3107 3615 3180 quod
3642 3107 3830 3162 habe-

466 3186 592 3197 νι-μ.
635 3186 921 3195 υν-ωη-υ-
962 3186 1147 3210 rw.—
1184 3186 1267 3191 -η
1284 3186 1291 3190 τ
1311 3186 1466 3191 mm-
1514 3186 1530 3190 ε
1548 3186 1735 3189 --η--κ
1756 3186 1894 3201 -_--,
1983 3186 2013 3206 ε
2031 3186 2057 3188 η
2303 3186 2313 3194 ,

466 3235 729 3307 gensibus
755 3233 870 3288 suis
888 3237 1154 3302 utrasque
1176 3229 1371 3283 missas
1395 3228 1590 3284 audire
1614 3228 1903 3300 prmcepit.
1934 3250 1963 3277 ››
1994 3229 2093 3282 Lo—
2112 3186 2167 3260 Ο
2192 3222 2279 3273 ret
2298 3217 2596 3271 defunctus
2620 3212 2895 3284 requiem,
2917 3209 2976 3263 in
2993 3208 3083 3263 die
3096 3222 3209 3278 qua
3224 3203 3459 3258 Domino
3478 3200 3833 3256 ouationem

467 3345 599 3383 cum
636 3326 801 3381 adeat
842 3324 939 3396 qui
979 3324 1126 3378 volet
1163 3323 1223 3376 in
1269 3322 1647 3377 Collationum
1671 3321 1771 3376 lib.
1803 3338 1819 3375 ι
1851 3338 1971 3392 cap.
2000 3324 2090 3375 22.

466 3421 655 3476 Redeo
675 3419 746 3473 ad
771 3416 973 3472 missas
994 3415 1449 3487 Quadragesimae
1470 3420 1527 3470 et
1545 3414 1945 3486 Rogationum,
1975 3414 2097 3486 qui-

467 3514 573 3568 bus
603 3516 753 3566 recte
793 3509 971 3582 aptari
1013 3513 1197 3580 potest
1227 3509 1378 3580 quod
1405 3509 1474 3563 de
1504 3508 1835 3563 stationibus
1857 3507 1936 3562 ait
1959 3509 2093 3561 Ter-

468 3605 740 3661 tullianus
771 3604 874 3659 sub
911 3602 1086 3658 ﬁnem
1113 3601 1242 3656 libri
1272 3602 1340 3657 de
1366 3601 1628 3657 Oratione
1659 3618 1672 3655 :
1712 3620 1739 3652 «
1769 3601 1962 3655 Nonne
2004 3617 2093 3655 so-

468 3698 714 3755 lemnior
752 3698 861 3753 erit
901 3696 1066 3752 statio
1108 3700 1227 3763 tua,
1255 3694 1300 3750 si
1343 3696 1415 3750 ad
1453 3712 1609 3750 aram
1652 3694 1747 3750 Dei
1783 3694 2094 3750 steteris?»

469 3793 630 3848 Certe
661 3792 958 3848 saaculo‘ix
994 3791 1148 3863 apud
1173 3794 1449 3845 nostrates
1477 3807 1510 3844 a
1532 3788 1716 3843 missis
1743 3787 2100 3860 quadragesi-

472 3886 717 3941 malibus
745 3885 937 3941 abesse
965 3883 1164 3956 religio
1189 3887 1328 3954 erat,
1351 3899 1420 3939 ex
1445 3881 1603 3938 libris
1644 3898 1686 3937 11
1729 3882 1798 3938 de
1822 3880 2099 3937 Miraculis

472 3979 650 4035 sancti
674 3978 917 4050 Dionysii
944 3993 1066 4049 cap.
1096 3980 1185 4033 35.

544 4073 598 4127 4.
630 4073 690 4126 In
719 4071 993 4142 praedicto
1018 4070 1209 4124 libello
1240 4070 1597 4139 Fortunatus,
1628 4086 1750 4141 cap.
1777 4073 1864 4140 60,
1897 4085 2099 4125 secun-

475 4165 613 4222 dum
629 4162 749 4237 5'7
773 4167 997 4220 textum
1015 4181 1049 4217 a
1062 4162 1223 4217 nobis
1243 4163 1589 4234 restitutum,
1605 4161 1953 4218 mentionem
1970 4162 2103 4218 facit

476 4258 544 4313 de
571 4257 739 4312 missa
764 4261 1042 4323 revocata,
1083 4256 1333 4327 itemque
1361 4255 1418 4309 in
1443 4255 1543 4310 lib.
1568 4272 1588 4308 1
1630 4255 1699 4310 de
1740 4255 1859 4311 Vita
1894 4261 2101 4311 sanctae

476 4348 835 4421 Badegundis
862 4366 987 4421 cap.
1013 4349 1097 4404 14.
1127 4349 1187 4402 In
1210 4347 1385 4421 priori
1412 4348 1534 4403 loco
1562 4346 1641 4403 sic
1663 4346 1873 4420 legitur
1902 4365 1916 4403 :
1948 4370 1976 4400 ‹‹
2006 4351 2104 4404 Ac-

478 4442 612 4498 cidit
649 4447 714 4497 ut
747 4447 970 4496 sanctus
999 4441 1084 4497 vir
1111 4441 1458 4513 (Germanus)
1486 4457 1742 4496 remeans
1767 4441 1835 4496 de
1858 4442 2102 4496 Namne-

2192 3328 2297 3383 pro
2333 3310 2456 3381 ejus
2485 3308 2674 3364 anima
2700 3304 2998 3360 delibasset
3018 3318 3031 3355 :
3055 3314 3281 3369 semper
3306 3295 3610 3351 sextarium
3636 3294 3833 3349 Gazeti

2194 3405 2309 3459 vini
2335 3402 2577 3475 praebuit
2607 3400 2665 3454 in
2699 3395 3035 3452 sacriﬁcium
3060 3391 3305 3447 basilica:
3331 3394 3559 3444 sanctae.
3591 3408 3617 3437 »
3646 3388 3836 3442 Locus

2196 3513 2330 3553 sane
2369 3493 2606 3566 insignis
2643 3493 2714 3546 ad
2745 3488 3103 3561 probandum
3135 3483 3473 3539 sacriﬁcium
3498 3499 3602 3553 pro
3629 3481 3837 3536 defun-

2198 3591 2318 3646 ctis.
2338 3592 2408 3644 At
2430 3604 2559 3660 quae
2586 3589 2906 3657 sequuntur
2934 3580 3089 3636 haud
3106 3576 3341 3634 minoris
3359 3581 3493 3631 sunt
3517 3574 3831 3630 momenti:

2201 3706 2228 3734 «
2256 3683 2363 3739 Sed
2390 3681 2764 3737 subdiaconus
2790 3692 3039 3749 nequam
3054 3686 3344 3729 reservans
3370 3670 3519 3741 gulae
3540 3670 3833 3735 Gazetum,

2198 3782 2421 3834 acetum
2433 3770 2998 3831 vehementissimum
3012 3765 3283 3822 offerebat
3304 3764 3365 3818 in
3383 3763 3574 3834 calice,
3589 3761 3840 3817 muliere

2198 3888 2315 3928 non
2340 3884 2566 3941 semper
2590 3867 2661 3922 ad
2691 3859 3150 3920 communicandi
3175 3859 3419 3932 gratiam
3449 3856 3772 3912 accedente.
3803 3877 3837 3905 η

2199 3967 2348 4037 Ergo
2374 3980 2491 4018 non
2517 3960 2683 4017 toties
2710 3955 3188 4023 communicabat,
3221 3952 3438 4025 quoties
3466 3949 3759 4018 offerebat,
3781 3952 3845 4002 et

2200 4058 2372 4114 sacris
2401 4057 2692 4124 intererat,
2720 4070 2819 4109 seu
2864 4053 2948 4123 (ut
2981 4065 3113 4104 cum
3141 4045 3410 4117 Gregorio
3433 4044 3649 4115 loquar)
3681 4041 3837 4096 cele-

2200 4152 2423 4207 brabat.
2445 4149 2632 4205 Utitur
2664 4148 2835 4203 etiam
2876 4144 3071 4199 eodem
3100 4139 3271 4195 verbo
3296 4138 3357 4192 in
3382 4137 3581 4192 eodem
3610 4133 3840 4206 signiﬁ-

2203 4251 2331 4301 catu
2372 4243 2683 4316 Cyprianus
2723 4241 2791 4294 de
2831 4237 3092 4293 Oratione
3134 4229 3427 4286 Dominica
3450 4229 3552 4282 sub
3579 4226 3838 4283 initium.

2209 4363 2236 4391 «
2264 4341 2330 4394 Et
2347 4337 2573 4411 quando
2607 4335 2666 4389 in
2691 4347 2874 4388 unum
2899 4345 3029 4383 cum
3065 4324 3336 4380 fratribus
3357 4319 3748 4389 convenimus,
3781 4325 3847 4376 et

2205 4430 2475 4488 sacriﬁcia
2501 4428 2686 4484 divina
2713 4441 2843 4479 cum
2880 4420 2977 4476 Dei
3006 4417 3293 4473 sacerdote
3331 4412 3702 4483 celebramus,
3737 4430 3839 4469 ve-

475 4535 608 4606 tico,
625 4535 859 4590 domum
881 4534 1162 4589 Nunnichi
1182 4534 1413 4590 illustris
1434 4534 1738 4590 illustraret
1755 4534 2010 4606 vestigio.
2030 4535 2104 4589 De
2124 4553 2183 4625 D
2205 4523 2494 4581 ῒθοιιῐιάίθθ
2525 4526 2580 4576 εἴ
2606 4517 2917 4590 ἀίεοίΡῙίηδδ
2936 4528 3218 4569 memores
3237 4524 3357 4563 esse
3382 4506 3674 4563 debemus“
3701 4527 3729 4555 ”
3754 4507 3844 4562 Ad

1632 4612 1647 4625 ι.
2403 4618 2418 4625 -
2636 4613 2647 4623 ο
2848 4610 2858 4620 ι
2923 4608 2933 4618 ⁸
2980 4624 3017 4625 ,,
3084 4604 3318 4625 -1312-_-
3368 4599 3671 4625 Π-Α-..ξΑ-..-ζ
3710 4600 3841 4625 ι.....Α

480 4629 641 4700 cujus
672 4632 824 4683 veste
863 4631 1119 4683 matrona
1146 4633 1306 4700 rapto
1333 4628 1577 4684 ﬁdeliter
1616 4612 1710 4683 filo
1757 4627 2009 4683 recondit
2046 4627 2105 4681 in

479 4721 741 4775 oratorio.
761 4722 897 4785 Quae
920 4721 1297 4776 valetudinem
1326 4720 1567 4790 irruens,
1586 4720 1791 4794 vigiliis
1808 4721 1864 4775 in
1894 4721 2105 4774 honore

478 4813 653 4869 sancti
703 4814 1030 4869 solemniter
1077 4815 1386 4885 celebratis,
1419 4832 1483 4871 ac.
1523 4815 1693 4885 missa
1736 4818 2008 4881 revocata,
2039 4812 2106 4866 de

480 4905 747 4978 praesenti
778 4911 970 4960 curata
990 4911 1094 4962 est.
1127 4929 1153 4956 ››
1184 4908 1305 4962 Non
1333 4875 1592 4963 convenit
1616 4906 1749 4961 huic
1774 4906 1895 4959 loco
1921 4903 2107 4958 missae

479 4999 816 5054 vocabulum
855 5016 959 5070 pro
998 5000 1157 5070 festo,
1206 5001 1291 5056 uti
1334 5002 1621 5073 quondam
1647 4998 1907 5068 opinatus
1935 5013 2104 5051 sum:

2204 4634 2378 4691 quem
2403 4618 2593 4670 locum
2634 4613 2693 4666 in
2733 4608 3033 4666 novissima
3077 4604 3321 4661 editione
3368 4599 3676 4657 Oxoniensi
3710 4600 3841 4655 haec

2206 4710 2522 4766 observatio
2557 4706 2877 4775 adhibetur,
2905 4703 3159 4774 ignotam
3203 4700 3339 4753 olim
3386 4695 3558 4750 fuisse
3604 4693 3843 4748 solitarii

2206 4804 2508 4860 sacerdotis
2537 4798 3014 4856 communionem.
3035 4796 3141 4852 Sed
3165 4799 3230 4849 ut
3253 4808 3376 4848 rem
3404 4791 3589 4862 ipsam
3615 4803 3731 4842 non
3758 4788 3847 4841 in-

2208 4899 2385 4969 ﬁcier,
2426 4898 2482 4952 id
2524 4912 2639 4951 non
2681 4893 2957 4949 evincitur
2999 4908 3068 4945 ex
3113 4888 3285 4943 verbo
3331 4883 3666 4944 celebrandi,
3707 4895 3845 4935 cum

2208 4991 2416 5048 mulier
2451 4990 2551 5045 illa
2596 4985 2846 5061 quotidie
2886 4985 3189 5041 missarum
3227 4978 3500 5034 solemnia
3529 4974 3846 5029 celebrasse

480 5108 611 5149 cum
646 5092 739 5147 hic
782 5098 984 5164 agatur
1016 5094 1085 5149 de
1121 5094 1328 5166 vigiliis
1372 5111 1437 5148 ac
1478 5093 1667 5161 missa,
1696 5090 1917 5146 vivente
1945 5090 2110 5146 beato
2211 5087 2430 5142 dicatur
2455 5104 2488 5141 a
2508 5083 2798 5157 Gregorio,
2817 5097 2920 5136 nec
2946 5083 3137 5134 tamen
3163 5073 3413 5147 quotidie
3438 5067 3564 5142 59
3591 5083 3846 5122 commu-

480 5187 779 5257 Germano,
811 5186 1123 5243 celebratis.
1154 5186 1480 5243 Postcrioris
1506 5184 1612 5239 loci
1638 5186 1761 5239 haec
1789 5184 1955 5239 verba
1981 5188 2113 5240 sunt
2210 5181 2442 5236 nionem
2478 5177 2779 5250 accepisse.
2811 5173 2917 5231 Sed
2961 5171 3097 5243 quid
3140 5175 3297 5236 tunc,
3343 5166 3400 5220 id
3444 5169 3527 5218 est
3568 5177 3703 5216 cum
3748 5160 3847 5215 illa

482 5280 551 5336 de
591 5285 783 5335 sancta
820 5280 1165 5351 Radegunde
1213 5298 1226 5335 :
1272 5302 1299 5330 ‹‹
1337 5278 1482 5343 Quid
1519 5278 1699 5350 egerit
1747 5277 1893 5333 circa
1935 5278 2111 5333 sancti
2209 5290 2326 5329 non
2352 5270 2822 5337 communicabat,
2864 5266 3024 5339 quid,
3070 5265 3323 5335 inquam,
3350 5259 3419 5313 de
3447 5255 3619 5311 calice
3644 5268 3842 5308 conse-

479 5373 700 5430 Martini
729 5371 889 5441 atria,
922 5375 1154 5445 templa,
1192 5372 1498 5442 basilicam,
1534 5372 1694 5443 ﬂens,
1732 5372 1994 5445 lacrymis
2020 5372 2109 5426 in-

481 5464 696 5534 satiata,
730 5465 953 5537 singula
979 5466 1176 5537 jacens
1202 5481 1307 5536 per
1339 5465 1557 5537 limina,
1591 5464 1689 5521 ubi
1733 5465 1906 5520 missa
1950 5482 2110 5520 revo-

478 5562 619 5626 cata,
637 5557 886 5613 vestibus
911 5563 968 5613 et
994 5563 1346 5629 ornamento,
1365 5576 1477 5631 quo
1508 5576 1566 5615 se
1592 5558 1813 5614 clariori
1844 5559 1996 5613 cultu
2021 5574 2109 5613 so-

2212 5371 2367 5422 crato
2400 5366 2571 5420 ﬁebat
2587 5365 2614 5419 ?
2639 5367 2737 5417 aut
2761 5359 3045 5432 quomodo
3073 5355 3329 5412 sacerdos
3354 5352 3472 5423 ipse
3499 5365 3569 5405 ex
3593 5363 3660 5403 eo
3685 5361 3843 5401 com-

2210 5459 2545 5515 munionem
2582 5455 2877 5528 sanguinis
2901 5449 3236 5508 hauriebat?
3265 5464 3339 5501 an
3365 5445 3477 5500 duo
3514 5445 3677 5497 erant
3711 5438 3844 5493 cali-

2214 5572 2324 5626 ces,
2356 5571 2507 5611 unus
2541 5569 2646 5625 pro
2686 5548 2992 5617 sacerdote,
3019 5546 3161 5600 alter
3184 5558 3288 5614 pro
3316 5538 3555 5594 muliere
3580 5549 3844 5589 commu-

481 5648 635 5706 lebat
655 5650 801 5706 ferre
817 5650 874 5706 in
889 5650 1117 5723 palatio,
1133 5668 1357 5708 sacrum
1382 5651 1885 5725 componitaltare.
1907 5674 1934 5701 ››
1959 5653 2115 5707 Utro—
2211 5625 2507 5707 nicatura?
2548 5664 2665 5703 non
2709 5643 2890 5717 capio.
2924 5642 3068 5697 Cum
3112 5651 3244 5692 vero
3282 5632 3494 5690 mulier
3517 5625 3846 5685 subdiaconi

478 5742 648 5816 bique
693 5744 838 5800 nihil
880 5721 1034 5800 aliud
1073 5721 1530 5819 intelligendum-
1557 5750 1695 5819 puto
1729 5761 1901 5817 quam
1943 5744 2115 5799 missa
2212 5745 2471 5801 fraudem
2494 5742 2612 5798 viso
2641 5735 2973 5812 agnovisset,
3003 5756 3031 5785 «
3061 5732 3130 5788 ad
3159 5727 3507 5786 matutinum
3531 5721 3849 5779 secundum

479 5836 779 5897 celebrata.
816 5837 927 5894 Cur
979 5830 1172 5895 autem
1214 5843 1470 5897 revocata
1508 5840 1730 5897 dicatur
1772 5840 2111 5911 Fortunato,

2215 5837 2681 5896 consuetudinem
2725 5831 2988 5889 surrexit.
3037 5826 3251 5895 Quibus
3294 5820 3552 5897 expletis,
3595 5816 3847 5874 celebra~
