4020 6232
203 400 297 458 HS

1200 402 1288 463 DE
1325 406 1637 463 LITURGIA
1674 407 2047 465 GALLICANA
2081 411 2280 467 LIBER
2316 412 2581 470 PRIMUS.

3473 414 3570 479 146

196 512 379 584 usque
401 508 615 581 missis,
642 511 861 568 accedit
877 511 950 568 ad
974 511 1245 585 poculum
1271 512 1537 569 salutare.
1566 515 1701 580 Quae
1728 518 1844 571 tam
1866 527 1926 602 Α
1945 516 2156 574 statuit.
2185 520 2303 575 lmo
2326 518 2519 577 ﬁdeles
2535 519 2665 593 ipsi,
2688 523 2915 580 tametsi
2932 540 3049 581 non
3074 522 3570 599 communicaturi,

197 605 424 661 fervens
456 609 686 662 acetum
708 606 902 662 bausﬂ
920 622 989 662 ex
1027 605 1221 675 calice,
1243 611 1309 662 ut
1325 611 1552 679 putaret
1576 607 1684 662 sibi
1711 608 1845 664 den-

200 703 284 755 tes
312 700 529 755 excuti.
563 720 591 749 »
625 700 711 755 En
741 699 1065 755 communio
1092 700 1265 756 etiam
1294 700 1399 756 sub
1429 700 1608 756 altera
1633 701 1840 773 specie.

201 792 309 849 Sed
338 792 476 847 satis
505 792 576 847 de
611 793 789 847 verbo
822 794 1146 857 celebrandi,
1191 794 1344 865 quod
1382 793 1536 849 idem
1562 794 1845 866 signiﬁcat

202 902 465 940 revocare
494 886 730 940 missam
757 903 858 944 seu
883 887 1098 954 missas,
1115 891 1179 942 ut
1194 903 1264 941 ex
1287 886 1449 941 dictis
1468 887 1839 959 intelligitur:

200 979 375 1051 idque
402 979 705 1035 conﬁrmat
729 980 917 1036 Aredii
944 979 1164 1034 abbatis
1201 979 1498 1035 Atanensis
1537 984 1842 1035 testamen-

203 1074 352 1140 tum,
377 1073 710 1128 obtestantis
750 1096 778 1122 α
810 1090 912 1144 per
936 1088 1143 1144 corpus
1168 1076 1224 1127 et
1256 1072 1596 1145 sanguinem
1622 1072 1844 1127 Domini

202 1164 384 1219 nostri
418 1166 552 1219 Jesu
588 1164 795 1221 Christi
822 1187 851 1215 ››
882 1170 940 1220 et
972 1164 1177 1220 merita
1205 1165 1466 1220 omnium
1492 1169 1840 1235 sanctorum,

200 1261 267 1311 ut
291 1257 355 1311 in
382 1257 629 1311 oratorio
654 1257 833 1312 sancti
868 1256 1065 1311 Hilarii
1094 1257 1295 1328 quinta
1320 1257 1479 1324 feria,
1513 1258 1671 1314 omni
1699 1263 1840 1315 tem~

198 1366 366 1422 pore,
398 1373 424 1397 α
452 1349 733 1404 maturius
759 1349 1041 1403 matutina
1069 1353 1125 1403 et
1150 1348 1320 1403 missa
1345 1354 1660 1406 revocetur.
1693 1370 1719 1402 ι)

272 1446 328 1498 5.
361 1442 553 1497 Missas
579 1442 750 1496 etiam
776 1447 1029 1513 spectare
1056 1441 1324 1496 dicuntur
1347 1441 1479 1497 laici
1506 1443 1659 1513 apud
1687 1459 1844 1499 eum-

200 1536 337 1591 dem
396 1535 733 1605 Gregorium
779 1550 897 1589 non
952 1535 1148 1600 semel,
1197 1550 1405 1607 nempe
1470 1535 1532 1589 in
1583 1536 1843 1591 Historia

198 1628 300 1682 lib.
348 1642 445 1682 vin
488 1643 614 1697 cap.
654 1632 685 1681 7
733 1630 789 1681 et
828 1630 918 1696 31,
950 1631 1076 1682 tum
1109 1625 1210 1681 lib.
1238 1643 1296 1680 ix
1323 1643 1448 1697 cap.
1485 1630 1570 1681 10.
1599 1631 1657 1681 et
1680 1627 1779 1683 lib.
1807 1645 1843 1683 x

198 1737 325 1792 cap.
360 1724 414 1789 8,
446 1721 517 1776 ad
542 1719 669 1774 hac
690 1719 751 1774 in
781 1720 880 1775 lib.
910 1736 971 1774 ιιι
998 1721 1068 1775 de
1093 1719 1372 1774 Miraculis
1411 1719 1593 1774 sancti
1620 1720 1844 1776 Martini

199 1831 325 1884 cap.
387 1816 475 1869 19.
524 1814 641 1867 Imo
687 1813 863 1868 etiam
930 1812 990 1867 in
1042 1811 1278 1867 concilio
1337 1827 1397 1865 ιιι
1454 1813 1842 1872 Aurelianensi

1943 610 2130 666 missa
2172 611 2440 669 interesse
2480 614 2762 671 debebant
2792 617 3002 689 jejuni.
3043 620 3224 684 Quam
3262 621 3333 675 ob
3358 636 3481 676 rem
3509 620 3570 677 in

1941 702 2130 759 libello
2169 705 2238 761 de
2276 706 2397 761 Vita
2434 708 2611 763 sancti
2642 709 2927 780 Walarici,
2968 728 3093 783 cap.
3146 716 3233 780 15,
3283 713 3396 768 duo
3436 729 3567 785 ger-

1942 796 2118 867 mani,
2146 797 2246 869 qui
2280 799 2351 853 ad
2379 815 2512 855 eum
2551 799 2612 856 in
2650 801 2953 859 festivitate
2977 805 3128 860 beati
3151 804 3375 861 Martini
3399 806 3567 862 adve-

1943 894 2162 959 nerant,
2191 890 2556 962 increpantur
2595 894 2666 948 ab
2705 895 2847 966 ipso,
2876 898 3027 968 quod
3058 917 3085 949 ‹‹
3113 903 3242 953 ante
3270 899 3573 954 missarum

1944 982 2216 1037 solemnia
2262 983 2455 1040 bibere
2496 988 3012 1059 prasumpsissent.
3062 1010 3089 1042 ››
3131 992 3359 1048 Harant
3399 992 3572 1047 etiam

1946 1073 2061 1147 61
2102 1092 2253 1131 nunc
2277 1077 2428 1147 apud
2468 1077 2690 1148 plebem
2717 1081 2955 1152 hujusce
2990 1082 3281 1154 religionis
3306 1085 3571 1156 quaedam

1942 1166 2196 1239 vestigia.
2233 1169 2340 1233 Qui
2376 1169 2561 1240 potuit
2609 1176 2763 1226 tanta
2804 1174 3004 1246 religio
3050 1175 3274 1231 afﬁcere
3327 1177 3572 1249 majores

1942 1262 2162 1315 nostros
2218 1260 2279 1315 in
2316 1262 2671 1333 suscipiendo
2708 1265 3077 1322 Eucharistia
3112 1274 3487 1337 sacramento,
3521 1272 3570 1326 si

1944 1352 2124 1407 solam
2149 1354 2398 1425 corporis
2423 1355 2626 1411 Christi
2646 1355 2706 1411 in
2731 1373 2796 1412 eo
2822 1357 3092 1429 ﬁguram,
3115 1361 3221 1415 hoc
3239 1366 3323 1417 est
3350 1364 3572 1420 nudum
3638 1347 3644 1357 ’

1943 1461 2151 1516 panem
2174 1462 2238 1502 ac
2263 1462 2488 1504 merum
2514 1448 2730 1517 vinum,
2758 1450 3005 1508 residere
3028 1452 3431 1512 credidissent?

2578 1559 2797 1615 CAPUT
2823 1562 2934 1617 VII.

1941 1649 2314 1725 Minister
2328 1652 2385 1704 in
2396 1652 2561 1725 missa
2578 1658 2743 1708 vestes
2769 1659 2819 1708 et
2842 1659 3145 1725 apparatus
3163 1673 3179 1721 ;
3197 1658 3572 1724 ministerium,

2013 1718 2073 1771 id
2097 1724 2173 1773 est
2194 1735 2354 1774 sacra
2370 1723 2632 1791 supelleai,
2655 1738 2749 1778 seu
2770 1718 3097 1781 vasa-sacra
3119 1718 3172 1781 et
3200 1734 3536 1786 ornamenta.

2015 1818 2065 1869 1.
2111 1816 2191 1869 Ad
2232 1815 2380 1871 hanc
2414 1817 2602 1872 missa
2640 1820 2937 1876 Gallicana
2972 1823 3370 1880 tractationem
3407 1827 3576 1897 perti-

200 1921 426 1961 canone
451 1908 521 1961 29
548 1905 906 1977 prohibetur,
934 1909 1001 1960 ut
1026 1921 1091 1961 ne
1114 1907 1234 1975 quis
1256 1906 1531 1974 sacriﬁcia
1557 1909 1839 1964 missarum
1862 1887 1918 1959 B
1942 1910 2038 1961 net
2072 1923 2362 1964 sacrorum
2389 1909 2783 1966 ministrorum
2820 1913 3049 1969 habitus
3082 1887 3575 1988 cultusqueIante

198 2015 320 2053 cum
347 2000 517 2053 armis
546 1998 937 2068 pertinentibus
965 1998 1041 2052 ad
1070 1998 1329 2052 bellorum
1362 2013 1518 2053 usum
1538 2004 1753 2069 spectet.
1780 2002 1838 2055 In

198 2090 289 2147 his
310 2091 582 2145 omnibus
607 2091 841 2162 aliisque
871 2090 1206 2145 testimoniis
1231 2094 1482 2162 spectare
1500 2091 1690 2146 forsan
1708 2110 1838 2164 pro-

198 2185 323 2255 prie
369 2184 602 2255 respicit
644 2200 740 2239 eos
778 2184 877 2255 qui
915 2188 1225 2254 prasentes
1272 2184 1528 2253 aderant,
1577 2185 1676 2240 sed
1724 2202 1836 2240 non

196 2276 718 2331 communicabant.
740 2277 863 2330 Non
891 2276 1036 2330 male
1053 2275 1186 2331 huic
1207 2276 1570 2347 explicationi
1597 2278 1842 2348 quadrat

196 2369 456 2441 Gregorii
494 2369 652 2423 locus
691 2368 750 2422 in
794 2369 894 2422 lib.
933 2385 969 2423 x
1004 2386 1131 2440 cap.
1160 2372 1214 2438 8,
1251 2369 1345 2423 ubi
1377 2370 1446 2425 de
1476 2369 1716 2425 Cautino
1741 2373 1841 2426 Ar-

196 2478 509 2518 vernorum
539 2461 802 2533 episcOpo
836 2477 1031 2531 agens,
1054 2461 1151 2532 qui
1190 2461 1473 2517 Eulalium
1512 2463 1778 2518 comitem
1805 2480 1841 2518 a

195 2554 605 2610 communione
624 2553 995 2625 suspenderat
1022 2570 1035 2608 :
1065 2577 1093 2603 (ι
1114 2555 1268 2609 Tunc
1294 2554 1588 2626 episcopus
1610 2555 1836 2627 (inquit,

197 2648 252 2703 id
282 2652 371 2703 est
396 2648 458 2701 in
476 2646 773 2701 festivitate
800 2647 976 2701 sancti
1002 2646 1229 2716 Juliani)
1262 2647 1519 2718 permisit
1545 2664 1677 2702 eum
1707 2665 1839 2703 cum

198 2741 421 2796 caeteris
456 2740 759 2795 missarum
785 2744 1038 2810 spectare
1067 2740 1358 2795 solemnia.
1399 2742 1606 2795 Verum
1646 2740 1741 2795 ubi
1768 2743 1841 2798 ad

198 2834 667 2889 communionem
693 2836 928 2887 ventum
958 2837 1061 2899 est,
1092 2838 1148 2887 et
1186 2832 1436 2887 Eulalius
1473 2833 1544 2887 ad
1572 2834 1839 2889 altarium

194 2927 543 2996 accessisset,
574 2948 603 2975 »
634 2925 907 2981 Cautinus
949 2942 1083 2980 eum
1109 2925 1287 2979 voluit
1318 2925 1641 3007 prphibere.
1669 2927 1840 2983 Aliud

197 3037 336 3091 ergo
375 3024 503 3076 erat
539 3023 792 3091 spectare
829 3018 1134 3073 missarum
1178 3018 1472 3088 solemnia,
1506 3018 1665 3077 aliud
1708 3019 1836 3093 60

194 3112 645 3182 communicare,
663 3112 891 3184 quando
918 3111 1190 3167 Cautinus
1216 3128 1335 3167 uno
1358 3112 1653 3183 permisso,
1684 3113 1840 3168 aliud

194 3224 315 3262 non
346 3207 587 3261 ferebat.
617 3205 772 3260 Mitto
789 3205 926 3259 alias
944 3205 1216 3276 loquendi
1237 3205 1511 3260 formulas
1537 3206 1690 3277 apud
1710 3208 1839 3261 Gre-

197 3300 449 3371 gorium,
481 3304 538 3354 et
576 3298 635 3353 in
660 3297 911 3354 conciliis
950 3298 1246 3353 Gallicanis
1271 3298 1525 3368 usitatas,
1555 3303 1619 3354 ut
1642 3298 1840 3354 missas

195 3397 393 3448 tenere
433 3391 612 3462 (quod
649 3391 820 3447 etiam
864 3391 933 3447 de
976 3390 1134 3446 laicis
1166 3390 1374 3447 dicitur
1405 3408 1439 3445 a
1474 3391 1741 3463 Gregorio
1780 3391 1840 3446 in

193 3485 294 3541 lib.
337 3501 388 3538 vi
416 3501 542 3555 cap.
571 3484 682 3555 48),
715 3488 774 3539 et
800 3484 907 3538 alia
930 3484 988 3539 id
1022 3500 1222 3556 genus,
1250 3488 1316 3539 ut
1339 3485 1411 3540 ad
1437 3483 1625 3539 missa
1656 3483 1841 3556 dispo-

196 3579 436 3634 sitiones
462 3577 817 3649 progrediar.

267 3676 323 3728 6.
364 3672 576 3727 Contra
618 3686 714 3725 eos
748 3670 848 3741 qui
882 3669 1097 3740 polluto
1141 3670 1331 3725 animo
1378 3687 1538 3726 sacra
1571 3674 1834 3741 tractant,

194 3764 438 3837 insignis
463 3769 548 3819 est
572 3762 826 3835 Gregorii
855 3762 1011 3828 locus
1037 3762 1097 3816 in
1123 3762 1223 3817 lib.
1255 3778 1273 3817 1
1295 3763 1364 3817 de
1388 3762 1664 3819 Miraculis
1680 3780 1836 3819 mar-

196 3865 392 3931 tyrum
426 3874 552 3929 cap.
584 3859 651 3911 86
694 3873 709 3911 :
756 3878 784 3905 ‹‹
814 3855 1094 3911 Deﬂemus
1132 3854 1344 3910 scelera
1372 3859 1564 3911 nostra
1589 3861 1645 3912 et
1674 3858 1836 3928 plan-

196 3953 411 4025 gimus,
442 3968 575 4006 cum
603 3966 704 4005 nos
730 3949 973 4004 mundos
992 3964 1111 4003 esse
1139 3949 1453 4017 nescimus;
1478 3953 1534 4004 et
1553 3949 1625 4004 ad
1651 3948 1839 4020 ipsum

193 4046 374 4101 altare
402 4042 626 4099 Domini
660 4041 1008 4111 accedentes,
1038 4041 1316 4096 audenter
1350 4046 1608 4097 sanctum
1636 4059 1839 4114 corpus

192 4141 320 4210 ejus
341 4143 399 4194 et
417 4136 779 4208 sanguinem,
804 4150 934 4190 cum
963 4134 1140 4189 simus
1159 4138 1290 4189 actu
1310 4135 1530 4206 polluti,
1554 4134 1740 4205 potius
1767 4136 1841 4190 ad

183 4231 479 4303 judicium
503 4229 803 4297 sumimus,
822 4243 995 4299 quam
1020 4232 1086 4283 ut
1103 4227 1327 4282 veniam
1354 4228 1836 4298 consequamur.»

195 4327 261 4381 In
289 4324 477 4396 capite
507 4320 766 4394 sequenti
795 4320 966 4376 deﬂet
1001 4320 1294 4375 audaciam
1323 4319 1626 4390 cujusdam.
1653 4337 1848 4384 sacer-_

197 4418 376 4484 dotis,
423 4416 525 4487 qui
580 4431 696 4469 non
753 4412 1033 4468 dubitavit
1080 4412 1252 4467 miser
1303 4412 1433 4467 vino
1495 4413 1840 4469 madefactus

196 4516 472 4582 appetere
496 4507 651 4579 quod
664 4507 896 4578 jejunus
922 4505 1164 4577 quisque
1190 4522 1304 4561 non
1335 4504 1456 4560 sine
1477 4509 1636 4561 metu
1656 4510 1841 4577 potest

1941 2000 2215 2054 saculum
2255 2018 2329 2055 vu
2367 2002 2629 2058 usitatus.
2677 2005 2740 2059 Hi
2777 2007 3024 2062 vestibus
3054 2006 3195 2061 albis
3230 2008 3290 2063 in
3317 2026 3379 2065 re
3418 2028 3575 2067 sacra

1941 2091 2264 2159 utebantur,
2287 2096 2427 2147 teste
2453 2095 2723 2166 Gregorio
2743 2098 2812 2152 de
2838 2098 3025 2152 Gloria
3044 2100 3425 2156 confessorum
3447 2120 3571 2175 cap.

1939 2186 2008 2238 2O
2036 2200 2050 2238 :
2077 2202 2104 2235 «
2145 2186 2275 2239 Erat
2313 2188 2507 2242 autem
2532 2189 2892 2244 sacerdotum
2926 2207 2991 2244 ac
3019 2190 3318 2249 levitarum
3347 2195 3406 2250 in
3432 2196 3576 2251 albis

1940 2274 2182 2330 vestibus
2218 2293 2335 2331 non
2379 2278 2653 2334 minimus
2694 2282 2919 2352 chorus,
2964 2302 2992 2335 ιι
3036 2301 3242 2357 nempe
3286 2287 3348 2342 in
3386 2291 3572 2344 trans-

1938 2367 2144 2423 latione
2180 2369 2551 2442 reliquiarum
2588 2373 2660 2428 ad
2694 2374 3106 2431 dedicationem
3134 2379 3365 2434 oratorii
3396 2381 3575 2436 sancti

1938 2460 2244 2515 Saturnini.
2293 2464 2352 2516 In
2395 2463 2623 2519 concilii
2676 2467 3054 2524 Narbonensis
3103 2486 3319 2526 canone
3365 2476 3429 2529 12
3472 2474 3571 2528 de-

1940 2554 2211 2624 cernitur,
2264 2559 2326 2610 ut
2375 2557 2558 2612 nullus
2602 2560 2884 2629 presbyter
2926 2567 3025 2616 aut
3074 2563 3332 2621 diaconus
3376 2566 3576 2636 absque

1938 2648 2129 2717 aliqua
2150 2649 2479 2717 inﬁrmitate,
2494 2651 2623 2705 dum
2635 2655 2800 2707 missa
2821 2657 3121 2723 perﬁcitur,
3141 2658 3324 2725 egredi
3347 2659 3413 2713 de
3436 2661 3578 2715 alta—

1938 2742 2040 2802 rio,
2069 2745 2165 2795 aut
2189 2756 2379 2797 emisere
2395 2757 2449 2797 se
2476 2744 2604 2797 alba
2631 2746 2851 2800 audeat.
2883 2748 2949 2801 Et
2977 2749 3127 2818 apud
3155 2750 3489 2821 Gregorium
3515 2752 3574 2807 in

1940 2831 2192 2886 Historia
2220 2832 2317 2887 lib.
2350 2850 2404 2887 IV
2446 2851 2568 2905 cap.
2612 2837 2677 2891 38
2706 2837 2897 2908 agitur
2929 2839 2997 2894 de
3024 2841 3441 2911 archidiacono,
3474 2844 3575 2916 qui

1942 2942 1970 2975 «
2000 2924 2234 2981 indutus
2260 2925 2404 2995 alba,
2437 2927 2784 2999 episcopum,
2814 2934 2878 2984 ut
2914 2947 3036 2985 mos
3077 2937 3179 3002 est,
3208 2933 3477 2990 invitabat
3501 2937 3573 2991 ad

1937 3016 2129 3071 altare.
2164 3039 2191 3065 »
2228 3018 2441 3089 Nempe
2466 3035 2589 3073 mos
2612 3025 2750 3090 erat,
2774 3025 2837 3076 ut
2865 3039 2995 3078 cum
3023 3024 3316 3096 episc0pus
3342 3027 3574 3083 missam

1938 3109 2320 3166 celebraturus
2346 3110 2405 3165 in
2431 3112 2727 3167 ecclesiam
2747 3116 3205 3187 progrederetur,
3234 3140 3263 3168 «
3294 3120 3574 3175 archidia—

1939 3217 2112 3256 conus
2153 3220 2285 3257 cum
2323 3204 2473 3258 clero
2515 3204 2575 3259 in
2613 3205 2753 3260 albis
2776 3207 3027 3263 venienti
3062 3208 3420 3280 (occurreret)
3462 3213 3575 3268 dia-

1938 3294 2172 3349 conibus
2188 3296 2479 3352 thuribula
2505 3299 2852 3369 gerentibus,
2878 3321 2905 3349 »
2937 3304 3000 3354 ut
3025 3302 3236 3373 legitur
3261 3304 3417 3375 apud
3435 3306 3575 3360 Pau-

1938 3387 2059 3440 lum
2098 3388 2508 3445 Emeritensem
2550 3390 2609 3445 in
2649 3408 2777 3463 cap.
2809 3396 2863 3448 6.
2894 3393 3103 3448 Confer
3127 3394 3357 3467 Sulpicii
3384 3397 3572 3452 Severi

1939 3477 2227 3550 dialogum
2274 3485 2307 3536 2
2355 3482 2425 3537 de
2472 3489 2665 3539 sancto
2706 3485 2966 3556 Martino,
3010 3504 3134 3558 cap.
3186 3491 3235 3542 1.
3279 3490 3392 3543 Hac
3421 3494 3573 3544 veste

1938 3571 2065 3625 alba
2104 3588 2219 3627 non
2245 3574 2551 3630 utebantur
2577 3579 2737 3632 extra
2777 3594 2898 3633 rem
2936 3595 3173 3649 sacram,
3203 3596 3360 3635 secus
3402 3586 3574 3655 atque

1937 3664 2277 3735 patriarcha
2318 3667 2579 3737 Orientis,
2622 3686 2867 3741 quorum
2914 3671 3007 3725 hic
3047 3672 3313 3742 proprius
3348 3673 3574 3730 habitus

1939 3760 2077 3827 erat,
2111 3774 2180 3812 ex
2219 3759 2345 3813 Vita
2383 3760 2656 3815 Euthimii
2695 3763 2847 3833 apud
2884 3763 3330 3819 eruditissimum
3355 3766 3570 3821 Cotele-

1939 3849 2109 3916 rium,
2156 3867 2317 3906 num.
2365 3856 2452 3906 61.
2498 3853 2692 3907 Albam
2732 3870 2831 3909 seu
2870 3855 3080 3909 lineam
3120 3860 3332 3911 vestem
3384 3857 3571 3930 potius

1939 3958 2111 4013 quam
2151 3941 2277 4015 62
2320 3944 2568 3999 casulam
2602 3945 2809 4001 tunica
2845 3948 3078 4002 nomine
3104 3948 3402 4020 designare
3428 3950 3571 4006 mihi

1937 4034 2159 4090 videtur
2186 4036 2578 4107 Hieronymus,
2608 4039 2699 4092 cui
2723 4040 3068 4112 Nepotianus
3093 4042 3387 4112 presbyter
3409 4047 3574 4098 testa-

1938 4130 2132 4182 mento
2158 4129 2384 4201 reliquit
2412 4130 2733 4199 «tunicam,
2756 4148 2866 4203 qua
2890 4133 3155 4189 utebatur
3175 4134 3235 4189 in
3258 4134 3572 4191 ministerio

1937 4220 2166 4292 Christi,
2202 4243 2230 4270 ››
2257 4238 2322 4276 ac
2346 4222 2586 4294 proinde
2622 4240 2739 4278 non
2769 4229 2928 4279 extra
2956 4224 3142 4296 ipsum
3168 4226 3568 4283 ministerium.

1938 4319 2058 4383 Quo
2081 4319 2297 4388 spectat
2320 4315 2703 4386 Chrysostomi
2723 4317 2879 4372 locus
2903 4334 2973 4373 ex
2998 4318 3229 4373 homilia
3256 4321 3322 4374 83
3354 4319 3416 4373 in
3440 4321 3574 4375 Mat-

1937 4410 2175 4478 thaum,
2208 4407 2304 4463 ubi
2333 4407 2583 4462 ministri
2612 4413 2871 4481 tempore
2911 4426 3201 4466 sacrorum
3242 4432 3270 4460 «
3312 4411 3564 4468 tunicam

1939 4500 2393 4558 candidissimam
2415 4542 2430 4570 ,
2474 4508 2642 4557 λευκὸν
2681 4508 2965 4572 χιτωνίσκον
3003 4525 3031 4552 ››
3077 4506 3323 4574 gestasse
3378 4505 3573 4575 perbi-

192 4608 453 4658 terrente
489 4600 837 4655 conscientia
863 4598 1163 4671 explicare,
1197 4617 1225 4651 »
1258 4598 1316 4654 id
1340 4601 1426 4654 est
1444 4598 1545 4670 qui
1567 4598 1918 4670 nonjeju-D
1940 4595 2165 4650 bentur.
2198 4595 2275 4649 De
2313 4592 2526 4649 amictu
2567 4592 2760 4665 (quem
2802 4596 3085 4666 vocamus)
3130 4612 3258 4650 rara
3284 4595 3352 4667 (si
3377 4600 3570 4654 tamen

190 4713 304 4751 nus
346 4695 583 4752 missam
621 4692 904 4750 celebrare
941 4708 1113 4747 ausus
1156 4695 1259 4747 est.
1303 4692 1424 4756 Quo
1465 4706 1537 4746 ex
1581 4696 1839 4763 tempore

186 4789 462 4859 jejunum
482 4803 603 4842 esse
640 4789 927 4858 oporteret
952 4785 1301 4840 sacerdotem
1329 4784 1428 4855 qui
1454 4784 1839 4840 celebratums

192 4886 360 4952 esset,
411 4879 604 4934 innuit
646 4879 846 4934 eodem
881 4878 941 4933 in
977 4878 1101 4932 loco
1147 4876 1487 4948 Gregorius,
1529 4875 1629 4931 ubi
1667 4876 1839 4948 hujus

191 4972 506 5028 sacerdotis
553 4971 780 5045 culpam
818 4971 876 5026 in
920 4970 1042 5042 ipso
1080 4968 1258 5023 Natali
1294 4968 1518 5023 Domini
1554 4972 1842 5040 perpetra-

193 5071 313 5121 tam
338 5082 718 5137 exaggerans,
762 5084 792 5117 (ι
826 5064 909 5120 ita
933 5067 999 5120 ut
1025 5062 1381 5118 afﬁrmarent
1404 5061 1593 5132 multi,
1633 5060 1837 5133 inquit,

192 5174 330 5213 eum
356 5162 487 5228 post
514 5157 646 5227 galli
687 5161 919 5212 cantum
960 5155 1021 5211 in
1063 5155 1185 5227 ipsa
1220 5158 1384 5209 nocte
1408 5153 1612 5209 vidisse
1636 5153 1837 5208 biben-

192 5258 337 5305 tem.
370 5270 399 5301 »
418 5248 677 5320 Denique
704 5250 892 5304 Patres
909 5248 1129 5305 concilii
1155 5264 1195 5302 ιι
1226 5245 1597 5316 Bracarensis,
1626 5262 1840 5301 canone

195 5348 284 5408 10,
308 5343 590 5399 damnant
608 5341 882 5413 quosdam
908 5342 1282 5413 presbyteros,
1308 5340 1408 5411 qui
1436 5342 1494 5394 in
1515 5342 1679 5396 missa
1704 5355 1841 5394 mor-

190 5444 435 5499 tuorum;
459 5440 585 5506 post
624 5439 901 5507 acceptum
944 5449 1165 5497 merum,
1205 5433 1529 5488 oblationem
1570 5434 1693 5488 ausi
1715 5437 1840 5487 sunt

192 5543 530 5584 consecrare.

267 5628 324 5676 7.
355 5622 483 5675 Non
507 5618 712 5673 licebat
749 5617 917 5673 etiam
945 5616 1180 5672 diacono
1204 5621 1304 5672 aut
1341 5615 1683 5672 subdiacono
1715 5620 1840 5686 post

191 5719 475 5784 acceptum
510 5712 689 5766 cibum
720 5712 806 5765 vel
840 5712 1096 5781 poculum
1129 5713 1320 5766 missas
1359 5714 1615 5772 tractare,
1652 5712 1749 5764 aut
1782 5710 1840 5762 in

192 5808 419 5861 ecclesia
459 5805 594 5859 dum
632 5806 806 5858 missa
843 5805 1160 5859 dicebantur
1194 5808 1368 5866 stare,
1409 5818 1481 5857 ex
1517 5816 1730 5857 canone
1772 5803 1837 5856 19

198 5898 424 5953 concilii
480 5895 1002 5969 Antissiodorensis,
1038 5897 1137 5971 qui
1190 5896 1260 5952 de
1302 5895 1631 5970 presbytero
1687 5894 1838 5951 idem

1937 4687 2070 4758 ulla)
2098 4686 2312 4742 mentio
2331 4686 2485 4758 apud
2507 4688 2766 4742 auctores
2790 4691 3012 4742 nostros
3035 4692 3165 4743 ante
3184 4688 3367 4744 Caroli
3385 4690 3570 4761 Magni

1939 4783 2184 4835 atatem.
2208 4780 2491 4835 Caeterum
2518 4779 2688 4833 nullis
2708 4782 2855 4835 tecto
2874 4784 2974 4834 aut
2996 4780 3177 4835 velato
3205 4781 3388 4852 capite
3414 4798 3575 4837 sacra

1938 4888 2209 4945 peragere
2244 4871 2468 4941 licebat,
2508 4875 2741 4942 propter
2772 4872 3025 4943 Apostoli
3058 4873 3413 4942 mandatum,
3459 4890 3574 4947 quo

1938 4966 2072 5022 viris
2095 4963 2405 5020 universim
2433 4963 2588 5023 nudo
2613 4964 2793 5035 capite
2821 4965 2882 5019 in
2908 4966 3141 5021 ecclesia
3178 4983 3341 5023 orare
3369 4968 3570 5038 praci-

1940 5060 2113 5131 pitur,
2138 5064 2194 5114 et
2212 5074 2284 5113 ne
2305 5056 2515 5113 Christi
2537 5056 2851 5112 sacerdotes
2866 5058 3192 5115 viderentur
3216 5059 3423 5115 imitari
3450 5077 3576 5131 pro-

1938 5153 2117 5223 fanos,
2144 5151 2297 5223 apud
2318 5166 2461 5223 quos
2489 5172 2517 5199 ‹‹
2544 5150 2986 5206 sacriﬁcantium
3012 5152 3235 5225 captiva
3263 5153 3449 5223 capita
3477 5168 3572 5208 ve-
3632 5222 3641 5229 ν

1939 5245 2226 5312 labantur,
2281 5265 2309 5293 »
2340 5247 2408 5299 ut
2453 5243 2708 5316 loquitur
2762 5244 3078 5316 Cyprianus
3115 5245 3276 5301 initio
3324 5244 3454 5299 libri
3505 5244 3576 5298 de

1940 5336 2147 5409 Lapsis.
2186 5338 2348 5398 Certe
2388 5337 2448 5392 id
2484 5336 2654 5392 sacris
2697 5337 2973 5393 ministris
3008 5338 3343 5410 prohibetur
3387 5336 3448 5391 in
3490 5352 3575 5408 sy-

1938 5430 2086 5486 nodo
2119 5430 2378 5485 Romana
2413 5430 2517 5485 sub
2547 5430 2815 5485 Zacliaria
2840 5430 3125 5501 pontiﬁce,
3157 5445 3282 5501 cap.
3314 5433 3400 5485 13.
3428 5430 3577 5501 Lege

1940 5522 2148 5578 eruditi
2172 5522 2432 5578 Cotelerii
2447 5527 2606 5578 notas
2618 5522 2680 5578 in
2706 5521 3143 5578 Constitutiones
3162 5522 3549 5592 apostolorum
3562 5562 3577 5589 ,

1938 5615 2047 5670 col.
2081 5618 2197 5669 155.
2231 5614 2458 5686 Excipio
2477 5618 2770 5683 Armenos,
2793 5614 2894 5686 qui
2921 5617 3068 5669 tecto
3094 5613 3278 5686 capite
3303 5631 3462 5669 sacra
3488 5630 3573 5667 ce-

1938 5708 2183 5777 lebrant,
2222 5711 2465 5762 testante
2506 5708 2744 5762 Baronio
2773 5707 2843 5761 ad
2869 5722 3087 5761 annum
3118 5709 3243 5763 863.
3271 5708 3350 5762 De
3390 5705 3574 5761 orario

1940 5800 2299 5856 sacerdotum
2337 5800 2397 5854 in
2435 5800 2669 5855 modum
2715 5797 2896 5853 crucis
2932 5802 3065 5855 ante
3116 5802 3313 5872 pectus
3354 5811 3576 5867 compo-

1940 5893 2127 5950 nendo
2164 5896 2345 5950 exstat
2372 5892 2662 5949 decretum
2702 5890 2925 5947 concilii
2962 5907 3021 5946 ιιι
3059 5889 3430 5959 Bracarensis,
3480 5902 3570 5940 ca-
