4020 6232
483 412 578 468 H7

1260 415 1591 469 APPENDIX
1629 414 1716 468 AD
1753 415 1974 468 OPERA
2011 414 2243 470 SANCTI
2281 414 2578 469 GERMANI
2620 413 3045 470 PARISIENSIS.

3741 418 3836 472 148

476 537 625 577 none
657 521 710 576 4.
740 521 821 578 Ad
856 523 980 578 haec
1014 521 1237 577 concilii
1277 520 1651 576 Narbonensis
1689 537 1867 574 canon
1904 525 1918 575 1
1959 525 2104 575 vetat
2125 533 2335 605 Acum
2372 522 2710 577 Turonensis
2749 523 3063 594 episcOpus,
3096 520 3200 577 sibi
3246 517 3568 594 populoque
3616 538 3721 579 suo
3764 523 3834 578 ti-

475 629 547 669 ne
574 615 763 670 clerici
781 616 1080 688 purpureis
1096 614 1340 669 vestibus
1357 615 1682 681 induantur,
1701 630 1906 685 nempe
1924 614 1982 668 in
1997 630 2105 668 usu

475 707 714 778 vulgari.

546 804 598 855 2.
629 803 840 856 Praeter
865 802 1049 855 albam
1068 800 1371 870 Gregorius
1391 799 1639 854 casulam
1666 798 1862 854 Nicetii
1884 801 2106 871 Lugdu-

474 893 664 947 nensis
688 894 949 948 antistitis
977 899 1032 948 et
1057 911 1281 964 capsam
1308 897 1589 948 memorat
1613 895 1672 948 in
1703 894 1850 948 libro
1873 895 1943 948 de
1971 895 2104 948 Vitis

474 985 726 1052 Patrum,
759 1003 879 1056 cap.
907 989 959 1040 8.
992 987 1185 1040 Casula
1209 986 1486 1041 hactenus
1513 987 1763 1058 priscum
1789 1003 1997 1041 nomen
2023 1004 2105 1040 re-

473 1076 646 1132 tinet:
671 1080 888 1148 «Capsa
914 1085 1101 1133 autem
1131 1080 1207 1133 ita
1228 1079 1455 1134 dilatata
1476 1085 1615 1146 erat,
1631 1084 1695 1150 ut
1713 1079 1895 1133 solent
1920 1080 1979 1133 in
1996 1079 2103 1133 illis

474 1170 723 1224 candidis
761 1171 902 1241 fieri,
943 1190 1070 1243 qum
1109 1189 1212 1243 per
1249 1173 1536 1242 paschalia
1569 1172 1709 1226 festa
1749 1172 2104 1226 sacerdotum

472 1261 725 1316 humeris
760 1263 1150 1335 imponuntur.
1200 1285 1225 1315 »
1265 1265 1558 1333 Diaconus,
1589 1265 1679 1318 cui
1715 1265 1859 1318 hanc
1884 1264 2102 1318 Priscus

473 1354 766 1424 episcopus
791 1357 1040 1426 dederat,
1063 1373 1130 1412 ea
1163 1358 1481 1427 promiscue
1509 1358 1741 1410 indutus
1769 1357 1980 1427 absque
2009 1373 2099 1410 re-

469 1444 682 1516 ligione
720 1449 1049 1518 procedens,
1091 1469 1118 1500 «
1159 1450 1343 1504 deciso
1384 1450 1621 1518 cucullo,
1657 1472 1682 1497 ››
1719 1454 1986 1518 tegumen
2033 1466 2101 1503 ex

472 1536 566 1590 illo
609 1539 848 1608 pedibus
875 1541 1103 1611 aptavit.
1152 1544 1280 1597 Erat
1304 1543 1541 1613 proinde
1570 1558 1735 1612 capsa
1764 1541 1902 1594 illud
1924 1558 2102 1611 genus

470 1628 811 1697 indumenti,
849 1634 1004 1703 quod
1042 1635 1212 1689 modo
1254 1652 1493 1705 cappam
1531 1634 1904 1704 appellamus,
1942 1635 2102 1704 cujus

470 1737 601 1791 pars
643 1721 767 1795 63
806 1726 1192 1795 posterior'ex
1218 1727 1472 1782 humeris
1509 1727 1832 1798 dependens
1871 1743 1973 1796 pro
1999 1743 2098 1780 cu-

472 1816 618 1872 cullo
645 1818 931 1885 quondam
958 1824 1077 1874 erat
1103 1821 1173 1874 ad
1193 1824 1363 1890 caput
1388 1819 1782 1890 operiendum,
1808 1818 1991 1890 qualis
2019 1821 2101 1872 est

471 1931 650 1986 cappa
670 1915 845 1969 sancti
861 1912 1167 1968 Audomari
1182 1912 1450 1983 episcopi,
1473 1912 1533 1965 in
1553 1912 1732 1966 sancti
1753 1911 1967 1965 Bertini
1985 1927 2101 1964 mo-

472 2007 717 2062 nasterio
751 2007 1026 2060 hactenus
1061 2008 1356 2059 asservata.
1400 2005 1658 2059 Casulam
1693 2002 2101 2074 processoriam

470 2102 629 2154 vocat
654 2099 966 2170 Cyprianus
981 2097 1275 2168 episcopus
1295 2096 1618 2152 Tolonensis
1633 2096 1691 2149 in
1721 2096 1820 2150 lib.
1845 2113 1864 2148 1
1884 2095 1954 2149 de
1981 2095 2101 2148 Vita

467 2191 694 2247 Caesarii
721 2190 970 2262 episcopi
996 2189 1353 2259 Arelatensis,
1383 2206 1542 2243 num.
1579 2191 1666 2257 23,
1700 2189 1799 2260 qui
1841 2189 1986 2242 hanc
2005 2204 2097 2241 ca-

469 2283 652 2339 sulam
681 2307 707 2335 ‹‹
735 2285 1034 2355 albamque
1055 2284 1401 2356 paschalem,
1434 2305 1460 2330 ››
1491 2280 1726 2352 pauperi
1749 2281 1972 2334 cuidam
1995 2281 2102 2334 lar-

471 2377 622 2449 gitus
649 2381 752 2432 est.

539 2475 592 2526 3.
624 2471 849 2526 Sacram
875 2468 1280 2541 supellectilem
1306 2471 1523 2522 veteres
1551 2482 1664 2520 uno
1691 2465 1960 2520 vocabulo
1988 2465 2096 2518 mi-

467 2564 767 2618 nisterium
805 2562 1053 2617 ecclesia:
1097 2561 1472 2633 appellabant.
1531 2557 1782 2613 Eximius
1819 2570 1903 2612 est
1945 2558 2098 2611 locus

467 2655 618 2711 inter
631 2656 770 2710 alios
793 2655 945 2726 apud
973 2654 1306 2724 Gregorium
1333 2655 1590 2706 nostrum
1617 2650 1676 2703 in
1699 2650 1796 2704 lib.
1827 2665 1886 2703 III
1913 2649 2096 2703 Histo-

467 2748 567 2803 riae
589 2765 710 2819 cap.
737 2751 820 2816 lO,
843 2747 940 2802 ubi
963 2747 1030 2802 de
1061 2745 1420 2802 Childeberto
1447 2759 1602 2814 rege,
1631 2742 1730 2812 qui
1751 2758 1820 2796 ex
1837 2741 2098 2812 Hispania

470 2840 713 2909 rediens,
732 2841 928 2894 «inter
951 2839 1197 2909 reliquos
1223 2838 1517 2891 thesauros
1541 2835 1857 2889 ministeria
1883 2834 2095 2905 pretio-

467 2933 684 2987 sissima
710 2933 931 3000 detulit,
961 2950 989 2982 »
1016 2931 1291 2984 nimirum
1321 2950 1349 2977 «
1370 2928 1662 2999 sexaginta
1688 2928 1904 2996 calices,
1933 2928 2097 2998 quin—

466 3025 646 3081 decim
675 3030 923 3096 patenas,
951 3022 1150 3094 viginti
1185 3021 1618 3092 Evangeliorum
1665 3037 1875 3091 capsas,
1907 3020 2094 3074 omnia

467 3135 534 3173 ex
563 3133 699 3172 auro
736 3134 902 3189 puro,
931 3133 993 3170 ac
1034 3116 1274 3188 gemmis
1314 3114 1574 3185 pretiosis
1614 3119 1830 3167 ornata.
1862 3134 1888 3162 ››
1942 3113 2094 3167 Idem

463 3210 526 3266 in
554 3211 654 3265 lib.
681 3227 720 3264 ιι
750 3211 818 3265 de
845 3209 1031 3265 Gloria
1056 3213 1373 3278 martyrum
1402 3223 1526 3278 cap.
1551 3212 1602 3272 ’7,
1627 3207 1706 3260 ait
1733 3205 2090 3275 Burgundio-
2113 3244 2166 3317 C

464 3318 566 3357 nes
591 3303 651 3356 in
677 3303 1053 3356 Brivatensem
1070 3300 1254 3353 vicum
1283 3300 1533 3366 irruisse,
1549 3303 1718 3370 atque
1743 3298 1875 3351 inde
1893 3298 2093 3352 disces-

463 3396 595 3449 sisse
641 3414 667 3446 «
709 3392 930 3464 direpto
975 3391 1287 3445 ministerio
1339 3395 1688 3446 sacrosancto
1734 3411 1760 3441 »
1807 3408 1819 3443 :
1867 3406 1937 3444 ex
1977 3407 2090 3461 quo

465 3491 710 3558 quatuor
729 3501 923 3539 eorum
940 3500 1040 3554 per
1051 3483 1245 3553 fugam
1260 3483 1458 3553 lapsi,«
1473 3487 1736 3554 patenam
1756 3488 1811 3536 et
1831 3497 2085 3546 urceum,

461 3579 561 3652 qui
589 3595 733 3632 anax
759 3577 981 3644 dicitur,
1008 3595 1034 3627 »
1059 3576 1116 3629 in
1146 3576 1388 3648 patriam
1407 3575 1730 3641 detulerint,
1754 3579 1809 3628 et
1827 3579 2091 3644 patenam

461 3672 695 3743 quidem
737 3669 985 3724 divisisse
1032 3669 1088 3723 in
1127 3670 1331 3723 multas
1365 3672 1580 3739 partes;
1626 3683 1860 3721 urceum
1899 3670 2090 3720 autem

461 3764 583 3836 regi
610 3763 955 3819 Gundobado
979 3763 1049 3816 ab
1077 3761 1213 3832 ipsis
1239 3761 1409 3815 fuisse
1438 3761 1712 3828 oblatum,
1743 3763 1806 3813 ut
1826 3759 1977 3812 idem
1995 3775 2091 3812 au-

461 3863 583 3912 ctor
607 3855 798 3911 subdit
822 3854 880 3908 in
907 3854 1087 3926 capite
1114 3855 1168 3907 8.
1197 3855 1405 3907 Patena
1433 3852 1526 3905 illa
1563 3852 1682 3906 sine
1719 3851 1892 3905 dubio
1921 3867 2087 3922 capa-

459 3949 683 4004 cissima
706 3952 844 4015 erat,
877 3947 1071 4000 similis
1098 3945 1151 4000 ei
1182 3947 1250 3999 de
1277 3961 1390 4015 qua
1419 3944 1611 3998 scribit
1639 3944 1756 4014 ipse
1785 3944 2089 4014 Gregorius

459 4043 517 4096 in
544 4041 642 4095 lib.
671 4057 690 4093 1
718 4040 854 4094 item
881 4039 950 4092 de
979 4037 1166 4091 Gloria
1191 4041 1508 4107 martyrum
1535 4053 1659 4106 cap.
1687 4039 1774 4090 8:3”.
1804 4036 1910 4100 Qui
1938 4037 2090 4090 locus

459 4133 728 4204 quoniam
748 4146 1032 4206 _magnam
1065 4129 1126 4182 in
1158 4145 1286 4182 vasa
1329 4143 1487 4181 sacra
1528 4127 1901 4182 reverentiam
1936 4129 2090 4182 exhi-

457 4226 572 4290 bet,
617 4223 709 4278 hic
759 4239 827 4277 ex
868 4223 1092 4292 integro
1129 4220 1459 4275 referendus
1497 4223 1599 4274 est.
1635 4240 1661 4269 ‹‹
1693 4221 2088 4275 Britannorum

458 4333 645 4370 comes
673 4332 802 4369 cum
834 4315 1081 4386 graviter
1108 4331 1140 4366 a
1170 4312 1456 4367 doloribus
1492 4313 1705 4383 pedum
1739 4313 2090 4384 affligeretur

459 4413 515 4463 et
539 4425 643 4480 per
676 4407 921 4462 medicos
957 4406 1285 4477 expendens
1317 4404 1688 4458 substantiam
1729 4422 1908 4474 suam,
1946 4405 2088 4460 nihil

457 4501 808 4557 commodius
843 4499 1148 4566 habuisset,
1177 4497 1320 4552 dixit
1353 4496 1403 4550 ei
1431 4496 1662 4567 quidam
1693 4497 1761 4552 de
1788 4497 1902 4552 suis
1928 4515 1942 4552 :
1978 4521 2004 4548 ‹‹
2033 4497 2089 4553 Si

2204 630 2364 669 mens
2389 631 2422 667 a
2459 615 2650 670 furore
2688 616 3095 671 Guntchramni
3134 615 3284 688 regis
3308 616 3576 686 militum,
3609 615 3838 672 effracto

2203 722 2318 761 uno
2345 708 2412 763 de
2445 709 2615 763 sacris
2647 709 2974 764 ministeriis
3005 708 3173 765 calice
3214 725 3410 778 aureo,
3443 714 3500 764 et
3527 710 3586 764 in
3616 710 3834 765 numis-

2204 803 2355 854 mata
2399 801 2644 870 redacto,
2686 818 2744 856 se
2791 801 3182 872 populumque
3227 802 3486 857 redemit.
3530 803 3838 873 Gregorius

2204 897 2398 948 auctor
2431 893 2493 947 in
2528 894 2783 948 Historize
2813 895 2914 948 lib.
2946 911 3019 948 vn
3046 911 3169 965 cap.
3203 895 3292 948 24.
3323 896 3440 948 Huc
3477 899 3693 965 spectat
3720 896 3834 950 fac-

2202 991 2326 1040 tum
2358 987 2581 1042 Caesarii
2608 985 2942 1042 Arelatensis
2967 987 3231 1058 episcopi,
3266 987 3366 1058 qui
3393 987 3453 1041 in
3482 988 3834 1059 redemptio-

2201 1095 2334 1133 nem
2356 1080 2701 1150 captivorum
2727 1098 2754 1131 «
2777 1096 3024 1150 expenso
3050 1084 3307 1149 argento,
3329 1080 3480 1152 quod
3501 1081 3838 1134 venerabilis

2201 1172 2411 1226 Eonius
2448 1177 2767 1227 antecessor
2805 1189 2939 1226 suus
2975 1172 3222 1226 ecclesia:
3267 1189 3477 1227 mensas
3506 1172 3834 1243 reliquerat,

2202 1265 2516 1319 custodiens
2541 1265 2678 1318 illud
2705 1265 2857 1335 quod
2889 1265 3156 1318 Dominus
3181 1265 3242 1318 in
3257 1265 3520 1320 arantino
3539 1266 3836 1337 paropside

2200 1357 2370 1411 tinxit
2411 1374 2636 1428 panem,
2668 1375 2783 1411 non
2827 1358 2883 1410 in
2923 1362 3194 1427 argenteo
3231 1373 3377 1423 vase,
3409 1374 3549 1428 opus
3579 1364 3838 1412 sanctum

2200 1466 2381 1520 usque
2432 1451 2502 1504 ad
2557 1450 2731 1504 divini
2781 1451 3084 1503 ministerii
3135 1451 3650 1520 dispensationem,
3707 1467 3840 1505 cum

2201 1543 2526 1609 thuribulis,
2557 1543 2842 1608 calicibus,
2873 1542 3201 1613 patenisque
3242 1560 3348 1614 pro
3386 1543 3718 1597 eorumdem
3746 1559 3835 1598 re-

2201 1634 2527 1705 demptione
2560 1656 2586 1683 ››
2617 1635 2888 1704 vendidit,
2920 1652 3035 1689 non
3070 1652 3306 1706 parcens
3343 1636 3512 1690 etiam
3540 1636 3836 1690 columna-

2200 1744 2330 1780 rum
2369 1746 2396 1778 «
2439 1743 2508 1781 ex
2551 1732 2786 1799 argento
2819 1747 2845 1778 ι)
2888 1728 3254 1782 ornamentis.
3302 1730 3443 1782 Tum
3487 1729 3839 1800 interpositis

2200 1820 2536 1890 quibusdam
2565 1821 2820 1890 ejusdem
2838 1820 3123 1892 pontiﬁcis
3139 1821 3428 1875 sententiis
3449 1821 3798 1891 gravissimis
3819 1841 3833 1876 :

2121 1891 2176 1962 Β
2205 1934 2232 1961 ((
2259 1915 2380 1966 Νοη
2406 1913 2591 1981 credo,
2623 1913 2700 1966 ait
2730 1914 2844 1981 (Vir
2887 1914 3128 1984 sanctus)
3159 1915 3509 1968 contrarium
3550 1930 3668 1969 esse
3699 1916 3834 1981 Deo,

2201 2005 2270 2058 de
2296 2003 2607 2059 ministerio
2635 2023 2736 2058 suo
2778 2006 3230 2076 redemptionem
3268 2007 3410 2072 dari,
3434 2007 3532 2077 qui
3561 2023 3618 2061 se
3646 2007 3837 2078 ipsum

2201 2114 2302 2167 pro
2331 2097 2654 2150 hominibus
2675 2099 3063 2168 redemptione
3092 2099 3343 2153 tradidit.
3375 2121 3401 2146 ››
3432 2101 3688 2170 Cumque
3715 2100 3838 2170 ejus

2199 2189 2410 2244 factum
2456 2190 2550 2243 alii
2589 2191 2903 2260 culparent,
2950 2192 3259 2260 probarent
3302 2208 3434 2246 vero
3480 2192 3594 2260 alii,
3647 2192 3840 2247 subdit

2199 2282 2506 2353 Cyprianus
2532 2283 2827 2353 episc0pus
2858 2283 2958 2354 qui
2993 2284 3113 2337 hmo
3153 2284 3328 2338 refert
3356 2284 3415 2337 in
3441 2285 3539 2338 lib.
3570 2302 3586 2338 ι
3613 2285 3683 2338 de
3711 2285 3836 2340 Cae-

2199 2376 2331 2430 sarii
2357 2376 2477 2430 Vita
2502 2391 2663 2430 num.
2694 2379 2754 2429 t7
2787 2392 2800 2429 ε
2829 2397 2854 2423 ‹‹
2880 2376 3074 2430 Nonne
3096 2376 3156 2429 in
3181 2377 3324 2430 vitro
3351 2377 3584 2448 sanguis
3602 2378 3836 2442 Christi,

2199 2474 2254 2524 et
2281 2469 2340 2522 in
2369 2468 2525 2539 ligno
2552 2484 2755 2538 corpus
2782 2469 3249 2538 pretiosissimum
3277 2470 3399 2540 ejus
3428 2471 3699 2540 pependit
3729 2487 3837 2540 pro

2197 2561 2359 2616 nobis
2401 2567 2458 2617 et
2495 2562 2747 2616 fulsit?»
2777 2563 2912 2625 Quae
2949 2563 3227 2616 sententia
3269 2563 3594 2633 Hieronymi
3619 2563 3837 2617 dictum

2196 2657 2256 2710 in
2299 2656 2635 2708 memoriam
2667 2659 2889 2710 revocat
2913 2671 2982 2708 ex
3011 2654 3248 2725 epistola
3279 2656 3349 2708 ad
3391 2656 3702 2724 Rusticum,
3740 2657 3840 2710 ubi

2197 2749 2265 2803 de
2293 2748 2571 2818 Exuperio
2595 2749 2804 2802 Tolosae
2832 2747 3114 2818 episcopo,
3139 2747 3236 2818 qui
3265 2766 3292 2798 «
3323 2764 3553 2802 omnem
3577 2748 3839 2803 substan-

2196 2841 2333 2895 tiam
2360 2840 2567 2893 Christi
2588 2839 2897 2894 visceribus
2919 2840 3240 2910 erogavit,»
3258 2846 3427 2910 atque
3451 2839 3574 2912 65
3596 2840 3840 2895 indubie

2195 2950 2328 2986 vasa
2363 2949 2536 3002 sacra,
2570 2937 2801 3004 prepter
2835 2934 3005 2987 verba
3041 2949 3170 3002 quae
3219 2939 3536 3003 sequuntur
3573 2949 3587 2987 :
3624 2955 3650 2980 «
3680 2934 3841 2988 Nihil

2194 3025 2290 3080 illo
2327 3025 2518 3092 ditius,
2548 3025 2647 3096 qui
2686 3042 2892 3095 corpus
2932 3024 3156 3078 Domini
3192 3025 3252 3078 in
3279 3025 3526 3080 canistro
3553 3025 3833 3094 viminco,

2194 3118 2531 3189 sanguinem
2560 3121 2746 3188 portat
2771 3117 2830 3171 in
2855 3117 3022 3172 vitro.
3049 3137 3076 3165 »
3099 3117 3348 3187 Denique
3363 3117 3666 3170 concilium
3686 3118 3842 3172 Rhe-

2192 3227 2384 3265 mense
2413 3210 2516 3264 sub
2539 3226 2755 3263 annum
2781 3213 2881 3263 627
2909 3209 3276 3274 celebratum,
3301 3225 3517 3263 canone
3538 3212 3626 3277 22,
3651 3215 3838 3276 cavet,

2190 3320 2264 3358 ne
2289 3303 2579 3373 episcopus
2599 3304 2904 3356 ministeria
2923 3317 3079 3356 sacra
3099 3303 3331 3368 frangat
3344 3318 3447 3371 pro
3468 3303 3842 3372 qualicunque

2190 3396 2509 3457 conditione,
2537 3399 2748 3464 excepto
2776 3397 2827 3449 si
2848 3397 3082 3449 evenerit
3107 3394 3288 3448 ardua
3312 3396 3597 3449 necessitas
3625 3409 3728 3463 pro
3761 3411 3842 3449 re-

2189 3488 2490 3558 demptione
2512 3489 2874 3557 captivorum.

2263 3584 2314 3634 5.
2347 3582 2559 3634 Praeter
2606 3580 2708 3632 hos
2749 3579 2844 3633 alii
2883 3578 3053 3633 etiam
3091 3581 3348 3632 auctores
3392 3577 3695 3632 ministerii
3725 3596 3838 3635 no-

2192 3673 2345 3728 mine
2365 3672 2449 3725 usi
2480 3676 2612 3725 sunt
2632 3672 2701 3725 ad
2719 3688 2935 3725 sacram
2952 3670 3360 3740 supellectilem
3379 3669 3836 3741 signiﬁcandam.

2191 3767 2349 3833 Nam,
2378 3770 2444 3818 ut
2468 3780 2538 3818 ne
2561 3769 2719 3818 extra
2741 3765 2978 3818 Galliam
2999 3763 3258 3832 exempla
3281 3768 3561 3833 petamus,
3587 3765 3842 3819 occurrit

2190 3857 2386 3910 Alcimi
2418 3855 2562 3910 Aviti
2598 3857 2931 3926 prmclarum
2982 3855 3371 3910 testimonium
3412 3855 3470 3908 in
3517 3856 3760 3925 epistola
3804 3862 3836 3912 6

2188 3949 2258 4002 ad
2289 3947 2596 4002 Victorium
2638 3948 2966 4018 episcopum
3001 3965 3013 4001 :
3051 3967 3078 3998 (ί
3106 3949 3181 4001 De
3222 3947 3552 4001 ministeriis
3597 3948 3838 4002 haereti-

2189 4057 2405 4110 corum,
2429 4057 2556 4111 qua:
2575 4040 2683 4093 illis
2709 4057 2886 4109 sacra,
2905 4040 3068 4093 nobis
3090 4039 3452 4094 exsecrabilia
3473 4039 3839 4109 judicantur,

2188 4134 2246 4188 id
2273 4137 2353 4187 est
2376 4132 2595 4204 patenis
2623 4133 2968 4202 paterisque,
2993 4133 3128 4202 quia
3153 4132 3291 4201 quid
3315 4146 3574 4186 censeam
3594 4132 3841 4201 perinde

2188 4226 2495 4280 rescribere
2544 4242 2635 4279 me
2670 4224 2902 4295 jussisti,
2934 4224 3130 4276 validae
3167 4223 3398 4292 quidem
3429 4222 3839 4280 observationis

2189 4319 2510 4388 exemplum
2541 4322 2643 4382 est,
2674 4317 2826 4386 quod
2855 4316 3063 4384 legitur
3100 4315 3159 4367 in
3201 4314 3548 4383 Heptatycho
3589 4315 3659 4369 de
3691 4319 3836 4373 thu-

2189 4411 2387 4464 ribulis
2414 4413 2844 4481 peccatorum.»
2878 4409 2943 4460 Et
2967 4406 3115 4459 infra
3146 4425 3158 4460 :
3195 4428 3221 4455 ‹‹
3252 4405 3652 4476 Reprehendat
3678 4418 3838 4467 certe

2187 4502 2467 4572 quispiam
2496 4517 2598 4570 pro
2628 4499 2715 4552 sui
2751 4497 3085 4552 discretione
3113 4498 3266 4568 quod
3296 4497 3496 4552 sentio.
3527 4499 3732 4554 Fateor
3763 4504 3836 4558 de

457 4596 611 4650 enim
641 4594 710 4648 ab
739 4593 971 4648 ecclesia
993 4591 1098 4646 tibi
1126 4589 1351 4662 aliquod
1377 4605 1470 4644 vas
1497 4590 1819 4659 ministerii,
1849 4592 2002 4662 quod
2027 4591 2085 4644 in
2107 4599 2165 4669 D
2188 4592 2517 4647 ministeriis
2569 4591 2682 4644 illis
2723 4590 2960 4644 minime
3010 4590 3296 4657 delectari,
3343 4607 3470 4661 qua:
3519 4593 3838 4662 superioris

455 4687 618 4743 altari
643 4686 891 4756 ponitur,
923 4684 1229 4751 deferatur,
1259 4683 1319 4736 in
1344 4698 1457 4753 quo
1483 4683 1652 4753 pedes
1677 4683 1952 4751 ablueres,
1983 4700 2085 4752 po-

456 4780 589 4836 terit
611 4778 711 4832 tibi
738 4778 860 4831 haec
886 4792 1052 4829 causa
1091 4777 1239 4830 ferre
1271 4775 1573 4830 medelam.
1603 4774 1771 4831 Stulti
1798 4779 1855 4828 et
1878 4774 2088 4828 inertes

457 4872 554 4940 (ait
587 4869 872 4940 piissimus
911 4867 1186 4937 antistes),
1216 4882 1331 4921 non
1365 4870 1785 4940 cognoscentes,
1817 4866 1969 4935 quod
1995 4881 2083 4918 sa-

457 4967 608 5017 crata
644 4963 754 5014 Deo
780 4976 910 5014 vasa
933 4975 1046 5012 non
1075 4959 1281 5014 debent
1303 4960 1372 5014 ad
1403 4977 1535 5014 usus
1561 4960 1846 5012 humanos
1881 4956 2081 5026 aptari.

454 5059 524 5108 At
548 5054 640 5108 ille
669 5052 793 5125 64
822 5051 1079 5106 celeriter
1103 5051 1172 5105 ad
1201 5052 1492 5106 ecclesiam
1523 5049 1718 5113 mittit,
1743 5052 1798 5101 et
1819 5051 2082 5117 patenam

453 5146 786 5201 sacrosancti
825 5143 1014 5198 altaris
1051 5143 1119 5197 de
1158 5143 1396 5198 sacrario
1423 5140 1674 5210 suscipit,
1699 5139 1888 5211 ibique
1914 5141 2084 5211 pedes

451 5239 646 5294 abluit.
678 5239 782 5294 Sed
805 5236 1000 5292 statim
1024 5236 1308 5290 doloribus
1331 5233 1553 5301 additis,
1573 5233 1643 5286 ad
1662 5233 1894 5303 plenum
1923 5234 2081 5289 debi-

451 5331 662 5398 litatus,
721 5345 1004 5400 nusquam
1046 5332 1239 5399 postea
1280 5342 1538 5397 gressum
1579 5324 1762 5381 facere
1801 5327 2004 5398 potuit.
2053 5347 2080 5379 »

450 5423 619 5477 Addit
655 5422 957 5493 Gregorius
995 5420 1257 5476 similiter
1282 5419 1479 5473 fecisse
1509 5419 1818 5490 quemdam
1857 5421 2081 5492 Lango-

450 5515 758 5568 bardorum
787 5517 1014 5572 ducem.
1047 5514 1199 5568 Adeo
1227 5529 1380 5566 sacra
1399 5511 1594 5565 omnia
1614 5511 1840 5580 cedunt,
1865 5529 1994 5566 cum
2014 5514 2083 5568 de

449 5612 748 5677 potentum
768 5611 948 5664 salute
969 5606 1180 5677 agitur.
1202 5603 1431 5658 Concilii
1454 5620 1512 5657 ιιι
1531 5604 1882 5659 Bracarensis
1902 5622 2083 5660 canon

448 5703 481 5754 2
515 5715 706 5756 severe
745 5697 1148 5756 animadvertit
1187 5697 1245 5750 in
1289 5695 1566 5768 quosdam
1609 5697 1942 5768 sacerdotes,
1981 5699 2078 5770 qui

446 5808 577 5846 vasa
605 5809 761 5847 sacra
790 5793 848 5847 in
875 5789 1142 5863 profanos
1166 5805 1302 5844 usus
1327 5789 1708 5844 assumebant.

512 5886 566 5938 4.
603 5886 791 5956 Longe
820 5881 1166 5956 probabilior
1189 5882 1297 5938 fuit
1333 5899 1470 5938 usus
1501 5898 1764 5939 vasorum
1792 5897 2080 5938 sacrorum

2189 4684 2378 4739 Gallia:
2424 4683 2681 4753 partibus
2734 4683 2805 4736 ad
2858 4681 3119 4736 ecclesias
3170 4683 3314 4753 legis
3354 4689 3566 4738 nostra:
3607 4687 3834 4755 captiva

2187 4778 2492 4842 venerunt;
2541 4791 2783 4846 quaeque
2835 4773 2914 4827 nil
2969 4774 3369 4843 voluntarium,
3425 4776 3506 4830 nil
3557 4775 3836 4833 innocens

2187 4867 2567 4938 praeferentia,
2623 4867 2670 4922 si
2723 4866 3046 4921 dolentibus
3097 4867 3410 4937 rapiantur,
3463 4867 3835 4925 offerentibus

2185 4960 2449 5032 prodesse
2489 4976 2607 5015 non
2642 4963 2977 5031 poterunt...
3011 4959 3124 5012 Cur
3162 4959 3231 5014 de
3268 4959 3545 5013 thesauris
3589 4961 3704 5014 suis
3741 4962 3829 5017 le-

2185 5053 2434 5108 ctissima
2453 5069 2694 5124 quasque
2711 5052 3051 5124 producens,
3077 5051 3230 5105 haud
3252 5051 3408 5108 omni
3425 5052 3717 5122 impendio
3732 5071 3832 5108 cu-

2184 5151 2290 5216 rat,
2299 5150 2360 5199 ut
2369 5145 2430 5199 in
2442 5146 2531 5200 his
2544 5162 2671 5216 quae
2683 5145 2753 5199 ad
2763 5148 3021 5199 sanctum
3035 5143 3416 5199 ministerium
3432 5144 3826 5215 pertinebunt,

2185 5254 2300 5293 non
2326 5239 2508 5308 magis
2530 5237 2845 5308 pretiositas
2864 5236 3044 5306 possit
3063 5237 3303 5306 placere,
3327 5252 3496 5306 quam
3519 5236 3736 5292 novitas
3752 5239 3780 5293 ?
3797 5261 3826 5286 ››

2185 5332 2309 5384 Haec
2335 5331 2438 5384 etsi
2463 5331 2534 5384 ad
2559 5329 3012 5384 confirmandum
3039 5328 3097 5382 id
3124 5328 3273 5398 quod
3301 5329 3360 5381 in
3385 5329 3675 5399 proposito
3703 5335 3829 5386 erat

2183 5440 2301 5477 non
2326 5427 2409 5477 est
2443 5423 2844 5488 necessarium,
2869 5421 2976 5474 erit
3010 5424 3200 5476 tamen
3227 5420 3297 5474 ad
3331 5420 3436 5474 hoc
3463 5420 3823 5490 probandum

2183 5515 2490 5585 singulare,
2519 5530 2726 5586 nempe
2765 5514 2910 5567 vasis
2942 5513 3339 5567 haereticorum
3380 5512 3598 5581 ablatis,
3629 5519 3686 5567 et
3728 5531 3823 5569 ec-

2182 5608 2365 5662 clesiae
2401 5607 2620 5676 oblatis,
2652 5608 2828 5661 Deum
2867 5622 2983 5660 non
3029 5604 3315 5673 delectari,
3353 5621 3481 5676 quae
3518 5609 3639 5660 erat
3673 5608 3823 5662 Aviti

2182 5701 2478 5770 sententia,
2519 5699 2628 5754 nisi
2657 5721 2684 5748 ‹‹
2722 5698 2907 5753 infusa
2949 5696 3295 5764 fornacibus,
3342 5701 3398 5752 et
3436 5696 3680 5752 distenta
3719 5715 3824 5769 per

2180 5793 2437 5858 laminas,
2471 5814 2498 5841 ››
2539 5808 2682 5863 pura
2717 5791 3054 5847 efficiantur.
3103 5789 3255 5844 Idem
3285 5794 3473 5844 censet
3507 5789 3575 5844 de
3617 5806 3820 5846 eorum

2181 5885 2430 5956 templis,
2458 5888 2611 5939 ratus
2647 5906 2675 5935 «
2707 5900 2830 5939 rem
2857 5881 3260 5950 insensibilem,
3290 5898 3416 5954 qua
3441 5882 3694 5954 primum
3724 5884 3814 5938 in-
