4020 6232
148 336 231 413 ΝΩ
1122 336 1209 393 DE
1248 336 1562 396 LITURGIA
1597 336 1969 398 GALLICANA
2006 338 2207 402 LIBER
2244 342 2510 405 PRIMUS.

3398 356 3497 412 150

140 443 321 536 novata
357 436 648 536 polluitur
692 439 1097 536 (nullaposse)
1138 443 1579 503 sanctiﬁcatione
1621 461 1760 519 pnr-
1783 448 2125 533 Atudinum
2152 452 2609 512 Cluniacensium
2633 472 2756 529 cap.
2787 458 2877 527 29,
2905 462 2963 516 et
2998 455 3306 519 Hildeberti
3343 461 3493 536 epis-

144 534 267 606 gari.
300 551 325 587 υ
352 532 475 590 Alia
513 534 631 591 fuit
670 551 837 592 mens
872 534 1129 609 Gregorii
1169 538 1356 609 Magni
1390 542 1448 594 et
1470 544 1602 595 ante
1629 555 1763 595 eum

142 628 381 683 Honorati
410 629 665 701 episcopi
697 628 824 702 66
847 630 1212 699 Novariensis,
1232 631 1331 703 qui
1347 632 1631 704 templum
1647 633 1766 688 ido-

142 722 305 776 lorum
331 719 391 775 in
417 721 726 778 ecclesiam
752 723 1060 778 convertit:
1086 723 1146 779 in
1170 725 1332 795 cujus
1354 725 1765 781 dedicationem

142 814 407 869 Ennodius
453 815 738 870 diaconus
770 816 1079 871 Ticinensis
1132 817 1441 873 dictionem
1479 820 1764 875 Honorato

142 906 394 971 submisit,
422 924 556 978 quas
586 908 761 963 dictio
792 914 876 965 est
894 909 1141 965 secunda
1165 911 1320 981 apud
1346 911 1690 967 Ennodium.

203 1004 249 1055 6.
276 1001 504 1069 Verum,
548 1004 617 1055 ut
654 1002 725 1056 ad
763 1002 1123 1073 propositum
1150 1018 1245 1059 me
1270 1003 1535 1074 referam,
1563 1004 1761 1059 minis-

142 1093 325 1148 terium
348 1109 465 1148 non
492 1093 689 1149 solum
713 1111 843 1149 vasa
878 1112 1053 1163 sacra,
1086 1096 1184 1150 sed
1213 1097 1381 1152 etiam
1413 1097 1520 1151 alia
1547 1114 1676 1169 quae
1702 1098 1766 1153 in

145 1186 289 1240 sacris
336 1187 464 1240 usui
520 1191 722 1256 erant,
778 1188 1060 1259 signiﬁcat
1112 1189 1266 1260 apud
1320 1190 1656 1260 Gregorium
1703 1191 1765 1246 in

143 1278 369 1332 Historiae
408 1278 511 1333 lib.
566 1296 585 1333 ι
633 1296 756 1351 cap.
804 1284 895 1348 27,
931 1281 1033 1335 ubi
1085 1282 1346 1337 Clodovei
1384 1282 1591 1337 milites
1628 1304 1656 1333 ‹‹
1695 1284 1765 1339 de

145 1372 361 1441 quadam
384 1372 629 1426 ecclesia
654 1389 890 1427 urceum
915 1374 1077 1428 mirae
1104 1375 1516 1444 magnitudinis
1540 1392 1603 1430 ac
1631 1376 1762 1447 pul-

146 1462 455 1517 cbritudinis
482 1486 512 1513 η
549 1466 745 1536 (quem
775 1469 966 1521 sancto
992 1467 1255 1539 Remigio
1283 1467 1635 1522 Rhemorum
1658 1484 1761 1522 an-

145 1556 287 1610 tistiti
326 1572 425 1611 rex
464 1557 593 1627 ipse
643 1558 827 1613 adhuc
870 1575 1128 1629 paganus
1178 1560 1446 1630 restituit)
1490 1561 1766 1630 leguntur

145 1646 411 1703 abstulisse
440 1669 469 1700 (ι
500 1666 641 1704 cum
666 1650 899 1722 reliquis
934 1652 1296 1707 ecclesiastici
1331 1652 1638 1707 ministerii
1667 1668 1761 1707 or-

146 1742 418 1797 namentis.
451 1765 481 1792 »
512 1743 808 1813 Ejusmodi
845 1744 1273 1815 supellectilem,
1301 1761 1428 1817 quae
1460 1745 1764 1801 ministerii

1862 543 1991 615 copi
2014 545 2455 603 Cenomanensis
2482 549 2720 621 epistola
2745 553 2778 607 8
2809 551 2880 607 ad
2915 552 3265 609 Anselmum.
3297 556 3359 611 In
3388 572 3495 612 usu

1862 640 1984 691 erat
2016 653 2050 691 a
2082 639 2282 709 primis
2326 644 2682 713 temporibus
2715 644 2827 700 hoc
2868 645 3315 703 instrumentum
3343 650 3494 720 apud

1862 728 2101 800 Graecos,
2130 733 2281 803 quod
2311 734 2477 789 variis
2491 736 2833 792 testimoniis
2856 739 3063 810 probat
3081 740 3496 797 eruditissimus

1862 821 2106 899 Cangius
2147 842 2161 878 :
2204 825 2411 895 quibus
2451 829 2666 883 accedit
2710 829 2869 885 locus
2914 847 2986 886 ex
3034 830 3158 887 Vita
3200 833 3491 901 Euthimii,

1863 930 2025 970 num.
2054 918 2121 971 78
2147 917 2246 971 ubi
2271 919 2502 979 μυστικῆς
2520 920 2700 983 ῥιπίδας
2721 923 2785 977 ﬁt
2812 925 3049 979 mentio.

1934 1010 1987 1062 8.
2016 1011 2335 1080 Antequam
2362 1012 2472 1066 hoc
2506 1019 2676 1084 caput
2708 1014 2925 1085 finiam,
2959 1017 3255 1074 observare
3284 1035 3489 1076 conve-

1862 1098 1968 1168 nit,
1997 1116 2065 1154 ex
2090 1102 2365 1173 Gregorio
2392 1108 2663 1174 nostrate,
2698 1109 3015 1165 sacerdotes
3041 1110 3101 1165 in
3126 1111 3328 1168 itinere
3352 1130 3490 1169 con-

1865 1192 2111 1262 stitutos,
2137 1199 2203 1249 ut
2240 1212 2467 1267 semper
2507 1198 2579 1251 ad
2614 1215 2768 1253 sacra
2791 1201 3046 1257 facienda
3069 1205 3255 1273 parati
3282 1212 3490 1277 essent,

1864 1284 2167 1356 aliquando
2215 1292 2458 1358 gestasse
2502 1290 2734 1345 calicem
2774 1309 2906 1347 cum
2942 1299 3165 1364 patena.
3209 1298 3299 1352 Sic
3337 1299 3492 1355 enim

1863 1377 2033 1433 habet
2064 1379 2372 1450 Gregorius
2411 1381 2471 1436 in
2505 1383 2604 1437 lib.
2637 1384 2706 1438 de
2740 1385 2924 1440 Gloria
2949 1388 3335 1445 confessorum
3364 1409 3487 1464 cap.

1863 1474 1951 1539 22,
1980 1472 2080 1526 ubi
2105 1473 2174 1527 de
2198 1474 2438 1530 Maximo
2464 1475 2663 1531 abbate
2686 1493 2699 1531 :
2734 1498 2761 1526 ‹‹
2791 1479 2892 1550 qui
2921 1481 3173 1536 occulere
3196 1484 3350 1553 quod
3373 1490 3494 1540 erat

1864 1564 2113 1635 cupiens,
2140 1566 2291 1636 apud
2318 1568 2562 1622 Insulam
2584 1568 2884 1625 barbaram
2906 1575 3237 1628 monasterii
3258 1576 3487 1647 Lugdu-

1863 1656 2053 1711 nensis
2094 1658 2444 1727 peregrinari
2486 1661 2754 1730 expetiit;
2794 1662 3186 1719 manifestatus
3218 1670 3410 1722 autem
3439 1673 3496 1724 et

1864 1748 1963 1817 ibi,
1981 1749 2051 1803 ad
2072 1750 2312 1820 patriam
2334 1751 2407 1818 (id
2432 1756 2517 1807 est
2536 1753 2604 1807 ad
2627 1770 2843 1824 pagum
2863 1757 3228 1830 Turonicum)
3253 1758 3380 1832 68
3401 1777 3492 1816 re-

146 1834 348 1890 nomine
376 1836 740 1903 censebatur,
771 1842 1025 1893 recenset
1048 1838 1236 1893 Aredii
1270 1838 1489 1893 abbatis
1514 1840 1762 1893 Atanen-
1784 1817 1841 1888 Β
1865 1840 1985 1895 dire
2010 1817 2303 1912 disposuit.
2326 1843 2576 1915 Denique
2598 1817 2737 1901 dum
2754 1848 2975 1902 Ararim
2994 1817 3231 1905 ﬂuvium
3253 1817 3496 1908 transire

150 1928 209 1981 sis
234 1932 632 1984 testamentum
657 1930 720 1983 in
750 1930 873 1984 haec
892 1930 1062 1985 verba
1094 1949 1155 1985 :«
1187 1931 1346 1994 Quod
1374 1930 1765 2002 unusquisque

149 2021 282 2075 locus
304 2027 531 2076 sanctus
558 2023 898 2077 constitutus
923 2023 1002 2078 ibi
1025 2022 1231 2078 habeat
1254 2023 1638 2078 ministerium
1663 2024 1764 2079 de-

150 2114 411 2184 claratum,
436 2121 667 2170 rectum
686 2115 956 2171 duximus
981 2116 1372 2183 inserendum,
1395 2116 1453 2171 id
1473 2120 1556 2171 est
1578 2121 1765 2171 turres

150 2210 381 2276 quatuor,
422 2209 812 2279 coopertorios
857 2209 1200 2264 holosericos
1238 2213 1385 2277 tres;
1424 2209 1624 2263 calices
1670 2226 1761 2263 ar-

152 2305 353 2369 genteos
378 2306 649 2371 quatuor,
685 2301 774 2371 (ex
811 2302 1037 2373 quibus)
1067 2301 1425 2371 duO‘ansati,
1456 2302 1766 2372 comparati

152 2392 318 2446 solidis
345 2393 607 2464 triginta,
634 2394 777 2448 alius
812 2394 1004 2449 solidis
1023 2394 1328 2463 sexdecim,
1348 2395 1550 2449 tertius
1576 2394 1766 2449 solidis

153 2485 465 2557 quindecim,
482 2491 725 2558 quartus
743 2487 935 2542 solidis
953 2487 1334 2558 quadraginta
1355 2487 1631 2559 quinque,
1649 2488 1763 2542 duo

154 2592 209 2630 ex
237 2578 363 2648 ipsis
401 2596 544 2634 auro
580 2584 718 2635 sunt
756 2579 1036 2635 fabricati.
1066 2580 1221 2635 Idem
1248 2581 1667 2651 coopertorium
1690 2581 1762 2635 1i-

154 2686 319 2737 neum,
346 2672 536 2727 valens
559 2671 756 2728 solidis
785 2678 1050 2744 quatuor,
1079 2673 1252 2743 pallas
1283 2673 1602 2744 corporales
1630 2689 1766 2744 qua-

154 2768 275 2832 tuor,
300 2765 542 2834 majores
580 2765 858 2837 quinque,
886 2765 1306 2837 quinquaginta
1348 2766 1623 2837 quinque,
1652 2766 1762 2820 mi-

157 2871 301 2911 nores
332 2862 385 2913 et
414 2858 652 2912 tribuna
690 2859 935 2913 valentia
976 2858 1174 2913 solidis
1218 2858 1540 2928 duodecim,
1572 2864 1630 2913 et
1653 2859 1766 2913 alia

155 2950 471 3017 quotidiana,
512 2967 644 3021 quae
688 2955 823 3006 sunt
864 2954 996 3007 ante
1042 2951 1237 3021 altare,
1285 2951 1526 3006 valentia
1577 2950 1766 3006 solidis

156 3041 395 3114 quinque,
426 3048 483 3098 et
508 3044 697 3098 multa
734 3044 846 3098 alia
878 3045 1127 3114 pretiosa
1155 3047 1509 3099 ornamenta.
1534 3065 1561 3093 ››
1593 3044 1765 3098 Paulo

154 3139 257 3202 post
288 3142 694 3191 enumerantur
727 3159 755 3185 ‹‹
785 3137 1090 3191 tribunalia
1115 3138 1246 3205 duo,
1278 3137 1520 3192 valentia
1561 3137 1766 3191 solidos
1786 3174 1841 3248 Ο

156 3231 395 3297 quatuor;
425 3230 551 3285 vela
575 3231 648 3284 ad
676 3230 818 3284 ostia
844 3229 970 3298 tria,
998 3229 1243 3284 valentia
1270 3229 1473 3284 solidos
1494 3246 1623 3298 sex;
1647 3234 1767 3284 tur-

162 3335 254 3383 res,
296 3321 513 3391 calices,
560 3323 746 3394 pallae,
795 3327 851 3377 et
901 3323 1271 3392 coopertoria.
1319 3343 1346 3372 »
1391 3316 1590 3377 Omnia
1634 3321 1768 3377 satis

157 3414 419 3483 perspicua
454 3420 613 3483 sunt,
642 3420 849 3485 praeter
892 3420 1077 3469 turres
1111 3419 1168 3469 et
1202 3414 1428 3469 tribuna
1456 3432 1557 3469 seu
1579 3415 1763 3470 tribu-

159 3504 298 3559 nalia.
329 3507 385 3560 In
411 3507 667 3562 turribus
700 3507 901 3562 inclusi
927 3511 1089 3573 erant
1115 3507 1334 3578 calices,
1368 3509 1469 3579 qui
1494 3508 1554 3562 in
1581 3523 1761 3562 secre-

156 3596 271 3652 tario
294 3600 731 3670 reponebantur.

214 3694 257 3743 7.
285 3691 443 3747 Favet
479 3694 619 3748 huic
669 3692 1131 3764 interpretationi
1174 3693 1479 3763 Gregorius
1521 3692 1581 3746 in
1620 3692 1766 3747 libro

160 3780 215 3835 de
248 3782 418 3839 Gloria
463 3792 807 3857 martyrum,
856 3803 981 3857 cap.
1010 3790 1079 3842 36
1114 3802 1127 3838 :
1163 3809 1190 3836 «
1230 3788 1475 3857 Tempus
1510 3785 1766 3840 sacriﬁcii

160 3873 379 3944 advenit;
408 3883 754 3949 acceptaque
782 3883 941 3933 turre
967 3879 1257 3947 diaconus,
1279 3878 1339 3933 in
1372 3895 1484 3949 qua
1511 3877 1767 3932 ministe-

160 3966 287 4021 rium
323 3969 589 4025 dominici
625 3971 876 4041 corporis
913 3971 1246 4040 habebatur,
1302 3972 1449 4025 ferre
1493 3971 1659 4041 coepit
1694 3971 1766 4024 ad

163 4060 366 4130 ostium;
396 4063 799 4135 ingressusque
843 4064 1142 4135 templum,
1173 4070 1239 4119 ut
1283 4062 1405 4136 67
1439 4079 1564 4116 eam
1601 4063 1766 4117 altari

162 4160 552 4225 superponeret,
578 4156 766 4228 elapsa
782 4156 852 4210 de
867 4173 1040 4211 manu
1059 4157 1107 4227 ej
1115 4174 1179 4211 us
1195 4156 1482 4211 ferebatur
1499 4156 1561 4209 in
1576 4171 1761 4223 aera,»

164 4248 250 4299 etc.
286 4248 461 4319 Itaque
496 4265 565 4304 ex
592 4250 701 4303 hoc
739 4249 864 4303 loco
888 4254 1063 4320 patet,
1093 4248 1470 4303 ministerium
1498 4247 1767 4302 dominici

164 4340 399 4407 corporis,
427 4342 482 4396 id
521 4346 605 4395 est
640 4341 873 4396 calicem
912 4346 968 4396 et
993 4345 1277 4411 patenam,
1304 4340 1584 4411 ejusmodi
1609 4343 1765 4395 turre

166 4427 307 4485 fuisse
330 4433 626 4488 inclusum.
656 4434 815 4489 Unde
844 4434 904 4488 in
930 4434 1201 4505 praedicto
1240 4438 1579 4488 testamento
1614 4449 1763 4487 sem-

1864 1938 2115 2003 cuperet,
2144 1950 2284 1989 nave
2322 1936 2558 2005 impleta
2600 1937 2970 2010 demergitur,
2999 1958 3062 1995 ac
3090 1943 3211 2013 ipse
3240 1945 3498 2000 sacerdos

1864 2024 2065 2096 pelago
2079 2026 2354 2097 operitur,
2371 2028 2586 2082 habens
2597 2030 2668 2084 ad
2685 2031 2897 2086 collum
2909 2049 3039 2087 cum
3057 2035 3496 2107 Evangeliorum

1864 2116 2011 2171 libro
2056 2118 2436 2174 ministerium
2474 2121 2894 2192 quotidianum,
2939 2125 2999 2180 id
3040 2130 3125 2181 est
3167 2130 3495 2198 patenulam

1865 2225 2092 2279 parvam
2137 2226 2265 2264 cum
2307 2211 2497 2267 calice.
2527 2233 2556 2262 »
2588 2213 2691 2268 Ubi
2730 2214 2886 2271 vides
2928 2216 3225 2273 ministerii
3252 2220 3495 2278 nomine

1863 2302 2168 2373 aliquando
2194 2303 2382 2358 solum
2407 2305 2639 2361 calicem
2666 2323 2797 2361 cum
2826 2313 3051 2379 patena,
3080 2314 3144 2365 ut
3168 2328 3305 2367 mox
3323 2314 3498 2369 turris

1867 2395 2162 2450 occasione
2192 2395 2482 2467 dicebam;
2511 2398 2816 2470 aliquando
2846 2401 2956 2455 alia
2980 2401 3211 2473 insuper
3237 2420 3395 2460 sacra
3417 2406 3493 2461 si-

1867 2487 2122 2559 gniﬁcari
2148 2493 2483 2544 ornamenta
2515 2507 2530 2544 :
2564 2507 2633 2546 ex
2662 2492 2889 2563 quibus,
2921 2510 3049 2565 quae
3078 2494 3141 2550 in
3174 2496 3283 2551 hoc
3317 2498 3497 2569 capite

1866 2580 2349 2651 praetermisimus,
2378 2582 2438 2637 in
2463 2590 2628 2655 caput
2649 2601 2890 2657 sequens
2904 2582 3275 2643 reservamus.
3296 2591 3497 2646 Postea

1865 2676 2140 2728 statutum
2161 2677 2244 2728 est
2264 2693 2291 2725 «
2318 2678 2385 2729 ut
2407 2675 2724 2747 presbyteri
2751 2678 2872 2733 sine
2902 2694 3060 2734 sacro
3088 2680 3413 2752 chrismate,
3442 2688 3499 2738 et

1867 2765 1993 2819 oleo
2018 2765 2337 2835 benedicta,
2360 2771 2418 2821 et
2445 2784 2600 2822 sacra
2627 2770 2977 2825 Eucharistia
3001 2771 3207 2827 alicubi
3226 2789 3345 2828 non
3369 2790 3500 2844 pro-

1864 2856 2201 2925 ﬁciscantur,
2250 2857 2476 2931 (nempe
2529 2861 2608 2932 ut)
2658 2862 2730 2916 ad
2781 2863 3035 2918 officium
3086 2881 3253 2919 suum
3305 2866 3494 2921 statim

1866 2950 2227 3005 inveniantur
2263 2952 2464 3022 parati.
2507 2974 2535 3001 ››
2576 2954 2740 3017 Quod
2780 2960 3052 3011 statutum
3089 2962 3292 3025 sancto,
3322 2958 3495 3013 Boni-

1863 3041 2008 3097 facio
2033 3042 2456 3117 archiepiscopo
2480 3046 2813 3117 Moguntina
2835 3048 3107 3104 tribuitur
3125 3049 3187 3104 in
3207 3050 3496 3122 Spicilegii

1864 3137 2023 3189 tomo
2052 3135 2137 3191 1X.

2480 3234 2699 3290 CAPUT
2739 3236 2870 3291 Vlll.

1864 3327 2223 3404 Ecclesiarum
2250 3340 2343 3380 seu
2369 3327 2715 3404 basilicarum
2741 3330 2922 3396 forma
2956 3334 3009 3385 et
3039 3329 3319 3404 dispositio
3348 3334 3497 3404 apud

2040 3400 2289 3459 Francos,
2310 3400 2578 3468 variaque
2604 3399 2715 3468 ejus
2732 3404 2921 3470 partes
2946 3399 3316 3472 eaplicbntur.

1938 3512 1991 3563 1.
2018 3509 2142 3563 Non
2166 3524 2282 3563 una
2303 3509 2413 3564 fuit
2436 3509 2588 3581 apud
2613 3512 2859 3582 majores
2881 3516 3108 3569 nostros
3134 3514 3497 3572 ecclesiarum

1867 3616 1967 3656 seu
1986 3600 2343 3656 basilicarum
2369 3601 2577 3658 forma.
2606 3602 2743 3658 Alite
2777 3606 2990 3676 quippe
3016 3606 3076 3660 in
3101 3607 3337 3663 modum
3363 3625 3494 3664 cru-

1867 3693 1964 3760 cis,
2009 3693 2132 3748 alias
2175 3698 2329 3750 recto
2374 3696 2659 3766 parietum
2701 3700 2759 3750 et
2797 3696 3081 3767 porticum
3128 3714 3227 3753 seu
3276 3701 3496 3755 alarum

1866 3786 2082 3856 ordine,
2110 3786 2233 3841 alias
2274 3787 2337 3842 in
2376 3787 2575 3842 orbem
2610 3791 2949 3842 constructae
2991 3795 3151 3845 erant
3180 3807 3194 3845 :
3235 3792 3496 3862 quaedam

1864 3879 2224 3950 laquearibus
2262 3879 2348 3933 vel
2391 3879 2677 3946 tabulatis,
2714 3879 3006 3934 nonnullae
3046 3881 3358 3937 fornicibus
3401 3882 3492 3937 in—

1864 3975 2117 4039 structae;
2152 3987 2350 4026 omnes
2387 3972 2448 4026 in
2482 3971 2734 4027 absidem
2777 3987 2874 4025 seu
2918 3989 3114 4028 arcum
3144 3974 3492 4043 desinebant,

1863 4066 2033 4134 atque
2048 4063 2334 4118 Orientem
2355 4064 2706 4135 spectabant,
2724 4080 2897 4135 quem
2910 4081 3131 4120 morem
3144 4066 3495 4123 usitatiorem
3594 4104 3605 4113 ι

1864 4159 2025 4210 vocat
2042 4156 2309 4211 Paulinus
2335 4156 2395 4211 in
2419 4156 2659 4228 epistola
2687 4160 2749 4211 12
2776 4157 2848 4211 ad
2871 4158 3158 4229 Severum,
3178 4176 3305 4231 quae
3322 4164 3408 4215 est
3427 4164 3502 4217 32

1865 4249 1926 4303 in
1978 4249 2283 4304 novissima
2325 4250 2598 4304 editione.
2638 4249 2795 4304 Unde
2840 4250 3156 4321 Stephanus
3199 4252 3497 4325 episcopus

1863 4342 2247 4412 Tornacensis,
2274 4342 2334 4397 in
2354 4342 2590 4413 epistola
2609 4344 2675 4397 86
2708 4342 2781 4396 ad
2808 4342 3041 4398 Lucium
3072 4361 3279 4414 papam
3307 4347 3394 4414 ΠΙ,
3417 4347 3497 4400 ait

1864 4434 2190 4488 Parisiensis
2214 4423 2462 4489 eEclesise
2486 4433 2664 4488 sancti
2686 4433 2971 4489 Benedicti
2995 4434 3242 4489 formam
3271 4458 3299 4485 «
3328 4437 3492 4491 dissi-

166 4536 249 4589 per
283 4528 452 4581 turres
494 4543 626 4581 cum
666 4526 933 4581 calicibus
966 4526 1417 4603 conjunguntur,
1446 4530 1502 4581 et
1524 4526 1759 4581 totidem
1777 4533 1836 4606 D
1862 4527 2054 4581 milem
2083 4531 2140 4581 et
2168 4526 2539 4582 dissidentem
2561 4526 2718 4596 (esse)
2740 4526 2810 4580 ab
2831 4525 2955 4580 aliis
2971 4526 3237 4596 ecclesiis,
3260 4528 3495 4599 (utpote)

169 4616 319 4670 tumes
354 4624 727 4674 numerantur
762 4623 904 4690 quot
947 4618 1164 4673 calices.
1204 4620 1289 4673 An
1322 4622 1514 4673 autem
1551 4619 1614 4672 in
1655 4616 1766 4671 illis

169 4707 380 4764 turribus
402 4712 753 4766 Eucharistia
779 4711 949 4766 fuerit
974 4714 1273 4777 asservata,
1301 4710 1687 4781 expendemus
1705 4710 1765 4764 in

171 4799 317 4868 capite
358 4805 631 4875 sequenti.
676 4804 1066 4859 Tribunalium
1102 4804 1395 4857 obscurior
1430 4806 1516 4857 est
1545 4801 1763 4873 signiﬁ-

171 4895 314 4947 catus.
337 4896 456 4951 Haec
475 4914 583 4951 vox
606 4897 815 4968 passim
835 4896 1134 4951 ambonem
1158 4912 1223 4950 ac
1242 4895 1525 4966 pulpitum
1554 4894 1767 4965 signiﬁ-

170 4987 240 5036 cat
263 5000 275 5037 :
299 4988 387 5041 sed
414 4988 501 5042 his
526 4989 664 5044 locis
689 4989 884 5044 sedilia
921 4988 1315 5043 ministrorum
1338 4988 1528 5041 forsan
1557 4987 1762 5041 intelli-

175 5077 326 5143 genda
364 5086 510 5151 sunt,
548 5087 645 5137 aut
687 5085 839 5136 certe
875 5081 1096 5152 pulpita
1136 5080 1387 5148 mobilia,
1419 5096 1518 5134 seu
1553 5078 1768 5151 quaevis

174 5166 259 5221 alia
297 5173 537 5242 supellex
573 5174 798 5229 mobilis
835 5174 906 5228 ad
946 5178 1212 5228 ornatum
1248 5172 1456 5241 altaris,
1502 5188 1634 5226 nam
1675 5170 1768 5225 hic

176 5261 370 5317 mobilia
392 5266 664 5321 duntaxat
703 5272 1036 5321 ornamenta
1074 5269 1459 5321 recensentur.
1491 5265 1769 5320 Caeterum

178 5367 267 5408 non
287 5357 454 5413 solum
481 5360 741 5431 argentei
765 5365 822 5414 et
858 5360 1017 5413 aurei
1048 5359 1247 5413 calices
1281 5361 1462 5428 erant,
1491 5373 1561 5413 ex
1586 5356 1768 5425 dictis,

178 5446 255 5499 sed
276 5449 430 5505 etiam
453 5452 782 5523 crystallini,
811 5452 992 5523 qualis
1019 5457 1140 5507 erat
1165 5451 1281 5520 ille,
1311 5450 1381 5505 de
1414 5467 1528 5521 quo
1553 5451 1768 5521 Grego-

181 5535 276 5592 rius
298 5540 351 5596 in
372 5544 465 5599 lib.
493 5562 510 5599 ι
537 5546 607 5601 de
630 5546 816 5601 Gloria
840 5550 1156 5615 martyrum
1184 5561 1309 5615 cap.
1338 5544 1426 5598 46.
1460 5543 1555 5598 His
1580 5544 1769 5598 omni-

184 5626 267 5684 bus
287 5635 592 5692 addendum
621 5638 844 5693 videtur
865 5637 1154 5692 ﬂabellum
1184 5653 1299 5708 quo
1325 5636 1594 5691 diaconus
1611 5652 1771 5690 mus-

187 5736 257 5775 cas
283 5741 309 5778 a
331 5730 491 5783 sacris
515 5736 572 5785 et
611 5731 680 5785 ab
716 5730 836 5802 ipso
870 5731 1157 5787 sacerdote
1187 5729 1327 5784 olim
1349 5728 1634 5801 abigebat,
1661 5745 1775 5799 quo

189 5812 242 5866 de
264 5815 616 5878 instrumento
642 5824 913 5897 legendus
943 5823 1232 5887 Udalricus
1256 5822 1317 5878 in
1341 5822 1437 5879 lib.
1468 5838 1502 5878 ιι
1525 5822 1771 5879 Consue-

1863 4635 1993 4691 quae
2026 4636 2059 4673 a
2096 4622 2258 4688 parte
2292 4618 2597 4674 sanctuarii
2636 4616 2972 4688 respiciebat
3014 4617 3394 4688 Occidentem,
3426 4620 3497 4674 ab

1863 4710 2097 4765 introitu
2125 4711 2433 4765 Orientem.
2459 4732 2486 4759 ››
2512 4710 2816 4781 Aptissima
2841 4714 2925 4764 est
2948 4709 3081 4764 huic
3106 4710 3227 4765 loco
3255 4711 3499 4767 basilicae

1866 4820 1900 4857 a
1911 4802 2038 4875 69
2052 4805 2324 4874 Perpetuo
2335 4802 2651 4857 Turonensi
2669 4802 2919 4857 antistite
2941 4802 3183 4858 conditae
3198 4803 3501 4876 descriptio

1865 4896 2017 4966 apud
2042 4894 2380 4965 Gregorium
2405 4894 2466 4948 in
2498 4892 2753 4948 Historias
2781 4894 2884 4948 lib.
2907 4909 2946 4947 ιι
2975 4910 3097 4965 cap.
3130 4896 3194 4949 14
3226 4914 3240 4950 :
3269 4915 3297 4947 ‹‹
3326 4897 3505 4952 Habet

1864 4987 1926 5041 in
1951 4986 2187 5057 longum
2218 4986 2390 5058 pedes
2426 4991 2656 5040 centum
2682 4985 3099 5058 quinquaginta
3136 4987 3409 5059 quinque,
3440 4988 3501 5043 in

1866 5080 2043 5151 latum
2072 5077 2363 5150 sexaginta
2388 5095 2402 5133 ε
2432 5078 2604 5134 habet
2622 5079 2899 5148 inaltum,
2921 5095 3102 5151 usque
3127 5080 3196 5134 ad
3218 5096 3499 5135 cameram

1871 5173 1947 5243 (id
1972 5178 2056 5226 est
2078 5171 2396 5243 fornicem),
2414 5172 2587 5243 pedes
2611 5171 2987 5244 quadraginta
3023 5172 3296 5244 quinque.
3328 5173 3502 5227 Fene-

1870 5270 2010 5319 stras
2051 5265 2112 5318 in
2148 5263 2349 5320 altario
2386 5264 2623 5337 triginta
2660 5265 2821 5335 duas,
2851 5264 2912 5319 in
2937 5282 3103 5336 capso
3132 5265 3370 5334 viginti;
3404 5281 3499 5319 co-

1869 5359 2092 5413 lumnas
2121 5356 2496 5428 quadraginta
2523 5374 2695 5412 unam
2715 5377 2728 5412 :
2750 5357 2809 5412 in
2829 5361 2951 5413 toto
2977 5357 3214 5413 aedificio
3230 5355 3502 5411 fenestras

1871 5448 2288 5522 quinquaginta
2315 5448 2473 5519 duas,
2502 5451 2794 5506 columnas
2821 5454 3050 5505 centum
3074 5448 3287 5520 viginti
3316 5467 3329 5503 :
3362 5448 3505 5504 ostia

1875 5548 2022 5613 octo,
2050 5543 2160 5598 tria
2192 5542 2254 5598 in
2286 5541 2509 5612 altario,
2549 5544 2803 5617 quinque
2844 5543 2905 5597 in
2948 5559 3139 5614 capso.
3176 5563 3205 5591 »
3234 5543 3346 5597 Hoc
3379 5541 3502 5597 loco

1874 5636 2179 5707 Gregorius
2218 5640 2399 5692 totam
2441 5637 2732 5693 ecclesiam
2775 5634 2976 5691 dividit
3012 5634 3075 5690 in
3111 5639 3302 5707 partes
3340 5634 3499 5701 duas,

1874 5745 2118 5800 quarum
2144 5745 2257 5784 una
2285 5730 2491 5786 dicitur
2515 5730 2800 5795 altarium,
2827 5728 3005 5784 altera
3021 5743 3275 5801 capsum.

1946 5824 1997 5877 2.
2026 5821 2170 5888 Quid
2212 5822 2283 5880 sit
2317 5839 2571 5896 capsum,
2606 5837 2720 5878 non
2759 5824 3093 5893 promptum
3127 5825 3212 5878 est
3246 5816 3497 5876 deﬁnire.
