4020 6232
489 322 578 379 151

1277 323 1608 378 APPENDIX
1647 323 1733 378 AD
1769 306 1991 377 OPERA
2028 321 2260 378 SANCTI
2297 322 2594 378 GERMANI
2633 323 3055 380 PARISIENSIS.

3761 330 3865 383 152

483 431 594 486 Hac
621 445 755 488 voce
792 428 981 486 navim
1012 429 1201 503 (quam
1225 431 1504 499 vocamus)
1534 428 1798 495 ecclesiae,
1830 427 1915 482 vel
1941 432 2109 498 caput
2130 429 2531 513 Asigniﬁcare
2580 429 2780 485 altare.
2833 449 2859 482 η
2913 434 2981 486 At
3023 432 3084 486 in
3126 431 3274 486 Actis
3317 431 3498 488 sancti
3540 433 3861 502 Trudonis,

484 539 578 578 seu
609 524 862 579 absidam
891 541 1020 579 cum
1054 525 1224 578 choro
1256 524 1523 594 adjuncto
1560 520 1842 592 designari
1870 523 2105 576 constat.

484 619 554 670 At
589 634 703 687 quo
747 618 932 672 minus
968 618 1022 672 id
1061 618 1128 672 de
1151 617 1343 670 absida
1374 616 1732 685 interpreter,
1773 613 1913 667 illud
1956 613 2105 681 facit,

483 711 632 780 quod
678 710 818 764 ostia
861 710 1110 781 quinque
1165 725 1328 777 capso
1382 691 1758 777 assignentur,
1799 706 1950 777 quod
1993 723 2111 760 non

485 803 712 870 absidaz,
742 803 838 857 sed
861 803 986 857 navi
1019 800 1320 856 convenire
1354 803 1557 870 potest.
1597 799 1685 854 Sic
1714 798 1920 854 dicitur
1948 816 2112 870 capsa

483 895 642 950 navis
676 895 734 949 in
776 895 923 948 Actis
959 899 1274 963 martyrum
1318 892 1710 946 Africanorum
1748 892 1898 962 apud
1941 893 2109 945 Baro-

483 989 666 1055 nium,
706 988 776 1042 ad
817 1003 1032 1041 annum
1075 989 1198 1054 302,
1243 1001 1384 1040 num
1430 989 1548 1053 123,
1592 984 1662 1038 ad
1706 983 2111 1054 designandum

485 1081 659 1136 imam
677 1096 824 1134 vera:
838 1079 993 1133 navis
1013 1083 1252 1150 partem.
1273 1080 1468 1132 Postea
1480 1084 1670 1132 tamen
1691 1092 1920 1147 capsum
1943 1077 2111 1132 etiam

486 1179 542 1229 et
579 1173 846 1244 capitium
885 1173 1165 1243 appellata
1202 1175 1287 1226 est
1330 1171 1424 1224 illa
1463 1170 1709 1224 ecclesiae
1737 1186 1884 1240 pars,
1913 1170 1972 1223 in
2001 1185 2113 1239 qua

485 1267 658 1321 altare
675 1265 940 1333 locatum,
965 1263 1378 1335 presbyterium
1401 1264 1571 1334 vulgo
1591 1263 1888 1334 appellata,
1913 1267 1972 1316 ut
1988 1263 2112 1316 doc-

482 1359 733 1414 tissimus
759 1357 1004 1428 Cangius
1038 1356 1314 1410 observat.
1347 1356 1650 1426 Gregorius
1678 1356 1736 1408 in
1767 1342 2019 1424 ejusdem
2042 1355 2110 1408 li-

481 1451 571 1506 bri
598 1468 718 1522 cap.
755 1453 818 1505 16
849 1449 1114 1504 describit
1141 1448 1309 1502 aliam
1342 1448 1653 1517 ecclesiam,
1683 1464 1855 1519 quam
1891 1452 2114 1502 sanctus

485 1543 775 1598 Namatius
807 1542 959 1613 apud
985 1545 1266 1596 Arvernos
1297 1540 1613 1610 aediﬁcavit,
1650 1564 1676 1590 ι(
1711 1541 2015 1595 habentem
2056 1541 2114 1595 in

483 1637 721 1707 longum
748 1635 920 1706 pedes
945 1638 1172 1694 centum
1198 1633 1634 1705 quinquaginta,
1664 1633 1723 1687 in
1748 1634 1924 1687 latum
1944 1633 2114 1703 pedes

489 1729 813 1799 sexaginta;
851 1727 909 1782 in
949 1728 1127 1782 altum
1153 1726 1302 1781 infra
1338 1743 1569 1797 capsum
1605 1744 1790 1798 usque
1833 1742 2115 1781 cameram

2207 538 2369 576 num.
2411 525 2500 589 25,
2541 523 2774 594 quidam
2818 546 2845 571 ‹‹
2885 529 3015 580 ante
3053 525 3263 580 lectum
3301 525 3544 598 piissimi
3584 527 3801 593 Patris,
3836 551 3863 576 »

2211 614 2267 668 id
2293 618 2377 668 est
2402 619 2533 670 ante
2561 615 2682 685 ejus
2706 618 3015 687 tumulum,
3048 635 3105 672 se
3131 623 3442 688 prostrasse
3472 619 3703 674 dicitur.
3736 621 3868 684 Quo

2210 724 2376 761 sensu
2404 708 2614 778 passim
2641 711 2794 779 apud
2819 716 3076 765 auctores
3102 711 3304 766 mediae
3333 711 3516 766 aetatis
3543 713 3867 784 reperitur,

2210 804 2274 854 ut
2301 801 2452 871 apud
2475 802 2813 873 Gregorium
2841 803 2899 857 in
2925 804 3020 857 lib.
3050 822 3069 858 ι
3095 805 3162 858 de
3191 804 3481 858 miraculis
3507 805 3691 859 sancti
3719 807 3871 860 Mar-

2211 891 2314 946 tini
2349 909 2472 963 cap.
2515 897 2600 962 35,
2649 895 2746 948 ubi
2782 895 2974 950 lectuli
3010 896 3188 950 sancti
3224 896 3447 951 Martini
3487 914 3591 968 pro
3630 899 3868 953 tumulo

2211 985 2490 1040 meminit.
2513 985 2756 1041 Omnino
2783 987 2891 1042 dici
2915 993 3119 1059 potest,
3144 989 3418 1044 lectulum
3444 989 3552 1043 hoc
3578 989 3705 1045 loco
3739 1007 3866 1046 esse

2211 1093 2470 1132 mensam
2512 1079 2697 1149 ipsam
2744 1080 2958 1149 altaris,
3009 1082 3169 1152 cujus
3225 1098 3446 1136 summa
3497 1100 3631 1154 pars
3678 1085 3868 1139 altare

2213 1171 2534 1241 appellatur
2557 1171 2626 1225 ab
2654 1173 2760 1226 hoc
2800 1177 3050 1242 auctore,
3081 1174 3180 1245 qui
3215 1176 3416 1230 saeculo
3445 1191 3519 1230 vn
3547 1176 3864 1231 scribebat.

2283 1264 2336 1316 4.
2378 1266 2420 1318 Α
2450 1265 2736 1335 proposito
2773 1282 2890 1319 non
2926 1266 3335 1337 digrediemur,
3366 1267 3412 1321 si
3449 1269 3778 1323 referamus
3810 1270 3868 1324 id

2213 1356 2363 1425 quod
2386 1357 2532 1411 Beda
2554 1358 2902 1412 Venerabilis
2927 1358 2985 1412 in
3010 1359 3108 1413 lib.
3132 1377 3150 1413 ι
3173 1360 3240 1413 de
3263 1359 3498 1415 Historia
3527 1361 3869 1417 monasterii

2214 1447 2298 1501 sui
2329 1465 2490 1503 num.
2531 1453 2560 1502 5
2588 1457 3015 1518 commemorat,
3055 1451 3310 1507 videlicet
3341 1454 3733 1522 Benedictum,
3777 1471 3869 1508 co-

2217 1544 2522 1609 gnomento
2552 1541 2870 1614 Biscopum,
2894 1543 3115 1598 Oceano
3148 1544 3492 1614 transmisso,
3523 1545 3740 1600 Gallias
3771 1562 3870 1617 pe-

2214 1632 2386 1700 tiisse,
2419 1636 2483 1687 ut
2511 1655 2536 1681 ‹‹
2569 1635 2976 1703 caamentarios,
3006 1636 3105 1707 qui
3124 1636 3404 1707 lapideam
3424 1637 3528 1692 sibi
3550 1638 3865 1693 ecclesiam

2217 1724 2294 1794 (id
2321 1727 2419 1795 est)
2451 1743 2580 1780 cum
2601 1727 2855 1782 tabulatu
2883 1728 3106 1799 lapideo
3138 1729 3240 1799 (uti
3271 1729 3514 1801 explicat
3541 1731 3868 1786 Willelmus

487 1822 659 1891 pedes
693 1820 1128 1893 quinquaginta,
1158 1819 1351 1874 inante
1394 1819 1644 1874 absidem
1682 1819 1986 1874 rotundam
2010 1819 2112 1873 ha-
2136 1799 2192 1868 B
2217 1817 2727 1874 Malmesburiensis
2797 1821 3157 1892 monachus),
3203 1799 3372 1893 juxta
3437 1814 3860 1893 Romanorum,

488 1915 656 1983 hens,
686 1914 754 1969 ab
781 1918 1021 1983 utroque
1050 1912 1224 1967 latere
1251 1913 1480 1967 ascellas
1506 1912 1581 1981 (id
1609 1917 1692 1968 est
1719 1913 1831 1967 alas
1855 1929 1954 1967 seu
1981 1929 2116 1983 por-

489 2007 650 2077 ticus)
689 2005 931 2077 eleganti
967 2008 1312 2059 constructas
1356 2021 1544 2076 Opere,
1589 2010 1887 2076 totumque
1940 2003 2118 2059 aediﬁ-

488 2101 641 2154 cium
688 2099 746 2153 in
785 2099 1017 2153 modum
1062 2098 1244 2152 crucis
1291 2097 1537 2153 habetur
1571 2098 1913 2169 expositum.
1945 2098 2124 2152 Habet

487 2193 764 2247 fenestras
803 2191 1187 2262 quadraginta
1225 2192 1387 2260 duas,
1417 2191 1710 2246 columnas
1736 2191 2118 2262 septuaginta,

492 2285 638 2340 ostia
659 2290 807 2340 octo.
834 2305 860 2333 ››
880 2285 1040 2348 Quod
1060 2283 1254 2338 scribit
1270 2284 1596 2353 Gregorius,
1615 2305 1640 2334 ‹‹
1657 2284 1849 2338 inante
1871 2283 2122 2337 absidem

492 2379 799 2433 rotundam
821 2376 1102 2445 habens,»
1125 2376 1267 2430 mihi
1288 2375 1475 2447 prima
1495 2376 1736 2431 lectione
1756 2376 1955 2430 referri
1976 2375 2123 2430 vide-

491 2472 660 2526 batur
687 2471 758 2525 ad
785 2486 1046 2540 capsum;
1071 2485 1204 2522 nam
1231 2469 1274 2522 si
1306 2469 1378 2522 ad
1408 2468 1705 2523 ecclesiam
1733 2469 1965 2536 referas,
1993 2468 2122 2522 scri-

493 2565 740 2619 bendum
758 2563 955 2617 fuisset
969 2563 1268 2616 habentem.
1287 2563 1364 2616 Ex
1379 2578 1492 2632 quo
1516 2560 1641 2632 '70
1664 2562 1978 2616 inferebam
1998 2578 2124 2632 cap-

495 2672 622 2710 sum
649 2655 720 2709 ab
740 2654 930 2710 abside
949 2655 1118 2710 fuisse
1139 2653 1486 2721 distinctum,
1507 2643 1637 2706 cum
1651 2657 1781 2707 ante
1798 2671 1854 2707 se
1871 2653 2125 2710 absidem

494 2748 797 2803 rotundam
817 2748 1490 2802 haberet.Verumtamen
1518 2751 1712 2816 postea
1739 2747 1915 2800 satius
1944 2746 2123 2800 visum

497 2846 575 2896 est
596 2843 794 2896 habens
807 2840 1005 2896 referri
1027 2841 1097 2895 ad
1120 2840 1435 2908 ecclesiam,
1455 2844 1511 2893 et
1531 2840 1810 2894 habentem
1831 2839 1943 2910 legi
1963 2856 2126 2909 opor-

495 2938 634 2989 tere.
661 2937 720 2988 ln
747 2938 988 3004 utraque
1017 2933 1270 3000 ecclesia,
1291 2949 1466 3002 quam
1492 2949 1561 2986 ex
1587 2932 1859 3002 Gregorio
1885 2932 2128 3002 descrip-

495 3028 693 3096 simus,
725 3031 848 3081 octo
878 3030 1040 3080 erant
1066 3025 1207 3079 ostia
1230 3041 1242 3077 :
1275 3029 1330 3078 et
1356 3024 1466 3078 tria
1486 3024 1716 3095 quidem
1736 3026 1804 3079 ad
1829 3025 2005 3080 altare
2027 3041 2128 3079 seu

496 3120 932 3192 presbyterium,
973 3118 1225 3188 quinque
1267 3116 1338 3170 ad
1379 3133 1634 3186 capsum.
1666 3119 1741 3171 De
1775 3117 1888 3171 illis
1923 3118 2122 3185 tribus,

497 3213 703 3284 quibus
731 3211 802 3264 ad
839 3210 1254 3280 presbyterium
1292 3209 1524 3279 patebat
1561 3209 1765 3279 aditus,
1799 3210 2124 3281 intelligen-

500 3305 604 3358 dus
631 3302 900 3357 Paulinus
927 3301 987 3354 in
1015 3301 1200 3355 Natali
1235 3305 1298 3354 lO
1331 3319 1343 3354 :

654 3392 908 3456 Trinaque
939 3392 1184 3442 cancellis
1210 3392 1538 3442 currentibus
1563 3393 1692 3443 ostia
1721 3393 1969 3458 pandunt.

501 3488 756 3543 Totidem
781 3492 1079 3542 enumerat
1097 3487 1303 3541 Paulus
1323 3486 1678 3542 Silentiarius
1706 3505 1719 3542 :
1754 3508 1780 3539 «
1808 3488 2008 3543 Tribus
2037 3506 2132 3543 au-

499 3587 617 3636 tem
664 3579 839 3651 portis
879 3584 1063 3635 totum
1104 3585 1326 3651 septum
1368 3581 1749 3636 sacerdotibus
1791 3586 1967 3652 patet,
2007 3604 2034 3630 »
2071 3582 2130 3636 in

505 3675 623 3729 aede
651 3673 860 3728 scilicet
885 3678 1094 3728 sanctae
1123 3673 1365 3744 Sophiae.
1387 3675 1446 3728 In
1472 3691 1660 3745 capso,
1682 3675 1829 3745 quod
1852 3675 2133 3745 reliquam

503 3785 535 3820 a
560 3766 908 3838 presbyterio
941 3766 1188 3821 ecclesia:
1216 3771 1441 3838 partem
1468 3767 1618 3837 apud
1654 3783 1755 3820 nos
1790 3768 2129 3839 complecte-

501 3861 689 3926 batur,
719 3853 971 3931 quinque
1014 3860 1154 3914 ostia
1177 3863 1359 3928 erant,
1387 3859 1498 3913 tria
1536 3859 1810 3913 nimirum
1846 3859 1905 3914 in
1932 3860 2134 3931 majori

504 3957 672 4024 porta
695 3953 762 4007 ad
794 3952 1145 4006 occidentem
1177 3971 1189 4006 :
1221 3953 1332 4006 duo
1364 3953 1434 4006 ad
1461 3951 1595 4006 bina
1621 3954 1820 4008 latera.

576 4049 630 4100 3.
660 4046 781 4099 Non
813 4044 1124 4099 omittenda
1151 4049 1234 4099 est
1261 4045 1370 4099 hoc
1396 4045 1518 4098 loco
1560 4046 1860 4116 descriptio
1887 4046 2134 4102 ecclesiae

506 4137 921 4202 Gemeticensis,
951 4137 1138 4207 qualis
1172 4154 1207 4190 a
1246 4142 1438 4191 sancto
1479 4137 1741 4192 Filiberto
1784 4139 1986 4194 abbate
2027 4155 2132 4193 sae-

508 4230 637 4285 culo
667 4246 733 4282 vu
767 4229 990 4283 condita
1019 4233 1135 4283 est:
1164 4248 1192 4280 ‹‹
1217 4230 1493 4284 Introrsus
1522 4230 1723 4284 domus
1757 4231 1910 4285 alma
1933 4232 2133 4302 fulget,

507 4321 898 4377 habitantibus
923 4321 1117 4392 digna,
1142 4322 1213 4375 ab
1240 4323 1387 4376 Euro
1413 4338 1654 4393 surgens
1679 4323 1931 4392 ecclesia,
1958 4324 2138 4378 crucis

505 4415 686 4470 instar
721 4417 907 4468 erecta
940 4431 954 4468 :
984 4414 1143 4484 cujus
1168 4414 1389 4484 apicem
1413 4414 1629 4469 obtinet
1659 4416 1808 4470 alma
1832 4416 1992 4488 virgo
2019 4418 2134 4471 Ma-

2219 1927 2388 1982 quem
2411 1927 2633 1982 semper
2655 1913 2904 1983 amabat,
2929 1930 3149 1968 morem
3172 1915 3442 1984 facerent,
3469 1935 3496 1966 »
3519 1917 3864 1986 postularet.

2220 2003 2430 2059 Deinde
2460 2021 2590 2059 cum
2616 2022 2758 2075 opus
2787 2024 2814 2056 (ι
2843 2007 2915 2060 ad
2944 2007 3260 2076 profectum
3282 2009 3607 2077 (accederet,
3639 2013 3868 2079 rursus)

2219 2097 2527 2167 legatarios
2555 2097 2772 2152 misisse
2797 2097 2856 2151 in
2883 2099 3137 2169 Galliam,
3162 2100 3260 2171 qui
3288 2100 3415 2154 vitri
3439 2101 3704 2171 factores,
3729 2103 3867 2157 arti-

2220 2188 2351 2243 ﬁces
2386 2189 2643 2244 videlicet
2672 2190 2953 2245 Britannis
2979 2196 3210 2246 eatenus
3249 2193 3582 2265 incognitos,
3615 2195 3689 2248 ad
3720 2211 3865 2249 can-

2223 2281 2502 2337 cellandas
2549 2283 2818 2351 ecclesiae,
2860 2284 3297 2356 porticuumque
3337 2291 3393 2341 et
3434 2288 3866 2341 ccenaculorum

2223 2375 2344 2445 ejus
2383 2376 2658 2430 fenestras
2695 2376 3060 2432 adducerent.
3091 2379 3439 2450 Factumque
3466 2385 3568 2446 est,
3600 2385 3658 2434 et
3695 2397 3867 2435 vene-

2222 2473 2386 2537 runt;
2416 2485 2520 2523 nec
2540 2469 2722 2522 solum
2744 2470 3096 2540 postulatum
3121 2487 3262 2540 opus
3283 2473 3738 2542 compleverunt,
3767 2474 3864 2527 sed

2223 2565 2280 2615 et
2299 2561 2613 2631 Anglorum
2632 2578 2699 2615 ex
2723 2578 2787 2616 eo
2810 2567 3039 2633 gentem
3063 2563 3338 2634 ejusmodi
3365 2564 3668 2619 artiﬁcium
3697 2583 3867 2621 nosse

2225 2669 2289 2706 ac
2317 2653 2528 2707 discere
2552 2654 2829 2708 fecerunt.
2854 2654 2936 2708 Ad
2961 2655 3083 2709 haec
3110 2661 3312 2710 cuncta
3337 2673 3464 2727 qua:
3491 2657 3562 2711 ad
3589 2659 3794 2712 altaris
3818 2664 3872 2712 et

2225 2745 2469 2799 ecclesiae
2501 2745 2878 2800 ministerium
2915 2749 3327 2819 competebant,
3361 2766 3492 2802 vasa
3531 2750 3749 2805 scilicet
3783 2752 3868 2805 vel

2226 2838 2576 2908 vestimenta,
2598 2839 2730 2909 quia
2759 2839 2913 2894 domi
2947 2840 3198 2895 invenire
3223 2858 3336 2895 non
3363 2842 3565 2912 potuit,
3587 2843 3655 2897 de
3681 2849 3869 2898 trans-

2224 2931 2459 2985 marinis
2498 2931 2822 3002 regionibus
2858 2933 3148 2988 advectare
3187 2934 3478 3005 religiosus
3517 2941 3745 3006 emptor
3775 2954 3870 2990 cu—

2225 3024 2407 3078 rabat.
2439 3045 2465 3071 »
2500 3024 2596 3078 Ubi
2625 3025 2775 3079 vides
2801 3030 3011 3095 quanta
3034 3027 3206 3081 fuerit
3229 3027 3508 3098 majorum
3535 3034 3868 3083 nostrorum

2227 3116 2286 3170 in
2312 3117 2578 3170 ornandis
2613 3118 2747 3171 locis
2785 3118 2956 3172 sacris
2990 3119 3300 3174 sollicitudo
3331 3125 3386 3174 et
3428 3121 3702 3175 industria
3744 3139 3866 3194 prae

2229 3209 2369 3264 aliis.
2400 3209 2775 3263 Guthberctus
2795 3210 2964 3264 abbas
2985 3212 3324 3283 Anglicanus
3352 3231 3482 3268 cum
3507 3231 3704 3268 rursus
3736 3215 3870 3269 vitri

2230 3301 2468 3356 artifices
2487 3303 2637 3373 apud
2663 3319 2719 3355 se
2751 3303 3027 3371 deessent,
3062 3306 3311 3376 aliquem
3344 3329 3370 3357 «
3400 3307 3499 3378 qui
3525 3308 3705 3362 vitrea
3735 3324 3869 3361 vasa

2230 3395 2373 3450 bene
2413 3399 2598 3466 posset
2626 3395 2808 3450 facere
2839 3416 2864 3448 »
2893 3397 3056 3467 petiit
3082 3415 3115 3451 a
3144 3400 3300 3453 Lullo
3330 3401 3595 3471 episcopo
3633 3401 3871 3472 Mogun-

2232 3487 2369 3541 tino.
2401 3487 2605 3541 Confer
2624 3488 2834 3542 Alfi-edi
2864 3489 3012 3560 regis
3040 3490 3240 3546 Vitam.

2305 3578 2432 3651 72
2460 3584 2512 3634 5.
2543 3582 2665 3644 Quo
2699 3581 2810 3636 ritu
2841 3582 3002 3636 ﬁeret
3027 3584 3226 3653 primis
3256 3584 3363 3638 illis
3398 3585 3754 3656 temporibus
3786 3604 3871 3642 ec-

2234 3672 2527 3727 clesiarum
2582 3674 2733 3744 apud
2783 3679 3056 3730 nostrates
3101 3676 3394 3747 dedicatio,
3441 3679 3577 3732 satis
3619 3680 3871 3750 explicat

2233 3765 2532 3836 Gregorius
2562 3765 2620 3819 in
2646 3767 2746 3821 lib.
2771 3767 2838 3821 de
2863 3768 3052 3822 Gloria
3082 3770 3464 3824 confessorum
3491 3789 3612 3842 cap.
3641 3775 3736 3838 20,
3771 3771 3872 3826 ubi

2235 3858 2463 3912 oratorii
2485 3876 2516 3912 a
2543 3875 2600 3913 se
2620 3859 2829 3914 factam
2851 3861 3263 3917 dedicationem
3284 3863 3566 3917 describit.
3590 3865 3656 3918 Et
3675 3865 3870 3934 primo

2235 3950 2465 4021 quidem
2490 3951 2546 4005 in
2565 3951 2673 4005 alia
2692 3958 2883 4007 sancta
2903 3953 3134 4008 basilica
3157 3974 3184 4006 «
3208 3955 3410 4026 vigiliis
3438 3959 3664 4010 noctem
3687 3973 3869 4011 unam

2236 4042 2523 4111 ducentes,
2556 4043 2760 4115 inquit,
2785 4062 2952 4100 mane
2979 4046 3266 4106 venientes
3291 4048 3358 4101 ad
3381 4048 3666 4116 cellulam,
3689 4050 3870 4104 altare

2237 4136 2388 4206 quod
2414 4152 2796 4206 erexeramus,
2829 4139 3260 4192 sanctificax’nus.
3284 4160 3311 4187 ››
3338 4139 3546 4194 Deinde
3571 4161 3598 4191 α
3621 4144 3870 4212 regressi

2239 4228 2308 4282 ad
2342 4229 2651 4299 basilicam,
2693 4235 2909 4283 sanctas
2956 4230 3218 4300 reliquias
3263 4230 3486 4295 exinde,
3532 4233 3872 4289 solemniter

2240 4321 2586 4376 radiantibus
2607 4321 2779 4377 cereis
2807 4321 3197 4392 crucibusque,
3221 4322 3600 4377 admovimus.
3621 4325 3764 4382 Erat
3779 4344 3871 4382 au-

2239 4416 2355 4467 tem
2395 4414 2748 4468 sacerdotum
2775 4430 2836 4467 ac
2869 4412 3166 4466 levitarum
3195 4413 3254 4468 in
3289 4412 3429 4467 albis
3465 4415 3712 4471 vestibus
3757 4436 3869 4473 non

506 4508 608 4573 ria,
639 4507 816 4562 altare
858 4510 988 4562 ante
1021 4507 1226 4562 faciem
1266 4507 1460 4561 lectuli
1502 4508 1777 4563 condente
1814 4509 2138 4564 beatissimo
2158 4514 2216 4584 Β
2242 4507 2516 4560 minimus
2550 4507 2772 4574 chorus,
2797 4510 2852 4558 et
2877 4504 3085 4558 civium
3113 4506 3526 4562 honoratorum
3558 4511 3696 4564 ordo
3727 4528 3871 4582 pra:-

508 4599 789 4667 Filiberto,
812 4599 1027 4670 pictum
1056 4615 1421 4670 gemmarum
1439 4601 1675 4667 lumine,
1701 4606 1994 4672 comptum
2015 4601 2138 4655 auri

509 4695 564 4746 et
582 4691 803 4761 argenti
824 4691 1110 4762 congerie.
1134 4693 1216 4747 Ab
1244 4696 1483 4763 utroque
1509 4693 1682 4748 latere
1707 4693 1936 4748 Joannis
1962 4698 2016 4748 et
2041 4695 2140 4748 Co-

507 4783 766 4838 lumbani
793 4801 906 4838 aras
928 4785 1066 4838 dant
1093 4785 1332 4854 gloriam
1359 4786 1490 4840 Deo.
1513 4787 1720 4842 Aderat
1753 4804 1787 4841 a
1822 4788 1994 4841 Borea
2019 4785 2140 4840 Dio-

507 4875 652 4946 nysii
693 4877 956 4946 martyris
993 4880 1050 4930 et
1085 4877 1348 4931 Germani
1394 4879 1723 4934 confessoris
1767 4879 2004 4934 aedicula
2034 4895 2046 4931 :
2080 4877 2138 4931 in

508 4968 720 5023 dextris
739 4968 928 5022 nobile
957 4973 1254 5039 permanet
1273 4971 1450 5025 sancti
1472 4973 1623 5027 Petri
1644 4971 1937 5027 oraculum
1964 4970 2038 5039 (id
2059 4974 2140 5024 est

509 5060 840 5130 oratorium)
881 5078 894 5114 :
939 5077 968 5115 e
1010 5061 1186 5115 latere
1225 5063 1401 5117 sancti
1439 5064 1653 5119 habens
1679 5062 1899 5118 Martini
1952 5079 2134 5116 sacra-

507 5154 679 5208 rium.
707 5175 732 5201 ››
759 5156 817 5207 in
847 5154 954 5208 hoc
982 5158 1246 5209 contextu
1274 5155 1443 5227 plana
1465 5162 1521 5211 et
1547 5154 1844 5228 perspicua
1864 5154 1980 5210 fere
2009 5160 2141 5210 sunt

507 5246 719 5312 omnia,
735 5245 840 5300 nisi
859 5246 1010 5317 quod
1033 5263 1146 5301 non
1167 5248 1298 5302 satis
1317 5249 1611 5320 explorata
1635 5251 1718 5302 est
1743 5247 1936 5303 lectuli
1962 5247 2135 5302 notio.

510 5342 708 5394 Lectus
725 5356 823 5394 seu
846 5339 1085 5394 lectulus
1097 5340 1400 5412 aliquando
1421 5341 1619 5410 altare,
1636 5341 1942 5413 aliquando
1961 5341 2140 5396 sancti

506 5432 793 5487 tumulum
821 5432 1121 5502 signiﬁcat.
1149 5435 1207 5488 ln
1231 5434 1380 5488 Actis
1405 5439 1613 5490 sanctae
1642 5434 1936 5488 Anstrudis
1963 5433 2136 5489 abba-

507 5524 655 5579 tissae
687 5525 1094 5596 Laudunensis,
1118 5543 1278 5582 num.
1314 5529 1400 5596 33,
1431 5526 1752 5595 Adalsinda,
1785 5544 1913 5598 quae
1939 5528 1989 5582 ei
2021 5545 2141 5582 suc-

509 5621 768 5684 cesserat,
793 5619 1008 5674 coelitus
1032 5620 1390 5685 admonetur,
1424 5637 1452 5670 α
1473 5623 1536 5673 ut
1557 5618 1769 5674 lectum
1794 5620 1956 5674 citius
1970 5620 2140 5675 faciat

507 5709 795 5766 aediﬁcari.
813 5731 840 5763 ι)
859 5713 1019 5776 Quod
1049 5727 1179 5766 cum
1203 5711 1273 5766 ab
1300 5710 1408 5765 alia
1433 5711 1870 5782 sanctimoniali,
1901 5713 2017 5784 71
2051 5713 2138 5766 cui

509 5801 564 5855 id
583 5804 891 5858 revelatum
909 5803 1114 5870 fuerat,
1130 5803 1395 5868 audisset,
1414 5823 1440 5855 (ί
1459 5803 1735 5861 intellexit
1749 5805 1957 5861 lectum
1976 5805 2137 5860 illum

2241 4600 2447 4666 clarus;
2493 4597 2589 4651 sed
2633 4602 2688 4650 et
2721 4597 2917 4668 populi
2942 4599 3231 4668 sequentis
3257 4600 3471 4655 ordinis
3497 4618 3745 4673 magnus
3771 4620 3872 4657 nu-

2241 4705 2450 4744 merus.
2469 4689 2724 4759 Cumque
2752 4694 3106 4745 sacrosancta
3135 4692 3393 4763 pignora,
3414 4694 3597 4765 palliis
3623 4712 3684 4749 ac
3713 4713 3870 4767 map-

2240 4781 2323 4852 pis
2367 4785 2657 4850 exornata,
2695 4781 2755 4836 in
2785 4782 3072 4837 excelsum
3103 4785 3472 4856 deferremus,
3504 4789 3868 4858 parvenimus

2240 4875 2309 4928 ad
2338 4873 2545 4927 ostium
2585 4875 2831 4930 oratorii.
2867 4877 3320 4946 lngredientibus
3344 4884 3538 4935 autem
3563 4881 3749 4946 nobis,
3784 4898 3869 4934 su-

2241 4967 2354 5021 bito
2381 4967 2615 5038 replevit
2641 4968 2900 5023 cellulam
2941 4969 3095 5024 illam
3128 4971 3318 5042 fulgor
3354 4972 3638 5042 terribilis,
3685 4977 3796 5028 etc.
3840 4997 3864 5021 ››

2238 5060 2550 5116 Concilium
2582 5061 2997 5116 Arausicanum
3027 5065 3069 5116 ll
3099 5064 3157 5117 in
3188 5064 3537 5120 dedicatione
3563 5065 3810 5122 basilicas
3836 5083 3866 5120 a

2241 5153 2458 5209 Liberio
2506 5154 2742 5209 Patricio
2797 5160 3132 5210 constructm
3187 5157 3531 5213 celebratum
3581 5163 3666 5214 est
3719 5176 3864 5215 anno

2242 5249 2364 5302 529.
2405 5248 2550 5318 Lege
2589 5247 2773 5317 V'igilii
2822 5264 2981 5319 papae
3029 5248 3326 5319 epistolam
3381 5251 3450 5304 ad
3497 5251 3861 5308 Profuturum

2241 5340 2569 5411 episcopum
2613 5341 3030 5395 Bracarensem.
3077 5343 3277 5406 Quales
3333 5344 3402 5399 ad
3453 5344 3863 5401 dedicationem

2240 5432 2494 5503 reliquiae
2541 5432 2966 5503 adhiberentur,
3016 5440 3236 5490 constat
3281 5452 3349 5491 cx
3401 5438 3602 5492 eodem
3641 5445 3861 5494 auctore

2239 5526 2493 5598 aliisque,
2508 5526 2606 5598 qui
2620 5525 2989 5598 reliquiarum
3005 5529 3234 5584 nomine
3250 5529 3580 5602 intelligunt
3592 5531 3862 5604 quidquid

2239 5619 2428 5690 aliquo
2457 5619 2624 5673 modo
2655 5624 2912 5674 sanctum
2934 5621 3207 5692 aliquem,
3225 5623 3272 5694 ej
3282 5639 3417 5678 usve
3438 5624 3729 5679 tumulum
3746 5623 3861 5679 atti-

2242 5717 2418 5783 gerat,
2448 5712 2654 5766 scilicet
2679 5729 2913 5782 pannos,
2943 5713 3290 5785 linteamina,
3331 5721 3386 5770 et
3423 5716 3530 5769 alia
3565 5717 3620 5771 id
3663 5733 3856 5788 genus.

2239 5804 2622 5860 Consulendus
2651 5805 2752 5860 hac
2782 5805 2849 5860 de
2880 5821 2938 5862 re
2976 5806 3277 5877 Gregorius
3304 5808 3359 5862 in
3399 5808 3494 5863 lib.
3547 5811 3562 5863 ι
3610 5810 3676 5863 dc
3713 5811 3859 5864 Mira-
