4020 6232
151 331 261 387 {53

1165 335 1251 390 DE
1291 335 1603 391 LITURGIA
1639 336 2010 391 GALLICANA
2050 337 2249 392 LIBER
2288 339 2554 396 PRIMUS.

3449 345 3545 405 15!.

142 442 301 497 culis
342 440 520 496 sancti
545 441 792 511 Martini,
824 460 948 514 cap.
984 448 1066 512 Η,
1091 449 1147 498 et
1174 443 1272 499 lib.
1296 463 1315 500 1
1343 445 1411 499 de
1439 447 1624 501 Gloria
1651 463 1801 501 mar-
1827 458 1885 530 Α
1906 462 2034 501 cum
2062 447 2335 503 columnis
2374 452 2488 505 suis
2513 458 2756 524 quatuor
2780 471 2849 511 ex
2878 461 3113 530 argento
3139 474 3303 530 puro.
3336 478 3364 511 »
3389 462 3453 516 Et
3483 461 3540 517 in

145 542 354 607 tymm
394 552 517 607 cap.
553 538 643 604 28,
689 541 756 591 ut
795 538 973 592 multa
1007 537 1115 592 alia
1153 537 1275 592 loca
1318 544 1674 610 praeteream,
1721 557 1806 596 ec-

148 629 465 685 clesiarum
492 632 819 684 nostrarum
850 635 1036 702 partes
1063 631 1313 687 breviter
1331 633 1730 704 explicaturus.

225 726 280 777 6.
313 727 497 792 Atque
527 728 588 776 ut
618 724 687 776 ab
723 724 909 790 altari,
941 740 1064 795 quas
1103 725 1372 780 sacratior
1399 726 1644 780 ecclesia:
1671 744 1804 799 pars

147 821 259 884 est,
293 818 593 888 exordiar;
621 818 690 872 de
723 834 790 872 eo
828 818 933 872 hoc
972 822 1246 872 statutum
1285 819 1557 874 habemus
1582 820 1640 874 in
1667 838 1801 874 con-

148 909 270 963 cilii
300 911 639 981 Agathensis
665 929 880 966 canone
912 913 974 966 14
993 931 1006 966 :
1026 912 1234 966 Altaria
1257 912 1466 982 placuit
1485 929 1600 966 non
1621 914 1804 967 solum

147 1005 429 1059 unctione
460 1006 802 1074 chrismatis,
836 1005 932 1059 sed
965 1007 1137 1060 etiam
1173 1006 1500 1060 sacerdotali
1537 1006 1799 1062 benedic-

149 1098 313 1152 tione
348 1099 578 1152 sacrari.
609 1101 678 1153 Et
718 1099 778 1152 in
812 1099 1033 1153 concilii
1071 1099 1414 1170 Epaonensis
1450 1116 1660 1154 canone
1687 1103 1754 1155 26
1784 1118 1796 1155 :

147 1191 394 1256 Altaria,
424 1191 534 1245 nisi
561 1192 800 1263 lapidea,
823 1192 1141 1247 chrismatis
1160 1192 1426 1247 unctione
1444 1209 1559 1246 non
1587 1210 1804 1248 sacren-

147 1289 268 1339 tur.
295 1285 576 1348 Formam
608 1284 799 1340 altaris
828 1284 1077 1340 ecclesiae
1106 1284 1233 1358 73
1262 1287 1437 1340 sancti
1471 1286 1619 1340 Petri
1648 1287 1800 1357 apud

149 1377 541 1448 Burdegalam
584 1377 849 1432 describit
882 1378 1185 1449 Gregorius
1225 1378 1285 1432 in
1322 1379 1417 1433 lib.
1454 1395 1469 1432 ι
1512 1379 1580 1434 de
1616 1379 1801 1434 Gloria

147 1475 485 1540 martyrum
517 1488 640 1541 cap.
672 1474 738 1526 33
768 1491 781 1526 :
809 1491 835 1522 ‹‹
867 1472 1046 1542 Hujus
1081 1472 1256 1526 altare
1293 1471 1487 1542 positis
1521 1471 1582 1526 in
1619 1473 1800 1527 altum

147 1563 394 1634 pulpitis
422 1563 670 1617 locatum
694 1563 963 1634 habetur;
992 1564 1153 1633 cujus
1174 1581 1302 1635 pars
1322 1563 1575 1633 inferior,
1607 1565 1665 1619 in
1684 1582 1801 1620 mo-

147 1656 291 1710 dum
319 1660 558 1726 cryptae,
589 1657 730 1711 ostio
752 1657 1053 1725 clauditur,
1084 1657 1300 1711 habens
1336 1656 1708 1712 nihilominus
1745 1664 1800 1714 et

144 1748 272 1820 ipsa
299 1766 436 1804 cum
467 1753 792 1804 sanctorum
814 1750 1148 1821 pignoribus
1167 1749 1343 1804 altare
1363 1767 1552 1804 suum.
1575 1771 1600 1801 »
1629 1751 1798 1806 Multa

1905 539 2085 595 Leone
2119 542 2184 594 lll
2226 561 2238 597 :
2277 563 2302 592 «
2337 544 2486 600 Fecit
2525 545 2582 601 in
2622 547 2852 604 basilica
2897 551 3044 606 beati
3093 553 3242 607 Petri
3279 554 3535 624 apostoli,

1904 649 2075 705 super
2095 635 2271 689 altare
2291 638 2494 708 majus,
2518 639 2795 695 ciborium
2817 659 2946 697 cum
2969 644 3245 699 columnis
3269 647 3380 700 suis
3406 664 3541 718 qua-

1905 731 2034 780 tuor
2076 743 2143 781 ex
2183 735 2418 798 argento
2448 733 2750 802 purissimo
2795 736 3086 805 deaurato,
3133 755 3264 792 cum
3304 740 3538 796 diversis

1905 819 2150 874 historiis
2181 821 2337 876 mira:
2367 825 2795 895 magnitudinis.
2827 849 2851 877 »
2904 831 2962 882 In
3007 831 3286 899 ejusmodi
3315 833 3538 889 ciboriis

1905 929 2040 966 crux
2073 913 2130 968 in
2157 931 2380 970 summo
2408 923 2545 985 erat,
2576 920 2660 972 uti
2689 920 2858 974 etiam
2885 923 3099 991 Romae,
3130 929 3270 979 teste
3300 929 3532 980 Anasta-

1904 1006 1984 1059 sio
2011 1006 2068 1060 in
2103 1008 2281 1062 Leone
2314 1010 2412 1063 IV:
2444 1011 2724 1067 «Sacrum
2761 1013 3002 1086 desuper
3026 1018 3339 1072 construxit
3357 1020 3532 1077 altare

1903 1103 1958 1152 et
1995 1099 2271 1155 ciborium
2297 1119 2426 1156 cum
2466 1121 2650 1159 cruce.
2685 1125 2711 1155 »
2745 1107 2859 1161 Huc
2891 1112 3104 1179 spectat
3129 1126 3158 1165 c
3190 1111 3395 1165 nostris
3423 1114 3532 1167 Ha-

1905 1190 2106 1247 riulfus
2147 1193 2205 1247 in
2238 1195 2497 1250 Chronici
2525 1195 2877 1253 Centulensis
2903 1200 3000 1255 lib.
3031 1218 3088 1255 In
3118 1220 3239 1274 cap.
3270 1208 3334 1259 3:
3361 1225 3386 1255 ‹‹
3418 1207 3522 1261 Su-

1901 1301 2003 1355 per
2035 1285 2128 1338 illa
2155 1287 2261 1340 tria
2287 1288 2480 1343 altaria
2503 1289 2785 1345 habentur
2805 1293 2910 1345 tria
2932 1295 3157 1364 ciboria,
3192 1313 3261 1350 ex
3293 1303 3531 1368 argento

1901 1382 1956 1432 et
1988 1394 2125 1431 auro
2163 1385 2355 1450 parata
2400 1399 2412 1435 :
2455 1381 2513 1436 in
2545 1383 2751 1453 quibus
2784 1389 2895 1438 tres
2930 1386 3250 1456 dependent
3288 1406 3528 1458 corona,

1901 1469 2141 1542 singula:
2183 1490 2286 1543 per
2324 1474 2569 1545 singula,
2611 1493 2680 1530 ex
2714 1493 2852 1531 auro
2900 1481 3253 1551 gemmisque
3296 1488 3526 1554 paratas,

1899 1579 2028 1618 cum
2059 1565 2246 1619 aureis
2285 1567 2598 1636 cruciculis,
2633 1569 2870 1640 aliisque
2897 1574 3311 1628 ornamentis.»
3343 1577 3532 1648 Itaque

1900 1657 1957 1710 in
1995 1673 2216 1711 summo
2255 1659 2464 1714 ciborio
2508 1678 2702 1717 cruces
2744 1680 2843 1718 seu
2890 1665 3189 1720 crucicula:
3226 1673 3405 1736 erant,
3445 1671 3531 1725 uti

1899 1749 2072 1804 etiam
2092 1750 2150 1804 in
2168 1751 2411 1819 ciboriis,
2430 1770 2556 1823 qua:
2574 1771 2743 1826 super
2763 1757 3013 1811 tumulos
3040 1764 3364 1815 sanctorum
3381 1778 3531 1817 erec-

146 1819 440 1912 ejusmodi
467 1843 663 1897 altaria
683 1819 854 1912 edita,
879 1819 935 1898 et
959 1859 1132 1914 super
1155 1847 1379 1914 cryptas
1405 1842 1580 1898 locata
1607 1861 1798 1915 super-
1818 1819 1874 1889 B
1900 1845 1952 1895 ta
1995 1848 2175 1912 erant,
2211 1845 2360 1914 apud
2400 1819 2733 1917 Gregorium
2772 1851 3157 1905 Turonensem
3202 1853 3531 1924 episcopum

147 1940 280 1989 sunt
301 1936 364 1989 in
387 1935 634 1990 ecclesiis
652 1935 969 1991 Gallicanis.
992 1936 1075 1991 Ad
1095 1936 1214 1990 haec
1243 1936 1439 1990 altaria
1459 1936 1797 2007 quibusdam

148 2028 428 2100 gradibus
468 2045 729 2083 ascensus
767 2033 905 2096 erat,
942 2029 1021 2084 ita
1057 2033 1122 2084 ut
1151 2028 1256 2083 sub
1296 2029 1565 2100 gradibus
1608 2029 1798 2085 ﬁdeles

146 2121 370 2176 oraturi
427 2127 658 2192 possent
711 2123 1033 2188 consistere,
1085 2126 1148 2177 ut
1181 2122 1439 2194 pluribus
1479 2123 1698 2178 ostendi
1737 2125 1797 2178 in

145 2215 489 2288 prafatione
517 2215 702 2286 prima
722 2216 911 2269 saeculi
933 2232 1015 2282 IlI,
1034 2232 1196 2270 num.
1217 2219 1304 2270 79.
1330 2215 1594 2286 Ejusdem
1621 2233 1796 2288 prope

143 2310 349 2364 forma
377 2314 500 2363 erat
521 2309 580 2362 in
599 2307 830 2362 basilica
847 2308 1024 2363 sancti
1046 2308 1312 2379 Cypriani
1341 2310 1605 2380 martyris
1628 2330 1653 2362 «
1667 2328 1797 2364 ana-

145 2404 356 2473 logius,
388 2403 451 2457 in
479 2418 618 2472 quo,
652 2401 794 2455 libro
825 2402 1199 2473 superposito,
1233 2407 1491 2456 cantatur
1528 2407 1626 2457 aut
1665 2404 1798 2474 legi-

143 2501 259 2561 tur,
292 2516 321 2546 »
355 2495 544 2566 inquit
571 2495 872 2564 Gregorius
908 2495 968 2548 in
1002 2495 1098 2550 lib.
1118 2512 1137 2548 1
1171 2495 1239 2550 de
1265 2495 1450 2549 Gloria
1480 2500 1796 2566 martyrum

145 2605 270 2659 cap.
296 2590 387 2642 94.
421 2589 561 2642 Nam
592 2604 660 2642 ex
690 2604 802 2641 uno
828 2587 1013 2658 lapide
1044 2589 1343 2642 marmoris
1373 2592 1521 2642 totus
1547 2589 1795 2659 sculptus

144 2680 421 2734 asseritur
445 2697 458 2734 :
482 2680 539 2733 id
571 2685 654 2734 est
681 2696 874 2734 mensa
909 2680 1171 2750 desuper,
1208 2681 1277 2734 ad
1305 2697 1476 2751 quam
1514 2697 1617 2751 per
1650 2699 1791 2752 qua-

143 2780 276 2828 tuor
307 2773 519 2843 gradus
546 2773 936 2842 adscenditur;
971 2773 1204 2827 cancelli
1229 2773 1286 2827 in
1316 2773 1574 2842 circuitu,
1604 2774 1797 2828 subter

145 2868 459 2933 columna;
500 2867 635 2938 quia
663 2870 718 2920 et
747 2865 1033 2937 pulpitum
1059 2866 1231 2921 habet
1257 2866 1360 2920 sub
1386 2883 1499 2938 quo
1525 2872 1647 2922 octo
1673 2883 1796 2938 per-

149 2977 299 3014 sona:
339 2959 518 3030 recipi
548 2964 806 3030 possunt.
849 2978 876 3010 »

217 3058 271 3108 7.
303 3053 413 3116 Qui
453 3053 747 3106 historiam
787 3051 1225 3108 Eucharisticam
1265 3070 1452 3124 nuper
1481 3055 1796 3125 composuit

1898 1934 1954 1988 in
1984 1934 2082 1989 lib.
2110 1951 2147 1988 ιι
2179 1937 2246 1991 de
2277 1938 2460 1991 Gloria
2493 1945 2807 2011 martyrum
2833 1959 2957 2013 cap.
2999 1946 3087 1998 20.
3125 1945 3288 1999 Aliud
3327 1947 3524 2003 ciborii

1900 2043 2078 2096 genus
2119 2029 2222 2082 aavi
2271 2031 2595 2099 posterioris
2636 2032 2824 2088 videre
2864 2035 2994 2089 licet
3035 2038 3187 2106 apud
3231 2039 3527 2110 Hugonem

1898 2119 2155 2173 abbatem
2186 2121 2676 2194 Flaviniacensem,
2700 2142 2830 2196 pag.
2856 2129 3310 2198 166.A1iquando
3339 2135 3527 2187 tamen

1897 2211 2155 2266 columba
2182 2213 2301 2267 loco
2327 2215 2506 2268 crucis
2540 2221 2658 2270 erat
2698 2217 2753 2271 in
2781 2219 3071 2289 sepulcris,
3104 2225 3168 2274 ut
3210 2223 3277 2276 de
3308 2225 3528 2277 tumulo

1898 2304 2073 2357 sancti
2115 2305 2360 2378 Dionysii
2399 2309 2700 2379 Gregorius
2743 2311 2913 2365 tradit
2957 2312 3014 2365 in
3064 2313 3162 2368 lib.
3195 2332 3207 2367 ι
3241 2315 3308 2369 de
3347 2316 3532 2370 Gloria

1899 2401 2209 2468 martyrum
2254 2417 2376 2471 cap.
2406 2404 2493 2455 72.
2536 2403 2658 2455 llzec
2699 2403 3010 2459 observatio
3055 2407 3124 2460 de
3165 2423 3326 2462 cruce
3357 2425 3528 2479 super

1897 2489 2107 2542 ciboria
2132 2491 2367 2561 alicujus
2411 2495 2681 2549 momenti
2726 2497 2784 2550 in
2821 2499 3292 2569 consequentibus
3321 2501 3427 2554 erit
3457 2502 3529 2554 ad

1898 2583 2294 2652 explicandum
2323 2603 2596 2640 canonem
2624 2592 2654 2642 2
2685 2590 2904 2643 concilii
2933 2593 3272 2645 Turonensis
3306 2610 3363 2647 ιι.
3395 2595 3529 2665 Ejus

1898 2675 2118 2745 generis
2134 2677 2406 2732 ciborium
2420 2697 2549 2734 cum
2565 2681 2619 2751 7
2633 2680 2690 2753 5
2708 2683 3054 2738 Eucharistia
3073 2702 3321 2756 appensa
3338 2703 3531 2742 recens

1897 2768 2198 2822 Beccenses
2226 2771 2399 2824 nostri
2431 2773 2799 2829 restituerunt
2828 2776 2895 2829 ad
2927 2778 3252 2848 exemplum
3285 2780 3529 2833 ecclesia:

1896 2859 2074 2913 beatze
2094 2861 2277 2915 Μελήίὲ
2303 2863 2370 2916 de
2395 2865 2542 2917 Valle
2563 2866 2856 2933 Gratiagin
2886 2885 2995 2938 qua
3020 2871 3195 2923 altare
3223 2888 3349 2924 cum
3380 2873 3526 2925 cibo-

1897 2951 1980 3004 rio
2017 2969 2112 3008 sex
2143 2955 2421 3008 columnis
2456 2957 2648 3011 innixo
2682 2959 2854 3013 felicis
2881 2963 3167 3016 memoria:
3195 2966 3353 3017 Anna
3380 2967 3523 3018 Aus-

1895 3045 2067 3099 triaca
2081 3064 2238 3102 more
2255 3049 2508 3119 antiquo,
2526 3051 2680 3120 regia
2699 3053 3114 3124 magnificentia
3133 3057 3274 3127 erigi
3291 3058 3524 3113 curavit.

145 3149 332 3202 Rocus
361 3145 645 3212 minister,
674 3150 844 3216 negat
870 3150 1002 3200 ante
1031 3147 1303 3200 saaculum
1335 3163 1427 3200 VIII
1463 3146 1521 3200 in
1561 3163 1674 3200 una
1699 3164 1788 3201 ec-
1812 3181 1866 3253 Ο
1967 3142 2018 3193 9.
2052 3140 2352 3210 Gregorius
2387 3143 2696 3197 Turonicus
2733 3145 2962 3199 antistes
2999 3165 3113 3201 non
3153 3166 3267 3202 uno
3314 3150 3371 3204 in
3401 3151 3521 3205 loco

177 3241 191 3253 ‘
260 3241 272 3250 ο
384 3240 397 3253 1
560 3239 580 3253 ιι
621 3239 631 3248 ι
796 3238 830 3253 In
908 3239 917 3248 υ
1027 3242 1038 3253 Δ
1077 3240 1090 3253 1
1139 3240 1152 3253 1
1357 3245 1364 3253 .
1612 3239 1621 3250 ι
1894 3231 2135 3253 ..2-ι----Α-
2181 3235 2363 3253 -nrl_,'
2569 3236 2578 3246 ο
2624 3241 2633 3253 ι
3044 3246 3052 3253 .
3135 3245 3176 3253 -ν
3401 3250 3408 3253 .
3470 3246 3478 3253 .

145 3241 314 3294 clesia
343 3240 513 3310 plura
555 3239 724 3293 fuisse
761 3238 976 3292 altaria.
1012 3240 1094 3292 Ad
1139 3240 1244 3293 hoc
1276 3245 1468 3294 autem
1509 3239 1792 3294 revincen—

145 3333 285 3387 dum
323 3331 533 3386 sufﬁcit
574 3349 722 3386 unus
760 3331 1062 3402 Gregorius
1100 3333 1332 3402 Magnus
1369 3333 1465 3403 qui
1517 3332 1578 3386 in
1631 3333 1728 3386 lib.
1762 3351 1792 3386 v

145 3427 384 3498 epistola
425 3428 492 3479 50
533 3426 603 3479 ad
641 3424 953 3479 Palladium
997 3425 1402 3479 Santonensem
1441 3425 1789 3496 episcopum,

145 3519 422 3574 tredecim
450 3518 646 3573 altaria
675 3522 912 3572 testatur
939 3517 1109 3573 fuisse
1148 3517 1206 3571 in
1256 3517 1484 3572 ecclesia
1523 3519 1786 3589 quadam,

144 3614 202 3667 in
222 3613 506 3666 honorem
533 3611 916 3682 apostolorum
937 3611 1006 3665 ab
1034 3611 1156 3682 ipso
1183 3611 1426 3665 Palladio
1447 3616 1786 3666 constructa.

145 3708 210 3760 Et
238 3706 551 3778 Gregorius
579 3705 722 3759 alter
747 3705 1008 3775 superius
1046 3705 1104 3759 in
1149 3705 1383 3759 ecclesia
1424 3704 1602 3758 sancti
1640 3705 1790 3760 Petri

144 3801 298 3871 apud
347 3799 720 3869 Burdegalam
767 3799 880 3852 duo
917 3799 1113 3853 altaria
1154 3802 1451 3866 memorat,
1497 3813 1680 3852 unum
1729 3799 1789 3853 in

147 3893 404 3964 pulpitis,
464 3892 617 3946 aliud
666 3892 725 3945 in
782 3895 977 3962 crypta
1033 3891 1140 3946 sub
1189 3891 1288 3946 illo
1339 3909 1562 3946 summo
1603 3892 1785 3947 altari.

146 3984 428 4040 Brennaci
453 3984 513 4039 in
544 4001 689 4054 pago
715 3984 1101 4039 Suessionensi
1140 3984 1250 4039 tria
1297 3989 1458 4040 erant
1485 3985 1701 4054 altaria,
1728 3985 1790 4038 in

147 4077 352 4150 quibus
377 4077 462 4146 (ut
490 4077 612 4146 jam
638 4076 901 4144 vidimus)
933 4077 1237 4148 Gregorius
1264 4076 1464 4132 missas
1497 4082 1611 4132 tres
1639 4077 1786 4131 cele-

145 4170 349 4225 bravit.
383 4170 505 4223 Non
531 4170 808 4223 immoror
831 4169 1089 4239 pluribus
1117 4169 1454 4224 testimoniis
1478 4185 1786 4240 congeren-

147 4265 252 4319 dis.
283 4263 421 4318 V'ide
451 4279 580 4334 qua:
606 4263 712 4316 hac
741 4263 812 4317 de
853 4279 914 4316 re
955 4279 988 4315 a
1029 4262 1190 4316 nobis
1230 4263 1374 4316 dicta
1404 4266 1534 4317 sunt
1561 4262 1621 4316 in
1648 4279 1789 4334 pra:-

149 4358 364 4411 fatione
393 4357 579 4427 prima
605 4355 778 4410 seculi
805 4371 885 4420 Ill,
914 4355 1013 4409 ubi
1047 4355 1266 4410 tabulas
1297 4355 1631 4424 itinerarias,
1661 4372 1790 4427 quae.

150 4451 268 4504 vice
298 4450 490 4504 altaris
524 4449 919 4504 itinerantibus
949 4449 1330 4504 sacerdotibus
1361 4453 1565 4518 essent,
1593 4448 1654 4502 in
1685 4465 1788 4503 usu

1893 3231 2138 3301 picturas
2172 3235 2416 3288 ecclesia}
2459 3236 2743 3306 parietum
2784 3246 3084 3295 memorat.
3135 3245 3287 3296 Unus
3334 3250 3418 3298 est
3467 3246 3525 3298 in

1890 3323 1988 3378 lib.
2021 3341 2038 3378 ι
2078 3326 2146 3379 de
2191 3327 2373 3381 Gloria
2413 3334 2726 3400 martyrum
2765 3349 2886 3402 cap.
2929 3337 3016 3400 6:3,
3057 3334 3153 3388 ubi
3191 3336 3258 3390 de
3295 3335 3526 3391 basilica

1892 3418 2066 3472 sancti
2093 3421 2380 3474 Antoliani
2406 3424 2668 3493 martyris
2696 3425 2846 3496 apud
2874 3428 3169 3497 Arvernos,
3202 3445 3374 3500 quam
3400 3430 3525 3484 dua:

1891 3511 2157 3566 mulieres
2201 3514 2550 3584 perillustres
2600 3521 3031 3574 construxerant
3069 3539 3082 3575 :
3117 3541 3143 3573 «
3176 3523 3385 3577 Erectis
3422 3540 3522 3594 pa-

1891 3604 2126 3660 rietibus
2155 3623 2326 3677 super
2353 3608 2527 3662 altare
2555 3610 2691 3664 mdis
2715 3610 2885 3680 illius,
2915 3617 3135 3668 turrem
3163 3631 3196 3667 a
3220 3617 3519 3684 columnis,

1889 3697 2102 3768 pharis,
2130 3699 2526 3772 heracliisque,
2546 3703 2907 3758 transvolutis
2928 3706 3172 3760 arcubus
3189 3715 3511 3777 erexerunt,

1892 3790 2097 3843 miram
2124 3807 2360 3846 camerae
2399 3792 2660 3848 fucorum
2701 3796 3114 3850 diversitatibus
3155 3798 3522 3870 imaginatam

1888 3882 2216 3937 adhibentes
2263 3883 2564 3956 picturam.
2609 3906 2636 3937 »
2684 3887 2852 3942 Addit
2896 3889 3196 3960 Gregorius
3240 3892 3346 3946 hoc
3383 3909 3523 3964 opus

1888 3979 2005 4029 tam
2034 3994 2059 4025 «
2079 3976 2304 4046 elegans
2321 3981 2377 4031 et
2400 3977 2602 4032 subtile
2625 3999 2650 4030 ››
2682 3979 2874 4048 fuisse,
2907 3986 2968 4036 ut
2993 3983 3171 4038 ruina:
3207 3985 3523 4056 periculum

1889 4084 2125 4122 cernens
2141 4069 2332 4124 Avitus
2354 4070 2631 4141 pontifex,
2657 4092 2682 4124 (ί
2707 4074 3021 4146 anticipans
3039 4077 3291 4132 futuram
3317 4079 3524 4134 colum-

1889 4177 2091 4215 narum
2119 4166 2390 4233 stragem,
2412 4164 2645 4234 jusserit
2672 4167 2852 4238 tigna,
2875 4185 3222 4241 asseresque,
3251 4171 3336 4226 vel
3368 4176 3526 4244 tegu-

1891 4253 1969 4307 las
2004 4255 2270 4309 amoveri.
2302 4255 2514 4320 Quibus
2543 4257 2836 4326 submotis,
2861 4277 2965 4316 nec
2991 4263 3282 4334 adjutoriis
3315 4265 3524 4320 colum-

1889 4347 1975 4399 nis
1993 4347 2260 4418 appositis
2277 4387 2314 4402 ..
2326 4390 2338 4403 .
2359 4349 2486 4404 dato
2508 4351 2785 4406 columna
2803 4353 3082 4409 immenso
3099 4358 3368 4427 pondere,
3392 4375 3522 4413 cum

1889 4456 2096 4511 magno
2127 4441 2311 4496 sonitu
2337 4459 2509 4514 super
2536 4445 2712 4500 altare
2739 4451 2795 4500 et
2822 4447 2968 4500 circa
2995 4449 3169 4503 altare
3201 4450 3518 4519 diruerunt,

151 4544 323 4598 fuisse
358 4547 491 4597 ante
531 4543 797 4597 sagculum
826 4557 882 4596 χι
909 4546 1104 4597 contra
1143 4542 1410 4597 eumdem
1447 4543 1662 4597 Rocum
1688 4542 1787 4598 de-
1810 4541 1867 4612 D
1891 4534 2277 4606 completaque
2299 4539 2381 4589 est
2406 4536 2540 4590 aedis
2565 4538 2774 4593 nebula
2814 4540 2882 4595 de
2929 4541 3167 4595 effracta:
3197 4542 3358 4596 calcis
3388 4544 3518 4614 pul-

153 4640 533 4692 monstratum
562 4641 662 4689 est.

221 4729 350 4800 74
415 4732 468 4783 8.
521 4728 729 4783 Altaria
766 4728 990 4806 ciboriis
1039 4729 1250 4801 passim
1303 4729 1576 4784 instructa
1632 4731 1792 4782 erant

152 4822 468 4893 praesertim
508 4822 683 4876 altare
714 4821 917 4892 majus,
951 4822 1101 4893 quod
1134 4821 1372 4892 praevios
1399 4821 1642 4876 habebat
1667 4837 1792 4875 can-

149 4916 336 4982 cellos,
373 4919 431 4968 et
471 4914 720 4984 picturas
749 4930 817 4969 ex
844 4919 1085 4986 utroque
1125 4916 1297 4970 latere
1326 4915 1394 4969 ad
1422 4914 1683 4985 parietes.
1709 4912 1793 4968 Ci-

149 5008 304 5062 horia
341 5011 508 5061 erant
541 5007 760 5062 turritas
799 5008 1068 5076 aediculae,
1097 5012 1342 5078 quatuor
1374 5007 1676 5062 minimum
1705 5024 1790 5060 co-

149 5101 359 5154 lumnis
402 5099 636 5165 innixae,
668 5117 795 5172 qua:
833 5100 1082 5155 aediculae
1119 5101 1292 5155 altare
1331 5101 1598 5172 tegebant
1634 5116 1790 5154 more

150 5195 494 5261 Graecorum,
513 5193 662 5263 apud
681 5210 823 5265 quos
850 5214 876 5245 «
899 5210 1068 5264 supra
1103 5193 1602 5249 incontaminatam
1627 5209 1788 5248 men-

152 5303 266 5341 sam
312 5291 538 5340 vastum
591 5285 648 5340 in
699 5302 890 5342 aerem
934 5286 1211 5341 immensa
1265 5286 1440 5340 turris
1493 5285 1786 5356 exsurgit:

151 5378 483 5450 quadriﬁdis
503 5395 634 5433 vero
648 5379 934 5449 argenteis
950 5380 1192 5434 arcubus
1218 5380 1568 5448 incumbens,
1592 5393 1791 5450 argen-

150 5473 249 5527 teis
289 5473 531 5544 perinde
569 5473 847 5527 columnis
885 5472 1180 5543 attollitur,
1210 5473 1268 5528 in
1297 5489 1541 5545 quarum
1584 5472 1791 5527 vertice

150 5572 448 5637 argenteos
487 5566 661 5636 pedes
699 5566 895 5621 statuit
927 5582 1091 5621 arcus
1115 5567 1488 5638 quadruplex,
1520 5568 1581 5620 ut
1609 5566 1677 5620 de
1720 5564 1792 5618 ci-

152 5658 302 5712 borio
365 5659 584 5714 Sanctae
647 5657 868 5730 Sophia:
930 5659 1102 5713 tradit
1165 5659 1370 5713 Paulus
1439 5656 1790 5713 Silentiarius

153 5751 295 5822 apud
325 5750 781 5805 eruditissimum
819 5752 1115 5823 Cangium.
1139 5751 1462 5806 Anastasius
1501 5751 1558 5805 in
1586 5750 1792 5819 Grego-

158 5845 233 5897 rio
253 5844 462 5916 primo.
493 5863 518 5893 «
549 5844 649 5898 Hic
676 5844 803 5898 fecit
833 5845 992 5900 beato
1022 5847 1186 5900 Petro
1217 5844 1469 5916 apostolo
1510 5841 1789 5898 ciborium

1893 4643 2038 4680 vere.
2071 4647 2098 4676 »
2139 4628 2317 4690 Quem
2358 4628 2544 4682 locum
2585 4630 2876 4702 integrum
2918 4634 3119 4702 refero,
3151 4640 3272 4688 tum
3309 4641 3374 4690 ut
3415 4653 3521 4692 vox

1889 4721 2069 4781 calcis,
2095 4735 2223 4790 quae
2249 4720 2307 4774 in
2337 4722 2517 4776 calicz's
2544 4739 2842 4793 perperam
2885 4730 3104 4780 mutata
3131 4727 3332 4794 fuerat,
3366 4730 3522 4784 resti-

1891 4816 2112 4880 tuatur;
2161 4817 2281 4866 tum
2321 4817 2385 4866 ut
2423 4820 2690 4884 appareat
2736 4817 2903 4887 (quod
2943 4819 3200 4889 superius
3243 4824 3517 4892 notatum)

1891 4905 2178 4959 columnas
2225 4905 2294 4960 ad
2328 4906 2501 4960 altare
2537 4912 2749 4962 erectas
2788 4909 2976 4965 fuisse.
3017 4916 3087 4966 At
3128 4929 3197 4967 ex
3245 4916 3524 4987 superiori

1892 4997 2211 5052 testimonio
2236 4998 2406 5052 etiam
2436 4998 2492 5052 id
2519 5005 2753 5069 constat,
2785 5005 2935 5074 quod
2963 5007 3131 5061 modo
3160 5010 3516 5080 probandum

1891 5091 2128 5161 suscepi,
2158 5091 2404 5161 picturas
2430 5093 2737 5164 parietibus
2755 5098 3000 5153 ecclesiae
3026 5103 3304 5172 appositas
3327 5104 3518 5158 fuisse.

1893 5184 2031 5238 Hinc
2059 5184 2153 5238 illa
2191 5201 2295 5239 vox
2339 5186 2582 5241 militum
2630 5189 3018 5260 Gundobaldo,
3048 5195 3271 5250 Clotarii
3323 5197 3422 5266 (uti
3467 5214 3522 5252 se

1891 5277 2122 5347 ferebat)
2141 5276 2275 5345 ﬁlio,
2301 5277 2694 5334 insultantium
2716 5284 2867 5354 apud
2895 5287 3161 5341 eumdem
3187 5289 3521 5359 Gregorium

1892 5371 1951 5423 in
1993 5369 2248 5424 Historiae
2294 5371 2391 5425 lib.
2432 5389 2500 5426 vn
2543 5391 2666 5445 cap.
2697 5378 2763 5430 36
2796 5393 2809 5430 :
2843 5396 2869 5428 ι(
2901 5379 3055 5434 Tune
3093 5397 3152 5434 es
3186 5380 3366 5450 pictor
3406 5381 3518 5450 ille,

1892 5463 1988 5534 qui
2020 5467 2273 5534 tempore
2295 5463 2520 5519 Clotarii
2542 5468 2691 5539 regis
2709 5485 2812 5538 per
2833 5471 3073 5526 oratoria
3089 5473 3330 5544 parietes
3354 5478 3523 5548 atque

1891 5573 2139 5610 cameras
2169 5558 2507 5612 caraxabas?
2536 5580 2561 5610 »
2596 5561 2658 5615 Et
2688 5561 2746 5615 in
2774 5579 2896 5633 cap.
2929 5567 2998 5619 22
3039 5565 3230 5636 agitur
3269 5567 3337 5622 de
3369 5569 3524 5640 puel-

1891 5651 1957 5705 lis
2000 5655 2054 5706 et
2099 5651 2288 5721 pueris
2333 5651 2594 5719 Eberulti,
2642 5654 2740 5726 qui
2793 5674 2820 5705 «
2857 5657 3236 5728 suspiciebant
3279 5662 3522 5732 picturas

1891 5744 2191 5815 parietum,
2215 5743 2677 5818 rimabanturque
2705 5755 3037 5804 ornamenta
3065 5753 3349 5824 sepulcri»
3373 5753 3518 5807 beati

1890 5837 2130 5893 Martini.
2152 5837 2300 5891 ldem
2325 5838 2392 5892 de
2427 5839 2864 5894 Wiremutbcnsi
2894 5843 3122 5899 ecclesia
3147 5847 3352 5918 legitur
3372 5845 3518 5916 apud
