4020 6232
507 348 606 409 155

1286 355 1616 411 APPENDIX
1653 355 1740 410 AD
1776 354 1997 410 OPEBA
2035 352 2267 411 SANCTI
2305 353 2606 412 GERMANI
2642 350 3069 412 PARISIENSIS.

3774 352 3869 409 156

502 479 712 538 Bedam
737 478 798 539 in
823 480 923 540 lib.
950 498 968 539 ι
992 482 1062 541 de
1081 482 1323 541 Historia
1341 483 1671 541 monasterii
1693 482 1818 558 ’76
1842 482 1947 555 sui,
1965 501 2128 542 num.

2244 479 2412 521 versus
2464 465 2641 520 altare
2692 463 2982 528 dividitur,
3031 461 3204 519 choris
3254 462 3466 519 tantum
3507 459 3872 533 psallentium

503 577 557 630 6.
585 576 820 632 Pictura:
846 577 1017 634 etiam
1046 578 1281 633 erantin
1300 579 1396 633 illo
1413 577 1747 649 baptisterio
1767 578 1921 650 quod
1946 578 2130 650 Sulpi-

503 667 620 723 cius
646 669 880 725 Severus
909 675 1277 738 exstruxerat,
1297 671 1393 725 ubi
1416 670 1695 741 imagines
1717 672 1890 727 sancti
1910 670 2131 727 Martini

502 765 559 815 et
579 762 799 817 Paulini
824 763 1023 817 Nolani
1048 764 1230 818 adhuc
1266 762 1502 817 viventis
1538 760 1772 835 depingi
1818 768 2127 819 curaverat.

503 854 661 918 Quod
690 854 760 910 de
788 871 886 909 sua
913 855 1197 926 improbat
1214 855 1480 909 Paulinus
1501 855 1622 927 ipse
1641 855 1701 910 in
1723 856 1960 927 epistola
1978 873 2130 911 nunc

505 948 572 1001 32
598 947 669 1002 ad
697 948 984 1003 Severum.
1018 948 1275 1001 Praeclari
1306 952 1438 1002 sunt
1466 948 1709 1003 Ennodii
1730 965 1922 1003 versus
1948 949 2007 1003 in
2029 950 2128 1003 ba-

502 1038 757 1109 ptisterio
780 1040 981 1111 agello,
1019 1039 1118 1094 ubi
1160 1040 1298 1111 picti
1337 1044 1500 1096 erant
1543 1044 1841 1112 martyres,
1884 1057 2131 1113 quorum

504 1129 583 1185 ibi
611 1132 862 1203 reliquiae
888 1132 1130 1188 conditae
1158 1138 1337 1189 erant.

688 1232 851 1295 Rapta
872 1230 1415 1295 sepulturis‘animavit
1439 1244 1677 1295 corpora,
1693 1230 1881 1295 pictor.

793 1292 954 1342 unera
976 1293 1093 1341 viva
1117 1292 1303 1342 videns
1324 1306 1466 1343 mors
1489 1292 1573 1343 eat
1598 1293 1653 1343 in
1674 1292 1922 1342 tumulos.

691 1354 902 1418 Illorum
927 1357 1099 1418 tamen
1120 1354 1218 1418 iste
1252 1355 1399 1404 locus
1427 1355 1975 1418 complectiturartus,

753 1415 893 1473 Quos
920 1416 1088 1478 paries
1111 1415 1264 1478 facie,
1290 1430 1438 1466 mens
1463 1415 1607 1467 ten—et
1630 1417 1769 1466 alma
1789 1415 1912 1464 ﬁde.

571 1504 836 1559 Paulinus
862 1520 996 1558 mox
1027 1504 1286 1560 laudatus
1312 1505 1373 1560 in
1397 1505 1573 1560 natali
1595 1508 1625 1560 9
1649 1504 1718 1560 de
1745 1509 1935 1559 sancto
1956 1504 2133 1560 Felice

503 1602 785 1651 memorat
815 1596 1062 1667 picturas
1101 1598 1409 1668 porticibus
1449 1598 1694 1653 ecclesiae
1731 1598 2035 1668 appositas,
2071 1597 2133 1652 in

506 1688 710 1759 quibus
753 1688 988 1744 historia
1030 1691 1191 1745 Mosis
1233 1691 1304 1745 ob
1346 1690 1537 1745 oculos
1579 1690 1761 1761 posita
1803 1694 1942 1744 erat.
1985 1689 2135 1744 Facti

506 1768 971 1836 rationem/banc
997 1783 1203 1852 reddit,
1234 1799 1441 1855 nempe
1486 1788 1548 1837 ut
1585 1783 1751 1838 turba
1789 1772 2134 1837 rusticorum

2224 563 2419 629 pateat
2467 559 2799 613 clericorum.
2854 558 3027 612 Paulo
3071 556 3237 611 aliter
3279 555 3431 629 apud
3478 554 3725 623 Graecos,
3773 553 3871 610 ubi

2230 651 2459 705 clericos
2485 651 2556 705 ab
2583 651 2743 706 altari
2772 650 3105 722 separabant
3130 650 3384 717 cancelli,
3415 649 3624 721 quibus
3649 648 3760 703 soli
3793 664 3872 702 sa-

2232 745 2484 799 cerdotes
2526 744 2959 799 continebantur
2980 785 2994 811 ,
3038 743 3189 814 apud
3234 742 3513 814 Cangium
3552 742 3612 796 in
3655 740 3872 796 Descri-

2230 838 2425 909 ptione
2450 837 2664 893 Sanctae
2704 836 2951 907 SOphiw,
2994 853 3156 890 num.
3195 839 3283 890 70.
3333 838 3506 890 Erant
3540 839 3598 889 et
3635 832 3874 888 cancelli

2230 930 2300 985 ad
2328 930 2578 984 tumulos
2602 932 2944 984 sanctorum.
2973 928 3275 1000 Gregorius
3302 928 3361 982 in
3390 928 3487 983 lib.
3518 944 3536 981 ι
3575 927 3646 982 de
3687 926 3869 981 mira-

2232 1024 2371 1078 culis
2397 1022 2573 1077 sancti
2604 1022 2825 1077 Martini
2850 1039 2975 1094 cap.
3003 1025 3091 1088 35,
3116 1022 3289 1076 refert
3308 1020 3599 1090 cujusdam
3626 1019 3868 1085 factum,

2232 1116 2331 1188 qui
2364 1135 2392 1167 (ι
2419 1116 2642 1187 lignum
2671 1115 2992 1170 venerabile
3021 1115 3090 1170 de
3117 1114 3361 1169 cancello
3387 1114 3595 1182 lectuli,
3628 1132 3655 1163 »
3702 1112 3763 1166 id
3791 1117 3872 1166 est

2231 1207 2461 1278 tumuli,
2489 1207 2666 1262 sancti
2695 1208 2914 1262 Martini
2942 1207 3267 1261 abstulerat.
3297 1208 3471 1261 Porro
3499 1205 3739 1259 cancelli
3766 1203 3868 1257 ali-

2232 1300 2481 1371 quando,
2519 1301 2606 1355 vel
2648 1301 2850 1355 saltem
2895 1316 3097 1355 eorum
3135 1301 3492 1366 ornamenta,
3534 1297 3875 1353 constabant

2234 1395 2494 1462 argento,
2523 1392 2755 1446 cuinon
2801 1392 3055 1463 pepercit
3090 1390 3219 1464 '78
3258 1391 3530 1447 Caesarius
3568 1390 3874 1461 episwpus

2234 1483 2591 1552 Arelatensis,
2622 1484 2761 1539 illud
2799 1484 3123 1555 expendens
3154 1484 3216 1538 in
3257 1483 3609 1554 captivorum
3651 1482 3875 1536 redem-

2232 1576 2505 1647 ptionem.
2548 1596 2575 1627 «
2607 1576 2878 1631 Videntur
2901 1577 3072 1631 etiam
3101 1575 3383 1646 hodieque
3415 1575 3511 1644 (ait
3552 1573 3874 1645 Cyprianus

2234 1669 2293 1723 in
2316 1668 2414 1723 lib.
2442 1686 2462 1722 1
2491 1670 2559 1724 de
2588 1669 2709 1740 ejus
2740 1669 2878 1738 Vita,
2908 1685 3070 1723 num.
3107 1672 3188 1738 1⁵7)
3212 1667 3495 1722 securium
3517 1667 3659 1721 ictus
3680 1667 3745 1720 in
3779 1681 3876 1736 ρος

2235 1760 2340 1815 diis
2376 1765 2433 1816 et
2470 1761 2747 1829 cancellis,
2778 1761 2916 1815 dum
2943 1760 3076 1816 inde
3101 1760 3497 1815 columnarum
3516 1775 3584 1815 ex
3630 1763 3873 1829 argento

506 1888 625 1928 non
655 1892 683 1925 ‹‹
710 1874 871 1929 docta
895 1875 1143 1946 legendi,
1173 1895 1201 1928 »
1230 1876 1362 1929 visis
1388 1879 1712 1931 sanctortun
1734 1875 1873 1930 actis
1893 1875 1963 1928 ad
1983 1875 2137 1929 Chri-

2244 1853 2602 1908 excutiuntur
2628 1858 2983 1908 ornamenta.
3014 1873 3041 1904 η

509 1969 658 2020 stum
687 1972 1084 2022 convertatur:
1117 1968 1317 2022 deinde
1345 1973 1409 2023 ut
1446 1969 1546 2039 qui
1582 1967 1777 2038 vigiles
1814 1971 2038 2022 noctem
2078 1967 2138 2021 in

509 2059 735 2113 ecclesia
775 2059 1053 2115 ducebant
1078 2060 1385 2130 insomnes,
1416 2062 1505 2115 his
1531 2061 1763 2132 picturis
1791 2060 2011 2114 animos
2034 2077 2136 2131 pa-

510 2156 747 2220 scerent,
778 2156 834 2206 ct
857 2169 890 2206 a
916 2153 1424 2223 compotationibus
1451 2158 1861 2209 averterentur.

582 2247 668 2298 10.
701 2246 824 2299 Non
850 2245 1039 2317 itaque
1065 2246 1126 2300 in
1152 2246 1314 2301 altari
1340 2252 1501 2303 erant
1526 2249 1761 2319 picturae
1800 2252 1899 2302 aut
1931 2246 2136 2317 imagi-

508 2352 628 2404 nes,
660 2337 772 2391 nisi
798 2338 1110 2393 admodum
1136 2340 1197 2394 in
1223 2341 1360 2396 velis
1387 2346 1443 2395 et
1467 2342 1710 2396 arcubus
1737 2341 1955 2408 ciborii,
1988 2339 2139 2410 quod

511 2430 767 2484 eruditus
808 2431 1053 2503 Cangius
1095 2433 1356 2489 observat
1397 2435 1457 2488 in
1501 2435 1875 2505 descriptione
1922 2433 2139 2488 Sancta:

509 2522 753 2592 Sephiaa.
782 2525 900 2578 Huc
924 2524 1160 2579 fortasse
1190 2527 1340 2580 trahi
1366 2530 1553 2597 potest
1578 2527 1635 2581 id
1651 2526 1804 2597 quod
1826 2526 2058 2596 Optatus
2080 2524 2139 2578 in

509 2614 621 2669 fine
648 2615 778 2670 libri
810 2632 868 2669 Ill
894 2617 1064 2672 tradit
1091 2618 1159 2672 de
1184 2620 1357 2673 Paulo
1384 2624 1440 2673 et
1468 2619 1725 2687 Macario,
1755 2617 1853 2688 qui
1879 2617 2141 2671 diceban-

509 2711 604 2761 tur
631 2708 873 2776 venturi,
905 2726 932 2760 «
958 2714 1024 2764 ut
1051 2710 1388 2765 interessent
1414 2711 1720 2774 sacrificio;
1752 2714 1807 2764 et
1833 2726 1962 2763 cum
1997 2710 2137 2762 alta-

508 2799 593 2854 ria
618 2801 946 2857 solemniter
968 2807 1318 2873 aptarentur,
1349 2803 1671 2874 proferrent
1698 2802 1782 2856 illi
1808 2801 2137 2871 imaginem,

509 2908 681 2963 quam
706 2894 890 2964 primo
919 2894 979 2949 in
1003 2895 1161 2949 altari
1188 2899 1494 2966 ponerent;
1526 2898 1582 2949 et
1598 2895 1676 2948 sic
1698 2894 2035 2949 sacrificium
2054 2893 2138 2947 of-

508 2985 771 3042 ferretur.
801 3006 829 3039 »
860 2989 981 3052 Quo
1010 3004 1241 3042 rumore
1281 2988 1359 3042 ita
1399 2988 1641 3059 perculsi
1676 2991 1807 3042 sunt
1840 2985 2037 3054 animi,
2077 2990 2145 3040 ut

509 3080 865 3146 sacrificium,
893 3081 1046 3135 velut
1073 3102 1100 3131 «
1129 3096 1350 3134 sacrum
1381 3099 1409 3130 »
1443 3096 1507 3134 ac
1535 3080 1948 3146 detestandum,
1988 3095 2142 3134 aver-

510 3177 788 3227 sarentur.
808 3173 914 3228 Sed
934 3178 1288 3244 compertum
1308 3176 1391 3227 est
1409 3173 1614 3227 falsum
1634 3172 1805 3227 fuisse
1828 3188 2136 3227 rumorem.
2161 3189 2215 3263 ρ

513 3284 541 3316 ι(
571 3265 695 3318 Visa
721 3268 805 3319 est
830 3266 1064 3335 puritas,
1097 3269 1151 3319 et
1178 3265 1293 3319 ritu
1320 3265 1479 3319 solito
1508 3264 1771 3327 solemnis
1796 3266 2142 3320 consuetudo

509 3360 801 3427 perspecta
826 3361 930 3411 est.
962 3378 988 3405 ››
1018 3359 1373 3427 Quamquam
1401 3357 1719 3412 existimem
1760 3357 1818 3411 id
1854 3356 2040 3428 potius
2074 3358 2143 3412 de

511 3449 829 3503 Constantis
848 3449 1206 3519 imperatoris
1228 3467 1400 3520 quam
1426 3451 1494 3505 de
1516 3450 1702 3520 aliqua
1717 3466 1870 3505 sacra
1890 3449 2144 3520 imagine

513 3555 630 3595 esse
646 3540 1104 3611 intelligendum.
1127 3542 1249 3597 Non
1268 3541 1391 3614 7'7
1417 3543 1551 3597 satis
1573 3546 1788 3598 constat
1808 3560 1919 3614 quo
1945 3543 2004 3596 in
2024 3542 2145 3596 loco

512 3635 656 3686 esset
680 3631 774 3695 illa
801 3633 1175 3689 Narbonensis
1201 3635 1451 3691 ecclesiae
1485 3658 1511 3685 ‹‹
1540 3634 1779 3706 pictura,
1811 3651 1939 3706 quae
1960 3634 2147 3689 Domi-

511 3740 651 3779 num
661 3729 941 3795 nostrum,
956 3727 1117 3799 quasi
1131 3729 1499 3798 praecinctum
1517 3728 1711 3794 linteo,
1727 3728 2009 3783 indicabat
2025 3744 2148 3781 cru-
2194 3788 2200 3795 ,

511 3817 759 3874 ciﬁxum.
781 3836 809 3871 »
826 3819 1081 3876 Christus
1094 3837 1227 3877 vero
1244 3821 1466 3877 cuidam
1480 3821 1809 3893 presbytero
1820 3819 2145 3891 apparuisse

510 3910 732 3978 dicitur,
763 3918 1102 3984 conquestus
1130 3914 1281 3985 quod
1303 3930 1360 3969 se
1378 3914 1598 3969 nudum
1618 3913 1995 3985 spectantium
2017 3929 2147 3967 ocu-

418 4054 435 4063 -
511 4003 579 4057 lis
601 4004 1007 4060 exhibuissent.
1030 4006 1274 4061 Monitus
1295 4007 1611 4078 episcopus,
1639 4026 1665 4057 «
1697 4007 1940 4077 desuper
1956 4006 2143 4060 velum

513 4096 755 4165 expendi
777 4097 966 4166 jussit,
1002 4120 1027 4145 ››
1052 4099 1202 4168 apud
1241 4100 1580 4169 Gregorium
1606 4099 1663 4152 in
1692 4099 1791 4152 lib.
1820 4115 1836 4151 ι
1867 4099 1937 4152 de
1964 4098 2148 4152 Gloria

513 4192 825 4258 martyrum
854 4206 974 4259 cap.
1002 4192 1092 4244 23.
1122 4190 1367 4261 Dignum
1393 4195 1602 4245 nostra:
1626 4189 1777 4244 aetati
1798 4190 2143 4261 exemplum.

586 4284 671 4334 11.
702 4280 873 4335 Venio
916 4281 985 4335 ad
1032 4282 1277 4336 ecclesiae
1320 4283 1614 4351 cancellos,
1658 4298 1799 4353 quos
1838 4282 1942 4336 sub
1989 4298 2143 4347 arcu,

512 4371 611 4425 ubi
636 4372 823 4426 clerici
851 4373 1181 4444 psallebant,
1210 4375 1421 4446 positos
1446 4374 1616 4429 fuisse
1645 4374 1807 4430 docet
1846 4374 2148 4445 Gregorius

513 4464 572 4517 in
602 4464 700 4520 lib.
728 4482 747 4517 ι
773 4465 842 4519 de
869 4466 1053 4520 Gloria
1081 4471 1399 4537 martyrum
1427 4484 1549 4539 cap.
1581 4470 1669 4522 39.
1710 4466 1816 4531 Qui
1851 4467 2006 4520 locus
2044 4465 2150 4520 etsi

2312 1949 2395 2000 12.
2424 1948 2635 2000 Praeter
2653 1946 2919 2017 picturas,
2948 1946 3122 2000 etiam
3149 1945 3319 2017 pallia
3345 1944 3427 2014 (ut
3448 1942 3747 2013 vocabant)
3778 1957 3877 1997 seu

2239 2038 2445 2108 tapetia
2470 2055 2539 2092 ex
2566 2038 2877 2110 parietibus
2904 2038 3249 2109 pendebant,
3277 2037 3397 2092 vela
3425 2036 3485 2090 in
3514 2035 3693 2090 ostiis.
3735 2035 3875 2089 Gre-

2241 2131 2432 2201 gorius
2458 2131 2517 2185 in
2544 2131 2643 2185 lib.
2674 2148 2692 2185 1
2722 2132 2791 2186 de
2832 2131 3111 2187 Miraculis
3154 2130 3330 2184 sancti
3367 2128 3590 2184 Martini
3626 2144 3755 2198 cap.
3814 2130 3875 2181 13

2238 2222 2336 2290 ait,
2366 2223 2510 2277 hanc
2536 2223 2689 2294 apud
2714 2223 2878 2278 Italos
2901 2223 3204 2294 specialem
3233 2221 3513 2291 (mendose,
3537 2220 3876 2291 spiritalem)

2238 2315 2427 2385 vigere
2454 2316 2754 2382 medelam,
2784 2320 2847 2370 ut
2871 2316 2916 2370 si
2944 2316 3071 2386 quis
3097 2315 3341 2385 pustula:
3366 2313 3723 2385 percutiatur
3750 2311 3874 2365 vul-

2237 2422 2394 2475 nere,
2426 2408 2497 2462 ad
2521 2408 2912 2479 propinquum
2935 2408 3086 2481 quod
3104 2406 3273 2461 fuerit
3292 2405 3439 2460 beati
3457 2404 3678 2461 Martini
3696 2409 3881 2458 orato-

2238 2498 2391 2553 rium
2420 2500 2697 2555 habeatur
2719 2501 3082 2571 perfugium;
3116 2504 3173 2554 et
3197 2503 3295 2553 aut
3314 2514 3383 2552 ex
3406 2498 3526 2551 velo
3538 2498 3760 2567 januaa,
3782 2500 3881 2550 aut

2238 2591 2476 2661 palliolis
2486 2609 2614 2663 qua:
2632 2593 2882 2663 pendent
2903 2594 2971 2646 de
2982 2591 3311 2665 parietibus,
3328 2578 3604 2661 quidquid
3619 2589 3880 2659 primum

2239 2689 2467 2755 raptum
2490 2685 2681 2754 fuerit,
2712 2684 2778 2739 ﬁt
2803 2684 3043 2739 salubre.
3072 2703 3099 2734 ι)
3117 2683 3280 2753 Apud
3297 2682 3584 2749 eumdem,
3608 2681 3673 2734 in
3697 2680 3799 2747 lib.
3827 2696 3879 2734 ιν

2239 2777 2493 2834 Historiae
2523 2795 2644 2849 cap.
2677 2781 2767 2845 31,
2798 2777 2914 2832 avis
2944 2776 3206 2847 quaedam
3246 2793 3274 2825 «
3322 2774 3381 2827 in
3426 2772 3739 2827 sacrarium
3776 2772 3879 2825 sub

2238 2872 2366 2926 velo
2411 2890 2436 2922 ››
2471 2871 2731 2925 transisse
2773 2870 2997 2937 dicitur,
3039 2874 3095 2922 et
3140 2866 3475 2921 cicindelem
3512 2865 3880 2935 exstinguere

2239 2963 2501 3031 voluisse,
2546 2982 2574 3013 ι)
2614 2962 2723 3016 nisi
2772 2981 2800 3013 ι(
2847 2962 2918 3015 ab
2964 2959 3201 3014 ostiariis
3250 2977 3277 3010 »
3326 2956 3609 3029 prohibita
3656 2957 3878 3011 fuisset.

2242 3056 2561 3112 Sacrarium
2605 3056 2760 3109 locus
2801 3058 2884 3107 est
2922 3052 3133 3121 altaris,
3183 3067 3355 3122 quem
3393 3050 3582 3104 locum
3638 3049 3761 3102 vela
3811 3048 3879 3101 ad

2242 3150 2382 3203 ostia
2409 3146 2740 3219 presbyterii
2764 3162 3012 3217 appensa
3038 3143 3323 3216 tegebant.
3368 3142 3706 3197 lnferiorum
3749 3157 3882 3196 vero

2240 3242 2630 3296 ministrorum
2658 3238 2717 3294 id
2736 3239 2909 3294 officii
2937 3242 3074 3306 erat,
3104 3242 3169 3292 ut
3190 3237 3485 3292 senioribus
3502 3236 3622 3288 vela
3643 3235 3721 3288 ad
3741 3237 3881 3289 ostia

2241 3336 2604 3396 sublevarent,
2633 3349 2702 3387 ex
2736 3331 2957 3386 concilii
2986 3328 3362 3385 Narbonensis
3390 3343 3602 3381 canone
3640 3331 3726 3381 13.
3770 3328 3879 3381 Ne-

2243 3426 2529 3499 potianus,
2554 3430 2696 3480 teste
2724 3424 3084 3494 Hieronymo,
3129 3421 3374 3476 maxime
3418 3419 3690 3474 sollicitus
3734 3422 3878 3486 erat,

2248 3539 2275 3571 (ί
2303 3520 2349 3573 si
2374 3519 2579 3573 niteret
2602 3518 2796 3585 altare,
2824 3516 2869 3570 si
2892 3516 3138 3588 parietes
3165 3514 3374 3584 absque
3401 3512 3665 3584 fuligine,
3699 3512 3748 3566 si
3775 3529 3875 3583 pa-

2245 3613 2558 3667 vimentum
2583 3616 2818 3678 tersum,
2846 3610 2893 3662 si
2910 3608 3127 3680 janitor
3153 3607 3351 3661 creber
3379 3605 3439 3659 in
3465 3609 3650 3676 porta,
3682 3605 3731 3658 si
3763 3605 3882 3660 vela

2245 3722 2469 3776 semper
2491 3704 2552 3757 in
2578 3703 2755 3771 ostiis,
2787 3702 2833 3756 si
2858 3699 3164 3756 sacrarium
3192 3698 3494 3765 mundum,
3534 3697 3582 3751 si
3620 3713 3753 3751 vasa
3792 3697 3880 3750 lu-

2245 3801 2490 3866 culenta,
2523 3801 2579 3851 et
2603 3796 2661 3849 in
2690 3811 2888 3850 omnes
2914 3792 3277 3848 caeremonias
3306 3791 3400 3862 pia
3424 3789 3745 3845 sollicitudo
3776 3790 3882 3845 dis-

2245 3893 2448 3964 posita.
2481 3909 2509 3941 »
2543 3890 2623 3943 Ad
2652 3890 2773 3942 haec
2800 3888 2857 3941 in
2897 3886 3122 3941 ciboriis
3162 3885 3335 3939 etiam
3360 3883 3484 3937 vela
3510 3885 3780 3953 quatuor,
3812 3897 3884 3935 ne

2248 4002 2401 4041 sacra
2435 3982 2765 4055 quorumvis
2792 3979 3047 4051 aspectui
3074 3980 3351 4049 paterent,
3398 3991 3671 4047 suspensa
3713 3974 3887 4029 fuisse

2247 4077 2433 4147 colligi
2460 4079 2645 4146 potest
2671 4090 2739 4128 ex
2761 4072 2935 4127 simili
2960 4086 3122 4125 more
3159 4085 3272 4124 non
3305 4068 3491 4122 solum
3528 4066 3881 4131 Graecorum,

2248 4172 2341 4226 sed
2394 4169 2564 4224 etiam
2613 4168 3022 4232 Romanorum,
3076 4164 3145 4217 de
3190 4162 3396 4233 quibus
3453 4160 3783 4214 Anastasius
3829 4160 3885 4213 in

2247 4265 2431 4319 Leone
2474 4263 2586 4316 lll:
2643 4281 2670 4313 «
2711 4259 2866 4314 Fecit
2896 4261 2952 4312 et
2990 4257 3052 4310 in
3094 4255 3331 4310 circuitu
3379 4253 3570 4307 altaris
3607 4253 3722 4307 alia
3768 4255 3886 4308 vela

2247 4357 2392 4424 alba,
2425 4354 2737 4411 holoserica
2758 4356 2963 4418 rosata,
2994 4364 3122 4419 quae
3147 4345 3397 4417 pendent
3427 4345 3487 4398 in
3520 4360 3658 4399 arcu
3698 4346 3773 4402 de
3820 4347 3887 4401 ci-

2247 4450 2425 4516 borio,
2456 4463 2692 4503 numero
2731 4448 2994 4515 quatuor.
3042 4461 3071 4488 »
3113 4427 3446 4509 Quanquam
3491 4437 3560 4493 de
3604 4438 3886 4509 ejusmodi

512 4557 582 4611 ad
629 4557 805 4613 sancti
848 4559 1125 4613 pancratii
1170 4531 1460 4615 εοξιεδίδω
1486 4531 1511 4628 ξ
1550 4576 1677 4631 qum
1723 4575 1841 4613 non
1877 4559 2077 4629 procul
2119 4575 2151 4612 ε
2170 4553 2230 4624 D
2253 4543 2388 4597 velis
2413 4541 2484 4595 ad
2502 4538 2714 4594 ciboria
2736 4535 2952 4590 nullam
2976 4531 3201 4586 invenio
3219 4531 3373 4602 apud
3392 4536 3609 4585 veteres
3628 4537 3888 4587 auctores

514 4650 706 4704 Romae
735 4652 890 4705 urbis
918 4668 1084 4706 muro
1112 4656 1252 4720 erat,
1271 4652 1571 4724 pertineat,
1604 4652 1695 4706 hic
1717 4656 1910 4706 tamen
1934 4668 2051 4706 non
2072 4651 2148 4705 vi-

513 4743 681 4797 detur
705 4745 1242 4812 praetermittendus.
1270 4744 1362 4799 Ait
1396 4745 1585 4815 itaque
1625 4748 1880 4799 sanctum
1915 4746 2149 4798 Pancra-

513 4834 657 4889 tium
687 4851 944 4890 severum
968 4836 1139 4891 fuisse
1165 4838 1233 4891 de
1256 4836 1501 4908 perjuris
1527 4837 1772 4891 ultorem
1802 4853 1816 4891 :
1863 4855 1889 4888 «
1926 4836 2007 4891 Ad
2047 4852 2146 4890 cu-

506 4928 604 4998 jus
624 4928 944 4998 sepulcrum
975 4928 1020 4981 si
1048 4929 1384 4999 cujusquam
1423 4945 1585 4984 mens
1622 4928 1819 4983 insana
1850 4929 2146 4999 juramen-

510 5024 634 5074 tum
659 5020 825 5074 inane
851 5020 1103 5091 proferre
1143 5021 1401 5089 voluerit,
1456 5020 1788 5093 priusquam
1825 5021 2147 5091 sepulcrum

514 5112 636 5183 ejus
662 5112 842 5182 adeat,
872 5113 978 5167 hoc
1006 5117 1090 5167 est
1118 5116 1425 5184 antequam
1453 5114 1523 5169 ad
1565 5114 1859 5181 cancellos,
1908 5112 2008 5182 qui
2045 5112 2148 5165 sub

514 5221 649 5261 arcu
672 5205 973 5273 habentur,
1002 5205 1100 5259 ubi
1120 5206 1453 5262 clericorum
1478 5205 1842 5278 psallentium
1868 5208 2013 5259 stare
2028 5220 2149 5258 mos

514 5304 617 5366 est,
641 5299 883 5368 accedat,
914 5298 1100 5353 statim
1127 5302 1227 5354 aut
1252 5301 1526 5372 arripitur
1550 5316 1584 5353 a
1613 5298 1890 5367 daemone,
1920 5301 2018 5351 aut
2054 5313 2148 5351 ca-

517 5392 653 5445 dens
682 5392 741 5446 in
769 5392 1155 5463 pavimentum
1188 5393 1396 5448 emittit
1422 5390 1705 5461 spiritum.
1732 5410 1760 5442 »
1782 5388 2025 5445 Cancelli
2046 5388 2151 5442 cle-

516 5483 765 5539 ricorum
802 5485 1043 5540 chorum
1069 5490 1124 5541 et
1149 5486 1323 5539 altare
1353 5502 1385 5537 a
1414 5482 1568 5538 laieis
1595 5483 1951 5553 separabant,
1983 5481 2147 5535 sicuti

516 5576 829 5644 przescribit
854 5595 1033 5633 canon
1069 5579 1101 5633 4
1141 5577 1361 5632 concilii
1399 5593 1438 5629 ιι
1480 5575 1864 5630 Turonensis:
1916 5577 1982 5631 Ut
2025 5575 2155 5628 laici

420 5708 438 5725 .
516 5683 661 5722 secus
706 5670 901 5734 altare,
937 5687 1041 5742 quo
1086 5674 1273 5725 sancta
1310 5671 1570 5738 mystem'a
1616 5670 1972 5731 celebrantur,
2012 5669 2154 5722 inter

519 5760 732 5816 clericos
763 5768 873 5819 tam
903 5765 978 5819 ad
1017 5762 1261 5829 vigilias,
1303 5777 1467 5831 quam
1509 5762 1585 5815 ad
1626 5764 1837 5824 missas,
1876 5765 2023 5816 stare
2052 5776 2151 5831 pe-

520 5854 665 5909 nitus
693 5872 796 5909 non
816 5857 1153 5927 praesumant
1180 5873 1195 5913 :
1227 5855 1319 5910 sed
1360 5870 1493 5929 pars
1533 5855 1633 5909 illa
1674 5869 1795 5924 quae
1830 5870 1865 5909 a
1906 5853 2155 5908 cancellis

2247 4640 2466 4690 nostros
2482 4630 2850 4686 mentionem.
2870 4626 3010 4680 Illud
3024 4624 3193 4679 etiam
3213 4624 3324 4678 huc
3335 4624 3485 4691 facit,
3508 4623 3662 4695 quod
3685 4625 3883 4695 pallas,

2248 4728 2453 4800 quibus
2471 4740 2625 4778 sacra
2644 4721 3001 4791 tegebantur,
3021 4733 3137 4772 non
3155 4716 3282 4790 '79
3296 4722 3514 4787 tenues,
3531 4720 3599 4771 ut
3614 4716 3883 4785 diximus,

2248 4820 2345 4875 sed
2372 4819 2571 4872 densas
2591 4831 2709 4870 esse
2738 4813 3003 4868 volebant
3030 4816 3307 4867 nostrates
3333 4811 3492 4880 Galli,
3515 4826 3587 4865 ne
3615 4811 3887 4880 mysteria

2248 4931 2282 4967 a
2333 4910 2621 4984 quibusvis
2668 4911 3057 4962 cernerentur.
3108 4906 3245 4970 Quae
3291 4904 3476 4959 cautio
3517 4919 3635 4957 non
3690 4904 3888 4959 fuisset

2249 5003 2580 5070 necessaria,
2613 5002 2661 5057 si
2685 5003 2942 5057 velorum
2983 5016 3152 5054 usum
3193 4999 3253 5052 in
3283 4996 3504 5052 cibariis
3533 4996 3883 5051 habuissent.

2249 5098 2639 5155 Pavimentum
2670 5111 2802 5150 vero
2826 5094 3080 5150 ecclesias
3118 5107 3235 5147 non
3269 5108 3397 5146 raro
3440 5106 3510 5145 ex
3551 5090 3793 5159 musivo,
3832 5088 3887 5144 id

2251 5197 2335 5247 est
2359 5189 2647 5246 tessellatis
2683 5188 2988 5260 lapidibus,
3022 5190 3085 5241 ut
3121 5184 3469 5241 Coloniensis
3507 5182 3885 5237 Thebaaorum

2251 5285 2403 5356 apud
2427 5283 2763 5355 Gregorium
2783 5283 2844 5337 in
2874 5282 2971 5336 lib.
2990 5298 3010 5335 1
3029 5281 3098 5335 de
3123 5278 3300 5350 gloria
3316 5278 3625 5347 Martyrum
3646 5292 3774 5346 cap.
3798 5279 3883 5329 62.

2249 5380 2483 5433 Tectum
2506 5376 2812 5448 aliquando
2840 5392 2907 5430 ex
2935 5390 3110 5444 cupro
3135 5376 3274 5437 erat,
3305 5374 3371 5425 ut
3400 5370 3468 5424 de
3492 5367 3727 5424 basilica
3755 5383 3879 5422 san-

2252 5477 2356 5528 cta:
2384 5472 2579 5527 Crucis
2603 5476 2660 5526 et
2683 5468 2860 5525 sancti
2888 5466 3163 5522 Vincentii
3195 5462 3406 5535 legitur
3430 5463 3490 5517 in
3518 5462 3637 5517 Vita
3668 5461 3885 5516 Drocto-

2252 5565 2341 5622 vei
2367 5565 2601 5639 abbatis.
2631 5564 2737 5619 Sed
2762 5563 2885 5618 haec
2914 5560 3220 5615 minutiora
3245 5557 3431 5611 mitto.

2329 5663 2415 5717 13.
2442 5658 2713 5714 Paulinus
2740 5656 2798 5711 in
2828 5654 3066 5726 cpistola
3107 5651 3178 5706 ad
3223 5651 3493 5705 Severum
3529 5647 3783 5719 loquitur
3822 5645 3885 5700 de

2258 5774 2286 5807 «
2312 5751 2620 5811 secretariis
2648 5749 2868 5806 duobus
2888 5748 3056 5819 juxta
3080 5744 3353 5816 apsidem,
3391 5764 3419 5792 »
3450 5741 3738 5812 refertque
3763 5754 3883 5793 ver-

2254 5865 2349 5904 sus
2371 5845 2679 5901 indicantes
2707 5862 2735 5896 ‹‹
2764 5839 2946 5897 officia
2971 5838 3348 5911 singulorum.
3379 5856 3407 5888 »
3443 5837 3509 5890 Et
3541 5833 3771 5907 quidem
3821 5830 3883 5887 ad
