4020 6232
124 366 203 419 157
1083 358 1170 417 DE
1206 358 1519 418 LITURGIA
1553 358 1925 417 GALLICANA
1963 360 2161 417 LIBER
2199 361 2465 420 PRIMUS.

3348 367 3447 423 l58

119 471 340 527 dextram
363 470 485 525 erat
511 487 543 521 α
572 468 894 524 veneranda
918 484 1118 541 penus,
1155 485 1269 541 qua
1297 469 1579 539 conditur,
1607 490 1637 521 »
1666 474 1722 525 et
1743 479 1802 553 Α
1820 467 1976 523 aditu
1999 469 2253 540 porticus
2276 470 2347 526 ad
2371 470 2612 527 totidem
2638 472 2860 545 portas:
2884 486 3128 546 quarum
3148 489 3264 529 una
3280 489 3446 546 capa-

118 582 173 620 ex
196 584 222 616 α
245 580 350 635 qua
373 561 667 634 promitur
704 562 849 618 sacri
872 579 1081 634 pompa
1117 562 1435 633 ministerii,
1480 584 1509 613 »
1549 564 1608 619 id
1643 569 1728 620 est
1824 560 1944 616 cior
1969 562 2308 632 pcenitentes
2332 563 2665 636 excipiebat.
2694 565 2872 622 Media
2895 567 3051 620 navis
3074 566 3353 621 columnis
3379 582 3448 622 ex

117 674 245 714 sacra
268 656 538 728 supellex,
581 655 786 712 calices
820 656 1033 711 scilicet
1068 660 1126 712 et
1158 656 1380 729 reliqua
1406 676 1423 711 :
1464 657 1536 712 ad
1582 657 1723 712 sini-

116 758 264 807 stram
299 756 458 806 erant
508 750 648 806 libri
692 752 857 819 sacri,
913 766 1121 821 nempe
1166 750 1297 804 libri
1345 751 1720 819 Psalmorum,

118 844 537 916 Evangeliomm,
587 850 647 899 et
689 844 1088 915 Epistolarum,
1136 842 1422 914 simulque
1466 843 1718 899 Missalis.

116 939 352 995 Missalem
376 938 533 993 hunc
556 938 774 993 librum
803 936 1073 1007 intelligit
1095 936 1399 1007 Gregorius
1438 936 1499 991 in
1538 937 1637 992 lib.
1679 954 1719 992 ιι

116 1032 336 1087 Historiae
361 1048 485 1103 cap.
517 1034 617 1099 22,
650 1031 749 1086 ubi
768 1030 836 1086 de
856 1029 1083 1085 Sidonio
1098 1029 1438 1085 Arvernensi
1458 1029 1722 1101 episcopo

116 1126 336 1197 loquitur
360 1124 420 1179 in
445 1125 606 1179 hunc
640 1125 876 1179 modum
903 1140 918 1179 :
951 1142 981 1176 α
1011 1123 1246 1180 Sanctus
1283 1138 1418 1178 vero
1461 1122 1724 1178 Sidonius

118 1223 262 1272 tantae
281 1217 554 1272 facundiae
581 1222 725 1286 erat,
752 1221 819 1272 ut
841 1217 1179 1288 plerumque
1205 1232 1272 1270 ex
1298 1215 1604 1286 improviso
1627 1215 1719 1270 lu-

120 1310 460 1365 culentissime
498 1327 637 1382 qum
672 1309 960 1379 voluisset,
1001 1309 1159 1363 nulla
1197 1308 1498 1363 obsistente
1538 1325 1717 1378 mora,

120 1408 462 1473 componeret.
494 1404 750 1474 Contigit
774 1407 968 1457 autem
992 1402 1239 1473 quadam
1267 1400 1377 1469 die,
1401 1405 1466 1456 ut
1481 1402 1552 1456 ad
1570 1402 1722 1456 festi-

120 1498 316 1551 vitatem
358 1495 605 1551 basilica:
657 1495 988 1550 monasterii
1030 1493 1262 1564 (scilicet
1299 1493 1449 1548 beati
1484 1493 1718 1565 Cyriaci)

122 1589 349 1643 invitatus
372 1589 669 1644 accederet
698 1605 713 1643 :
748 1588 1048 1659 ablatoque
1074 1586 1179 1641 sibi
1207 1586 1468 1658 nequiter
1506 1585 1716 1656 libello,

123 1697 207 1753 per
226 1698 342 1753 quae
363 1685 720 1736 sacrosancta
748 1680 1022 1736 solemnia
1044 1695 1214 1751 agere
1234 1684 1620 1748 consueverat,
1641 1679 1721 1734 ita

121 1778 312 1844 paratus
328 1791 360 1828 a
377 1780 639 1845 tempore
659 1778 928 1830 cunctum
948 1772 1263 1829 festivitatis
1276 1787 1418 1843 opus
1432 1771 1716 1843 explicuit,

122 1867 512 1923 utabomnibus
535 1868 862 1934 miraretur,
902 1882 1008 1922 nec
1041 1869 1342 1937 putaretur
1383 1866 1454 1920 ab
1492 1864 1719 1920 astanti-

125 1960 209 2013 bus
226 1960 423 2015 ibidem
446 1960 749 2015 hominem
777 1961 1032 2015 locutum
1060 1959 1251 2028 fuisse,
1281 1958 1379 2013 sed
1422 1960 1717 2030 angelum.

126 2052 252 2115 Quod
300 2053 356 2107 in
401 2052 739 2123 praefatione
782 2053 909 2107 libri
954 2051 1164 2120 (subdit
1197 2051 1518 2122 Gregorius)
1549 2067 1721 2122 quem

126 2143 179 2196 de
200 2144 349 2198 llissis
372 2145 442 2198 ab
468 2162 538 2200 eo
563 2144 894 2216 compositis
919 2143 1340 2213 conjunximus,
1368 2144 1590 2214 plenius
1606 2144 1717 2221 _de-

126 2234 434 2291 claravimus.
468 2256 495 2285 ››
539 2237 817 2291 Missalem
855 2233 1271 2306 Gregorianum
1314 2236 1466 2291 inter
1509 2235 1721 2306 primos

124 2328 332 2399 appellat
354 2331 600 2385 Otkerus
626 2346 725 2383 seu
762 2329 1026 2385 Otkarius
1067 2329 1320 2400 pontifex
1361 2329 1721 2399 Moguntinus

124 2420 397 2492 inepistola
423 2422 495 2476 ad
519 2423 838 2491 Tattonem,
889 2438 1019 2492 quae
1058 2427 1142 2477 est
1178 2423 1276 2477 114
1311 2421 1461 2476 inter
1505 2422 1722 2478 Bonifa-

128 2514 297 2568 cianas.

184 2606 254 2660 14.
279 2606 525 2678 Denique
554 2607 615 2662 in
641 2606 967 2661 salutatorio
997 2608 1314 2663 sacerdotes
1338 2624 1518 2662 sacras
1542 2612 1721 2662 vestes

129 2695 231 2769 80
258 2699 580 2769 induebant,
617 2716 811 2753 causas
832 2699 1161 2766 audiebant,
1192 2701 1433 2771 synodos
1472 2700 1719 2755 celebra-

129 2787 250 2857 bant,
273 2791 591 2863 ibidemque
620 2792 924 2863 aliquando
957 2792 1279 2847 manebant.
1316 2794 1477 2856 Quod
1512 2793 1581 2848 de
1611 2794 1719 2848 Na-

129 2884 266 2937 matio
281 2886 660 2939 Arvernorum
679 2884 928 2939 antistite
950 2885 1123 2939 tradit
1142 2885 1444 2956 Gregorius
1465 2885 1526 2940 in
1547 2887 1724 2940 Histo—

128 2972 206 3027 ria:
227 2975 312 3029 lib.
343 2993 379 3030 ιι
405 2993 532 3048 cap.
558 2981 652 3045 21,
683 2981 740 3031 et
775 2976 846 3031 de
876 2976 1139 3031 Eberulfo
1179 2977 1239 3031 in
1286 2978 1383 3031 lib.
1422 2994 1495 3031 vn
1538 2995 1585 3032 c.
1629 2982 1719 3035 22.

129 3068 348 3123 Aliaerat
382 3070 586 3124 domus
624 3068 896 3135 ecclesim,
940 3069 1105 3138 cujus
1146 3068 1409 3124 meminit
1456 3071 1623 3125 variis
1665 3070 1726 3125 in

1822 670 2110 709 marmore
2145 656 2495 727 Aquitanico,
2537 657 2595 713 id
2633 664 2718 713 est
2762 675 2792 713 e
2840 659 3123 730 Pyrenaeis
3159 659 3449 714 montibus

1822 746 2026 816 exciso,
2057 747 2192 802 hinc
2219 748 2351 803 inde
2375 749 2595 816 vallata,
2627 750 2788 822 quasi
2811 751 3009 806 silvam
3035 767 3262 806 saxeam
3289 751 3448 806 exhi-

1819 838 2005 894 bebat.
2033 840 2197 911 Apud
2224 841 2489 896 eumdem
2519 847 2807 897 auctorem
2832 843 2889 896 in
2916 844 3169 898 carmine
3211 848 3273 898 16
3314 859 3452 914 pon-

1819 931 1957 986 tifex
2003 952 2032 983 «
2059 933 2490 988 concionaturus
2531 934 2591 989 in
2635 936 2904 1007 gradibus
2947 935 3287 991 venerabilis
3330 953 3446 991 ara:

1822 1024 2152 1094 (constitisse
2189 1026 2433 1095 dicitur),
2469 1027 2635 1097 plebe
2676 1029 3144 1096 circumsistente,
3198 1047 3226 1080 »
3267 1028 3325 1083 id
3364 1033 3450 1084 est

1821 1122 2020 1172 stante.
2077 1119 2217 1173 Nam
2266 1119 2599 1174 concionem
2641 1136 2859 1175 sacram
2904 1121 3186 1176 auditores
3222 1120 3449 1176 nonnisi

1821 1215 2031 1267 stantes
2066 1211 2441 1283 excipiebant,
2468 1216 2535 1267 ut
2558 1211 2798 1267 eximius
2826 1213 3163 1269 Sirmundus
3185 1214 3257 1268 ad
3293 1214 3447 1269 hunc

1821 1302 2011 1357 locum
2036 1304 2344 1359 annotavit.
2374 1305 2566 1375 Neque
2590 1304 2696 1359 hoc
2722 1308 3076 1375 praeteream,
3105 1306 3258 1377 quod
3294 1306 3446 1361 idem

1821 1395 2080 1450 Sidonius
2103 1396 2164 1451 in
2190 1396 2442 1451 carmine
2473 1400 2534 1450 17
2561 1396 2753 1451 laudat
2774 1397 3023 1452 Gazetica
3055 1397 3208 1466 vina,
3243 1398 3447 1469 Grego-

1820 1488 1905 1542 rio
1931 1489 2198 1543 Gazetum
2223 1488 2440 1559 vinum,
2471 1505 2643 1560 supra
2666 1489 2729 1543 in
2755 1505 2878 1559 cap.
2907 1492 2958 1555 6,
2988 1506 3149 1545 num.
3177 1489 3232 1559 4,
3259 1490 3334 1544 ita
3368 1490 3448 1545 di-

1819 1583 1976 1635 ctum
2001 1598 2035 1635 a
2060 1581 2201 1636 Gaza
2225 1581 2556 1649 Palmstinae,
2584 1585 2825 1637 testante
2848 1581 3079 1636 Isidem.

1966 1674 1985 1703 “
2473 1713 2690 1769 CAPUT
2719 1716 2803 1769 1x.

1743 1835 1799 1907 B
1824 1815 2025 1907 Qualia
2038 1815 2157 1907 loco
2182 1817 2371 1907 pgsitrze
2390 1818 2996 1907 iunctorum‘rel‘iquiasi;
3024 1835 3097 1872 an
3137 1823 3189 1907 et
3211 1820 3306 1874 ubi
3334 1822 3445 1907 Eu;

1894 1886 2151 1939 cham‘stia
2177 1887 2250 1939 ad
2279 1888 2552 1941 Viaticum
2577 1886 2853 1941 reservata
2874 1892 3000 1942 ante
3024 1890 3274 1944 saeculum
3311 1907 3403 1943 vm
3420 1891 3450 1944 τ

1892 1957 2020 2022 Quae
2066 1960 2193 2009 tunc
2234 1958 2487 2026 temporis
2542 1958 2771 2012 ecclesiae
2816 1959 3110 2015 Gallicana
3144 1961 3211 2015 de
3241 1962 3451 2016 Eucha-

1891 2028 2052 2080 ristia
2077 2027 2229 2095 ﬁdes.

1889 2147 2017 2222 82
2049 2152 2098 2203 1.
2130 2150 2210 2204 Ad
2235 2148 2553 2205 absolutam
2579 2150 2647 2205 de
2673 2150 2843 2205 missa
2868 2151 3257 2207 tractationem
3280 2152 3451 2224 perti-

1819 2245 1918 2296 net
1942 2240 2306 2296 Eucharistim
2331 2242 2634 2298 reservatio
2672 2243 2742 2298 ad
2784 2243 3071 2312 viaticum,
3114 2259 3286 2315 quam
3317 2247 3451 2299 ante

1821 2335 2094 2389 saeculum
2122 2351 2213 2388 vm
2238 2338 2337 2389 aut
2358 2352 2411 2389 Ix
2430 2335 2636 2391 factam
2655 2340 2867 2407 negant
2882 2335 3111 2408 quidam
3133 2340 3445 2391 novatores.

1821 2425 1927 2481 Sed
1965 2430 2269 2498 antequam
2307 2427 2364 2482 id
2400 2429 2805 2499 expendamus,
2846 2428 2915 2483 de
2954 2428 3206 2500 reliquiis
3238 2432 3451 2484 sancto-

1820 2534 1951 2581 rum
1980 2535 2289 2591 earumque
2318 2519 2379 2574 in
2406 2521 2642 2575 ecclesia
2662 2520 2944 2592 positione
2964 2521 3251 2593 agendum
3266 2524 3367 2591 est,
3388 2525 3454 2577 ut

1820 2610 2074 2681 planiora
2098 2612 2238 2666 ﬁant
2265 2627 2395 2683 quae
2436 2613 2506 2668 de
2542 2613 2907 2669 Eucharistias
2944 2613 3321 2669 reservatione
3364 2613 3450 2669 di-

1822 2704 1998 2758 cenda
2022 2709 2173 2759 sunt.

1892 2798 1947 2850 2.
1973 2796 2172 2851 Tribus
2196 2796 2256 2851 in
2280 2797 2419 2852 locis
2446 2797 2713 2870 reliquias
2750 2816 2934 2854 sacras
2978 2800 3237 2855 conditas
3280 2799 3451 2856 fuisse

1821 2888 2123 2959 Gregorius
2148 2892 2234 2944 est
2253 2894 2467 2945 auctor.
2499 2892 2688 2945 Primo
2715 2891 2776 2945 in
2803 2892 3014 2963 cryptis
3048 2893 3449 2961 subterraneis,

1822 2996 2029 3053 nempe
2057 2982 2253 3038 subtus
2278 2982 2472 3038 altare.
2504 2983 2663 3047 Quod
2687 2984 2886 3054 probat
2911 2985 3174 3056 egregius
3199 2985 3453 3057 Gregorii

1822 3074 1976 3129 locus
2002 3074 2071 3129 de
2095 3091 2332 3145 corpore
2359 3075 2536 3129 sancti
2562 3075 2712 3130 Petri
2738 3076 2797 3130 in
2822 3076 3088 3131 Vaticano
3115 3077 3342 3149 sepulti,
3387 3077 3446 3131 in

129 3159 233 3213 locis
256 3160 397 3215 idem
421 3167 643 3231 auctor,
673 3161 827 3215 haud
865 3160 1032 3215 dubie
1072 3161 1403 3232 episcopalis
1441 3162 1590 3217 aedes
1628 3180 1718 3219 ec-
1742 3192 1798 3266 Ο
1824 3166 1923 3221 lib.
1951 3185 1969 3221 ι
2002 3168 2073 3222 de
2114 3167 2300 3222 Gloria
2340 3172 2659 3240 martyrum
2702 3186 2825 3240 cap.
2863 3172 2952 3238 28,
2996 3173 3166 3241 atque
3208 3170 3353 3225 alter
3390 3170 3451 3224 in

130 3252 278 3307 etesia:
302 3254 599 3309 adhaerens
626 3270 640 3309 :
675 3257 868 3324 utpote
896 3252 957 3307 in
987 3269 1098 3324 qua
1128 3260 1383 3309 maneret
1401 3254 1718 3327 episcopus,
1749 3252 1798 3266 "
1822 3259 2077 3329 ejusdem
2099 3260 2228 3314 libri
2257 3276 2380 3332 cap.
2426 3264 2514 3330 32,
2557 3262 2657 3316 ubi
2703 3261 2774 3317 de
2810 3261 3045 3317 ecclesia
3086 3262 3262 3317 sancti
3299 3263 3452 3318 Petri

130 3348 173 3398 et
192 3346 414 3402 convivia
443 3347 778 3414 celebraret,
808 3350 873 3400 ut
901 3336 1079 3416 patet-
1100 3362 1171 3399 ex
1210 3346 1462 3402 Historiae
1503 3349 1604 3405 lib.
1646 3366 1722 3404 vn

131 3454 260 3509 capp.
285 3442 347 3493 2‘7
372 3444 428 3494 et
450 3442 542 3508 29,
573 3442 630 3493 et
658 3454 727 3493 ex
758 3437 856 3492 lib.
890 3454 965 3507 Ix,
994 3453 1119 3508 cap.
1154 3442 1238 3493 12.

187 3535 256 3585 15.
282 3534 420 3587 Pene
448 3531 753 3599 exciderat,
782 3546 954 3602 quam
981 3532 1413 3601 praetermittere
1434 3550 1547 3589 non
1566 3536 1716 3605 licet,

132 3622 384 3694 descriptio
407 3623 656 3679 ecclesiae
684 3622 948 3693 Lugduni
970 3627 1270 3678 exstructa:
1290 3641 1393 3696 per
1406 3627 1719 3685 Patientem

132 3715 409 3786 episcopum
432 3734 446 3771 :
464 3732 642 3788 quam
651 3715 1091 3786 descriptionem
1112 3717 1447 3787 Apollinaris
1459 3721 1719 3778 Sidonius

134 3806 404 3879 inepistola
428 3809 498 3864 ad
538 3808 894 3879 Hesperium,
934 3825 1063 3879 quae
1106 3814 1191 3865 est
1231 3811 1361 3866 libri
1406 3829 1445 3866 ιι
1484 3813 1719 3885 epistola

135 3897 328 3970 decima,
354 3902 604 3956 versibus
629 3900 861 3955 exhibet
886 3900 945 3954 in
972 3902 1125 3956 hunc
1153 3903 1411 3958 modum.

338 4007 492 4070 dides
514 4008 658 4058 celsa
684 4005 956 4070 nitet,,nec
978 4005 1033 4054 in
1060 4005 1343 4070 sinistrum,

337 4073 433 4119 Aut
456 4069 697 4118 dextrum
722 4067 960 4126 trahitur,
986 4066 1077 4115 sed
1102 4081 1222 4117 arce
1254 4066 1437 4121 frontis

338 4131 514 4202 prtum
540 4129 795 4202 prospicit
819 4128 1257 4202 aequinoctialem.

338 4193 474 4241 Intus
498 4191 587 4241 lux
612 4191 788 4250 micat,
807 4196 962 4253 atque
976 4191 1307 4253 bracteatum

337 4255 417 4302 Sol
440 4255 516 4304 sic
541 4253 849 4303 sollicitatur
872 4251 938 4300 ad
972 4252 1202 4311 lacunar,

340 4316 495 4364 Fulvo
518 4319 579 4366 ut
602 4315 853 4364 concolor
877 4319 1015 4362 erret
1040 4314 1092 4363 in
1121 4315 1349 4365 metallo.

342 4377 645 4427 Distinctum
668 4375 812 4426 vario
838 4375 1007 4424 nitore
1032 4389 1261 4426 marmor

343 4439 602 4488 Percurrit
628 4451 911 4493 cameram,
935 4437 1123 4497 solum,
1148 4437 1400 4489 fenestras
1430 4456 1443 4489 :

344 4502 413 4549 Ac
442 4502 536 4549 sub
561 4498 966 4549 versicoloribus
989 4497 1166 4559 ﬁguris

344 4562 575 4611 Vernans
597 4560 817 4623 herbida
840 4564 1012 4623 crusta
1036 4560 1362 4623 sapphiratos

342 4624 517 4686 flectit
542 4637 636 4686 per
661 4621 928 4686 prasinum
951 4621 1145 4686 vitrum
1164 4622 1386 4686 lapillos.

340 4684 464 4753 l_lu_ic
491 4683 826 4753 estporticus
853 4683 1111 4753 applicata
1133 4683 1342 4753 triplex,

340 4744 618 4809 Fulmentis
643 4744 965 4809 Aquitanicis
986 4744 1213 4809 superba
1238 4760 1252 4794 :

338 4806 411 4872 5d
436 4808 584 4872 cujus
608 4805 1182 4872 specimenremotiora

336 4866 588 4932 Glaudunt
608 4866 739 4918 atria
761 4866 994 4932 porticus
1018 4866 1261 4932 secundm
1287 4882 1300 4915 :

341 4929 397 4994 ξι
418 4944 663 4994 campum
688 4928 917 4994 medium
936 4929 1122 4994 procul
1148 4928 1342 4979 locatas

337 4991 495 5054 Xestit
517 4990 675 5041 saxea
699 4991 827 5041 silva
850 4990 953 5054 per
970 4990 1258 5039 columnas.

340 5052 468 5118 [line
492 5068 650 5118 agger
674 5051 989 5118 sonat,'hinc
1015 5054 1145 5101 Arar
1172 5051 1401 5118 respuat.

338 5114 464 5179 Ilin‘c
487 5113 602 5164 sése
628 5116 807 5179 pedes,
830 5119 982 5178 atque
1009 5126 1169 5176 eques
1191 5113 1432 5175 reflectit,

337 5174 453 5294 C81
487 5174 803 5235 Stridentum
829 5190 880 5234 et
899 5174 1203 5233 moderator
1227 5174 1528 5235 essedorum
1555 5202 1568 5235 :

374 5260 617 5294 arvorum
639 5247 766 5294 hinc
793 5247 987 5294 chorus
1009 5244 1395 5294 helciariorum.

374 5244 617 5296 {ir—vorum
639 5247 766 5296 hinc
793 5247 987 5295 chorus
1009 5244 1395 5307 helciariorum,

339 5307 772 5371 Responsantibus
790 5308 827 5357 Α
839 5308 1024 5371 Ιιεῑυίᾳ
1049 5307 1193 5370 ripis,

343 5369 413 5417 Ad
435 5368 692 5419 Christum
721 5370 858 5418 levat
881 5368 1142 5418 amnicum
1174 5368 1428 5418 celeuma.

339 5430 415 5495 Sic
438 5431 512 5480 sic
539 5431 742 5495 psallite
768 5434 925 5495 nauta
948 5431 1035 5479 vel
1059 5430 1225 5495 viator
1252 5444 1265 5478 :

338 5490 560 5556 Eamque
583 5493 678 5542 iste
703 5495 781 5556 est
802 5493 955 5556 locus
982 5492 1224 5556 omnibus
1247 5490 1526 5555 petendus,

344 5552 526 5605 Omnes
550 5567 654 5619 quo
678 5555 762 5604 via
786 5553 929 5603 ducit
951 5553 1016 5604 ad
1039 5552 1278 5603 salutem'.

148 5646 336 5710 Ecclesia
360 5674 490 5731 ergo
512 5660 628 5731 illa,
653 5660 868 5716 Orienti
887 5660 1142 5728 obversa,
1164 5658 1415 5731 laqueari
1444 5660 1713 5716 deaurato

152 5751 303 5800 Ornata
328 5756 455 5807 erat.
498 5754 579 5808 Ex
621 5769 906 5809 marmore
949 5752 1162 5820 fornix,
1202 5752 1614 5823 pavimentum,
1657 5756 1715 5807 et

149 5828 373 5911 fenestra,
400 5844 551 5900 vitris
575 5845 1005 5903 versicoloribus
1046 5842 1343 5900 distinctae.
1387 5844 1613 5917 Triplex
1652 5844 1713 5902 in

1820 3352 1971 3423 apud
2009 3352 2404 3423 Burdegalam,
2443 3353 2704 3424 superius
2743 3372 2777 3409 a
2812 3354 2974 3409 nobis
3015 3355 3245 3410 relatus.
3298 3355 3453 3410 Idem

1777 3510 1788 3522 .
1819 3445 2020 3499 astruit
2060 3443 2143 3514 (ut
2180 3445 2318 3500 alios
2362 3446 2642 3518 omittam)
2685 3447 2953 3503 Paulinus
2994 3447 3055 3502 in
3095 3447 3271 3503 natali
3306 3450 3337 3503 9
3382 3446 3451 3503 de

1819 3541 2010 3592 sancto
2035 3537 2236 3593 Felice.

1880 3649 2006 3712 Nam
2032 3647 2180 3712 quasi
2203 3648 2503 3712 contignata
2525 3647 2685 3712 sacris
2709 3649 2979 3712 caenacula
3000 3647 3169 3712 tectis,

1880 3710 2125 3773 Spectant
2148 3710 2647 3773 desupérisgaltaria
2669 3713 2778 3761 tota
2800 3710 3060 3770 fenestris,

1878 3770 1983 3820 sub
2008 3771 2197 3834 quibus
2219 3770 2357 3821 intus
2379 3772 2576 3822 habent
2597 3775 2896 3822 sanctorum
2922 3785 3145 3834 corpora
3168 3770 3368 3821 sedem.

1879 3833 2110 3896 Namque
2136 3836 2188 3883 et
2210 3833 2484 3897 apostolici
2510 3834 2714 3883 cineres
2738 3834 2833 3883 sub
2865 3833 3038 3883 caelite
3064 3846 3245 3882 mensa

1881 3895 2131 3945 Denositi.
2158 3898 2258 3945 etc.

1924 3895 2131 3959 epoSiti,
2158 3895 2258 3945 etc'.

1886 4001 1938 4051 3.
1983 3996 2237 4052 Secundo
2277 3984 2533 4068 reliquiae
2559 3996 2892 4051 locabantur
2916 3996 2976 4051 in
3018 3996 3324 4068 parietibus
3364 4012 3449 4051 ec-

1817 4088 2020 4158 clesiae,
2047 4090 2148 4144 ubi
2179 4089 2412 4161 depingi
2440 4089 2696 4144 solebant
2719 4088 2998 4159 imagines
3028 4089 3447 4160 sacrae.Grego-

1817 4180 1934 4235 rius
1960 4181 2018 4236 in
2046 4183 2143 4236 lib.
2172 4198 2245 4235 v11
2273 4198 2397 4254 cap.
2432 4186 2491 4237 31
2526 4183 2739 4237 factum
2771 4187 2968 4236 narrat
3005 4181 3300 4253 cujusdam
3332 4182 3445 4235 Eu-

1814 4274 1991 4329 fronis
2016 4274 2160 4346 Syri,
2198 4275 2315 4346 qui,
2358 4274 2543 4329 allatis
2582 4275 2759 4329 sancti
2800 4275 2982 4345 Sergii
3025 4274 3287 4345 martyris
3325 4273 3452 4328 reli-

1816 4367 1984 4438 quiis,
2015 4368 2309 4422 ecclesiam
2336 4367 2395 4421 in
2421 4367 2543 4439 ejus
2567 4367 2849 4422 honorem
2876 4367 3027 4437 apud
3074 4367 3450 4437 Burdegalam

1818 4460 2209 4526 aediﬁcaverat,
2236 4459 2336 4514 ubi
2360 4460 2633 4515 miracula
2670 4460 3124 4514 increbruerunt.
3172 4457 3300 4531 83
3338 4460 3449 4513 Hoc

1733 4551 1792 4622 D
1815 4556 2060 4624 accepto,
2092 4572 2119 4604 ς(
2148 4553 2487 4607 Mummolus
2517 4569 2649 4607 cum
2671 4552 2931 4624 episcopo
2954 4551 3358 4606 Bertchramno
3377 4551 3448 4605 ad

1817 4646 2055 4700 domum
2104 4645 2228 4716 Syri
2274 4644 2510 4715 accedit,
2556 4645 2871 4716 vallatoque
2922 4643 3174 4712 homine,
3216 4643 3451 4714 pignera

1817 4737 1921 4792 sibi
1946 4740 2135 4791 sancta
2159 4737 2430 4808 praecepit
2460 4736 2701 4791 ostendi.
2731 4738 2908 4807 Negat
2926 4737 3089 4792 ille...
3110 4738 3265 4792 Tunc
3279 4737 3452 4791 Mum-

1815 4830 2001 4885 molus
2030 4829 2239 4884 elevari
2264 4830 2334 4883 ad
2362 4829 2639 4900 parietem
2664 4829 2871 4883 scalam
2883 4829 3068 4899 jubet.
3094 4831 3269 4885 Erant
3295 4830 3452 4885 enim

1815 4922 1874 4977 in
1910 4922 2138 4978 sublimi
2193 4921 2425 4994 parietis
2466 4925 2662 4976 contra
2699 4921 2965 4976 altarium
3002 4922 3064 4977 in
3099 4923 3330 4995 capsula
3369 4939 3453 4979 re-

1815 5016 2080 5071 conditae.
2112 5037 2141 5064 ››

1884 5109 1939 5164 4.
1966 5108 2152 5163 Tertio
2179 5107 2517 5180 quandoque
2547 5107 2607 5162 in
2644 5107 2972 5180 baptisteria
3011 5109 3448 5185 collocabantur,

1813 5204 2054 5255 testante
2081 5201 2350 5272 Gregorio
2376 5201 2445 5255 de
2474 5200 2654 5271 seipso
2682 5200 2742 5255 in
2780 5201 2894 5257 ﬁne
2938 5203 3068 5259 libri
3105 5220 3159 5259 Χ.
3198 5223 3227 5255 α
3270 5203 3453 5274 Bapti-

1816 5292 2050 5347 sterium
2075 5294 2147 5347 ad
2176 5294 2354 5364 ipsam
2386 5294 2677 5348 basilicam
2706 5295 2882 5350 sancti
2906 5295 3172 5368 Perpetui
3186 5294 3450 5350 azdiﬁcari

1815 5385 2079 5456 praecepi,
2108 5385 2169 5440 in
2194 5403 2308 5458 quo
2332 5387 2509 5442 sancti
2543 5387 2773 5443 Joannis
2801 5404 2932 5443 cum
2966 5388 3147 5460 Sergii
3186 5388 3450 5461 martyris

1816 5477 2083 5549 reliquias
2108 5480 2271 5550 posui
2302 5497 2315 5534 :
2349 5485 2405 5535 et
2444 5481 2503 5535 in
2537 5480 2631 5537 illo
2670 5483 2858 5555 priore
2901 5480 3230 5553 baptisterio
3273 5482 3450 5538 sancti

1815 5570 2053 5641 Benigni
2065 5573 2329 5644 martyris
2352 5574 2592 5646 pignera
2610 5576 2892 5631 collocavi.
2911 5596 2939 5625 »
2963 5575 3253 5646 Nusquam
3280 5591 3450 5647 super

1813 5663 1984 5718 altare
2010 5663 2208 5735 positae
2238 5671 2371 5722 sunt
2399 5668 2678 5740 reliquiae,
2708 5667 2817 5723 nisi
2842 5667 2986 5722 forte
3010 5668 3082 5723 ad
3108 5668 3279 5725 breve
3306 5674 3444 5725 tem-

1813 5771 1939 5825 pus.
1969 5757 2091 5821 Quo
2122 5762 2338 5829 spectat
2362 5760 2668 5830 Gregorius
2696 5761 2756 5814 in
2785 5758 3043 5815 Historiae
3058 5761 3154 5817 lib.
3177 5778 3231 5817 Ix
3251 5778 3372 5833 cap.
3390 5764 3443 5825 6,

1816 5846 1910 5903 ubi
1936 5848 2005 5903 de
2025 5849 2271 5923 quodam
2289 5850 2726 5924 praestigiatore,
2751 5850 2999 5922 quicum
3022 5855 3292 5921 Turonos,
3317 5854 3444 5907 Gre-
