4020 6232
528 331 626 398 iss

1314 340 1645 397 APPENDIX
1681 341 1769 394 AD
1806 340 2028 395 OPERA
2064 340 2299 396 SANCTI
2335 341 2632 396 GERMANI
2670 342 3094 398 PARISIENSIS.

3801 338 3889 399 160

524 445 682 519 gorio
708 442 952 502 necdum
981 449 1168 514 notus,
1199 463 1429 519 vespere
1454 447 1791 517 accessisset,
1822 446 2012 502 dicens
2041 469 2067 497 ‹‹
2091 463 2148 502 se
2172 460 2232 534 Α
2250 449 2426 504 moris
2455 450 2716 521 exempla
2735 449 2858 520 jam
2884 450 3016 506 inde
3040 466 3075 504 a
3102 448 3305 506 seculo
3331 464 3406 506 iv.
3435 450 3601 506 Anno
3644 448 3759 506 442
3803 465 3888 506 ce-

523 540 592 596 de
630 539 904 611 Hispaniis
937 540 1257 611 adventare,
1296 557 1361 595 ac
1397 540 1663 611 reliquias
1697 540 2152 597 beatissimorum

520 637 838 705 martyrum
880 633 1157 688 Vincentii
1199 633 1383 688 levitae
1425 633 1734 705 Felicisque
1780 633 2071 704 exhibere,
2120 653 2148 687 η

525 727 851 800 Gregorius,
878 746 906 779 «
926 727 1058 798 quia
1072 727 1194 797 jam
1211 726 1350 782 hora
1367 726 1741 797 praeterierat,
1764 747 1792 779 ››
1814 732 1880 784 ut
1896 727 2152 799 reliquiis

524 824 859 889 occurreret,
883 820 1026 873 dixit
1042 836 1055 874 :
1077 838 1103 870 «
1122 819 1495 891 Requiescant
1511 820 1690 875 beatae
1702 820 1958 892 reliquias
1983 836 2153 892 super

522 915 806 980 altarium,
835 913 1009 966 donec
1042 928 1205 967 mane
1236 913 1605 983 procedamus
1629 914 1700 968 ad
1724 929 2021 968 occursum
2064 930 2155 968 ea-

522 1023 672 1061 rum.
704 1026 732 1057 »
761 1004 922 1070 Quod
955 1010 1294 1075 argumento
1334 1009 1417 1061 est
1454 1005 1757 1078 aliquando
1792 1005 2058 1078 reliquias
2082 1006 2153 1061 ad

523 1100 691 1155 breve
707 1103 931 1168 tempus
944 1097 1003 1152 in
1015 1097 1177 1152 altari
1191 1099 1472 1170 expositas
1489 1117 1507 1168 ;
1525 1100 1622 1154 sed
1638 1115 1837 1155 earum
1857 1100 2153 1170 proprium

522 1190 600 1246 ibi
627 1191 815 1245 locum
836 1206 955 1245 non
978 1190 1167 1259 fuisse,
1191 1207 1259 1245 ex
1280 1191 1441 1246 dictis
1459 1192 1825 1248 manifestum
1846 1195 1949 1248 est.
1972 1193 2154 1256 Quan-

522 1300 694 1355 quam
719 1299 905 1355 neque
931 1285 1001 1338 ad
1031 1283 1198 1337 breve
1224 1288 1449 1355 tempus
1474 1284 1742 1356 reliquias
1768 1301 1940 1355 super
1978 1285 2155 1340 altare

522 1377 730 1448 positas
754 1377 1010 1448 probavit
1035 1381 1262 1433 sanctus
1286 1377 1405 1432 Odo
1434 1377 1606 1431 abbas
1634 1377 2033 1447 Cluniacensis,
2056 1381 2156 1432 aut

524 1470 712 1541 potius
738 1474 931 1525 sancta
954 1471 1291 1542 Gualburgis
1318 1486 1418 1525 seu
1443 1470 1762 1541 Walburgis
1790 1486 1804 1524 :
1833 1486 1963 1541 quae
2000 1486 2151 1539 cum,

524 1562 802 1617 referente
828 1564 1087 1619 Bernone
1106 1563 1325 1633 abbate,
1349 1563 1619 1618 miracula
1637 1563 1698 1617 in
1717 1563 1960 1634 quadam
1988 1564 2158 1617 eccle-

526 1654 608 1709 sia
632 1655 742 1726 ipsi
767 1655 949 1710 dicata
976 1660 1246 1727 patraret,
1269 1656 1556 1727 «contigit
1578 1660 1641 1710 ut
1662 1656 1918 1726 ejusdem
1947 1660 2154 1710 sancta:

2250 542 2530 597 lebratum
2558 546 2641 597 est
2667 543 2727 596 in
2760 542 2937 597 Gallia
2972 542 3279 598 concilium
3313 544 3576 606 Vasense,
3621 542 3691 597 in
3736 543 3891 613 cujus

2251 650 2466 690 canone
2489 638 2522 689 2
2554 635 2832 689 sancitum
2862 638 2947 690 est
2972 635 3042 690 de
3066 635 3475 707 paenitentibus
3503 635 3705 691 subito
3736 650 3891 689 mor-

2250 728 2384 796 tuis,
2411 731 2477 783 ut
2500 744 2700 783 eorum
2728 728 3033 783 oblationes
3058 729 3423 799 recipiantur,
3453 730 3596 796 Quia
3624 730 3797 796 nefas
3820 733 3893 785 est

2252 838 2432 877 eorum
2458 824 2977 878 commemorationcs
3005 822 3223 877 emcludi
3262 839 3297 875 a
3329 823 3663 877 salutaribus
3703 826 3892 884 sacris,

2251 917 2350 984 qui
2370 915 2447 969 ad
2474 914 2659 970 eadem
2682 930 2838 970 sacra
2859 915 3009 983 ﬁdeli
3034 915 3230 983 affectu
3257 915 3649 978 contendentes,
3681 915 3821 969 dum
3844 929 3893 970 se

2253 1008 2459 1062 diutius
2496 1022 2610 1061 reos
2642 1010 2940 1069 stratuunt,
2979 1007 3229 1075 indignos
3272 1007 3576 1074 salutiferis
3618 1009 3895 1075 mysteriis

2242 1100 2499 1169 judicant
2509 1118 2527 1165 ;
2542 1115 2605 1153 ac
2621 1100 2750 1154 dum
2754 1102 3099 1169 purgatiores
3116 1102 3332 1154 restitui
3344 1100 3681 1162 desiderant,
3698 1100 3895 1169 absque

2251 1198 2706 1249 sacramentorum
2731 1195 2928 1247 viatico
2956 1195 3394 1263 intercipiuntur.
3430 1194 3542 1247 Mos
3583 1207 3731 1263 ergo
3766 1196 3896 1246 tunc

2254 1291 2393 1356 erat,
2436 1291 2501 1341 ut
2536 1287 2649 1341 nisi
2694 1286 2877 1340 subita
2919 1290 3104 1340 morte
3149 1285 3627 1356 interciperentur
3675 1283 3893 1352 ﬁdeles,

2253 1379 2574 1450 acciperent
2603 1383 3085 1433 sacramentorum
3114 1378 3405 1445 viaticum,
3431 1377 3707 1432 salutaria
3721 1393 3895 1447 sacra,

2255 1471 2540 1527 salutifera
2574 1472 2863 1542 mysteria,
2906 1488 2941 1525 a
2985 1470 3192 1542 quibus
3226 1462 3565 1541 pasnitentes
3598 1469 3898 1541 religionis

2256 1581 2421 1619 causa
2445 1564 2818 1619 abstinebant.
2852 1563 3089 1634 Insignis
3115 1564 3186 1618 de
3234 1563 3444 1617 Viatico
3481 1566 3567 1617 est
3603 1578 3797 1617 canon
3838 1566 3890 1617 Η

2256 1657 2484 1712 concilii
2509 1674 2563 1711 x1
2592 1656 2875 1725 Toletani;
2906 1661 2964 1712 et
2988 1655 3293 1727 Gregorius
3325 1656 3393 1710 Ill
3419 1655 3489 1710 de
3526 1654 3616 1709 his
3652 1655 3765 1726 qui
3801 1671 3895 1725 pa-

525 1746 863 1819 Gualburgis
910 1748 1167 1821 reliquiae
1212 1764 1383 1819 super
1415 1749 1589 1803 altare
1633 1764 1735 1819 per
1772 1748 1992 1820 aliquot
2036 1748 2156 1802 dies
2257 1753 2445 1805 rentes
2469 1766 2603 1805 suos
2628 1753 2939 1818 necassent,
2968 1748 3237 1818 decernit,
3267 1752 3332 1803 ut
3347 1752 3463 1803 toto
3482 1748 3615 1803 vitae
3635 1752 3900 1819 tempore

527 1845 824 1895 manerent
854 1857 867 1895 :
896 1842 992 1896 sed
1019 1857 1151 1896 mox
1178 1841 1449 1895 miracula
1489 1845 1863 1895 cessaverunt.
1908 1840 2157 1895 Tandem
2178 1824 2234 1895 Β
2259 1859 2462 1914 corpus
2486 1843 2837 1897 dominicum
2861 1859 2981 1897 non
3007 1841 3335 1912 suscipiant,
3362 1841 3475 1896 nisi
3503 1840 3564 1895 in
3598 1856 3708 1896 suo
3747 1840 3901 1895 exitu

526 1948 659 1987 vero
675 1933 796 2004 ipsa
812 1934 972 2005 virgo
997 1934 1220 1988 cuidam
1242 1950 1311 1988 ex
1332 1934 1573 1988 inﬁrmis
1592 1949 1900 2004 apparens:
1928 1933 2155 2001 Idcirco,

526 2024 730 2096 inquit,
764 2043 878 2081 non
906 2026 1202 2093 sanamini,
1230 2027 1365 2097 quia
1392 2026 1647 2097 reliquiae
1671 2042 1811 2081 mem
1839 2030 1971 2081 sunt
1991 2040 2161 2095 super

526 2118 701 2173 altare
728 2119 969 2188 Domini,
1003 2119 1102 2173 ubi
1127 2120 1389 2189 majestas
1415 2118 1591 2173 divini
1612 2118 1863 2189 mysterii
1884 2118 2052 2173 debet
2077 2134 2159 2171 so-

527 2209 821 2266 lummodo
849 2212 1142 2267 celebrari.
1176 2232 1203 2265 )›
1234 2214 1311 2267 Ita
1339 2217 1561 2267 sanctus
1587 2212 1705 2266 Odo
1733 2211 1793 2265 in
1820 2210 1916 2264 lib.
1962 2226 1998 2263 ιι
2030 2210 2158 2264 Col-

526 2302 804 2359 lationum
831 2321 952 2375 cap.
985 2309 1073 2361 28.
1114 2306 1242 2360 Haec
1267 2305 1514 2359 narratio
1552 2305 1758 2373 innuit,
1792 2319 1918 2357 raro
1958 2318 2059 2372 per
2102 2302 2159 2356 id

527 2399 773 2467 tempus,
803 2397 861 2451 id
885 2401 970 2452 est
994 2396 1121 2470 84
1151 2399 1362 2453 saeculo
1392 2415 1448 2466 x,
1468 2396 1733 2468 reliquias
1752 2395 1915 2449 altari
1936 2394 2162 2465 imposiv

530 2494 612 2543 tas
636 2490 827 2557 fuisse,
856 2490 1079 2544 tametsi
1105 2490 1164 2544 id
1192 2490 1469 2561 permittit
1493 2492 1603 2544 Leo
1630 2506 1775 2561 papa
1803 2490 1867 2542 IV
1897 2488 1955 2541 in
1982 2487 2162 2541 homi-

532 2583 607 2638 lia
630 2583 875 2653 quadam
903 2582 990 2637 his
1015 2583 1196 2637 verbis
1228 2600 1242 2638 :
1279 2605 1303 2631 ‹‹
1334 2584 1515 2653 Super
1535 2583 1709 2637 altare
1730 2581 1872 2634 nihil
1896 2584 2157 2651 ponatur,

531 2678 637 2732 nisi
664 2693 843 2746 capsa:
871 2679 928 2730 et
958 2676 1232 2746 reliquias,
1260 2680 1358 2729 aut
1385 2675 1528 2729 forte
1553 2678 1799 2745 quatuor
1838 2673 2158 2742 Evangelia,

533 2774 588 2825 et
603 2768 813 2824 buxida
833 2785 963 2822 cum
982 2784 1217 2838 corpore
1246 2766 1473 2821 Domini
1492 2767 1563 2820 ad
1589 2766 1854 2821 viaticum
1875 2764 2115 2819 inﬁrmis
2145 2782 2159 2819 :

533 2867 735 2917 caetera
757 2862 816 2916 in
839 2861 1022 2915 nitido
1066 2860 1187 2913 loco
1226 2859 1623 2913 recondantur.
1654 2879 1681 2909 »
1721 2859 1880 2922 Quod
1925 2858 2163 2912 totidem

532 2956 738 3026 repetit
784 2954 968 3007 verbis
1017 2951 1318 3007 Ratherius
1368 2951 1707 3006 Veronensis
1765 2950 2062 3021 episcopus
2103 2950 2163 3004 in

531 3047 794 3119 synodica
821 3046 1071 3101 oratione
1098 3044 1169 3099 ad
1198 3044 1554 3115 presbyteros
1583 3060 1733 3098 suos.

600 3146 652 3195 5.
684 3141 789 3195 Sed
815 3140 959 3193 forte
986 3138 1111 3207 quis
1139 3137 1287 3191 dicat
1314 3136 1371 3190 id
1398 3152 1585 3192 unum
1613 3136 1683 3189 ab
1713 3137 1907 3191 Odone
1942 3136 2160 3206 impro-

530 3232 747 3299 batum,
779 3231 930 3301 quod
955 3228 1211 3299 reliquiae
1241 3245 1411 3307 super
1435 3245 1692 3282 mensam
1720 3228 1929 3283 altaris.
1973 3228 2033 3281 in
2054 3244 2166 3299 qua
2186 3214 2240 3287 C

532 3323 766 3378 offertur
789 3320 1145 3388 sacriﬁcium,
1174 3320 1370 3390 posita:
1401 3320 1514 3374 sint
1541 3337 1555 3374 :
1584 3336 1699 3374 non
1719 3320 2160 3391 improbaturus,

533 3416 577 3469 si
604 3416 664 3469 in
683 3414 805 3467 loco
829 3413 1126 3483 paululum
1156 3429 1189 3465 a
1214 3429 1411 3466 mensa
1441 3417 1744 3481 summoto,
1773 3417 1833 3467 ut
1859 3412 1941 3482 ﬁt,
1988 3428 2161 3483 expo-

532 3511 823 3561 nerentur.
853 3504 1138 3575 Quidquid
1164 3504 1220 3559 id
1247 3510 1350 3571 est,
1380 3505 1426 3559 si
1455 3505 1825 3576 reliquiarum
1868 3504 2027 3559 sedes
2066 3521 2167 3558 sue-

534 3599 661 3654 culo
689 3615 743 3652 rx
769 3601 868 3651 aut
902 3614 936 3652 x
966 3597 1035 3651 ad
1078 3597 1254 3651 altare
1298 3614 1416 3653 esse
1462 3598 1665 3669 potuit,
1713 3597 1855 3652 alius
1895 3597 2003 3651 fuit
2046 3613 2166 3651 mos

531 3690 978 3763 praecedentium
1003 3690 1361 3760 saeculorum,
1391 3695 1455 3745 ut
1494 3707 1562 3745 ex
1601 3690 1761 3745 dictis
1794 3689 2162 3761 intelligitur:

533 3784 737 3856 quibus
766 3782 1115 3855 temporibus
1158 3800 1341 3854 neque
1386 3783 1664 3855 reliquiae,
1708 3799 1893 3855 neque
1931 3782 2167 3854 picturas

531 3878 696 3933 altari
719 3876 1166 3948 apponebantur.
1211 3876 1465 3931 Floribus
1505 3881 1694 3931 tamen
1740 3876 1940 3930 altaria
1979 3876 2168 3931 ornari

534 3987 650 4026 non
674 3970 959 4041 improbat
985 3969 1294 4024 Venantius
1326 3971 1662 4024 Fortunatus
1700 3968 1760 4022 in
1795 3968 1895 4022 lib.
1927 3985 2022 4021 vm
2043 3985 2165 4023 car-

534 4063 691 4117 mine
714 4065 745 4116 9
771 4062 841 4115 ad
885 4061 1321 4130 Radegundem,
1362 4061 1513 4131 quod
1554 4077 1783 4115 carmen
1820 4061 1897 4114 De
1933 4060 2169 4115 ﬂoribus

534 4170 705 4224 super
750 4153 928 4208 altare
974 4152 1322 4208 inscribitur.
1364 4154 1508 4207 Tum
1555 4152 1849 4223 praemisso
1894 4153 2037 4207 veris
2086 4170 2169 4208 re~

534 4247 760 4302 deuntis
784 4245 969 4317 elogio
1000 4245 1208 4301 subdit.

784 4345 912 4409 Inde
937 4345 1036 4395 viri
1060 4348 1235 4409 postes
1263 4346 1317 4395 et
1340 4344 1537 4408 pulpita
1552 4342 1771 4409 tioribus
1791 4347 1999 4409 ornant,

847 4408 977 4456 Hinc
1003 4405 1190 4456 mulier
1212 4405 1363 4456 roseo
1394 4405 1623 4469 complet
1648 4406 1810 4469 odore
1836 4405 2024 4469 sinum.

785 4472 849 4520 At
874 4483 968 4518 vos
990 4482 1098 4519 non
1124 4469 1290 4527 vobis.
1315 4469 1406 4518 sed
1432 4467 1634 4518 Christo
1657 4467 1802 4517 fertis
1826 4467 2016 4515 odores
2040 4480 2054 4515 :

848 4533 1183 4594 Hasgquoqne
1208 4531 1464 4594 primitias
1488 4531 1553 4579 ad
1579 4529 1663 4592 pia
1688 4529 1882 4594 templa
1906 4528 2057 4578 datis.

782 4590 1009 4641 Texistis'
1029 4590 1183 4641 variis
1209 4590 1392 4642 altaria
1417 4592 1545 4641 festa
1568 4590 1796 4651 coronis,

846 4654 1076 4716 Pingitur
1102 4658 1159 4703 ut
1184 4654 1283 4704 ﬁlis
1306 4653 1523 4704 ﬂoribus
1545 4666 1635 4701 ara
1658 4652 1827 4701 novis.

607 4748 657 4799 6.
689 4746 782 4799 His
809 4746 1136 4817 praemissis,
1164 4746 1451 4817 agendum
1479 4748 1562 4798 est
1588 4745 1657 4799 de
1691 4742 2038 4798 Eucharistia
2077 4759 2165 4796 sa-

536 4853 648 4905 cra,
681 4838 841 4907 cujus
868 4855 1037 4893 usum
1067 4839 1138 4893 ad
1163 4838 1429 4892 viaticum
1456 4852 1654 4891 eorum
1684 4836 1781 4907 qui
1807 4835 1869 4890 in
1888 4851 2026 4906 pace
2062 4836 2165 4888 Ec-

537 4929 719 4983 clesiae
746 4930 860 4985 vita
888 4929 1361 5000 defungebantur,
1393 4928 1851 4999 antiquissimum
1872 4943 1990 4983 esse
2010 4927 2170 4980 docet

537 5037 715 5075 canon
744 5026 807 5076 l2
840 5023 979 5092 (aliis
1012 5024 1097 5091 13)
1130 5020 1349 5074 concilii
1375 5020 1547 5091 primi
1571 5022 1803 5075 Nicasni.
1831 5025 1905 5076 De
1935 5021 2016 5073 his
2040 5032 2163 5071 vero

537 5117 633 5183 qui
656 5115 908 5169 recedunt
934 5130 1001 5168 em
1028 5128 1264 5182 corpore,
1293 5112 1540 5184 antiquae
1571 5112 1734 5184 legis,
1768 5114 1960 5182 regula
1999 5111 2171 5164 obser-

536 5207 755 5260 vabitur
773 5208 937 5260 etiam
961 5220 1123 5266 nunc,
1150 5205 1231 5257 ita
1256 5208 1408 5259 ut....
1440 5207 1629 5260 ultimo
1663 5208 1790 5260 vitae
1825 5220 1935 5259 suae
1972 5204 2169 5258 viatico

538 5314 643 5352 non
668 5298 1085 5363 defraudentur.
1116 5295 1277 5358 Quod
1302 5297 1370 5352 de
1399 5298 1799 5353 communione
1828 5312 1931 5368 per
1958 5293 2171 5349 Eucha-

537 5389 756 5442 ristiam
780 5386 1213 5455 intelligendum
1240 5404 1357 5445 esse
1396 5391 1566 5446 verba
1602 5389 1727 5463 85
1774 5384 2171 5457 subsequentia

537 5480 798 5549 probant.
821 5476 1046 5530 Accedit
1065 5479 1341 5536 Ambrosii
1362 5483 1605 5537 doctoris
1622 5478 1958 5537 sanctissimi
1986 5493 2172 5532 exem-

540 5571 699 5639 plum
723 5568 873 5637 apud
900 5568 1215 5641 Paulinum,
1251 5575 1344 5629 ubi
1371 5577 1738 5630 «Honoratus
1780 5571 2039 5627 sacerdos
2076 5586 2168 5624 ec-

541 5661 728 5716 clesiae
756 5660 1116 5717 Vercellensis
1141 5665 1340 5721 Sancto
1366 5668 1425 5722 in
1453 5667 1721 5723 extremis
1736 5665 1929 5737 agenti
1949 5662 2173 5719 Domini

542 5767 745 5820 corpus
774 5750 1040 5809 obtulisse
1068 5775 1095 5806 «
1125 5758 1351 5815 dicitur.
1397 5779 1425 5813 ι(
1462 5763 1583 5825 Quo
1620 5764 1869 5830 accepto,
1909 5757 2009 5812 ubi
2041 5756 2169 5827 glu-

545 5841 688 5911 tivit,
731 5843 918 5902 emisit
951 5848 1236 5920 spiritum.
1283 5870 1311 5905 ››
1357 5853 1479 5909 Non
1529 5853 1734 5911 desunt
1768 5850 1879 5906 alia
1921 5848 2175 5921 ejusdem

2253 1951 2356 2006 pro
2385 1937 2602 1990 viatico.
2652 1936 2848 1990 Postea
2882 1950 3013 1989 vero
3057 1935 3116 1989 id
3155 1933 3323 1989 variis
3368 1933 3629 1989 Ecclesiae
3675 1932 3902 2005 legibus

2261 2033 2610 2100 praeceptum
2635 2032 2739 2084 est.

2330 2139 2383 2188 7.
2413 2134 2520 2189 Sed
2556 2137 2687 2188 ante
2722 2133 2841 2187 haec
2879 2132 3075 2187 omnia
3110 2132 3255 2186 sacri
3290 2130 3476 2186 viatici
3513 2128 3901 2201 antiquiorem

2261 2243 2431 2283 usum
2471 2226 2767 2281 observare
2803 2226 2937 2280 licet
2972 2225 3031 2279 in
3068 2224 3303 2295 epistola
3341 2222 3608 2295 synodica
3650 2222 3902 2277 ecclesias

2262 2321 2534 2375 Africanae
2558 2320 2629 2374 ad
2654 2318 2983 2375 Cornelium
3013 2333 3241 2388 papam,
3271 2333 3401 2388 quis
3426 2316 3663 2387 epistola
3696 2320 3789 2370 est
3824 2331 3905 2369 or-

2261 2413 2393 2468 dine
2417 2413 2484 2468 54
2511 2413 2660 2467 inter
2687 2411 3048 2483 Cyprianicas
3090 2409 3242 2479 apud
3279 2406 3615 2478 Pamelium,
3658 2409 3735 2463 de
3770 2423 3903 2479 pace

2260 2506 2431 2577 lapsis
2442 2506 2720 2561 maturius
2741 2504 2925 2559 danda
2939 2503 3011 2558 ob
3031 2504 3484 2573 persecutionem
3507 2502 3901 2572 ingruentem.

2264 2600 2359 2653 His
2387 2598 2541 2653 enim
2566 2598 2637 2652 ob
2665 2613 2791 2652 eam
2819 2613 3048 2651 causam
3076 2595 3490 2651 communionis
3516 2611 3691 2648 sacrre
3720 2594 3905 2647 muni-

2263 2695 2522 2745 mentum
2551 2690 2866 2745 concedunt
2901 2691 3111 2755 Patres,
3150 2694 3216 2743 ut
3254 2688 3363 2742 tuti
3402 2691 3597 2741 contra
3634 2687 3900 2741 adversa-

2263 2783 2413 2837 rium
2434 2789 2637 2852 essent,
2660 2799 2788 2854 quae
2812 2782 3054 2837 instituti
3073 2782 3259 2835 viatici
3280 2781 3424 2835 ratio
3446 2784 3550 2834 est.
3574 2779 3685 2834 Sed
3715 2781 3902 2833 locum

2264 2876 2551 2947 integrum
2579 2891 2647 2929 ex
2670 2875 2767 2929 ilia
2793 2875 3029 2947 epistola
3058 2874 3270 2929 referre
3294 2874 3456 2943 juvat
3487 2889 3501 2926 :
3534 2890 3562 2923 ‹‹
3590 2873 3758 2926 Nunc
3793 2887 3902 2926 non

2264 2969 2525 3035 inﬁrmis,
2558 2969 2653 3023 sed
2682 2969 2921 3022 fortibus
2960 2984 3070 3037 pax
3108 2965 3423 3021 necessaria
3467 2968 3578 3031 est;
3629 2981 3739 3019 nec
3784 2980 3902 3018 mo-

2264 3062 2561 3131 rientibus,
2584 3062 2678 3116 sed
2698 3060 3015 3115 viventibus
3032 3057 3466 3114 communicatio
3486 3074 3518 3110 a
3534 3057 3703 3111 nobis
3722 3057 3903 3111 danda

2266 3160 2350 3209 est
2377 3172 2390 3209 :
2413 3162 2478 3209 ut
2502 3172 2641 3226 quos
2661 3154 2969 3209 excitamus
2988 3156 3044 3207 et
3068 3153 3367 3206 hortamur
3385 3150 3455 3205 ad
3473 3151 3767 3221 praelium,
3793 3165 3904 3205 non

2264 3248 2512 3304 inermes
2537 3252 2594 3303 et
2622 3245 2749 3319 86
2775 3246 2955 3300 nudos
2989 3245 3396 3316 relinquamus,
3425 3243 3523 3297 sed
3551 3244 3903 3313 protectione

2265 3341 2556 3413 sanguinis
2582 3345 2637 3395 et
2661 3339 2919 3410 corporis
2948 3337 3155 3393 Christi
3181 3336 3526 3391 muniamus.
3557 3337 3624 3389 Et
3663 3352 3805 3389 cum
3839 3334 3903 3388 ad

2265 3438 2372 3491 hoc
2417 3435 2518 3489 ﬁat
2563 3432 2933 3500 Eucharistia,
2986 3435 3051 3485 ut
3099 3430 3274 3501 possit
3324 3428 3728 3499 accipientibus
3790 3443 3903 3483 esse

2265 3529 2461 3598 tutela,
2491 3544 2632 3599 quos
2660 3530 2809 3581 tutos
2838 3539 2955 3579 esse
2987 3527 3181 3577 contra
3206 3521 3593 3577 adversarium
3619 3522 3903 3576 voluimus

2268 3622 2619 3677 munimento
2637 3616 2932 3674 dominicae
2957 3614 3263 3671 saturitatis
3285 3630 3591 3669 armemus.
3616 3616 3767 3668 Nam
3793 3629 3901 3685 quo

2269 3716 2434 3770 modo
2459 3716 2723 3769 docemus
2761 3715 2861 3765 aut
2892 3725 3264 3783 provocamus
3311 3724 3405 3763 eos
3443 3708 3503 3761 in
3547 3707 3905 3762 confessione

2268 3807 2518 3863 nominis
2545 3805 2884 3877 sanguinem
2914 3819 3082 3858 suum
3110 3801 3367 3871 fundere,
3401 3801 3447 3855 si
3473 3800 3551 3855 eis
3578 3799 3905 3855 militaturis

2269 3900 2475 3958 Christi
2488 3916 2582 3954 san
2592 3899 2826 3970 guinem
2840 3897 3187 3967 denegamus
3199 3895 3226 3949 ?
3241 3898 3341 3948 aut
3351 3909 3466 3964 quo
3487 3893 3657 3947 modo
3673 3894 3750 3948 ad
3766 3909 3906 3947 mar-

2269 3995 2401 4066 tyrii
2426 3993 2695 4065 poculum
2721 3991 2955 4045 idoneos
2980 3988 3243 4056 facimus,
3276 3988 3325 4041 si
3360 4002 3476 4041 non
3515 4002 3609 4040 eos
3637 3986 3806 4056 prius
3840 3984 3904 4037 ad

2267 4087 2577 4143 bibendum
2605 4085 2662 4139 in
2692 4083 2922 4139 ecclesia
2947 4081 3217 4153 poculum
3250 4078 3471 4134 Domini
3487 4078 3619 4148 jure
3645 4094 3901 4133 commu-

2268 4180 2564 4235 nicationis
2588 4176 2979 4232 admittimus?
3009 4196 3036 4223 ››

2341 4277 2394 4328 8.
2424 4275 2529 4326 Par
2551 4270 2749 4341 utique
2779 4268 2921 4322 ratio
2947 4272 3030 4320 est
3054 4267 3122 4320 de
3150 4263 3457 4331 morituris,
3487 4266 3553 4315 ut
3580 4278 3765 4319 sacrae
3806 4266 3906 4319 Eu-

2269 4365 2547 4421 charistise
2595 4363 2861 4417 viaticum
2909 4358 3202 4428 accipiant,
3255 4372 3326 4410 ne
3372 4354 3624 4411 inermes
3682 4357 3905 4413 et.nudi

2270 4459 2681 4529 relinquantur,
2712 4454 2809 4507 sed
2833 4434 3178 4522 protectione
3220 4448 3513 4519 sanguinis
3552 4452 3610 4503 et
3648 4450 3904 4521 corporis

2186 4550 2475 4642 DChristi
2515 4546 2863 4602 muniantur.
2916 4545 2980 4597 Et
3016 4542 3312 4642 manifeste
3348 4541 3549 4642 innuit
3586 4542 3903 4613 Cyprianus

2268 4641 2635 4699 morientibus
2659 4642 2794 4692 tunc
2818 4634 3089 4706 temporis
3115 4635 3302 4689 datam
3340 4635 3511 4689 fuisse
3550 4636 3809 4705 corporis
3851 4639 3903 4689 et

2268 4733 2556 4806 sanguinis
2594 4729 2801 4784 Christi
2837 4728 3341 4783 communionem:
3392 4746 3420 4778 «
3465 4729 3644 4797 Nunc,
3690 4727 3899 4799 inquit,

2267 4844 2380 4883 non
2406 4823 2668 4892 inﬁrmis,
2712 4822 2810 4877 sed
2852 4821 3089 4876 fortibus
3132 4837 3243 4892 pax
3280 4819 3591 4875 necessaria
3635 4826 3720 4875 est
3739 4839 3756 4889 ;
3803 4835 3901 4874 nec

2268 4916 2657 4985 morientibus,
2687 4915 2785 4969 sed
2828 4913 3146 4968 viventibus
3188 4912 3623 4967 communicatio
3671 4930 3705 4966 a
3746 4912 3903 4968 nobis

2268 5012 2449 5066 danda
2462 5014 2601 5075 est,»
2619 5007 2895 5062 nimirum
2909 5007 3346 5061 communicatio
3356 5022 3459 5078 per
3474 5006 3897 5070 Eucharistiam,

2269 5120 2371 5176 per
2394 5118 2599 5173 corpus
2625 5106 2681 5156 et
2708 5100 3047 5171 sanguinem
3073 5099 3299 5165 Christi,
3328 5104 3393 5153 ut
3418 5102 3609 5169 postea
3637 5098 3897 5168 explicat.

2271 5199 2417 5267 Ergo
2434 5195 2605 5249 etiam
2621 5199 2757 5248 tunc
2782 5192 3042 5261 inﬁrmis,
3062 5196 3118 5246 et
3146 5191 3519 5246 morientibus
3539 5190 3740 5245 eadem
3761 5204 3901 5245 com-

2269 5288 2579 5344 municatio
2615 5287 2991 5341 tribuebatur.
3020 5284 3241 5355 Quippe
3284 5303 3311 5335 α
3351 5284 3590 5338 idoneus
3630 5299 3754 5338 esse
3790 5297 3900 5337 non

2270 5386 2457 5457 potest
2484 5382 2554 5435 ad
2581 5380 2938 5450 martyrium,
2969 5397 2997 5429 »
3025 5383 3174 5432 certe
3197 5392 3300 5432 nec
3329 5377 3401 5431 ad
3442 5382 3708 5444 mortem,
3756 5395 3787 5428 α
3811 5373 3900 5446 qui

2270 5476 2341 5530 ab
2371 5474 2615 5530 Ecclesia
2640 5489 2758 5528 non
2785 5477 3042 5525 armatur
3069 5470 3139 5524 ad
3164 5470 3456 5540 praelium;
3486 5477 3542 5523 et
3572 5483 3736 5523 mens
3770 5467 3899 5523 deti-

2273 5568 2367 5637 cit,
2391 5584 2562 5640 quam
2578 5582 2696 5622 non
2712 5568 2936 5635 recepta
2961 5562 3305 5617 Eucharistia
3324 5561 3493 5632 erigit
3513 5565 3570 5615 et
3587 5559 3895 5624 accendit,»

2273 5665 2338 5716 ut
2355 5660 2509 5716 idem
2533 5658 2843 5732 Cyprianus
2863 5657 2923 5711 in
2948 5653 3425 5725 consequentibus
3440 5652 3632 5708 habet.
3657 5652 3900 5722 Denique

2273 5753 2351 5808 ait
2376 5752 2690 5825 pastoribus
2712 5747 3112 5821 irnputandum
3142 5762 3281 5817 esse,
3314 5747 3361 5801 si
3386 5751 3499 5801 tam
3541 5746 3603 5801 in
3640 5759 3898 5817 persecu-

2275 5846 2427 5903 tione
2453 5843 2739 5902 constituti
2765 5840 3112 5899 Eucharistia
3140 5855 3257 5898 non
3284 5839 3641 5911 muniantur,
3669 5854 3839 5912 quam
3858 5836 3901 5890 si
