4020 6232
91 268 163 321 161
1046 263 1133 322 DE
1172 265 1482 323 LITURGIA
1518 266 1889 324 GALLICANA
1928 266 2125 322 LIBER
2164 266 2429 324 PRIMUS.
2470 268 2483 279 ’

88 394 109 422 ι
132 374 297 426 bonus
322 369 486 425 miles
515 369 636 439 (seu
663 370 1045 444 Christianus)
1063 374 1163 445 qui
1188 375 1378 429 omnia
1404 392 1502 429 sua
1529 375 1689 430 dere-
1716 388 1775 459 Α
1793 375 1962 429 etiam
1999 376 2150 446 apud
2179 376 2418 445 Gracos,
2459 392 2528 430 ex
2564 390 2763 430 eorum
2797 374 3161 447 Euchologio,
3208 375 3268 431 in
3307 393 3422 449 quo

86 465 241 536 liquit,
269 469 322 518 et
346 469 682 537 contempta
711 466 900 536 domo,
925 473 981 521 et
1008 468 1355 539 parentibus,
1384 484 1447 522 ae
1475 468 1691 536 liberis,

88 559 221 628 sequi
244 558 549 612 Dominum
574 574 746 613 suum
773 560 1004 628 maluit;
1029 560 1153 615 sine
1171 576 1309 631 pace
1333 565 1390 616 et
1408 560 1528 615 sine
1548 577 1697 615 com-

91 650 439 704 municatione
465 651 712 707 decedit.
743 671 771 702 ιο
793 653 950 716 Quod
976 653 1280 708 manifeste
1304 653 1374 708 de
1394 654 1594 708 viatico
1614 654 1697 707 in-

90 743 423 813 telligendum
451 749 559 798 est.

150 838 196 888 9.
226 835 324 889 Sed
366 835 601 906 longius
639 838 928 908 provehor
972 855 1146 910 quam
1189 842 1333 893 esset
1364 852 1591 893 necesse
1624 836 1695 891 ad

91 926 563 983 demonstrandum
576 930 633 984 id
649 931 802 1001 quod
820 931 879 984 in
896 936 1238 1002 argumento
1259 936 1399 1001 erat,
1422 930 1695 984 nimirum

91 1020 513 1091 antiquissimum
545 1037 670 1077 esse
699 1023 757 1077 in
786 1024 1031 1078 Ecclesia
1049 1041 1215 1079 usum
1236 1023 1422 1078 viatici
1447 1022 1696 1077 inﬁrmo-

96 1130 220 1179 rum,
266 1118 453 1184 utpote
493 1132 528 1167 a
566 1113 693 1187 8'7
748 1116 948 1186 primis
975 1117 1411 1187 purioribnsque
1442 1115 1695 1171 Ecclesia

95 1206 405 1276 temporibus
434 1213 737 1278 receptum
765 1227 780 1263 :
810 1210 889 1263 ita
926 1215 993 1264 ut
1026 1210 1347 1280 pastoribus
1378 1209 1437 1263 in
1474 1210 1697 1281 culpam

96 1300 442 1370 deputaretur,
473 1300 521 1353 si
550 1300 680 1371 quis
705 1302 797 1371 pie
826 1301 1019 1356 vivens
1047 1303 1260 1373 absque
1290 1302 1489 1357 viatico
1532 1303 1693 1357 dece—

99 1393 245 1446 deret.
293 1393 497 1447 Verum
546 1393 797 1448 divinam
851 1395 1261 1449 Eucharistiam
1312 1396 1383 1449 ad
1433 1396 1696 1449 viaticum

100 1484 239 1539 fuisse
264 1489 392 1539 tunc
428 1491 778 1540 reservatam
813 1503 929 1541 non
968 1488 1101 1543 satis
1135 1488 1267 1543 inde
1311 1488 1649 1559 intelligitur
1679 1504 1693 1541 :

102 1578 287 1631 tametsi
324 1577 413 1632 vix
450 1579 563 1633 alio
605 1579 773 1634 modo
821 1585 1045 1651 poterat
1096 1581 1336 1635 inﬁrmis
1379 1580 1699 1651 quibusque

103 1669 279 1740 absque
301 1670 403 1724 hac
432 1672 775 1742 repositione
803 1673 1110 1742 subveniri,
1137 1690 1268 1727 cum
1296 1674 1595 1727 missarum
1617 1689 1699 1726 so-

1794 468 1873 521 ita
1898 468 2127 536 legitur,
2156 485 2288 539 pag.
2321 471 2446 535 359,
2471 469 2622 539 apud
2647 470 2883 524 Goarem
2928 486 2942 522 :
2985 489 3013 520 «
3055 470 3146 523 His
3184 469 3363 537 dictis,
3393 488 3422 520 η

1795 560 2006 614 scilicet
2030 565 2154 630 post
2179 561 2547 631 baptismum,
2577 566 2633 616 et
2662 562 2989 616 unctionem
3017 562 3306 632 baptizatis
3324 564 3429 617 im-

1794 653 2080 723 pertitam,
2112 672 2139 703 «
2166 654 2484 723 patriarcha
2510 655 2834 726 ingreditur
2860 671 2992 709 cum
3020 658 3275 709 recenter
3301 654 3427 709 illu-

1795 745 2021 800 minatis
2047 745 2117 799 ad
2156 747 2477 817 Introitum,
2518 752 2574 803 et
2612 747 2876 819 deinceps
2917 747 3167 802 divinam
3202 747 3424 819 perﬁcit

1795 840 2044 903 missam,
2074 822 2176 896 Ικαὶ
2220 849 2345 896 τελεῖ
2388 847 2661 902 ἀκολουθῶς
2708 848 2792 905 τὴν
2841 846 2967 896 Θείαν
3028 846 3339 911 λειτουργίαν.
3396 860 3424 889 ι»

1796 937 1951 992 Unde
1975 951 2326 1007 consequens
2352 938 2455 998 est,
2484 949 2706 987 sacrum
2732 932 2939 987 Christi
2980 932 3317 1003 sanguinem
3354 947 3425 987 ex

1794 1030 2136 1102 pracedenti
2163 1026 2437 1083 sacriﬁcio
2461 1025 2632 1080 fuisse
2660 1030 3028 1080 reservatum.
3060 1025 3221 1088 Quod
3256 1025 3429 1079 etiam

1797 1123 1865 1178 de
1888 1122 2000 1177 alia
2024 1120 2389 1177 Eucharistia
2413 1118 2597 1189 specie
2627 1118 2757 1172 satis
2775 1118 2962 1173 innuit
2976 1118 3426 1187 Chrysostomus,

1796 1215 1894 1270 ubi
1918 1215 1997 1270 ait
2020 1215 2292 1285 irrupisse
2318 1212 2419 1266 ubi
2445 1227 2601 1265 sacra
2640 1215 2803 1264 erant
2834 1211 3097 1280 reposita,
3135 1214 3191 1264 et
3227 1206 3430 1265 vidisse

1799 1308 1990 1363 omnia
2026 1324 2153 1379 qua
2188 1308 2341 1361 intus
2381 1308 2563 1359 erant.
2613 1302 2866 1374 Denique
2905 1303 3141 1357 verbum
3183 1310 3429 1359 ἀπέκειντο

1796 1400 1948 1455 idem
1976 1405 2065 1454 est
2091 1416 2155 1454 ac
2181 1398 2511 1470 repositum,
2541 1399 2886 1450 reservatum
2912 1394 2982 1448 ad
3012 1399 3252 1465 tempus.
3281 1396 3430 1450 Hanc

1798 1492 2238 1547 reservationem
2267 1490 2662 1561 improbarunt
2698 1487 2932 1558 quidam
2968 1486 3173 1540 saculo
3210 1503 3281 1552 xv,
3319 1503 3428 1557 pu-

1798 1588 1983 1639 tantes
2015 1606 2041 1634 «
2073 1583 2368 1655 mysticam
2394 1580 2846 1636 benedictionem
2872 1578 3018 1633 nihil
3040 1579 3111 1633 ad
3130 1578 3433 1633 sanctiﬁca-

1801 1660 2016 1732 tionem
2043 1677 2336 1748 proﬁcere,
2366 1675 2413 1728 si
2440 1673 2576 1745 quid
2606 1689 2674 1727 ex
2704 1689 2768 1727 ea
2793 1672 2890 1725 ﬁat
2915 1671 3118 1742 reliqui
3156 1671 3217 1725 in
3260 1671 3435 1726 alium

105 1762 280 1816 lemnia
301 1762 532 1833 longam
560 1781 784 1819 moram
813 1765 1127 1836 exigerent.
1158 1765 1265 1821 Sed
1296 1770 1356 1819 ut
1382 1765 1439 1819 id
1478 1765 1701 1836 planius
1719 1756 1777 1827 B
1800 1769 1972 1838 diem,
2006 1788 2033 1820 »
2063 1785 2204 1840 quos
2227 1790 2253 1817 ‹‹
2278 1767 2575 1822 insanire»
2599 1764 2739 1819 dicit
2758 1764 3000 1836 Cyrillus
3019 1763 3434 1818 Alexandrinus

108 1853 200 1922 ﬁat,
225 1856 474 1939 quadam
508 1856 619 1911 hoc
655 1858 796 1928 loco,
831 1858 1018 1929 quoad
1061 1858 1289 1912 brevius
1313 1857 1436 1913 fieri
1472 1857 1698 1929 poterit,

110 1947 412 2003 observanda
437 1955 597 2005 sunt.

168 2043 237 2093 l0.
284 2042 340 2093 In
381 2042 587 2112 primis
619 2059 735 2097 non
771 2043 936 2097 aliter
974 2047 1158 2114 potest
1197 2043 1437 2114 intelligi
1484 2042 1703 2098 Paulini

108 2134 315 2187 narratio
365 2135 433 2189 de
483 2135 770 2190 Ambrosii
822 2140 1077 2190 extrema
1127 2136 1547 2203 communione,
1595 2135 1703 2190 nisi

112 2226 476 2281 Eucharistiam
541 2232 883 2283 reservatam
945 2229 1311 2283 admittamus
1376 2228 1705 2284 Ambrosius

115 2324 258 2373 morte
307 2321 660 2389 imminente,
719 2343 746 2369 ‹‹
805 2322 875 2375 ab
930 2322 1071 2376 hora
1119 2322 1341 2376 circiter
1408 2321 1705 2376 undecima

116 2411 221 2479 diei,
257 2429 420 2483 usque
453 2414 525 2467 ad
572 2415 728 2468 illam
769 2414 989 2483 horam,
1035 2431 1147 2485 qua
1188 2414 1378 2469 emisit
1416 2414 1702 2485 spiritum,

118 2506 335 2574 expansis
346 2507 613 2561 manibus
628 2507 690 2560 in
706 2508 941 2563 modum
962 2508 1143 2561 crucis
1165 2508 1363 2562 oravit.
1387 2509 1705 2561 Honoratus

120 2602 271 2650 autem
295 2600 546 2654 sacerdos
572 2600 822 2654 ecclesia
851 2599 1237 2669 Vercellensis,
1270 2617 1400 2655 cum
1437 2600 1497 2653 in
1535 2616 1703 2669 supe-

121 2691 226 2744 riori
256 2692 410 2746 domo
444 2710 503 2747 se
544 2693 619 2746 ad
658 2693 909 2764 quietem
946 2693 1369 2764 composuisset,
1409 2692 1577 2748 tertio
1618 2708 1708 2745 vo-

124 2797 217 2836 cem
255 2786 489 2839 vocantis
536 2802 599 2840 se
633 2786 867 2855 audivit,
911 2786 1262 2857 dicentisque
1302 2786 1408 2840 sibi
1441 2802 1455 2840 :
1505 2786 1705 2855 Surge,

124 2874 304 2945 festina,
331 2879 458 2949 quia
486 2879 660 2933 modo
689 2884 771 2933 est
815 2894 1157 2933 recessurus.
1200 2878 1307 2942 Qui
1345 2878 1706 2944 descendens,

124 2968 285 3023 obtulit
307 2971 501 3027 Sancto
529 2971 758 3026 Domini
787 2988 1014 3042 corpus.
1043 2972 1163 3034 Quo
1188 2976 1434 3042 accepto,
1464 2971 1561 3025 ubi
1590 2969 1711 3042 glu—

127 3061 238 3129 tivit,
263 3064 435 3119 emisit
460 3066 752 3136 spiritum.
786 3084 813 3116 »
844 3064 1065 3119 Nemini
1092 3065 1185 3119 hic
1206 3065 1422 3137 ﬁngere
1442 3064 1633 3118 animo
1651 3063 1713 3116 liv

127 3161 208 3223 Cet,
234 3158 443 3213 missam
467 3159 541 3214 ad
570 3160 678 3213 hoc
704 3159 874 3213 fuisse
920 3158 1282 3213 celebratam.
1320 3159 1564 3229 Tempus
1598 3173 1714 3211 non

130 3246 321 3319 sinebat,
346 3250 483 3306 hora
509 3252 625 3307 diei
651 3251 959 3306 minimum
981 3250 1348 3319 duodecima;
1370 3266 1485 3305 non
1500 3255 1716 3322 tempo-

129 3340 188 3393 ris
208 3343 454 3399 articulus
479 3351 536 3400 et
574 3345 873 3417 angustia,
917 3344 1197 3416 siquidem
1243 3346 1578 3414 Honoratus,
1616 3343 1715 3416 qui

132 3437 238 3488 tunc
259 3437 319 3490 ad
344 3438 597 3509 quietem
639 3439 701 3499 in
735 3440 881 3494 lecto
921 3440 1268 3511 compositus
1308 3444 1446 3509 erat,
1489 3455 1619 3493 mox
1653 3442 1718 3491 ut

134 3526 392 3600 descendit,
443 3531 603 3586 nulla
650 3532 986 3604 interposita
1036 3548 1215 3602 mora,
1268 3531 1470 3587 obtulit
1524 3534 1714 3585 sancto

137 3622 320 3678 Domini
340 3642 560 3696 corpus.
590 3626 741 3697 Ergo
768 3642 838 3681 ex
868 3632 1148 3682 reservata
1172 3624 1525 3681 Eucharistia
1547 3623 1605 3678 id
1632 3624 1714 3677 fa-

137 3721 255 3771 ctum
278 3724 372 3773 est.

193 3814 263 3866 lt.
291 3812 564 3869 Concedat
592 3813 781 3868 forsan
808 3813 1033 3885 aliquis,
1064 3829 1134 3869 ex
1158 3817 1440 3871 reservata
1462 3812 1713 3884 quidem,

142 3918 226 3957 non
249 3904 301 3959 in
322 3907 562 3976 ecclesia,
604 3907 701 3961 sed
743 3907 923 3976 domi,
964 3908 1118 3979 quod
1156 3907 1333 3963 cuivis
1367 3907 1563 3961 liceret
1602 3905 1716 3959 Eu-

143 3994 414 4053 charistiam
436 4000 657 4055 deferre
684 4000 743 4054 in
770 4000 1033 4073 proprias
1057 4001 1223 4056 ades.
1256 4001 1366 4055 Nec
1397 4015 1530 4054 sane
1556 3998 1717 4053 video

143 4089 248 4158 quid
270 4106 331 4145 ex
353 4093 583 4147 Paulino
610 4093 745 4147 huic
771 4094 1123 4166 responsioni
1152 4093 1329 4166 possit
1365 4092 1594 4164 opponi,
1630 4096 1717 4145 ta-

144 4183 276 4237 metsi
295 4200 404 4239 rem
429 4186 594 4241 aliter
617 4203 676 4241 se
703 4186 910 4242 habere
940 4203 1056 4242 non
1081 4187 1297 4242 dubito.
1335 4187 1547 4241 Verum
1583 4201 1717 4239 oon-

144 4272 317 4331 feratur
335 4278 419 4333 hic
442 4281 600 4335 locus
629 4297 761 4334 cum
786 4280 1018 4335 Palladii
1040 4279 1368 4336 testimonio
1392 4280 1452 4334 in
1480 4279 1625 4334 libro
1652 4280 1721 4333 de

146 4365 243 4421 Vita
272 4374 431 4427 sancti
470 4373 744 4429 Johannis
778 4374 1187 4445 Chrysostomi,
1230 4379 1328 4429 aut
1362 4372 1552 4445 potius
1590 4388 1722 4427 cum

1801 1862 1871 1917 ad
1898 1862 2250 1933 Calosyrium
2278 1860 2610 1932 episcopum
2639 1858 2908 1912 scribens.

1879 1961 1963 2012 l2.
2015 1955 2126 2010 Sed
2180 1953 2384 2007 Gracis
2434 1951 2559 2005 aliis
2609 1951 2832 2005 omissis
2875 1949 3040 2004 venio
3077 1949 3146 2003 ad
3189 1949 3435 2018 Latinos,

1804 2065 2048 2123 quorum
2079 2048 2227 2101 inter
2255 2046 2471 2116 primos
2513 2043 2761 2098 occurrit
2800 2042 3057 2113 Optatus.
3103 2043 3151 2096 Is
3184 2042 3243 2095 in
3278 2042 3377 2096 lib.
3419 2058 3439 2095 ι

1802 2141 2187 2213 conqueritur,
2216 2138 2368 2209 quod
2394 2137 2562 2190 factio
2588 2135 3006 2190 Donatistarum
3030 2150 3095 2189 eo
3113 2150 3293 2205 usque
3316 2150 3440 2189 eru-

1802 2236 1993 2307 pisset,
2026 2237 2091 2287 ut
2109 2230 2382 2303 jusserint
2410 2253 2436 2278 ‹‹
2477 2228 2890 2283 Eucharistiam
2931 2226 3163 2281 canibus
3193 2226 3377 2281 fundi.
3406 2245 3434 2277 ν

1803 2330 1863 2383 In
1893 2328 1990 2382 lib.
2018 2344 2070 2380 vi
2095 2326 2293 2380 eadem
2319 2322 2551 2395 querela
2579 2322 2835 2389 iteratur,
2883 2318 3010 2392 89
3050 2319 3198 2390 quod
3247 2319 3435 2391 frege-

1804 2421 1919 2475 rint
1955 2419 2340 2488 eraserintque
2380 2416 2598 2482 altaria,
2639 2414 2699 2467 in
2734 2413 2940 2484 quibus
2980 2417 3109 2467 vota
3149 2412 3346 2483 populi
3383 2416 3439 2466 et

1805 2514 2062 2568 membra
2089 2511 2300 2567 Christi
2336 2512 2556 2581 portata
2595 2510 2747 2575 sunt,
2792 2525 2819 2557 »
2867 2505 2983 2560 imo
3031 2526 3058 2553 α
3097 2504 3199 2559 ubi
3239 2520 3442 2575 corpus

1804 2606 2010 2661 Christi
2035 2604 2342 2670 habitabat,
2377 2624 2404 2651 »
2433 2601 2586 2672 quod
2614 2616 2727 2654 non
2745 2598 2813 2653 de
2839 2602 3164 2653 transeunte
3191 2602 3246 2652 et
3270 2598 3440 2652 hora-

1806 2698 1888 2753 ria
1917 2699 1999 2767 (ut
2025 2698 2102 2752 ita
2142 2696 2344 2766 dicam)
2384 2692 2645 2748 sacriﬁcii
2684 2692 2926 2761 actione,
2963 2690 3060 2745 sed
3097 2690 3166 2744 de
3209 2705 3435 2761 perma-

1807 2792 1967 2846 nenti
1992 2790 2339 2844 habitatione
2369 2786 2865 2857 interpretandum
2894 2788 2978 2838 est
3005 2800 3018 2837 :
3048 2799 3151 2837 nec
3180 2798 3311 2836 sane
3348 2798 3437 2836 sa-

1810 2901 1904 2939 cra
1928 2889 2052 2939 tum
2076 2882 2305 2949 ﬁebant,
2337 2896 2467 2934 cum
2495 2879 2796 2934 Donatista
2822 2878 2883 2932 in
2910 2875 3223 2942 ecclesiam,
3256 2875 3316 2929 in
3351 2874 3440 2946 ip-

1810 2994 1937 3031 sum
1965 2992 2171 3048 corpus
2196 2972 2401 3030 Christi
2434 2972 2670 3043 grassati
2697 2975 2849 3025 sunt.

1888 3074 1972 3125 l3.
2003 3069 2210 3123 Eadem
2240 3064 2545 3121 reservatio
2570 3063 2795 3135 probari
2822 3066 3007 3133 potest
3036 3078 3105 3117 ex
3128 3061 3226 3115 lib.
3255 3076 3292 3113 ιι
3324 3059 3445 3114 Dia-

1812 3164 2079 3235 logorum
2107 3158 2364 3231 Gregorii
2393 3158 2581 3227 Magni
2608 3173 2731 3227 cap.
2761 3157 2852 3225 24,
2884 3154 2983 3209 ubi
3009 3158 3232 3222 sanctus
3263 3154 3440 3208 Bene.

1814 3257 2015 3325 dictus,
2043 3254 2235 3309 audito
2256 3251 2598 3318 monachum
2628 3265 2658 3304 e
2680 3247 2793 3303 suis
2815 3247 3121 3319 quemdam
3141 3245 3446 3317 sepultura

1813 3348 2085 3404 beneﬁcio
2113 3346 2381 3402 divinitus
2408 3342 2607 3411 arceri,
2638 3340 2856 3397 nuntiis
2889 3362 2915 3391 ‹‹
2944 3356 3120 3395 manu
3146 3356 3249 3394 sua
3274 3338 3449 3409 proti-

1814 3459 1922 3497 nus
1948 3440 2408 3496 communionem
2431 3435 2704 3493 dominici
2740 3434 2989 3506 corporis
3027 3432 3200 3502 dedit,
3242 3432 3447 3503 (atque)

1816 3536 1923 3591 hoc
1961 3533 2311 3589 dominicum
2358 3546 2565 3601 corpus
2593 3544 2766 3600 super
2796 3531 2991 3599 pectus
3030 3524 3279 3596 (mortui)
3319 3538 3450 3579 cum

1816 3627 2129 3685 reverentia
2173 3625 2313 3697 poni
2362 3621 2693 3695 (pracepit,)
2734 3634 2980 3691 eumque
3020 3619 3328 3690 sepultura
3370 3617 3451 3671 sic

1816 3722 1983 3778 tradi.
2031 3741 2058 3771 »
2099 3718 2354 3774 Notanda
2394 3715 2669 3788 particula
2702 3713 2981 3784 protinus,
3025 3711 3132 3765 hoc
3168 3714 3253 3764 est
3293 3708 3451 3765 nulla

1816 3814 2147 3886 interposita
2191 3827 2372 3880 mora,
2401 3820 2531 3881 qua
2554 3808 2626 3862 ad
2650 3822 2805 3861 sacra
2828 3803 3165 3859 celebranda
3187 3816 3443 3857 necessa-

1818 3909 1901 3963 ria
1927 3911 2067 3961 erat.

1894 4002 1979 4055 14.
2009 3999 2162 4055 Idem
2191 4014 2312 4052 mos
2350 3993 2717 4051 Eucharistia
2755 3990 3101 4047 asservanda
3134 3988 3287 4060 apud
3321 3986 3449 4042 Gal-

1818 4093 1904 4149 los
1923 4094 2046 4165 jam
2075 4091 2366 4147 obtinebat
2392 4074 2651 4160 tempore
2678 4083 2945 4157 Perpetui
2973 4080 3314 4139 Turonensis
3340 4079 3455 4151 epi-

1820 4186 1994 4258 sc0pi,
2026 4186 2081 4241 id
2113 4190 2197 4240 est
2222 4182 2427 4239 saculo
2459 4198 2509 4251 v,
2540 4197 2654 4253 quo
2671 4184 2925 4251 tempore
2946 4179 3255 4249 Perpetuus
3273 4175 3333 4230 in
3351 4189 3453 4229 suo

1818 4283 2156 4336 testamento
2186 4297 2213 4329 «
2241 4275 2526 4332 Amalario
2555 4274 2884 4346 presbytero
2902 4270 3191 4342 capsulam
3206 4284 3455 4323 commu-

1820 4389 1953 4429 nem
1973 4388 2147 4427 unam
2174 4372 2243 4425 de
2272 4370 2470 4439 serico,
2498 4368 2636 4423 item
2663 4365 3023 4438 peristerium
3050 4368 3108 4418 et
3135 4361 3455 4417 columbam

304 4465 679 4558 Chrysostomi
718 4467 954 4539 epistola
987 4468 1058 4523 ad
1097 4466 1225 4540 88
1262 4466 1653 4521 Innocentium
1690 4482 1723 4520 a
1741 4486 1800 4558 Β
1822 4467 1891 4522 ad
1921 4465 2318 4538 repositorium
2345 4463 2459 4531 dat,
2490 4481 2518 4513 »
2550 4462 2835 4533 legatque.
2866 4460 3048 4513 Rocus
3071 4455 3328 4511 minister
3352 4470 3453 4509 na-

150 4550 346 4612 Palladio
370 4561 555 4615 relata.
584 4562 647 4615 In
671 4577 737 4615 ea
762 4561 998 4632 epistola
1019 4560 1288 4617 describit
1311 4562 1553 4615 Joannes
1579 4559 1724 4614 irru-

152 4647 358 4713 Ptionem
392 4654 657 4725 militum,
702 4671 831 4726 qua
869 4655 928 4708 in
977 4653 1271 4709 ecclesiam
1312 4655 1415 4710 GP.
1456 4653 1605 4708 facta
1642 4656 1725 4707 est

153 4736 341 4798 Snbbato
364 4754 571 4819 sancto,
593 4765 725 4803 cum
746 4748 939 4802 omnia
956 4747 1027 4801 ad
1046 4748 1359 4802 solemnem
1378 4747 1725 4818 baptismum

155 4842 300 4890 essent
320 4838 596 4912 disposita.
625 4843 781 4896 Tunc
823 4841 1036 4914 quippe
1071 4857 1258 4895 sacros
1290 4842 1492 4895 Fontes
1526 4855 1724 4894 cruore

155 4927 521 4990 vulneratorum
547 4951 616 4990 ex
634 4935 957 5007 promiscuo
976 4950 1116 4989 sexu
1133 4935 1391 5007 perfusos
1408 4933 1578 4988 fuisse
1598 4932 1728 4988 scri-

156 5016 217 5074 bit
240 5040 250 5077 :
276 5027 359 5081 sed
383 5044 559 5100 neque
586 5029 679 5083 hic
706 5029 925 5083 malum
960 5028 1294 5085 substitisse.
1330 5028 1530 5083 Milites
1573 5027 1727 5082 enim

161 5130 180 5161 ε
200 5116 278 5170 ubi
307 5136 448 5175 sacra
471 5128 631 5178 erant
660 5123 905 5194 reposita
939 5144 967 5171 »
1005 5122 1407 5194 irrumpentes,
1444 5143 1471 5170 ‹‹
1506 5128 1651 5178 Ἔντα
1671 5127 1731 5176 τὰ

162 5212 244 5273 ἆται
267 5217 503 5284 ἀπέκειντο,
546 5216 812 5271 viderunt
853 5215 1046 5270 omnia
1088 5231 1215 5287 qua
1258 5215 1411 5269 intus
1449 5218 1632 5281 erant,
1674 5217 1731 5267 et

163 5305 480 5363 sanctissimus
528 5309 736 5364 Christi
784 5309 1045 5381 sanguis,
1094 5316 1149 5364 τὸ
1189 5314 1451 5376 ἁγιώτατον
1486 5314 1608 5376 αἷμα
1644 5310 1729 5361 τοῦ

166 5399 339 5467 Χέιστοῦ,
377 5401 434 5455 in
474 5403 875 5474 pradictorum
919 5406 1098 5457 vestes
1137 5400 1553 5456 etfundebatur.
1601 5420 1628 5447 »
1672 5398 1732 5453 ld

165 5491 311 5545 autem
329 5493 526 5551 factum
550 5503 653 5567 est,
683 5512 815 5551 cum
840 5512 1038 5551 omnes
1064 5494 1456 5551 catechumeni
1496 5493 1567 5547 ad
1604 5509 1729 5547 sus-

170 5578 433 5649 cipiendum
458 5590 739 5662 baptisma
774 5590 951 5662 aptati
990 5594 1194 5645 essent.
1228 5590 1376 5661 Ergo
1410 5592 1542 5643 ante
1579 5601 1735 5641 sacra

171 5673 405 5753 celebrata,
456 5701 582 5757 qua
633 5683 871 5741 Sabbato
922 5689 1136 5755 sancto,
1186 5683 1415 5739 nonnisi
1459 5680 1734 5737 absolutis

176 5762 381 5841 baptismi
407 5780 768 5850 caeremoniis,
797 5781 867 5837 ab
902 5780 1137 5855 antiquo
1171 5777 1424 5835 inchoari
1464 5793 1589 5833 mos
1628 5778 1732 5842 est,

1825 4565 1920 4632 gat
1943 4561 2088 4614 hanc
2118 4556 2438 4612 columbam
2468 4555 2539 4609 ad
2566 4551 2997 4618 Eucharistiam,
3024 4548 3121 4604 sed
3140 4548 3209 4603 ad
3235 4546 3456 4619 quidvis

1823 4652 1976 4708 aliud
2001 4647 2393 4722 reponendum
2419 4645 2592 4702 fuisse
2618 4645 2957 4701 institutam.
2985 4643 3051 4698 Et
3081 4642 3204 4697 hac
3225 4639 3457 4712 quidem

1825 4744 2115 4817 responsio
2149 4741 2365 4814 aliquid
2392 4742 2622 4809 valeret,
2656 4738 2702 4793 si
2729 4739 2920 4793 nullus
2946 4736 3089 4791 alius
3124 4734 3287 4790 nobis
3321 4750 3458 4805 sup-

1825 4843 2044 4911 peteret
2068 4838 2226 4892 locus
2252 4836 2323 4889 ad
2350 4833 2705 4907 probandum
2744 4848 2913 4885 usum
2953 4829 3342 4885 columbarum
3379 4842 3463 4883 ar-

1829 4935 2161 5004 gentearum
2198 4942 2570 4984 aurearumve
2605 4927 2675 4980 ad
2718 4924 3086 4979 Eucharistia
3129 4922 3463 4978 reservatio-

1827 5043 1980 5081 nem.
2004 5029 2073 5079 At
2092 5024 2271 5078 multa
2292 5023 2346 5078 id
2368 5021 2635 5077 evincunt
2654 5023 2912 5074 veterum
2927 5016 3270 5085 testimonia,
3292 5020 3462 5087 atque

1828 5121 1971 5175 ritus
1998 5118 2167 5173 etiam
2196 5117 2365 5171 hodie
2390 5114 2732 5188 quibusdam
2759 5113 2819 5168 in
2838 5112 2972 5167 locis
2992 5110 3374 5183 perseverans,
3395 5111 3460 5162 ut

1829 5214 1889 5268 in
1914 5211 2146 5266 ecclesia
2170 5209 2346 5264 sancti
2386 5208 2561 5263 Mauri
2601 5222 2781 5279 prope
2821 5204 3061 5261 Parisios
3093 5220 3106 5259 :
3151 5203 3250 5258 ubi
3282 5200 3461 5256 conti.

1829 5306 2033 5361 nenda
2079 5303 2281 5358 divina
2332 5300 2703 5356 Eucharistia
2745 5299 2954 5354 vasculi
2994 5298 3115 5352 loco
3152 5301 3236 5351 est
3270 5297 3467 5348 aurata

1831 5399 2112 5454 columba.
2145 5397 2298 5451 Idem
2318 5412 2441 5449 mos
2466 5394 2603 5449 olim
2627 5393 2855 5465 vigebat
2881 5390 3032 5462 apud
3070 5386 3464 5444 Cluniacenses

1832 5497 2074 5559 nostros,
2101 5493 2242 5545 teste
2272 5487 2545 5557 Udalrico,
2579 5486 2680 5558 qui
2705 5485 2970 5558 pyxidem
2998 5498 3203 5554 corpus
3230 5479 3467 5537 domini-

1834 5603 1966 5642 cum
1981 5585 2050 5640 ad
2069 5582 2334 5638 viaticum
2352 5580 2710 5636 inﬁrmoan
2731 5577 3132 5644 continentem,
3160 5594 3187 5628 α
3214 5574 3277 5631 in
3296 5587 3467 5629 aurea

1834 5676 2335 5750 columbajugiter
2360 5675 2641 5748 pendente
2669 5687 2839 5744 super
2873 5669 3047 5726 altare
3092 5687 3119 5721 ι)
3165 5667 3336 5724 fuisse
3373 5681 3462 5722 rea

1837 5774 2120 5831 conditam
2150 5771 2339 5829 scribit
2366 5769 2426 5826 in
2452 5768 2550 5829 lib.
2581 5783 2742 5840 108p.
2771 5766 2823 5821 8.

3324 271 3424 326 462
3516 326 3523 329 _
