4020 6232
561 280 659 339 163

1348 283 1680 369 APPENDIX
1717 286 1803 340 AD
1840 284 2062 340 ΟΡΕΒΑ
2100 284 2330 342 SANCTI
2367 286 2665 342 GERMANI
2704 286 3128 344 PARISIENSIS.

3829 289 3917 340 164

629 409 756 483 90
788 412 874 466 15.
902 409 1008 467 Sed
1031 411 1320 483 antiquius
1343 417 1428 467 est
1451 413 1839 467 testimonium
1862 413 2001 468 Vita:
2028 414 2183 467 Basi-
2208 406 2265 478 A
2286 393 2769 451 VeriSimmimum
2787 399 2872 451 θεῖ
2897 394 3185 450 οοῙυωδθε
3212 392 3359 464 mas:
3387 392 3558 449 etiam
3593 408 3729 466 qua”
3755 409 3922 465 super

553 503 616 558 lii
635 503 840 575 Magni,
859 520 987 575 quae
1004 504 1538 576 licetAmphitochio
1552 522 1852 577 perperam
1870 506 2178 573 tribuatur,

554 600 746 650 tamen
768 596 838 650 ab
863 602 1089 652 auctore
1117 598 1420 653 veterrimo
1447 598 1654 668 scripta
1694 602 1798 668 est,
1839 604 2008 670 atque
2058 600 2184 653 lau-

558 689 688 743 data
723 689 793 743 ab
828 691 1000 744 Aiuea
1041 691 1335 745 Parisiensi
1373 691 1634 761 episcOpo
1677 691 1738 746 in
1774 692 1873 746 lib.
1920 693 2188 747 adversus

559 782 801 849 Graecos,
832 783 1022 837 relatis
1050 782 1371 837 iisdemmet
1399 784 1582 838 verbis
1606 800 1736 855 quae
1762 785 1930 839 modo
1946 785 2005 839 in
2022 802 2190 865 argu-

557 879 751 929 mento
805 880 1119 930 versantur.
1171 876 1408 931 Basilius
1446 877 1658 948 quippe
1700 882 1830 948 post
1870 878 2083 932 elatum
2128 879 2189 933 in

556 968 727 1023 missa
756 968 1099 1022 dominicum
1124 985 1353 1039 panem,
1385 986 1517 1024 eum
1546 970 1605 1023 in
1631 973 1744 1025 tres
1770 974 1957 1041 partes
1977 971 2186 1041 divisit,

558 1076 801 1133 quarum
830 1077 1005 1115 unam
1031 1061 1151 1131 ipse
1181 1062 1443 1132 sumpsit,
1465 1061 1639 1116 aliam
1658 1061 1719 1116 in
1737 1079 1911 1118 aurea
1931 1064 2190 1118 columba

559 1169 731 1224 super
754 1153 930 1207 altare
955 1159 1370 1209 sacrosanctum
1395 1154 1703 1225 collocavit,
1742 1164 1826 1220 τὴν
1861 1165 2021 1227 ἑτέραν
2048 1164 2191 1219 ἐνθεὶς

557 1248 808 1309 περιστερᾷ
840 1250 997 1309 χρυσῇ
1038 1246 1298 1309 ἐκρέμασεν
1330 1245 1489 1294 ἐπάνω
1520 1245 1606 1295 rei}
1650 1247 1792 1308 ἁγίου
1830 1248 2185 1312 θυσιαστηρίου.

560 1330 703 1384 Cum
729 1330 923 1401 itaque
952 1332 1264 1401 Perpetuus
1290 1332 1571 1387 Amalario
1610 1333 1938 1404 presbytero
1970 1334 2186 1388 colum-

558 1418 692 1473 bam
740 1424 1071 1490 argenteam
1120 1420 1191 1474 ad
1233 1422 1631 1491 repositorium
1675 1439 1807 1477 cum
1850 1423 1973 1477 aliis
2019 1423 2190 1477 sacris

558 1512 729 1567 rebus
755 1512 928 1581 legat,
961 1512 1030 1567 de
1058 1512 1338 1583 columba,
1377 1530 1506 1585 qum
1537 1515 1607 1569 ad
1644 1515 2041 1570 asservandam
2073 1516 2185 1569 Eu-

559 1603 885 1658 charistiam
910 1605 1054 1659 facta
1078 1610 1219 1673 erat,
1249 1605 1705 1677 interpretandus
1729 1608 1970 1663 videtur.

634 1699 719 1752 16.
749 1696 1061 1751 Fatendum
1090 1701 1281 1753 tamen
1323 1704 1424 1769 est,
1464 1716 1581 1754 non
1617 1700 1819 1770 ubivis,
1859 1717 1991 1755 cum
2033 1701 2098 1757 ﬁt
2129 1702 2190 1756 in

2284 486 2480 541 altaria
2507 503 2771 559 appensa:
2809 492 2987 558 erant,
3018 488 3090 542 ad
3107 488 3214 542 hoc
3240 487 3515 542 duntaxat
3550 487 3728 542 fuisse
3764 486 3920 542 insti-

2286 585 2457 647 tutas,
2486 596 2693 652 nempe
2719 582 2779 636 in
2805 581 3049 652 ﬁguram
3078 580 3318 651 Spiritus
3343 581 3540 651 sancti,
3573 590 3641 645 εἰς
3662 604 3818 637 mw
3843 587 3919 637 τοῦ

2287 682 2428 744 ἁγίου
2466 683 2759 745 Πνεύματος,
2791 675 2874 729 uti
2918 678 2975 729 et
3023 674 3163 743 illas,
3208 690 3340 746 qua:
3383 690 3554 745 super
3597 674 3924 745 baptisteria

2286 769 2627 839 pendebant.

2364 864 2449 916 l8.
2476 861 2561 916 Ad
2586 860 2867 931 triplicem
2894 859 3084 931 itaque
3106 876 3275 915 usum
3302 859 3574 915 institutae
3599 863 3769 914 erant
3787 859 3924 929 ejus-

2290 954 2445 1008 modi
2469 954 2764 1017 columbae,
2796 969 3001 1023 nempe
3032 953 3103 1007 ad
3145 953 3390 1023 ﬁguram
3429 969 3528 1007 seu
3562 951 3918 1023 mysterium,

2289 1047 2359 1102 ad
2387 1050 2672 1112 ornatum,
2716 1051 2773 1100 et
2809 1046 2881 1100 ad
2920 1046 3340 1117 repositorium.
3378 1045 3551 1100 Primi
3589 1050 3648 1101 et
3691 1044 3922 1099 secundi

2290 1139 2513 1211 generis
2537 1139 2812 1193 columbae
2843 1138 3083 1193 erantin
3108 1138 3453 1209 baptisteriis
3488 1141 3544 1194 et
3582 1138 3643 1192 in
3686 1136 3919 1209 quibus-

2290 1233 2423 1288 dam
2464 1231 2767 1300 altaribus;
2819 1232 2973 1286 tertii
3014 1247 3144 1286 vero
3185 1232 3408 1302 generis
3444 1231 3567 1287 alia:
3607 1230 3825 1303 passim
3859 1229 3923 1283 ad

2289 1324 2685 1381 continendam
2714 1324 3119 1379 Eucharistiam
3152 1324 3419 1379 divinam.

2364 1421 2451 1473 l9.
2479 1417 2561 1473 Ad
2589 1418 2795 1472 harum
2819 1422 3010 1472 tamen
3036 1417 3411 1471 imitationem
3453 1417 3735 1472 columba:
3781 1433 3925 1488 quae-

2290 1512 2420 1566 dam
2473 1510 2643 1565 etiam
2692 1511 2763 1565 ad
2814 1510 3168 1581 reponendas
3217 1509 3488 1581 reliquias
3536 1526 3726 1565 sacras
3769 1509 3923 1564 facta:

2289 1608 2463 1659 sunt:
2508 1618 2622 1675 quo
2657 1602 2717 1657 in
2761 1601 2887 1675 92
2930 1618 3136 1673 genere
3177 1605 3299 1656 erat
3330 1602 3425 1656 illa
3458 1602 3710 1657 ecclesiae
3752 1602 3923 1657 beatae

2288 1696 2476 1752 Mariae
2500 1696 2907 1762 Landunensis,
2938 1695 3101 1766 cujus
3127 1694 3393 1749 meminit
3417 1696 3781 1750 Hermannus
3806 1711 3922 1750 mo-

561 1788 729 1843 rebus
768 1790 939 1843 etiam
983 1791 1367 1845 ecclesiasticis
1403 1766 1814 1848 columbarum?
1838 1795 2072 1863 mentio,
2119 1794 2188 1849 de
2208 1766 2265 1837 Β
2288 1790 2503 1845 nachus
2527 1790 2587 1843 in
2615 1788 2716 1842 lib.
2748 1804 2805 1842 ιιι
2832 1789 2901 1842 de
2929 1788 3206 1843 Miraculis
3233 1792 3438 1842 sanctae
3468 1788 3654 1843 Mariae
3681 1804 3811 1859 cap.
3843 1791 3920 1856 28,

561 1881 835 1935 columbis
876 1883 1244 1936 Eucharistiae
1296 1886 1585 1939 servanda:
1629 1886 1832 1956 aptatis
1870 1903 2193 1942 sermonem

562 1988 699 2027 esse.
748 1973 946 2027 Tribus
989 1975 1200 2045 quippe
1246 1975 1308 2029 in
1345 1975 1482 2030 locis
1525 1978 1801 2032 columbae
1842 1979 2099 2033 adhiberi
2132 1980 2193 2034 in

560 2064 791 2120 ecclesia
819 2065 1095 2134 solebant,
1126 2083 1332 2138 nempe
1358 2068 1418 2122 in
1460 2068 1824 2141 baptisteriis,
1862 2070 1923 2125 in
1956 2071 2194 2126 tumulis

560 2173 692 2211 cum
711 2163 1052 2227 sanctorum,
1071 2163 1196 2214 tum
1212 2160 1454 2216 aliorum
1472 2162 1771 2217 hominum
1790 2162 2189 2235 insigniorum,

561 2256 617 2304 et
644 2250 704 2305 in
729 2250 997 2305 altaribus
1024 2253 1214 2307 sacris.
1245 2254 1305 2308 In
1330 2254 1674 2326 baptisteriis
1710 2256 1967 2326 mysterii
2005 2274 2191 2326 causa,

562 2342 634 2397 ad
657 2342 1091 2414 signiﬁcandum
1128 2345 1338 2401 scilicet
1361 2346 1635 2417 Spiritum
1675 2352 1953 2416 sanctum,
2000 2350 2101 2420 qui
2132 2350 2195 2404 in

559 2436 839 2490 columbae
868 2437 1049 2507 specie
1075 2454 1247 2509 super
1272 2439 1560 2494 Christum
1587 2440 1932 2510 baptizatum
1972 2446 2191 2512 specta-

561 2527 733 2583 bilem
760 2545 819 2584 se
843 2529 1089 2599 praebuit
1116 2545 1130 2584 :
1162 2531 1355 2601 quales
1395 2531 1568 2586 etiam
1607 2548 1759 2586 nunc
1799 2549 1969 2603 super
2001 2533 2191 2604 bapti-

561 2621 730 2675 steria
754 2638 1017 2693 appensa:
1035 2626 1167 2677 sunt
1186 2623 1526 2695 quibusdam
1546 2625 1608 2679 in
1633 2623 1789 2679 locis.
1810 2625 1990 2695 Super
2007 2630 2195 2681 tumu-

562 2713 645 2767 los
676 2714 874 2769 itidem
908 2720 1227 2787 martyrum
1272 2717 1561 2772 columbas
1609 2717 1858 2788 appendi
1896 2718 2031 2773 olim
2072 2736 2193 2774 mos

566 2812 704 2862 erat.
746 2809 901 2863 Unde
936 2809 1030 2863 fur
1064 2810 1298 2881 quidam
1340 2810 1399 2864 in
1445 2810 1677 2865 ecclesia
1712 2811 1890 2865 sancti
1927 2811 2190 2882 Dionysii,

568 2923 596 2949 ‹‹
633 2917 803 2972 super
839 2903 1159 2974 sepulcrum
1202 2906 1460 2957 sanctum
1499 2903 1713 2957 calcare
1755 2919 1870 2957 non
1910 2909 2190 2974 metuens,

564 2993 701 3048 dum
727 2995 1049 3049 columbam
1074 3011 1304 3051 auream
1330 2995 1521 3051 lancea
1549 2995 1756 3066 quaerit
1780 2997 2006 3067 elidere,
2036 2999 2192 3069 elap-

563 3085 638 3141 sis
665 3087 900 3158 pedibus
929 3088 1000 3141 ab
1028 3093 1267 3159 utraque
1293 3092 1476 3159 parte,
1509 3088 1643 3158 quia
1673 3089 1914 3144 turritus
1941 3095 2061 3144 erat
2098 3096 2190 3145 tu-

566 3179 771 3249 mulus,
804 3180 995 3234 lancea
1019 3180 1080 3234 in
1109 3180 1283 3234 latere
1323 3179 1525 3251 deﬁxa,
1568 3181 1843 3235 exanimis
1880 3187 1963 3236 est
1997 3183 2193 3237 inven-

563 3262 676 3341 tus,
710 3290 737 3324 »
763 3273 914 3343 apud
942 3271 1277 3343 Gregorium
1306 3272 1366 3326 in
1392 3273 1489 3327 lib.
1518 3290 1537 3327 1
1564 3274 1632 3328 de
1658 3275 1845 3329 Gloria
1878 3279 2196 3347 martyrum

566 3381 689 3435 cap.
738 3367 826 3417 72.
872 3363 1060 3417 Simile
1108 3364 1455 3434 prmstabaut
1501 3364 1853 3437 Langobardi
1902 3385 2038 3439 erga
2069 3385 2198 3423 con-

567 3456 906 3525 sanguineos
932 3471 1081 3525 suos,
1110 3456 1390 3517 referente
1416 3458 1588 3512 Paulo
1627 3460 1960 3515 Warnefridi
1995 3462 2054 3515 in
2093 3462 2193 3517 lib.

566 3564 601 3602 v
626 3565 748 3619 cap.
786 3548 854 3603 34
892 3564 908 3602 :
951 3570 978 3597 «
1023 3548 1081 3603 Si
1122 3550 1252 3620 quis
1289 3550 1445 3606 enim
1486 3550 1757 3622 (suorum)
1799 3557 1897 3608 aut
1931 3555 1992 3608 in
2024 3555 2192 3624 bello,

563 3646 664 3696 aut
687 3641 1198 3715 quomodocunque
1221 3641 1336 3716 91
1369 3644 1677 3700 exstinctus
1701 3645 1918 3716 fuisset,
1949 3665 2192 3703 consau-

565 3734 758 3808 guinei
786 3735 871 3788 sui
898 3735 1049 3791 intra
1075 3738 1333 3808 sepulcra
1358 3754 1459 3792 sua
1502 3739 1776 3810 perticam
1822 3740 2091 3812 ﬁgebant,
2134 3742 2195 3796 in

563 3824 725 3894 cujus
749 3824 1073 3880 summitate
1103 3826 1425 3881 columbam
1464 3843 1533 3882 ex
1568 3827 1726 3899 ligno
1770 3829 1974 3884 factam
2016 3847 2193 3901 pone-

565 3916 722 3985 bant,
754 3933 883 3989 qute
904 3917 1038 3971 illuc
1065 3935 1221 3974 versa
1246 3924 1409 3987 esset,
1440 3920 1540 3975 ubi
1567 3937 1769 3976 eorum
1787 3922 2024 3978 dilectus
2051 3924 2197 3978 obis-

564 4013 670 4064 set.
712 4028 740 4059 »
771 4009 882 4063 lllze
909 4009 1099 4080 itaque
1123 4011 1420 4082 columbae,
1449 4013 1563 4069 sive
1595 4032 1723 4085 quae
1743 4016 1802 4070 in
1826 4015 2191 4087 baptisteriis,

565 4102 681 4156 sive
705 4117 834 4172 qua:
859 4102 919 4155 in
940 4104 1175 4157 tumulis
1192 4121 1477 4175 appensze,
1495 4112 1657 4162 erant
1669 4108 1739 4162 ad
1759 4109 2095 4179 mysterium
2110 4111 2196 4165 vel

566 4195 637 4249 ad
658 4197 942 4263 ornatum,
964 4211 1078 4249 non
1093 4194 1567 4253 adasservandum
1590 4199 1879 4272 viaticum,
1900 4202 1957 4257 id
1980 4209 2065 4257 est
2080 4220 2196 4258 non

563 4287 636 4342 ad
662 4286 1076 4359 repositorium,
1104 4290 1286 4361 qualis
1315 4295 1436 4345 erat
1460 4291 1553 4346 illa
1586 4293 1851 4364 Perpetui
1889 4295 2146 4351 columba
2178 4312 2192 4351 :

563 4396 692 4452 quae
718 4398 851 4437 cum
869 4382 1199 4453 simpliciter
1219 4383 1479 4438 columba
1498 4385 1569 4440 ad
1586 4386 1985 4456 repositorium
2006 4389 2197 4460 appel-

2215 3131 2270 3205 Ο

2288 1883 2388 1938 ubi
2412 1883 2482 1937 de
2504 1880 2932 1936 furtoAnselmi
2957 1881 3273 1952 cujusdam,
3297 1882 3397 1953 qui
3428 1902 3456 1930 (ί
3495 1896 3693 1935 cruces
3732 1896 3925 1934 aureas

2291 1980 2346 2031 et
2379 1974 2727 2046 phylacteria
2765 1973 3149 2045 confringens,
3190 1974 3340 2029 inter
3377 1978 3581 2029 caetera
3614 1972 3794 2027 etiam
3829 1989 3922 2027 au-

2291 2081 2448 2120 ream
2473 2063 2795 2118 columbam
2838 2062 3136 2133 confregit,
3166 2078 3294 2133 quae
3320 2079 3425 2133 pro
3451 2062 3592 2115 lacte
3619 2066 3677 2116 et
3714 2060 3925 2131 capillis

2291 2157 2499 2207 sancite
2543 2152 2752 2221 Mariae,
2798 2156 2867 2206 ut
2899 2150 3203 2216 ferebatur,
3249 2150 3563 2205 introrsum
3599 2150 3922 2217 reconditis,

2290 2246 2537 2300 multum
2563 2250 2684 2300 erat
2710 2245 2927 2300 famosa
2951 2247 3008 2298 et
3028 2242 3393 2297 honorabilis.
3412 2243 3569 2297 Unde
3593 2247 3651 2297 et
3670 2243 3735 2297 in
3763 2244 3925 2313 majo-

2292 2339 2450 2393 ribus
2475 2339 2629 2393 festis
2657 2354 2828 2409 super
2851 2339 2973 2408 ejus
3000 2336 3176 2391 altare
3200 2336 3413 2391 solebat
3439 2336 3712 2406 appendi.
3758 2358 3786 2384 ››
3829 2338 3923 2391 Ve-

2293 2448 2421 2486 rum
2448 2448 2564 2486 non
2589 2446 2813 2502 semper
2839 2447 3105 2501 appensa:
3134 2433 3297 2485 erant
3337 2428 3615 2499 ejusmodi
3650 2429 3924 2483 columbae

2293 2542 2465 2597 super
2500 2525 2694 2593 altare,
2737 2523 2835 2578 sed
2869 2524 2940 2578 ad
2980 2524 3148 2577 breve
3185 2526 3412 2593 tempus
3442 2539 3456 2576 :
3506 2538 3697 2593 neque
3735 2522 3925 2593 primis

2293 2618 2513 2673 saeculis
2536 2616 2804 2689 reliquias
2829 2632 3001 2688 super
3028 2615 3226 2671 altaria
3256 2615 3505 2687 appendi
3541 2615 3752 2687 religio
3787 2615 3925 2670 fere-

2292 2712 2408 2767 bat.
2464 2711 2656 2781 Neque
2710 2709 2901 2764 forsan
2944 2709 3079 2763 alibi
3133 2708 3355 2780 uspiam
3407 2707 3653 2762 inveniri
3718 2708 3927 2780 possint

2293 2804 2574 2877 ejusmodi
2599 2803 2877 2858 columbae
2902 2803 2974 2857 ad
2997 2802 3365 2857 continendas
3390 2801 3657 2872 reliquias
3683 2821 3702 2856 :
3729 2819 3836 2857 nec
3858 2802 3921 2856 ob

2292 2898 2399 2953 hoc
2424 2897 2711 2968 singulare
2736 2896 2950 2951 factum
2978 2895 3187 2950 elevari
3212 2895 3379 2950 debet
3398 2910 3467 2949 ex
3488 2896 3760 2966 Perpetui
3776 2900 3924 2951 testa-

2292 2995 2483 3046 mento
2510 2990 2684 3061 petita
2709 2988 3012 3044 auctoritas
3038 2989 3109 3044 ad
3133 2988 3491 3060 probandum
3520 3004 3693 3042 usum
3720 2989 3925 3044 colum-

2294 3084 2498 3139 barum
2522 3099 2626 3154 pro
2654 3082 3019 3139 Eucharistiae
3046 3098 3146 3137 seu
3171 3080 3359 3136 viatici
3385 3081 3791 3137 asservatione.

2365 3179 2456 3232 20.
2489 3176 2857 3231 Eucharistiae
2887 3180 3182 3231 asservatae
3211 3178 3617 3245 argumentum
3641 3174 3856 3230 certius
3879 3178 3927 3229 et

2297 3270 2640 3342 exploratius
2667 3269 2878 3340 legitur
2898 3269 2961 3324 in
2989 3285 3203 3323 canone
3230 3271 3260 3323 3
3299 3267 3522 3322 concilii
3559 3284 3601 3321 ιι
3636 3269 3924 3324 Turonen-

2296 3364 2391 3434 sis,
2431 3363 2531 3434 qui
2570 3363 2639 3417 de
2676 3362 3079 3433 Compositione
3120 3361 3369 3433 corporis
3402 3360 3629 3415 Domini
3668 3361 3736 3416 in
3775 3361 3928 3416 altari

2294 3456 2643 3525 inscribitur,
2668 3456 2758 3511 his
2782 3456 3014 3510 omnino
3040 3454 3223 3509 verbis
3247 3470 3547 3525 expressus
3575 3471 3590 3509 :
3645 3458 3715 3511 Ut
3750 3469 3928 3527 corpus

2296 3552 2511 3606 Domini
2537 3553 2595 3604 in
2619 3551 2810 3612 altari,
2841 3565 2947 3604 non
2986 3552 3046 3603 in
3086 3550 3415 3618 imaginario
3457 3549 3669 3612 ordine,
3711 3550 3811 3605 sed
3839 3548 3926 3604 sub

2296 3646 2468 3698 crucis
2496 3644 2652 3698 titulo
2682 3647 3054 3713 componatur.
3089 3641 3163 3694 De
3194 3642 3301 3696 hoc
3329 3657 3545 3696 canone
3587 3641 3779 3697 fusius
3815 3641 3923 3714 egi-

2295 3753 2425 3791 mus
2448 3736 2507 3790 in
2535 3736 2723 3791 libello
2754 3736 2823 3791 de
2843 3739 3050 3807 Azymo
3075 3751 3198 3805 cap.
3231 3738 3285 3789 8.
3315 3735 3422 3789 Sed
3442 3735 3707 3806 quaedam
3736 3736 3831 3791 hic
3852 3750 3927 3790 re-

2294 3833 2534 3885 tractare
2552 3830 2734 3899 juvat.
2762 3830 2896 3883 Tres
2921 3832 3054 3882 sunt
3081 3828 3151 3882 de
3194 3827 3529 3899 explicando
3570 3828 3677 3883 hoc
3721 3844 3925 3884 canone

2294 3923 2714 3978 Catholicorum
2757 3921 3070 3976 sententiae.
3120 3920 3314 3975 Binius
3347 3920 3632 3976 existimat
3677 3921 3795 3977 hoc
3834 3922 3923 3977 de-

2295 4021 2447 4072 creto
2473 4015 2763 4088 prohiberi
2787 4032 2861 4070 ne
2893 4030 3095 4086 corpus
3130 4013 3357 4070 Domini
3393 4014 3544 4069 inter
3579 4031 3772 4070 sacras
3802 4016 3925 4070 ima-

2298 4110 2459 4181 gines
2481 4126 2652 4182 super
2678 4109 2849 4163 altare
2876 4108 3012 4179 poni
3040 4107 3249 4176 solitas,
3282 4107 3377 4162 sed
3402 4107 3589 4178 potius
3627 4108 3923 4164 collocetur

2296 4203 2399 4257 sub
2430 4203 2550 4274 ipsa
2574 4217 2759 4271 cruce,
2788 4217 2917 4272 quia
2941 4200 3001 4255 in
3026 4198 3346 4254 meditullio
3375 4199 3552 4269 ipsius
3580 4200 3784 4255 altaris
3803 4199 3925 4272 poni

2295 4295 2602 4350 consuevit.
2657 4294 2892 4349 Iacobus
2941 4287 3280 4348 Sirmundus
3332 4307 3362 4345 e
3410 4291 3692 4345 contrario
3750 4297 3925 4350 censet

2295 4388 2440 4444 nihil
2468 4388 2622 4442 aliud
2646 4387 2752 4441 hoc
2777 4400 2990 4440 canone
3014 4384 3215 4453 vetari,
3246 4399 3418 4455 quam
3443 4387 3510 4438 ut
3532 4384 3696 4454 panis
3729 4386 3794 4441 in
3821 4401 3926 4442 cor-

562 4475 732 4543 letur,
759 4491 875 4530 non
896 4476 964 4531 de
979 4476 1087 4533 alia
1105 4492 1165 4532 re
1190 4493 1362 4549 quam
1379 4478 1448 4533 de
1469 4479 1817 4535 Eucharistia
1834 4480 1894 4536 id
1911 4481 2192 4554 interpre-
2212 4491 2272 4563 D
2293 4499 2400 4554 pus
2441 4480 2661 4535 Domini
2691 4477 3102 4533 consecrandus
3147 4492 3263 4531 non
3303 4476 3468 4532 aliter
3512 4493 3617 4548 pro
3655 4479 3924 4551 cujusque

561 4569 800 4625 tandum
828 4572 932 4626 est.

635 4666 722 4718 i7.
753 4664 940 4718 Unum
968 4667 1142 4719 restat
1168 4662 1377 4720 scilicet
1400 4665 1470 4720 de
1498 4665 1773 4721 columbis
1810 4666 2081 4723 altaribus
2098 4684 2193 4739 ap-

559 4756 769 4829 pensis,
786 4773 927 4829 quae
954 4757 1107 4812 haud
1135 4756 1250 4811 scio
1275 4774 1349 4812 an
1368 4774 1565 4814 omnes
1592 4760 1761 4815 etiam
1783 4761 2190 4816 Eucharistiam

560 4849 943 4905 continebant.
973 4851 1034 4904 In
1078 4849 1267 4904 libello
1306 4851 1727 4921 supplicationis
1767 4853 2103 4908 clericorum
2135 4859 2192 4909 et

560 4943 971 4998 monachorum
997 4943 1306 4998 Antiochiae
1331 4943 1403 4999 ad
1430 4944 1703 5001 Joannem
1731 4946 2110 5017 patriarcham
2134 4951 2191 5001 et

558 5036 631 5091 ad
654 5035 930 5107 synodum
956 5036 1057 5091 CP.
1086 5036 1190 5090 sub
1217 5037 1416 5093 Manna
1442 5044 1848 5111 congregatam
1874 5044 2070 5094 contra
2090 5039 2187 5095 See

557 5146 759 5185 verum
784 5129 1194 5201 Acephalorum
1226 5132 1686 5204 antesignanum,
1727 5132 1973 5204 graviter
2013 5148 2187 5204 expo-

556 5225 771 5280 stulant
783 5224 885 5292 illi,
908 5224 1057 5294 quod
1072 5225 1305 5281 Severus
1319 5243 1503 5299 neque
1534 5226 1672 5298 ipsis
1692 5226 1897 5282 sanctis
1921 5226 2189 5281 altaribus

556 5318 918 5390 pepercisset,
949 5334 1134 5389 neque
1160 5320 1331 5375 sacris
1360 5321 1504 5374 vasis
1540 5336 1553 5374 :
1601 5319 1699 5374 sed
1737 5324 1794 5375 et
1832 5339 1860 5372 ‹‹
1902 5320 2190 5375 columbas

558 5426 757 5466 aureas
803 5416 860 5466 et
902 5416 1217 5484 argenteas,
1266 5425 1449 5485 χρυσᾶς
1492 5420 1576 5468 καὶ
1619 5420 1829 5485 ἀργυρᾶς
1867 5419 2143 5484 περιστεράς
2162 5437 2189 5466 ι)

558 5502 620 5557 in
641 5503 885 5574 ﬁguram
915 5504 1152 5576 Spiritus
1180 5506 1357 5560 sancti
1378 5521 1549 5576 super
1577 5505 1766 5560 divina
1789 5506 2011 5559 lavacra
2036 5510 2091 5560 et
2115 5505 2193 5561 al-

561 5596 704 5651 taria
727 5613 1018 5670 appensas,
1048 5616 1163 5654 una
1186 5614 1318 5653 cum
1354 5597 1478 5652 aliis
1512 5598 1618 5653 sibi
1658 5598 2061 5671 appropriavit,
2101 5599 2189 5655 di-

558 5704 690 5745 cens
713 5707 827 5748 non
853 5697 1110 5765 oportere
1136 5691 1197 5747 in
1219 5690 1402 5764 specie
1441 5692 1716 5748 columbae
1753 5692 2025 5766 Spiritum
2060 5709 2191 5749 san-

563 5787 719 5841 ctum
753 5786 1068 5854 nominare,
1119 5803 1148 5836 ››
1192 5788 1347 5841 tomo
1384 5785 1424 5838 V
1470 5786 1846 5845 Conciliorum
1885 5804 2019 5860 pag.
2069 5790 2191 5846 159.

2290 4574 2523 4632 arbitrio
2551 4589 2721 4645 quam
2747 4573 3021 4642 impressa
3044 4585 3209 4625 cruce
3235 4570 3533 4626 formetur.
3572 4571 3765 4628 Tertia
3804 4587 3922 4628 sen-

2293 4668 2466 4725 tentia
2500 4671 2585 4722 est
2612 4665 2908 4736 cujusdam
2947 4664 3057 4718 viri
3092 4663 3425 4734 doctissimi,
3463 4664 3616 4720 hunc
3651 4679 3920 4722 canouem

2288 4759 2723 4831 intelligendum
2761 4773 2881 4813 esse
2928 4758 2999 4812 de
3045 4757 3436 4829 componenda
3475 4757 3761 4815 oblatione
3800 4774 3919 4814 cum

2289 4854 2458 4909 calice
2500 4856 2757 4924 tempore
2804 4850 3061 4906 sacrificii
3114 4868 3145 4907 e
3187 4852 3423 4924 regione
3471 4849 3596 4924 93
3641 4852 3827 4908 crucis
3866 4851 3918 4906 in

2290 4946 2475 5002 medio
2498 4946 2661 5001 altari
2688 4944 2905 5017 positae,
2927 4961 3043 5000 non
3079 4960 3212 5001 vero
3251 4945 3322 5000 ad
3361 4944 3675 5013 dexteram,
3719 4948 3823 5001 aut
3855 4942 3917 4999 ad

2290 5039 2575 5095 sinistram
2600 5056 2632 5095 e
2658 5038 2892 5110 regione
2917 5037 3257 5110 imaginum.

2359 5136 2450 5189 2t.
2482 5134 2552 5188 Ut
2578 5131 2794 5188 sincere
2831 5148 2896 5187 ac
2935 5132 3185 5203 ingenue
3224 5130 3491 5203 proﬁteu
3534 5131 3689 5202 quod
3725 5130 3913 5196 sentio,

2287 5225 2752 5299 praemittendum
2778 5229 2863 5281 est
2888 5228 3217 5295 imaginario
3250 5225 3436 5280 ordine
3469 5224 3576 5279 hoc
3615 5224 3679 5279 in
3714 5236 3912 5280 canone

2290 5320 2437 5375 nihil
2461 5319 2614 5374 aliud
2639 5319 2967 5391 signiﬁcari,
2991 5335 3166 5391 quam
3185 5318 3446 5374 ordinem
3465 5333 3564 5372 seu
3583 5317 3775 5374 locum
3792 5318 3915 5372 ima-

2293 5413 2513 5485 ginum.
2540 5415 2662 5478 Quo
2690 5430 2859 5470 sensu
2884 5414 3218 5483 imaginaria
3231 5414 3452 5484 pictura
3472 5410 3679 5466 dicitur
3696 5411 3767 5467 ab
3785 5413 3915 5466 Ana-

2291 5507 2459 5562 stasio
2484 5508 2545 5562 in
2572 5507 2828 5564 versione
2856 5507 3090 5563 secundi
3118 5505 3342 5562 concilii
3366 5505 3598 5574 Nicaeni,
3630 5509 3688 5560 et
3705 5505 3765 5560 in
3782 5503 3912 5561 libro

2291 5600 2478 5674 primo
2508 5601 2663 5658 Beati
2688 5601 2904 5658 abbatis
2930 5600 3198 5656 adversus
3216 5599 3559 5671 Elipandum
3577 5598 3909 5670 imaginarie.

2291 5694 2352 5751 id
2362 5699 2446 5752 est
2457 5694 3108 5767 secundumimaginem,
3126 5698 3184 5751 et
3194 5692 3307 5749 alia
3327 5693 3388 5749 id
3401 5708 3582 5765 genus
3593 5709 3711 5749 non
3721 5704 3906 5765 pauca.

2294 5784 2505 5847 Deinde
2544 5790 2737 5849 titulus
2773 5792 2945 5847 crucis
2984 5788 3138 5845 idem
3176 5792 3261 5846 est
3298 5803 3361 5845 ac
3388 5803 3528 5844 crux
3566 5787 3706 5861 ipsa,
3752 5797 3910 5859 super
