4020 6232
152 294 237 345 165

1116 288 1203 345 DE
1240 290 1549 347 LITL'RGIA
1588 294 1959 350 GALLICANA
1998 296 2197 352 LIBER
2235 297 2501 353 PRIMUS.

3404 304 3501 359 166

148 421 298 474 alme
320 417 421 485 (uti
447 417 716 488 superius
742 417 1006 489 vidimuﬁ)
1052 419 1193 475 cum
1239 420 1385 493 erigi
1422 423 1603 479 solita.
1645 425 1759 479 Hoc
1781 414 1839 486 Α
1859 408 2090 460 tunatus
2119 404 2301 461 inlib.
2335 423 2397 460 111
2422 408 2674 461 carmine
2705 410 2770 464 25
2800 409 2871 465 ad
2897 410 3148 466 Felicem
3176 409 3500 485 Biturigen-

150 532 295 572 sensu
334 516 654 571 monachus
697 516 991 571 Dervensis
1023 534 1344 590 anonymus
1391 520 1451 575 in
1494 522 1639 577 libro
1688 522 1773 583 de.

148 613 396 669 Miraculis
421 614 604 669 sancti
631 615 918 671 Bercharii
945 615 1181 684 abbatis,
1210 633 1385 687 agens
1413 618 1481 672 de
1500 624 1755 674 extremo

150 712 374 783 Hugonis
398 711 700 782 cujusdam
720 713 950 767 artificis
964 714 1166 767 morbo
1196 731 1208 768 :
1242 736 1269 764 ‹‹
1296 716 1354 769 In
1371 715 1536 769 titulo
1556 717 1754 783 crucis,

146 806 229 873 ait,
255 805 344 876 qui
368 804 555 859 stabat
581 806 654 860 ad
680 807 851 877 pedes
877 806 1105 861 artiﬁcis
1133 807 1542 878 decumbentis,
1574 809 1757 864 subito

148 899 278 952 visus
295 902 370 953 est
388 899 718 953 illucescere
734 900 932 970 globus
959 900 1261 971 aethereus,
1284 924 1310 948 n
1332 901 1392 954 in
1422 903 1626 956 sazculo
1650 919 1753 955 no-

147 998 244 1046 stro
262 1008 458 1062 u,pag.
488 991 728 1062 856,ubi
762 994 952 1047 titulus
979 995 1153 1047 crucis
1182 992 1412 1048 indubie
1440 994 1580 1048 nihil
1605 995 1756 1050 aliud

147 1083 397 1155 signiﬁcat
422 1102 601 1156 quam
629 1102 856 1141 crucem
869 1086 1070 1157 ipsam,
1091 1103 1218 1158 quae
1234 1087 1303 1140 ad
1319 1087 1490 1158 pedes
1504 1087 1758 1143 fidelium

146 1178 197 1232 in
219 1178 471 1233 extremis
496 1179 796 1250 agentium
825 1179 1207 1250 apponisolet.
1224 1180 1475 1251 Denique
1490 1198 1559 1235 ex
1586 1197 1755 1252 supe-

146 1271 361 1325 rioribus
385 1271 445 1325 in
472 1272 812 1327 memoriam
827 1272 1208 1327 revocandum
1227 1276 1330 1342 est,
1349 1272 1628 1343 imagines
1653 1274 1758 1328 sub

147 1364 303 1435 prima
332 1366 503 1435 stirpe
522 1381 731 1436 regum
756 1370 1085 1420 nostrorum
1109 1365 1203 1420 vix
1228 1383 1293 1419 ac
1306 1383 1378 1419 ne
1407 1368 1499 1420 vix
1526 1367 1756 1438 quidem

146 1457 384 1511 altaribus
426 1458 601 1513 fuisse
644 1459 947 1530 appositas,
980 1459 1078 1513 sed
1112 1459 1422 1530 parietibus
1468 1461 1757 1531 utrimque

149 1551 289 1604 altari
315 1551 764 1620 adhaerentibus,
789 1552 886 1605 ubi
907 1552 1078 1606 etiam
1104 1568 1236 1605 vasa
1262 1569 1440 1622 sacra,
1459 1557 1515 1607 et
1540 1552 1669 1607 libri
1686 1554 1757 1607 ad

148 1644 351 1697 missam
381 1644 691 1699 necessarii
732 1644 793 1698 in
831 1645 1151 1699 secretariis
1180 1645 1631 1701 asservabantur.
1662 1645 1758 1699 His

148 1737 444 1805 observatis,
466 1738 838 1809 planissimus
865 1742 951 1793 est
976 1738 1251 1809 praemissi
1277 1738 1506 1792 canonis
1534 1754 1749 1808 sensus,
1773 1774 1830 1844 Β

149 1845 327 1900 nempe
340 1836 401 1885 ut
424 1847 635 1903 corpus
661 1831 884 1886 Domini
909 1831 1099 1886 nonin
1126 1831 1438 1886 secretariis
1451 1849 1581 1886 cum
1610 1832 1754 1886 vasis

150 1927 231 1977 aut
250 1924 398 1978 libris
414 1926 613 1993 sacris,
626 1925 879 1996 adeoque
903 1941 1019 1979 non
1035 1924 1185 1979 inter
1203 1925 1503 1996 imagines,
1528 1927 1623 1980 sed
1650 1927 1754 1981 sub

149 2032 287 2070 cruce
308 2017 424 2088 ipsa
453 2023 853 2089 componatur,
881 2018 962 2073 ita
990 2022 1055 2073 ut
1078 2035 1109 2073 e
1134 2035 1320 2088 cruce,
1350 2036 1478 2089 quae
1506 2020 1566 2074 in
1596 2037 1752 2075 sum-

150 2127 226 2164 mo
248 2110 469 2180 ciborio,
505 2112 592 2166 ita
622 2116 684 2167 ut
707 2112 1096 2184 exposuimus,
1126 2112 1433 2183 eminebat,
1456 2114 1750 2184 penderet.

205 2207 283 2257 22.
308 2206 424 2261 Non
450 2206 735 2260 immoror
765 2206 1080 2261 refutandis
1107 2205 1231 2259 aliis
1259 2207 1584 2274 sententiis;
1616 2223 1755 2261 nam

148 2297 305 2367 prima
330 2298 612 2369 imagines
640 2299 752 2353 illis
770 2299 1129 2371 temporibus
1151 2315 1324 2370 super
1349 2298 1527 2353 altare
1548 2301 1754 2370 positas

147 2389 289 2444 fuisse
317 2392 582 2462 supponit
608 2396 803 2447 contra
829 2400 1088 2448 veterum
1123 2409 1363 2447 morem.
1403 2392 1672 2448 Secundze
1700 2397 1756 2448 et

150 2483 301 2537 tertiae
319 2490 573 2540 auctores
600 2486 795 2541 volunt
820 2487 929 2541 hoc
960 2486 1019 2540 in
1050 2503 1262 2541 canone
1294 2502 1512 2556 corpore
1543 2488 1758 2541 Domini

149 2576 271 2630 nihil
306 2578 452 2631 aliud
486 2577 617 2651 94
647 2579 957 2651 signiﬁcari
1000 2596 1171 2652 quam
1216 2580 1304 2634 vel
1344 2579 1753 2635 confectionem

149 2670 284 2740 panis
307 2672 685 2739 eucharistici,
719 2674 820 2744 qui
845 2689 1011 2728 cruce
1039 2672 1353 2744 signandus
1370 2674 1460 2741 sit,
1493 2674 1580 2728 vel
1598 2690 1752 2727 com-

151 2764 455 2833 positionem
509 2765 813 2820 oblationis
866 2765 926 2819 in
981 2766 1142 2820 altari
1190 2770 1447 2838 tempore
1475 2766 1752 2837 sacriﬁcii,

76 2890 81 2897 -
153 2856 295 2910 etiam
316 2862 442 2913 ante
469 2859 977 2913 consecrationem.
1007 2859 1167 2922 Quod
1193 2864 1461 2914 neutrum
1487 2864 1636 2914 stare
1661 2876 1757 2930 po-

150 2954 256 3015 test,
285 2946 427 3005 cum'
451 2952 606 3022 apud
641 2951 942 3023 scriptores
989 2951 1389 3007 ecclesiasticos
1427 2968 1617 3023 corpus
1648 2956 1753 3007 Do—

152 3044 262 3096 mini
283 3059 503 3116 semper
533 3044 817 3115 signiﬁcet
844 3044 1252 3099 Eucharistiam
1290 3062 1351 3100 re
1382 3062 1512 3099 vera
1556 3062 1753 3100 conse-

151 3141 356 3205 cratam,
388 3154 504 3192 non
546 3154 678 3193 vero
714 3154 921 3209 panem
967 3138 1417 3208 conﬁciendum,
1448 3138 1535 3193 vel
1586 3138 1753 3193 etiam

388 3189 503 3192 __-__
714 3189 920 3209 ι.
977 3189 1417 3208 ηηηηηηω,
1592 3189 1751 3193 ---1,

152 3227 392 3300 oblatum,
419 3234 551 3286 ante
582 3230 1091 3286 consecrationem.
1777 3189 1832 3261 Ο

210 3325 287 3376 23.
312 3324 547 3387 Quidam
577 3324 906 3379 existimant
933 3326 1041 3379 hoc
1068 3341 1282 3379 canone
1310 3324 1497 3379 caveri
1538 3341 1610 3379 ne
1655 3325 1759 3379 Eu-

154 3414 384 3471 charistia
427 3418 488 3472 in
531 3418 809 3488 turribus,
840 3422 906 3472 ut
934 3418 1059 3473 fieri
1096 3421 1264 3472 antea
1289 3421 1673 3486 consueverat,
1704 3422 1760 3471 et

152 3509 354 3578 quidem
390 3511 543 3567 intra
584 3511 854 3581 armaria,
883 3515 1293 3579 asservaretur,
1336 3510 1434 3565 sed
1473 3510 1660 3582 potius
1698 3510 1758 3565 in

154 3600 255 3671 ipso
278 3604 433 3659 altari
463 3606 660 3677 quales
688 3604 859 3659 fuisse
887 3609 1075 3658 turres
1100 3604 1263 3658 aiunt
1288 3621 1321 3657 a
1346 3604 1615 3675 Gregorio
1643 3605 1755 3658 Tu-

153 3698 347 3750 ronensi
395 3697 643 3753 antistite
676 3702 733 3752 et
763 3714 797 3750 a
834 3697 1107 3752 Venantio
1152 3698 1456 3752 Fortunato
1484 3714 1760 3752 memora-

154 3797 239 3847 tas.
266 3795 464 3850 Verum
500 3798 565 3850 in
606 3795 720 3849 illis
764 3795 1018 3849 turribus
1046 3812 1162 3849 non
1208 3796 1393 3867 ipsum
1424 3813 1630 3869 corpus
1656 3798 1761 3851 Do-

158 3891 292 3959 mini,
306 3894 399 3947 sed
415 3896 777 3949 ministerium
794 3894 1062 3950 Dominici
1081 3895 1340 3965 corporis,
1368 3899 1433 3949 ut
1458 3896 1760 3966 Gregorius

158 3982 204 4035 in
228 3984 353 4039 lib.i
381 3986 447 4041 de
476 3987 666 4041 Gloria
692 3992 1013 4057 martyrum
1044 4004 1168 4059 cap.
1194 3991 1261 4043 86
1287 3987 1564 4058 loquitur,
1591 3988 1649 4042 id
1680 3993 1762 4043 est

159 4090 266 4130 vasa
288 4095 458 4149 sacra,
479 4080 964 4151 quemadmodum
987 4097 1157 4153 supra
1174 4081 1559 4152 exposuimus,
1582 4097 1762 4136 serva-

158 4166 314 4224 batur.
345 4174 605 4228 Attamen
645 4178 873 4228 sanctus
902 4174 1021 4229 Odo
1065 4174 1235 4229 abbas
1268 4174 1653 4229 Cluniacencis
1701 4175 1759 4229 in

159 4260 242 4317 lib.
263 4265 693 4322 uCollationum
722 4284 844 4339 cap.
864 4270 953 4338 32,
982 4267 1081 4321 ubi
1107 4267 1261 4322 hunc
1289 4267 1545 4340 Gregorii
1574 4269 1761 4322 locum

160 4356 325 4425 refert,
350 4360 451 4414 hoc
476 4361 716 4416 nomine
742 4360 1011 4434 intelligit
1038 4377 1255 4433 capsum
1275 4378 1393 4415 cum
1413 4377 1631 4432 corpore
1656 4366 1760 4417 Do-

161 4454 290 4506 mini.
330 4453 429 4508 Sed
473 4454 633 4508 haud
683 4455 797 4508 scio
840 4472 914 4509 an
958 4456 1080 4527 ejus
1128 4454 1429 4509 auctoritas
1454 4454 1763 4510 decretoria

1858 513 1977 551 sem
1997 498 2325 570 episcopum
2351 500 2411 554 in
2441 504 2659 555 turrem
2683 502 2806 571 ejus
2835 519 2849 556 :

1948 589 2110 660 Quam
2138 590 2273 660 bene
2294 592 2479 660 juncta
2502 591 2712 653 decent,
2738 593 3009 660 sacratipt
3035 594 3271 660 corporis
3295 596 3426 660 Agni

2012 652 2341 713 Margarituin
2367 655 2554 717 ingens
2582 652 2741 704 aurea
2773 654 2912 704 dona
2935 652 3132 705 ferant!

1857 733 1915 787 Id
1959 739 2041 789 est
2080 740 2145 789 ut
2170 736 2310 790 calix
2346 742 2401 791 et
2438 742 2643 808 patena
2672 755 2741 792 ex
2769 756 2928 807 auro,
2971 756 3100 810 quae
3128 740 3186 794 in
3214 740 3313 793 illa
3339 744 3497 796 turre

1857 843 1927 881 ex
1954 827 2101 881 dono
2128 828 2325 882 Felicis
2354 830 2808 898 continebantur,
2829 832 3090 886 sacriﬁcii
3107 829 3360 904 tempore
3378 849 3502 904 pre-

1856 920 2059 973 tiosam
2103 922 2496 992 margaritam,
2543 923 2755 979 scilicet
2812 924 3000 996 ipsum
3038 942 3240 997 corpus
3277 926 3501 980 Domini

1856 1028 1987 1066 cum
2018 1030 2117 1067 san
2124 1013 2319 1084 guine,
2351 1015 2558 1070 ferant.

1928 1109 2017 1160 25.
2042 1106 2169 1160 Haec
2203 1123 2452 1179 namque
2480 1108 2587 1162 fuit
2634 1126 2858 1181 semper
2904 1111 3201 1166 Gallicana:
3242 1111 3500 1167 Ecclesiae

1858 1199 1927 1254 de
1966 1199 2316 1254 sanctissimo
2365 1202 2727 1256 Sacramento
2770 1202 2928 1272 ﬁdes,
2972 1204 3133 1274 cujus
3176 1221 3289 1259 non
3319 1205 3498 1259 alium

1856 1296 2058 1347 testem
2078 1293 2260 1364 magis
2278 1294 2559 1348 illustrem
2583 1311 2646 1348 ac
2666 1299 2885 1349 certum
2914 1296 3114 1351 afferre
3141 1297 3290 1366 licet,
3320 1314 3493 1368 quam

1858 1384 2130 1439 Hilarium
2160 1386 2535 1440 clarissimum
2562 1388 2875 1457 Doctorem,
2911 1389 3072 1459 cujus
3124 1391 3371 1444 solemne
3410 1389 3493 1445 ef-

1858 1478 2038 1531 fatum
2068 1483 2151 1532 est
2180 1497 2193 1532 :
2227 1501 2253 1526 ‹‹
2283 1481 2359 1532 De
2386 1480 2620 1534 veritate
2648 1480 2834 1534 carnis
2860 1484 2916 1535 et
2936 1481 3227 1551 sanguinis
3253 1497 3369 1536 non
3398 1498 3489 1536 re-

1855 1570 2021 1625 lictus
2050 1575 2134 1624 est
2158 1570 2483 1642 ambigendi
2510 1572 2686 1641 locus,
2722 1594 2747 1621 ››
2779 1577 2842 1627 ut
2870 1573 2990 1643 ipse
3017 1573 3271 1644 loquitur
3297 1574 3357 1627 in
3392 1574 3492 1628 lib.

1856 1679 1952 1716 vui
1980 1662 2048 1717 de
2078 1663 2371 1718 Trinitate.
2402 1665 2671 1719 Eamdem
2704 1665 2877 1720 ﬁdem
2916 1670 3197 1735 astruunt,
3244 1669 3309 1721 ut
3334 1666 3496 1720 initio

1854 1755 2167 1825 hujuslibri
2184 1755 2447 1820 vidimus,
2470 1762 2686 1812 veteres
2702 1757 3083 1814 libriMissales
3101 1758 3358 1814 Ecclesize
3379 1758 3497 1813 Gal-

1852 1848 2069 1916 licanae,
2100 1848 2158 1901 in
2180 1848 2387 1918 quibus
2412 1849 2697 1904 Christum
2713 1854 2983 1921 precatur
2994 1852 3270 1920 sacerdos,
3286 1855 3349 1906 ut
3370 1866 3493 1920 ope-

1852 1945 2009 1995 rante
2026 1942 2228 1994 virtute
2253 1940 2462 2010 divina,
2489 1926 2686 2011 panem
2704 1947 2973 1997 mutatum
2996 1946 3055 1997 in
3082 1959 3316 2006 carnem,
3332 1960 3497 2014 pocu-

1856 2034 1966 2088 lum
1990 2050 2200 2088 versum
2224 2038 2283 2087 in
2305 2037 2642 2103 sanguinem,
2671 2037 2829 2090 illum
2846 2042 3023 2090 sumat
3037 2039 3094 2089 in
3114 2038 3299 2099 calice,
3321 2039 3421 2107 qui
3432 2038 3498 2092 de

1854 2126 1976 2197 ipso
2002 2129 2163 2195 ﬂum't
2188 2142 2256 2180 ea:
2282 2128 2468 2181 latere.
2498 2128 2563 2180 Et
2590 2127 2651 2181 in
2681 2128 2793 2180 alio
2821 2147 2837 2182 :
2883 2119 3084 2198 Corpus
3112 2133 3261 2182 tuum
3279 2144 3383 2199 pro
3407 2144 3499 2183 no-

1857 2220 1936 2274 bis
1960 2222 2268 2287 crucz‘ﬂmm
2296 2220 2523 2281 edimus,
2540 2224 2590 2275 et
2613 2223 2935 2289 sanguinem
2954 2225 3197 2275 sanctum
3219 2226 3370 2276 tuum
3392 2237 3497 2292 pro

1854 2313 2003 2366 nobis
2018 2312 2240 2381 e/Tusum
2270 2312 2516 2366 bibimus.
2549 2313 2675 2365 Haec
2696 2316 2911 2381 nostra,
2935 2313 3057 2366 haec
3070 2313 3351 2384 majorum
3373 2329 3499 2368 nos-

1854 2409 2075 2459 trorum
2106 2405 2260 2473 fides,
2290 2421 2469 2476 quam
2494 2404 2718 2459 utinam
2734 2406 2940 2459 fratres
2976 2405 3155 2459 nostri
3182 2406 3361 2460 aversi
3373 2406 3495 2477 jam

1856 2497 2085 2575 tandem
2106 2496 2192 2550 vel
2222 2513 2346 2550 sero
2372 2500 2714 2566 agnoscant;
2746 2514 2931 2568 neque
2960 2513 3063 2550 nos
3108 2497 3352 2568 amplius
3371 2504 3499 2569 pro-‘

1855 2594 2055 2645 vocent
2083 2590 2153 2643 ad
2180 2589 2446 2644 ﬁcticiam
2471 2590 2627 2644 illam
2644 2590 3024 2660 novationem,
3055 2606 3227 2662 quam
3254 2591 3494 2645 Pascha-

1856 2683 1938 2737 sio
1967 2683 2245 2737 Radberto
2277 2687 2506 2737 auctore
2534 2683 2740 2737 saeculo
2772 2700 2830 2737 1x
2857 2683 3161 2754 contigisse
3190 2683 3495 2739 criminan-

1854 2779 1968 2830 tur.
1995 2777 2071 2830 Ne
2100 2776 2358 2847 pluribus
2385 2776 2477 2829 hic
2506 2793 2714 2846 morer,
2746 2776 3100 2831 luculentum
3134 2778 3223 2831 his
3252 2778 3499 2833 testimo-

1855 2868 1963 2922 niis
1989 2874 2277 2923 auctorem
2296 2869 2573 2923 adducere
2605 2868 2867 2939 sufﬁciat,
2898 2869 3173 2925 nimirum
3194 2870 3498 2924 Alcuinum

1854 2962 2150 3015 Paschasio
2166 2962 2540 3032 superiorem,
2556 2962 2717 3031 cujus
2733 2962 2901 3016 unius
2914 2962 3240 3032 auctoritas,
3257 2967 3375 3017 tam
3390 2962 3501 3016 cla-

1853 3071 1918 3108 ra
1931 3058 1986 3108 et
1998 3053 2311 3121 manifesta,
2336 3055 2480 3108 hanc
2495 3054 2931 3108 controversiam
2947 3054 3214 3110 dirimere
3244 3054 3495 3110 deberet.

1858 3148 1906 3201 ls
1916 3146 2106 3218 itaque
2120 3147 2180 3200 in
2196 3147 2431 3218 epistola
2447 3150 2465 3201 1
2486 3150 2544 3203 l3
2568 3148 2639 3201 ad
2651 3147 2955 3202 Paulinum
2974 3147 3392 3218 Aquileiensem
3406 3134 3501 3218 pa-

1857 3239 2167 3294 triarcham
2182 3239 2303 3293 haec
2321 3240 2490 3295 verba
2521 3240 2713 3310 habet,
2733 3238 2858 3313 96
2888 3240 3091 3295 litteris
3106 3240 3293 3295 aureis
3304 3238 3504 3295 inscri-

1856 3332 2043 3386 benda
2066 3351 2079 3386 :
2115 3354 2141 3382 «
2174 3333 2251 3386 Ne
2279 3349 2472 3403 quaeso
2503 3332 2846 3387 obliviscaris
2869 3334 2927 3387 in
2945 3333 3060 3387 tuis
3077 3333 3283 3388 sanctis
3302 3333 3503 3388 oratio-

1858 3425 2028 3479 nibus
2057 3442 2269 3479 nomen
2300 3426 2467 3479 amici
2497 3425 2583 3480 tui
2607 3426 2833 3495 Albini;
2858 3426 2954 3481 sed
2984 3426 3044 3481 in
3074 3427 3266 3498 aliquo
3290 3443 3504 3482 memo-

1858 3519 1957 3573 rio:
1979 3519 2382 3590 gazophylacio
2407 3519 2647 3573 reconde
2674 3519 2837 3588 illud,
2869 3524 2924 3574 et
2940 3519 3134 3591 profer
3153 3536 3219 3575 eo
3244 3524 3502 3592 tempore

1859 3616 2199 3683 opportuno,
2215 3628 2329 3683 quo
2340 3628 2545 3683 panem
2563 3616 2619 3668 et
2639 3612 2835 3666 vinum
2849 3612 2909 3665 in
2925 3614 3296 3668 substantiam
3312 3630 3505 3685 σοι-ραι

1860 3705 1938 3760 ris
1967 3710 2023 3759 et
2051 3705 2343 3776 sanguinis
2370 3705 2574 3759 Christi
2602 3705 3040 3761 consecraveris.
3062 3726 3088 3759 »
3112 3707 3216 3771 Qui
3234 3712 3350 3761 tam
3380 3722 3504 3777 per-

1860 3798 2068 3869 spicuis
2096 3798 2280 3853 verbis
2321 3798 2572 3853 detrahit
2598 3798 2789 3866 ﬁdem,
2842 3798 2887 3852 is
2939 3815 3053 3852 non
3102 3799 3375 3866 veritatis,
3405 3798 3502 3852 sed

1860 3891 2257 3959 contentionis,
2291 3893 2385 3947 sed
2415 3891 2642 3959 erroris,
2675 3891 2776 3946 sed
2805 3891 3125 3946 schismatis
3150 3896 3372 3945 amator
3396 3896 3499 3945 est.

1932 3988 2019 4040 26.
2050 3985 2328 4039 Craterum
2356 4002 2425 4040 ex
2451 3988 2729 4039 asservata
2760 3984 3113 4040 Eucharistia
3133 3985 3236 4039 soli
3252 4000 3504 4040 commu-

1862 4078 2123 4133 nicabant
2150 4078 2383 4147 inﬁrmi,
2412 4096 2526 4133 non
2554 4079 2697 4145 sani,
2726 4078 2932 4150 quibus
2957 4076 3047 4132 vix
3072 4095 3327 4150 unquam
3345 4083 3505 4133 extra

1862 4171 2093 4225 missam
2119 4172 2444 4226 communio
2473 4189 2505 4225 a
2528 4171 2813 4225 sacerdote
2835 4171 3256 4243 porrigebatur.
3279 4171 3506 4227 Contra-

1862 4264 1980 4319 rius
2010 4281 2131 4319 mos
2158 4264 2215 4319 in
2242 4266 2471 4320 ecclesia
2497 4264 2964 4335 Jerosolymitana
2993 4266 3247 4336 primum
3275 4264 3506 4337 coepisse

1861 4358 2082 4413 videtur
2107 4375 2175 4413 ex
2204 4359 2513 4414 Humberto
2542 4358 2826 4413 cardinale
2848 4358 2908 4412 in
2930 4358 3293 4429 responsione
3311 4362 3507 4413 contra

1864 4452 2170 4506 Grecorum
2187 4452 2519 4522 calumnias,
2542 4452 2601 4506 in
2623 4452 2746 4506 haec
2768 4450 2970 4506 verba:
2998 4473 3023 4499 ‹‹
3051 4451 3133 4505 Ad
3156 4450 3277 4504 haec
3298 4451 3344 4504 si
3363 4450 3501 4522 quid

163 4547 405 4601 censenda
432 4548 503 4602 sit
528 4548 590 4602 in
620 4564 683 4602 re
708 4552 829 4603 tam
848 4549 1103 4620 antiqua,
1133 4564 1260 4620 quae
1279 4547 1399 4619 ejus
1415 4552 1641 4604 aetatem
1654 4553 1764 4604 tre-
1780 4561 1840 4634 D
1863 4560 1931 4599 ex
1959 4548 2147 4599 sancta
2173 4548 2228 4599 et
2251 4543 2558 4600 venerabili
2578 4544 2927 4599 Eucharistia
2944 4542 3003 4597 in
3022 4542 3504 4614 Jerosolymitanis

164 4639 312 4693 centis
336 4642 579 4712 amplius
603 4642 769 4695 annis
792 4646 1172 4713 praecesserat.

217 4732 463 4789 24.Ilanc
490 4735 860 4790 Eucharistia:
899 4752 1031 4790 cum
1075 4751 1233 4790 sacra
1279 4752 1445 4791 cruce
1493 4735 1555 4791 in
1599 4736 1761 4792 altari

164 4832 592 4900 compositionem
635 4833 885 4889 illustrat
916 4834 1141 4889 Paulini
1188 4834 1437 4907 episcopi
1462 4835 1760 4908 egregium

163 4935 358 4980 carmen
384 4926 455 4981 ad
485 4927 775 4982 Severum.

318 5016 556 5083 Divinum
581 5018 881 5083 veneranda
906 5022 1090 5083 tegunt
1112 5020 1292 5070 altaria
1315 5020 1503 5083 fmdus,

377 5081 788 5157 Compositisque
813 5081 1644 5157 sacra—cumcrucenmartyribus.

322 5141 524 5209 Cupeta‘
536 5141 789 5193 salutiferi
814 5148 1005 5209 coeunt
1028 5144 1251 5209 insignia
1274 5141 1468 5209 Christi
1489 5161 1502 5195 :

379 5205 533 5268 Crux,
561 5219 770 5270 corpus,
795 5206 1004 5269 sanguis
1026 5205 1287 5271 martyris,
1311 5208 1423 5272 ipse
1450 5209 1602 5259 Deus.

222 5284 272 5339 ld
306 5292 402 5358 est,
440 5289 489 5344 si
528 5289 675 5345 bene
717 5291 873 5345 hunc
900 5291 1089 5346 locum
1134 5292 1502 5365 interpretor,
1533 5309 1672 5347 crux
1704 5291 1763 5346 in

168 5390 357 5448 sumno,
389 5399 591 5455 corpus
610 5388 668 5438 et
696 5385 953 5455 sanguis,
984 5385 1043 5440 id
1069 5390 1154 5440 est
1190 5386 1470 5458 reliquiae,
1499 5386 1765 5456 martyris

169 5467 217 5522 in
232 5471 352 5544 imo,
366 5476 574 5531 scilicet
594 5477 793 5533 subtus
806 5478 1014 5548 altare;
1044 5481 1157 5549 ipse
1168 5483 1324 5550 Deus,
1341 5481 1448 5534 hoc
1469 5484 1551 5535 est
1575 5479 1764 5550 ipsum

171 5558 362 5622 Domini
388 5586 591 5641 corpus
616 5570 678 5625 in
705 5571 964 5627 columba
996 5588 1316 5645 appensum
1340 5573 1402 5628 in
1431 5572 1640 5627 medio.
1671 5571 1766 5626 Hic

173 5668 279 5712 vero
301 5660 562 5735 loquendi
606 5662 730 5739 95
782 5666 1004 5737 modus,
1034 5669 1148 5738 ipse
1194 5671 1352 5732 Deus,
1381 5665 1769 5722 indubitanter

174 5754 339 5809 asserit
362 5773 572 5827 veram,
600 5776 715 5815 non
740 5761 1119 5817 umbraticam
1143 5761 1351 5818 Christi
1376 5761 1436 5817 in
1464 5758 1765 5817 Eucharis-

176 5842 239 5901 tia
249 5852 608 5927 prasentiam,
623 5871 796 5928 quam
815 5856 1015 5915 eodem
1029 5856 1149 5914 fere
1162 5855 1332 5913 modo
1344 5854 1616 5930 exprimit
1640 5854 1770 5911 For-

1862 4638 2104 4693 ecclesiis
2131 4639 2492 4709 superfuerit,
2523 4654 2628 4693 nec
2667 4638 2999 4707 incendunt,
3047 4654 3151 4692 nec
3185 4636 3245 4690 in
3286 4637 3508 4691 foveam

1861 4731 2126 4799 mittunt;
2149 4731 2244 4786 sed
2257 4730 2317 4785 in
2336 4731 2604 4803 pyxidem
2626 4732 2903 4786 mundam
2923 4729 3272 4800 recondunt;
3299 4752 3327 4780 »
3351 4733 3407 4785 et
3426 4746 3508 4786 see

1860 4824 2056 4896 quenti
2086 4823 2176 4879 die
2205 4824 2627 4880 communicant
2653 4841 2718 4880 ex
2751 4841 2815 4879 ea
2841 4825 3136 4896 populum,
3171 4822 3309 4896 quia
3328 4823 3511 4897 quoti-

1862 4918 1952 4973 die
1978 4918 2399 4973 communicant
2435 4917 2512 4971 ibi
2541 4934 2554 4972 :
2586 4934 2650 4972 co
2689 4918 2840 4988 quod
2882 4919 3227 4973 conveniunt
3263 4918 3398 4973 illuc
3438 4932 3509 4973 ex

1863 5012 2096 5067 diversis
2126 5012 2430 5084 provinciis
2462 5011 2784 5081 Christiani,
2833 5012 2931 5084 qui
2967 5016 3202 5084 propter
3244 5012 3415 5068 ﬁdem
3454 5015 3511 5067 et

1863 5102 2178 5160 maximum
2203 5122 2457 5160 amorem
2488 5105 2617 5159 Filii
2644 5105 2740 5160 Dei
2759 5106 3178 5160 communicare
3203 5105 3282 5160 ibi
3302 5105 3513 5161 deside.

1862 5203 2009 5254 rant.
2044 5220 2070 5248 ››
2102 5200 2228 5254 Haec
2253 5199 2423 5271 longe
2462 5199 2812 5271 probabilior
2855 5203 2942 5254 est
2986 5199 3148 5269 ratio,
3197 5216 3369 5270 quam
3413 5216 3507 5255 eoo

1862 5309 1995 5347 rum
2021 5292 2121 5363 qui
2149 5293 2360 5363 passim
2388 5292 2446 5347 id
2472 5293 2705 5349 actitant
2732 5293 2853 5348 sine
2882 5293 3104 5349 delectu
3134 5297 3329 5346 contra
3356 5297 3509 5347 vetes

1863 5402 1986 5440 rem
2014 5386 2272 5441 Ecclesize
2303 5402 2544 5441 morem.
2575 5388 2697 5451 Quo
2728 5390 2990 5459 tempore
3015 5386 3074 5440 id
3116 5384 3241 5439 fieri
3281 5384 3515 5456 coeperit

1864 5480 1923 5535 in
1951 5479 2180 5536 ecclesia
2202 5478 2687 5550 Jerosolymitana,
2710 5496 2825 5534 non
2853 5484 2937 5534 est
2957 5479 3337 5549 exploratum.
3365 5479 3509 5534 Sane

1865 5572 2323 5645 antiquissimum
2361 5588 2484 5628 esse
2515 5573 2869 5630 asservandus
2898 5572 3011 5627 illis
3037 5572 3098 5626 in
3122 5573 3378 5644 partibus
3404 5574 3512 5627 Ειιι

1866 5667 2149 5723 charistiaa
2180 5684 2399 5723 morem
2429 5667 2749 5741 colligimus
2775 5682 2843 5721 ex
2872 5666 3079 5738 Cyrillo
3102 5666 3362 5740 episcopo
3387 5666 3509 5722 Ale«

1866 5761 2164 5831 xandrino,
2194 5762 2293 5835 qui
2323 5762 2380 5818 in
2402 5762 2636 5835 epistola
2664 5760 2736 5815 ad
2774 5759 3124 5831 Calosyrium
3163 5760 3350 5832 arguit
3392 5775 3500 5826 eos,

1868 5853 1970 5929 qui
1996 5852 2296 5927 mysticam
2328 5850 2780 5910 benedictionem
2815 5847 2960 5907 nihil
2998 5850 3068 5908 ad
3108 5847 3499 5908 sanctiﬁcatio-
