3968 6224
512 302 611 355 167
1299 297 1629 353 APPENDIX
1668 295 1755 350 AD
1792 294 2013 350 OPERA
2051 293 2285 351 SANCTI
2322 294 2624 351 GERMANI
2661 295 3088 353 PARISIENSIS.
3787 298 3876 352 168

508 442 641 481 nem
667 426 867 495 juvare
908 422 1187 490 dicebant,
1243 423 1289 477 si
1338 424 1474 495 quid
1504 440 1573 478 ex
1615 439 1684 477 ea
1725 421 1885 477 ﬁeret
1931 422 2137 493 reliqui
2163 423 2615 509 Aviviticantem
2639 425 2900 496 gratiam,
2934 426 3264 495 perpetuam
3301 421 3361 477 in
3391 422 3514 494 ipso
3552 420 3871 478 existere.»

504 519 564 573 in
612 518 787 572 alium
831 518 1005 572 diem.
1053 518 1200 581 Quos
1242 516 1488 571 insanire
1529 515 1609 570 ait
1647 515 1905 586 Cyrillus.
1951 515 2143 586 Neque
2242 514 2349 569 Sed
2388 512 2611 584 longius
2648 518 2808 567 extra
2849 517 3026 568 metas
3069 510 3377 584 digredior,
3420 511 3492 566 ad
3531 512 3874 567 Gallicanum

506 610 659 666 enim
683 608 910 665 alterari
937 610 1242 676 Christum,
1274 625 1460 681 neque
1484 612 1744 664 sanctum
1773 608 1893 680 ejus
1939 624 2144 680 corpus
2243 606 2655 662 Lectionarium
2680 606 2860 661 venio.

507 703 799 758 immutari
829 720 842 757 :
873 703 970 758 sed
1005 702 1415 757 benedictionis
1450 702 1567 757 vim
1603 704 1675 757 ac~
1702 702 2044 771 facultatem,
2090 706 2146 755 et

903 1072 1157 1218 DE
1291 1067 2247 1217 LITURGIA
2370 1064 3478 1214 GALLICANA

1569 1309 1990 1410 LIBER
2080 1306 2820 1413 SECUNDUS.

1821 1506 2103 1518 ———.—_

580 1652 702 1725 9'7
741 1656 790 1707 1.
823 1648 1102 1706 Absolutis
1129 1649 1199 1703 iis
1227 1664 1357 1720 quae
1382 1647 1453 1702 ad
1478 1647 1875 1729 illustrandam
1911 1651 2161 1702 veterem
2201 1647 2516 1719 Liturgiam
2553 1646 2892 1702 Gallicanam
2933 1647 3247 1703 necessario
3284 1649 3686 1719 praemittenda
3724 1649 3867 1704 vide-

507 1744 735 1808 bantur,
755 1741 879 1811 jam
906 1738 1135 1793 tandem
1161 1737 1530 1809 aggredimur
1554 1736 1855 1807 antiquum
1880 1737 2175 1790 Gallicanae
2205 1736 2464 1791 Ecclesiae
2490 1736 2924 1806 Lectionarium,
2957 1737 3118 1807 cujus
3144 1753 3382 1792 examen
3398 1738 3460 1791 in
3486 1738 3642 1793 hunc
3691 1738 3870 1793 locum

505 1830 847 1885 remisimus.
887 1829 1194 1898 Repertum
1233 1842 1266 1879 a
1291 1826 1454 1880 nobis
1480 1830 1566 1880 est
1593 1825 1651 1878 in
1678 1825 1991 1896 percelebri
2019 1826 2365 1880 monasterio
2391 1825 2745 1895 Luxoviensi,
2773 1826 2975 1881 litteris
3004 1826 3433 1898 Francogallicis
3457 1843 3557 1882 seu
3596 1827 3868 1882 Merovin-

507 1919 647 1990 gicis
674 1923 803 1972 ante
829 1933 1006 1971 annos
1030 1916 1187 1970 mille
1214 1915 1508 1986 scriptum,
1535 1919 1601 1968 ut
1628 1915 1752 1985 ipsa
1779 1916 2171 1974 characterum
2195 1915 2382 1970 forma
2402 1914 2771 1969 demonstrat.
2804 1915 3067 1970 Continet
3092 1932 3226 1971 vero
3249 1916 3516 1971 lectiones
3542 1914 3867 1986 prophetia-

505 2024 655 2075 rum,
686 2005 1079 2077 Epistolarum,
1111 2009 1167 2059 et
1191 2004 1622 2075 Evangeliorum
1649 2006 1754 2074 per
1782 2009 1964 2059 totum
1991 2020 2205 2058 annum
2247 2005 2306 2058 in
2334 2004 2504 2058 missa
2540 2009 2597 2058 et
2635 2004 2695 2057 in
2728 2004 2851 2058 aliis
2891 2004 3172 2074 majorum
3211 2003 3635 2059 solemnitatum
3682 2003 3870 2059 ofﬁciis

506 2095 839 2151 recitaudas.
874 2094 1013 2148 [llud
1039 2094 1407 2160 Gallicanum,
1440 2094 1665 2149 tametsi
1688 2094 1893 2148 avulsis
1918 2093 2135 2164 aliquot
2159 2093 2358 2163 primis
2402 2092 2551 2147 foliis
2586 2093 2753 2147 titulo
2787 2093 3131 2160 destituitur,
3175 2093 3460 2165 appellare
3497 2110 3615 2147 non
3652 2092 3866 2147 dubita-

506 2201 653 2253 mus,
674 2200 788 2237 non
818 2184 999 2237 solum
1029 2182 1178 2253 quod
1207 2183 1267 2237 in
1292 2183 1465 2237 Gallia
1489 2183 1763 2254 scriptum
1790 2188 1875 2237 est
1902 2186 2034 2237 ante
2062 2187 2354 2254 receptum
2380 2182 2640 2237 ordinem
2666 2183 3096 2253 Gregorianum,
3129 2183 3226 2237 sed
3251 2182 3385 2254 quia
3407 2182 3680 2237 lectiones
3708 2181 3869 2236 habet

504 2273 689 2344 prisco
716 2287 871 2326 more
897 2270 1177 2325 Gallicano
1206 2270 1525 2343 dispositas,
1557 2287 1762 2342 nempe
1790 2272 1929 2325 duas
1955 2288 2059 2342 pro
2085 2271 2324 2342 singulis
2349 2270 2466 2325 fere
2507 2271 2713 2338 missis,
2759 2277 2969 2342 printer
3002 2271 3393 2342 Evangelium.
3431 2273 3712 2326 Praeterea
3748 2285 3867 2324 cum

503 2361 695 2432 paucis
723 2362 839 2415 ima
862 2364 1184 2415 sanctorum
1209 2360 1351 2416 festa
1375 2362 1655 2418 contineat
1680 2361 1785 2415 iste
1813 2360 1974 2427 liber,
2004 2377 2186 2414 unum
2207 2376 2277 2414 ex
2299 2360 2405 2415 illis
2432 2361 2684 2432 assignat
2708 2366 2913 2416 sanctae
2935 2362 3247 2428 Genovefat,
3294 2361 3455 2432 cujus
3495 2360 3683 2414 cultus
3727 2358 3868 2430 apud

506 2455 725 2506 exteros
754 2448 880 2522 98
908 2450 967 2504 in
992 2466 1056 2505 ea
1079 2450 1351 2505 festorum
1382 2452 1609 2506 raritate
1639 2451 1783 2505 tanti
1812 2467 1927 2504 non
1953 2449 2170 2504 fuisset.
2200 2450 2319 2503 Alia
2345 2450 2484 2504 ritus
2508 2450 2776 2505 Gallicani
2801 2455 3138 2521 argumenta
3167 2450 3281 2505 suis
3307 2450 3440 2503 locis
3455 2447 3864 2504 adnotabimus.

575 2571 628 2621 2.
671 2567 1002 2622 Lectionarii
1027 2568 1214 2623 Codex
1239 2569 1685 2640 antiquissimus,
1719 2567 1816 2622 sed
1846 2556 2010 2623 initio'
2034 2567 2291 2636 mutilus,
2322 2568 2522 2639 incipit
2546 2569 2616 2623 ab
2642 2569 2732 2623 his
2762 2570 2912 2624 Isaiae
2941 2568 3147 2638 verbis,
3171 2571 3351 2638 Neque
3366 2567 3689 2638 praedicens,
3712 2579 3869 2634 neque

503 2658 729 2712 audiens
747 2673 1008 2713 sermones
1036 2665 1255 2722 vestros,
1285 2664 1415 2727 etc.,
1446 2675 1625 2730 usque
1655 2660 1870 2714 laudem
1900 2659 2011 2726 ejus
2040 2661 2096 2712 in
2122 2659 2311 2713 insulis
2342 2660 2692 2722 nuntiabunt,
2725 2676 2853 2730 qua:
2895 2665 3027 2714 sunt
3065 2659 3127 2713 in
3170 2658 3323 2712 Isaias
3358 2674 3481 2728 cap.
3520 2672 3609 2711 xu
3647 2672 3682 2709 a
3713 2668 3866 2708 versu

503 2751 572 2804 26
596 2748 667 2803 ad
692 2765 916 2803 versum
950 2753 1012 2803 l2
1040 2749 1239 2820 capitis
1267 2749 1575 2819 sequentis.
1608 2748 1866 2803 Succedit
1905 2748 2017 2801 alia
2053 2748 2217 2802 lectio
2257 2766 2389 2803 cum
2424 2754 2557 2803 nota
2596 2750 2888 2804 numerica
2936 2753 2969 2804 8
3012 2750 3083 2804 ad
3123 2749 3442 2820 marginem
3477 2746 3742 2817 ascripta.
3783 2744 3864 2797 Illc

500 2854 774 2892 numerus
799 2837 1047 2891 decurrit
1071 2838 1143 2891 ad
1172 2840 1256 2898 l2,
1286 2852 1387 2907 pro
1413 2852 1653 2890 numero
1682 2836 1913 2891 totidem
1941 2836 2270 2892 lectionum.
2301 2838 2512 2892 Deinde
2541 2839 2601 2892 in
2627 2838 2716 2892 die
2742 2839 2922 2893 Natali
2950 2838 3173 2892 Domini
3214 2853 3357 2892 nova
3391 2836 3619 2891 numeri
3655 2832 3862 2903 margi-

500 2927 638 2980 nalis
666 2926 837 2980 series
862 2925 1325 2996 deprehenditur,
1354 2941 1468 2978 non
1493 2942 1597 2996 pro
1623 2925 1857 2997 singulis
1884 2925 2237 2993 lectionibus,
2268 2926 2363 2980 sed
2392 2943 2495 2996 pro
2537 2926 2775 2998 singulis
2814 2927 2972 2981 festis
3015 2944 3028 2978 :
3072 2927 3192 2988 dies
3233 2943 3364 2981 vero
3401 2925 3610 2979 Natalis
3648 2919 3863 2978 Domini

498 3032 737 3070 numero
768 3018 799 3069 8
827 3014 1098 3085 praeditus
1125 3017 1226 3069 est.
1252 3013 1407 3067 Unde
1436 3013 1495 3067 in
1521 3014 1613 3068 illo
1656 3015 2005 3069 Lectionario
2042 3015 2247 3086 duplex
2288 3016 2613 3071 numericus
2649 3016 2786 3071 ordo
2826 3016 3099 3088 distingui
3135 3016 3319 3085 debet,
3356 3019 3563 3086 praeter
3604 3023 3863 3067 numeros

497 3104 934 3177 quaternionum
970 3102 1217 3173 margini
1255 3102 1505 3157 inferiori
1545 3104 1828 3175 appositos
1858 3121 1871 3158 :
1902 3120 2070 3173 unus,
2119 3104 2219 3175 qui
2246 3104 2403 3160 festis
2428 3104 2676 3159 seriatim
2702 3105 3056 3160 recensendis
3082 3104 3383 3159 adhibetur
3406 3119 3419 3155 :
3442 3103 3604 3172 alter,
3630 3100 3734 3174 qui
3766 3097 3861 3151 ali-

497 3194 723 3266 quando
749 3191 1103 3259 lectionibus,
1131 3189 1229 3244 ubi
1254 3192 1444 3261 plures
1470 3197 1621 3261 sunt,
1652 3192 2074 3259 enumerandis,
2102 3192 2253 3263 quod
2281 3193 2342 3247 in
2369 3192 2592 3248 Sabbati
2633 3193 2811 3248 sancti
2849 3192 3185 3248 lectionibus
3228 3192 3575 3261 observatur,
3606 3190 3710 3244 ubi
3752 3186 3865 3243 toti-

497 3284 626 3338 dem
648 3282 895 3350 numeri,
928 3281 985 3334 id
1012 3284 1097 3335 est
1116 3279 1433 3349 duodecim,
1461 3297 1565 3351 pro
1592 3281 1827 3336 totidem
1854 3282 2187 3337 lectionibus
2212 3283 2578 3352 adhibentur,
2607 3283 2691 3337 uti
2715 3286 2773 3338 et
2798 3283 2857 3337 in
2884 3282 3077 3355 vigilia
3102 3281 3308 3336 Natalis
3338 3280 3579 3336 Domini.

569 3404 621 3454 3.
662 3400 802 3453 Hinc
825 3398 1161 3469 colligimus,
1190 3397 1249 3451 in
1277 3398 1371 3453 illo
1398 3399 1748 3454 Lectionario
1774 3405 2011 3472 septem,
2040 3418 2170 3473 quae
2194 3402 2359 3457 initio
2385 3407 2515 3457 ante
2543 3402 2733 3456 Natale
2777 3401 3002 3456 Domini
3041 3401 3264 3470 desunt,
3297 3399 3618 3455 numericas
3657 3395 3858 3452 oﬂicio-

494 3506 626 3545 rum
666 3505 767 3543 seu
804 3488 1078 3543 festorum
1122 3488 1344 3543 dierum
1384 3492 1546 3543 notas
1586 3490 1934 3561 praecessisse
1976 3490 2036 3545 in
2077 3491 2225 3546 foliis
2259 3492 2485 3561 avulsis,
2527 3507 2658 3546 cum
2693 3491 2810 3546 dies
2848 3490 3057 3545 Natalis
3091 3489 3314 3544 Domini
3355 3494 3580 3545 octavus
3622 3489 3716 3544 sit.
3766 3483 3859 3541 Sed

495 3593 757 3650 quaenam
784 3576 881 3630 illa
901 3576 1126 3631 ofﬁcia?
1156 3578 1344 3633 Unum
1371 3582 1456 3633 est
1482 3579 1551 3633 de
1578 3579 1773 3650 vigilia
1801 3579 2115 3635 Nativitatis
2145 3599 2158 3635 :
2193 3579 2263 3635 de
2290 3580 2416 3635 aliis
2445 3597 2560 3636 non
2590 3580 2669 3635 ita
2693 3580 2873 3635 facilis
2902 3596 3035 3635 sane
3063 3579 3408 3651 conjectura.
3438 3578 3653 3634 Missale
3692 3578 3857 3631 Moza-

494 3666 717 3736 rabum,
746 3665 837 3719 cui
863 3666 1212 3720 Gallicanum
1241 3668 1504 3724 accedere
1524 3668 1784 3739 superius
1815 3669 2082 3739 diximus,
2111 3669 2309 3741 incipit
2334 3687 2365 3723 a
2391 3686 2489 3725 sex
2516 3669 2818 3723 Dominicis
2844 3669 3128 3724 Adventus
3151 3674 3281 3723 ante
3311 3668 3501 3722 Natale
3547 3665 3777 3734 Christi,
3811 3666 3861 3717 et

492 3771 596 3827 pro
623 3755 703 3810 eis
727 3755 965 3810 totidem
993 3755 1242 3828 assignat
1266 3756 1467 3812 ofﬁcia.
1501 3757 1709 3812 Deinde
1735 3757 1796 3812 in
1824 3759 2024 3813 eodem
2049 3758 2313 3830 quaedam
2337 3758 2478 3813 festa
2498 3763 2819 3813 sanctorum
2842 3758 3242 3829 subjiciuntur,
3267 3757 3526 3826 Andreae,
3550 3751 3857 3817 Saturnini,

493 3844 742 3913 Eulaliae,
776 3845 1032 3914 Thomas,
1060 3846 1539 3902 Annuntiationis.
1566 3850 1707 3903 Ante
1733 3864 1909 3902 annos
1937 3848 2093 3903 mille
2120 3849 2411 3903 Adventus
2440 3864 2648 3903 nomen
2674 3847 3055 3903 rariusculum
3080 3852 3221 3918 erat,
3250 3845 3473 3902 tametsi
3496 3862 3585 3901 res
3605 3845 3730 3917 ipsa
3751 3843 3859 3897 erat

492 3932 554 3988 in
579 3950 707 4004 usu,
740 3933 951 3989 scilicet
970 3936 1308 4006 praeparatio
1328 3936 1591 4008 quaedam
1614 3936 1673 3991 in
1696 3938 1937 3994 Ecclesia
1956 3938 2222 3993 solemnis
2240 3938 2310 3993 ad
2330 3938 2581 3993 Natalem
2612 3936 2737 4011 99
2770 3937 2996 3993 Domini
3016 3937 3124 3993 rite
3146 3935 3633 4010 praeveniendum.
3656 3935 3856 3989 Verum

492 4038 606 4077 non
636 4022 715 4077 ita
742 4027 895 4077 ratus
923 4023 1136 4095 ubique
1162 4041 1225 4079 ac
1255 4024 1541 4096 deﬁnitus,
1571 4031 1637 4082 ut
1661 4042 1836 4094 nunc,
1869 4027 2291 4083 Dominicarum
2325 4044 2619 4084 numerus.

565 4140 615 4191 1.
656 4139 719 4191 In
744 4137 968 4192 Ordinis
993 4138 1272 4194 Gelasiani
1300 4142 1445 4197 libro
1473 4159 1515 4196 ιι
1535 4159 1568 4196 a
1592 4159 1833 4198 numero
1861 4147 1929 4199 80
1953 4145 2315 4218 assignantur
2344 4146 2533 4202 missae
2557 4147 2813 4219 quinque
2842 4146 2911 4201 de
2936 4145 3195 4200 Adventu
3223 4141 3482 4210 Domini;
3527 4140 3588 4195 in
3623 4136 3852 4195 Ambro-

490 4224 647 4280 siano
673 4242 792 4296 sex,
824 4232 887 4281 ut
912 4227 972 4281 in
1000 4229 1338 4283 Mozarabico
1369 4249 1382 4285 :
1413 4235 1470 4286 at
1493 4232 1553 4286 in
1578 4232 1809 4287 Gothico
1835 4250 1932 4288 seu
1962 4235 2264 4306 Gallicana,
2294 4236 2449 4308 quod
2474 4236 2568 4291 hic
2603 4252 2673 4291 ex
2712 4234 3014 4290 Thomasio
3053 4232 3410 4299 exhibemus,
3451 4233 3678 4283 tantum
3714 4227 3851 4291 dum,

488 4329 630 4386 quas
655 4315 911 4386 sequitur
937 4318 1276 4388 praeparatio
1300 4319 1369 4373 ad
1397 4335 1688 4391 vesperam
1718 4322 1928 4377 Natalis
1954 4324 2196 4395 Domini,
2228 4325 2321 4380 cui
2347 4325 2651 4397 respondet
2678 4324 2904 4380 Ordinis
2942 4319 3295 4377 Ambrosiani
3332 4317 3501 4372 missa
3537 4316 3607 4371 de
3646 4317 3849 4387 Exspe-

488 4408 657 4475 ctato,
685 4421 813 4477 quas
843 4406 911 4461 de
935 4407 1238 4479 Exceptato
1264 4409 1324 4463 in
1349 4409 1522 4465 Editis
1550 4412 1886 4483 appellatur.
1915 4413 2143 4469 Easdem
2168 4420 2300 4470 sunt
2324 4416 2383 4470 in
2410 4416 2690 4470 Gallicano
2718 4414 2845 4468 duae
2875 4413 3077 4484 prima:
3128 4409 3406 4465 orationes
3442 4423 3546 4479 pro
3586 4404 3852 4461 ambabus

486 4494 691 4564 missis,
723 4499 892 4567 atque
916 4495 975 4550 in
1001 4496 1292 4553 Gelasiano
1317 4516 1419 4570 pro
1446 4500 1663 4555 duabus
1691 4501 1892 4573 primis
1927 4522 1940 4557 :
1971 4504 2158 4574 prima
2183 4505 2416 4577 quidem
2445 4505 2623 4560 oratio
2649 4520 2764 4558 non
2794 4502 3043 4557 multum
3085 4500 3135 4555 ei
3176 4497 3481 4567 dissimilis,
3520 4513 3648 4568 qua:
3688 4491 3847 4550 modo

485 4583 547 4639 in
574 4584 858 4640 Dominica
887 4587 1070 4658 prima
1096 4587 1383 4644 Adventus
1417 4590 1644 4645 recitari
1671 4592 1832 4663 solet,
1864 4593 2110 4649 secunda
2134 4594 2367 4649 omnino
2397 4594 2590 4649 eadem
2623 4608 2754 4647 cum
2781 4595 2975 4647 nostra
2999 4588 3304 4645 Dominicae
3334 4586 3618 4642 secundae.

558 4706 612 4757 5.
642 4704 704 4757 In
734 4703 983 4758 homiliis
1009 4706 1256 4775 Cmsarii,
1286 4707 1524 4779 aliisque
1548 4713 1679 4765 ante
1703 4711 1975 4766 saeculum
2004 4728 2076 4766 vn
2103 4712 2287 4781 editis,
2317 4712 2471 4766 nulla
2500 4712 2569 4767 de
2595 4711 2853 4767 Adventu
2877 4709 3122 4777 Domini,
3159 4713 3433 4779 tanquam
3472 4705 3542 4760 de
3575 4692 3843 4775 singulari

484 4792 729 4863 quadam
754 4793 1010 4848 instituta
1035 4795 1385 4864 celebritate,
1415 4798 1652 4853 homilia
1693 4801 1902 4873 legitur
1932 4819 1944 4855 :
1979 4802 2077 4855 sed
2116 4801 2162 4855 si
2202 4818 2314 4872 qua
2354 4802 2616 4873 occurrit,
2663 4801 2982 4857 exhortatio
3017 4804 3101 4855 est
3142 4798 3212 4853 ad
3251 4795 3457 4852 Christi
3495 4793 3843 4848 Nativitatem

485 4897 616 4935 cum
644 4881 848 4951 pietate
877 4884 1355 4953 praeveniendam.
1400 4887 1459 4941 In
1498 4890 1826 4945 Homiliario
1867 4890 2311 4961 Sanctigallensi,
2364 4891 2567 4946 litteris
2601 4891 2927 4963 majusculis
2965 4890 3035 4945 ab
3075 4888 3239 4944 annis
3277 4885 3433 4941 mille
3470 4883 3702 4954 scripto,
3740 4878 3841 4932 duo

483 4985 773 5023 sermones
798 4970 1080 5027 habentur
1106 4990 1209 5044 pro
1236 4975 1325 5030 die
1356 4976 1645 5033 Dominica
1688 4984 1818 5033 ante
1858 4980 2046 5034 Natale
2089 4979 2329 5048 Domini,
2372 4981 2470 5035 sed
2507 4981 2766 5053 inscripti
2792 4982 2898 5036 hoc
2930 4980 3096 5035 modo
3128 4996 3142 5034 :
3185 4976 3477 5035 Dicendum
3515 4989 3615 5028 seu
3641 4973 3839 5028 Dictum

483 5061 611 5112 ante
638 5059 839 5114 Natale
861 5063 1092 5132 Domini,
1125 5063 1245 5119 sine
1271 5064 1386 5120 ulla
1411 5069 1696 5123 mentione
1725 5068 1999 5123 adventus
2027 5086 2131 5140 per
2160 5074 2341 5125 totum
2374 5070 2515 5125 illud
2540 5087 2744 5141 corpus
2773 5070 3158 5139 homiliarum,
3189 5083 3320 5139 qua:
3344 5081 3449 5137 per
3471 5077 3690 5117 annum
3716 5064 3837 5113 tunc

481 5145 836 5219 legebantur,
865 5150 1153 5222 pleneque
1180 5169 1248 5208 cx
1270 5155 1512 5211 Caesarie
1540 5157 1801 5227 episcopo
1828 5158 2161 5215 Arelatensi.
2190 5161 2351 5215 Certe
2381 5177 2565 5232 neque
2596 5160 2850 5228 concilia,
2882 5177 3069 5233 neque
3110 5157 3327 5231 regulae
3365 5154 3593 5208 illorum
3626 5155 3836 5217 tempo-

483 5251 634 5304 rum,
662 5237 908 5307 Caesarii,
940 5242 1247 5315 Aureliani,
1278 5246 1544 5313 Ferreoli,
1572 5246 1880 5319 Benedicti,
1908 5248 2085 5303 ullam
2115 5249 2181 5304 de
2211 5251 2495 5305 Adventus
2524 5251 2743 5306 Domini
2782 5251 3049 5306 vocabulo
3098 5249 3164 5319 (si
3207 5248 3351 5302 bene
3385 5240 3643 5311 memini)
3686 5249 3832 5293 men-

480 5327 693 5382 tionem
727 5329 959 5386 faciunt.
998 5334 1288 5391 Ambrosio
1330 5341 1522 5391 tamen
1563 5336 1813 5407 hymnus
1856 5338 1925 5393 de
1962 5339 2222 5396 Adventu
2255 5341 2479 5396 Domini
2520 5342 2795 5398 tribuitur
2839 5342 2897 5397 in
2934 5338 3239 5413 Hymnario
3279 5338 3473 5392 Romae
3518 5345 3705 5403 nuper
3736 5326 3831 5380 im'

480 5434 696 5492 presso.

554 5546 606 5597 6.
640 5545 699 5597 In
726 5546 969 5616 quadam
995 5549 1250 5621 epistola,
1279 5565 1409 5620 quae
1440 5551 1544 5605 sub
1571 5553 1877 5624 Augustini
1904 5555 2137 5610 nomine
2164 5556 2237 5611 ad
2264 5556 2563 5613 Bibianum
2588 5559 2996 5615 Santonensem
3024 5555 3354 5627 episcopum
3382 5549 3444 5605 in
3485 5545 3687 5603 Codice
3717 5542 3832 5597 Car.

476 5632 727 5688 nutensis
761 5633 809 5708 1
829 5634 959 5709 οο
984 5637 1161 5691 sancti
1194 5636 1345 5691 Petri
1388 5642 1740 5712 monasterii,
1786 5648 1915 5699 ante
1945 5661 2123 5700 annos
2163 5646 2520 5719 octingentos
2564 5652 2811 5715 exarato,
2854 5651 2981 5719 post
3011 5641 3335 5714 Hieronymi
3373 5638 3637 5712 quaedam
3677 5641 3829 5705 opera

479 5721 759 5792 reperitur
780 5743 796 5794 ς
828 5725 1104 5780 nonnulla
1129 5725 1198 5780 de
1220 5726 1482 5783 Adventu
1511 5731 1729 5786 Domini
1749 5732 2043 5805 leguntur,
2062 5735 2153 5791 hic
2177 5736 2370 5807 paucis
2390 5738 2706 5793 delibanda.
2725 5741 2935 5793 Auctor
2955 5735 3033 5790 ait
3057 5733 3277 5788 Bibiani
3299 5734 3503 5801 rogatu
3522 5744 3582 5782 se
3602 5724 3830 5807 dirigel't3

482 5829 509 5861 α
542 5808 811 5871 Ordinem
837 5814 1380 5889 Hipponteregiensis
1405 5820 1674 5894 ecclesia,
1705 5804 1950 5897 qualiter
1974 5804 2165 5881 divina
2178 5804 2385 5884 _ofﬁcia
2428 5829 2550 5901 (per
2586 5844 2802 5884 annum
2836 5828 2899 5881 in
2933 5842 2998 5881 ea
3036 5823 3270 5880 ecclesia
3307 5819 3578 5893 disposita
3617 5804 3828 5875 esseab)
