3968 6224
97 349 186 406 169
1195 346 1279 402 DE
1317 345 1630 402 LITURGIA
1667 344 2038 402 GALLICANA
2076 344 2275 400 LIBER
2313 344 2376 399 ll.
3367 353 3466 406 170

94 482 247 536 totius
271 481 409 536 anni
436 479 741 553 Opificium
772 480 830 535 in
855 479 1190 535 lectionibus
1215 479 1422 534 divinis
1449 478 1944 550 (perstringendo,)
1974 477 2308 549 incipientes
2334 475 2558 548 (inquit)
2589 473 2849 532 ordinem
2875 477 3160 534 Adventus
3187 480 3466 538 Dominici

95 590 122 624 a
147 589 231 624 vm
260 571 548 626 Kalendas
575 571 850 637 Octobris,
890 569 966 638 (id
995 572 1097 638 est)
1131 570 1472 641 aequinoctio
1504 569 1821 623 autumnali
1851 585 1864 622 :
1897 585 2002 638 pro
2031 585 2096 622 eo
2123 567 2275 639 quod
2301 567 2499 622 eadem
2521 567 2613 620 die
2641 567 2878 621 Joannes
2903 583 3219 638 prascursor
3245 571 3468 627 Domini

95 677 123 713 a
161 661 468 730 majoribus
511 661 724 715 nostris
764 659 1009 714 traditur
1051 665 1108 713 et
1149 660 1354 730 angelo
1383 659 1680 713 nuntiante
1707 662 2030 728 conceptus,
2065 663 2121 711 et
2149 657 2379 711 Herodis
2404 657 2616 710 funesti
2639 656 2826 727 gladio
2853 657 3186 713 trucidatus.
3219 660 3467 731 Dignum

97 766 323 820 namque
343 755 429 804 est
459 750 679 818 (subdit
709 749 821 818 ille)
849 753 914 801 ut
945 747 1016 801 ab
1047 748 1246 803 eadem
1267 748 1355 802 die
1381 764 1563 819 usque
1591 748 1662 801 ad
1711 747 2068 801 Nativitatem
2091 746 2318 813 Christi,
2349 746 2756 817 prophetarum
2786 763 2999 817 organa
3028 749 3464 818 tympanizando

99 839 312 892 resultet
330 839 609 893 Ecclesia.
639 838 748 892 Sed
775 838 907 908 quia
935 841 1069 891 sunt
1094 838 1355 891 nonnulli
1380 837 1478 908 qui
1504 837 1821 890 Adventum
1850 835 2075 889 Domini
2103 852 2136 888 a
2164 835 2461 890 festivitate
2488 835 2638 889 beati
2665 835 2885 889 Martini
2925 837 3267 892 Turonensis
3307 839 3466 894 urbis

99 928 324 999 episcopi
352 928 629 982 videntur
653 927 989 999 insipienter
1014 929 1291 994 excolere,
1324 944 1430 982 nos
1449 944 1544 981 eos
1572 944 1688 981 non
1719 926 2225 998 reprehendamus,
2249 925 2382 996 quia
2408 941 2522 978 non
2547 941 2742 979 omnes
2765 925 2958 979 omnia
2985 932 3241 997 possunt,
3271 933 3328 982 et
3346 945 3468 983 ma-

101 1018 234 1071 xime
269 1033 399 1070 cum
436 1018 746 1088 Apostolus
783 1017 934 1071 dicat
963 1034 976 1070 :
1011 1017 1324 1088 Unicuique
1347 1017 1491 1071 sicut
1519 1018 1662 1071 Deus
1689 1016 1880 1070 divisit
1906 1031 2232 1069 mensuram
2263 1014 2413 1068 ﬁdei.
2445 1014 2548 1068 Sed
2577 1015 2744 1084 longe
2769 1015 2934 1069 aliter
2952 1021 3035 1070 est
3050 1016 3344 1088 plenitudo
3373 1033 3466 1072 or-

101 1106 230 1160 dinis
275 1111 331 1160 et
377 1107 684 1177 religionis
731 1112 958 1161 nostrze.
1006 1106 1277 1161 Martinus
1303 1107 1516 1161 etenim
1547 1111 1770 1160 sanctus
1796 1107 1967 1175 longe
1998 1110 2123 1176 post
2151 1104 2547 1159 Ascensionem
2572 1103 2815 1173 Domini,
2841 1104 2930 1157 vel
2960 1109 3085 1176 post
3112 1107 3468 1162 nativitatem

102 1196 312 1266 prodiit,
343 1197 430 1249 vel
465 1201 600 1266 post
625 1201 868 1251 mortem
896 1196 1166 1264 discessit,
1199 1197 1410 1268 quippe
1439 1196 1538 1270 qui
1567 1196 1775 1250 nostris
1801 1195 2151 1266 temporibus
2164 1210 2340 1265 prope
2357 1192 2757 1263 fuit,quamvis
2787 1193 2842 1246 in
2863 1194 3018 1248 brevi
3039 1199 3293 1267 tempore
3313 1197 3469 1252 fama

104 1284 388 1339 sanctitatis
422 1291 480 1339 et
513 1286 743 1339 virtutis
770 1286 922 1340 illius
952 1290 1135 1340 totum
1164 1287 1443 1340 mundum
1473 1285 1729 1356 replevit.
1758 1285 1920 1356 Apud
1942 1302 2044 1338 nos
2075 1285 2263 1355 itaque
2290 1299 2355 1337 ex
2380 1283 2502 1353 ejus
2529 1281 2886 1336 solemnitate
2908 1283 3244 1339 abstinentia
3269 1303 3303 1339 a
3339 1303 3464 1341 car-

104 1375 272 1440 nibus,
298 1374 384 1427 vel
420 1375 717 1445 conjugali
755 1375 954 1446 copula
995 1375 1127 1428 ﬁliis
1155 1376 1412 1429 Ecclesiae
1445 1374 1734 1443 indicitur,
1761 1379 1828 1429 ut
1851 1375 1920 1428 ad
1951 1373 2308 1429 Nativitatem
2327 1372 2550 1427 Domini
2579 1371 2831 1426 securius
2857 1373 3296 1430 communicent.
3331 1398 3358 1424 ››
3388 1377 3469 1430 Ex

106 1463 194 1517 hac
233 1464 491 1534 epistola,
523 1464 887 1534 supposititia
923 1465 1178 1534 quidem,
1207 1465 1305 1519 sed
1341 1469 1532 1518 tamen
1561 1463 1972 1534 antiquissima,
2006 1463 2399 1534 intelligimus,
2427 1465 2558 1515 ante
2601 1465 2893 1532 receptum
2925 1461 2981 1514 in
3006 1461 3178 1516 Gallia
3202 1463 3468 1520 Ordinem

105 1553 495 1622 Gregorianum
522 1569 643 1606 non
672 1553 746 1606 ita
773 1555 946 1607 ﬁxam
974 1570 1037 1607 ac
1068 1559 1249 1607 ratam
1294 1553 1465 1608 fuisse
1511 1553 1787 1607 Dominici
1813 1553 2097 1607 Adventus
2122 1551 2444 1606 celebrandi
2475 1551 2754 1604 rationem
2783 1567 2796 1604 :
2829 1567 3000 1620 quam
3026 1567 3157 1605 cum
3182 1553 3468 1624 plerasque

107 1642 379 1696 Gallicanae
418 1643 708 1709 Ecclesiae,
738 1643 926 1698 forsan
966 1645 1229 1714 exemplo
1254 1644 1618 1712 Turonensis,
1649 1661 1680 1696 a
1709 1645 1851 1698 festo
1887 1643 2064 1696 sancti
2091 1641 2314 1696 Martini
2341 1641 2695 1712 inciperent;
2728 1640 3013 1711 praedictae
3042 1641 3293 1712 epistolae
3339 1643 3471 1696 scri-

109 1737 237 1800 ptor,
267 1732 528 1802 quisquis
560 1731 655 1785 ille
678 1731 805 1801 fuit,
837 1733 1005 1786 altius
1031 1733 1402 1804 repetendam
1429 1733 1626 1801 voluit,
1658 1749 1865 1803 nempe
1892 1749 1924 1784 a
1955 1747 2048 1785 Vlll
2079 1731 2199 1785 Kal.
2233 1730 2490 1786 Octobris
2515 1747 2527 1783 :
2559 1746 2672 1800 quo
2698 1746 2764 1784 ex
2792 1734 3050 1800 tempore
3087 1729 3269 1802 101
3332 1733 3482 1786 Pro-'

108 1820 384 1890 phetarum
412 1820 483 1874 de
513 1821 738 1874 Christo
763 1822 1029 1875 vaticinia
1056 1821 1115 1876 in
1145 1822 1348 1876 divinis
1376 1823 1577 1876 officiis
1605 1821 1829 1876 recitari
1860 1821 2150 1875 deberent.
2181 1823 2361 1892 Atque
2389 1824 2454 1874 ut
2497 1820 2836 1874 sententiam
2883 1837 3046 1874 suam
3095 1820 3216 1874 aliis
3251 1822 3470 1876 facilius

112 1909 441 1979 approbaret,
472 1910 584 1964 sub
604 1910 854 1980 specioso
879 1911 1059 1966 sancti
1087 1911 1389 1982 Augustini
1415 1911 1644 1965 nomine
1674 1910 1948 1964 confinxit
1977 1909 2668 1982 epistolam,vulgavitque
2692 1927 2706 1962 :
2738 1910 2989 1980 quamad
3001 1910 3212 1964 calcem
3235 1911 3469 1982 hujusce

113 1998 388 2052 voluminis
431 1999 724 2069 integram
770 2002 1100 2055 referemus.
1141 2002 1422 2055 Caeterum
1461 2001 1764 2071 Gregorius
1794 2000 2137 2054 Turonensis
2174 2000 2408 2054 antistes
2455 1998 2791 2068 religionem
2841 1999 3090 2068 dierum,
3123 2000 3218 2070 qui
3261 2017 3294 2053 a
3325 2001 3466 2055 festo

113 2089 264 2142 sancti
293 2090 518 2144 Martini
548 2090 619 2144 ad
645 2091 851 2145 Christi
878 2091 1071 2145 Natale
1099 2091 1451 2162 interjacent,
1485 2091 1644 2145 nobis
1670 2091 1927 2162 suggerit
1956 2091 2018 2144 in
2043 2090 2142 2144 lib.
2162 2091 2232 2144 de
2257 2089 2394 2144 Vitis
2420 2091 2655 2143 Patrum
2685 2105 2806 2158 cap.
2843 2091 2927 2157 15,
2958 2089 3056 2141 ubi
3077 2090 3157 2144 ait
3182 2090 3464 2145 Senocum

116 2179 367 2232 reclusum
393 2179 464 2233 ad
491 2195 552 2233 se
593 2180 832 2248 venisse,
862 2181 953 2234 cui
993 2180 1290 2234 consilium
1335 2181 1573 2249 dederit,
1606 2186 1670 2234 ut
1717 2196 1788 2234 ne
1826 2184 2103 2250 perpetua
2147 2196 2205 2233 se
2241 2178 2557 2232 reclusione
2599 2177 2959 2248 astringeret,
2992 2178 3088 2232 sed
3132 2183 3354 2233 tantum
3407 2179 3468 2234 in

116 2267 552 2338 Quadragesima,
584 2275 639 2324 et
665 2270 723 2324 in
753 2269 862 2324 illis
891 2269 1111 2339 diebus,
1145 2291 1172 2319 «
1203 2270 1302 2341 qui
1329 2270 1479 2326 inter
1504 2270 1916 2342 depositiouem
1945 2268 2121 2324 sancti
2144 2268 2366 2323 Martini
2394 2285 2457 2322 ac
2485 2267 2754 2322 dominici
2790 2267 2997 2321 Natalis
3039 2267 3465 2324 solemnitatem

118 2355 391 2412 habentur.
425 2378 453 2408 ι)

177 2518 221 2568 7.
249 2516 322 2569 Ex
348 2515 435 2569 his
463 2515 741 2571 omnibus
768 2517 1009 2588 conjicio
1036 2533 1133 2573 sex
1162 2517 1285 2572 illas
1311 2518 1634 2573 numericas
1657 2523 1819 2573 notas
1844 2535 1947 2590 pro
1969 2517 2204 2574 totidem
2234 2517 2450 2584 ofﬁciis,
2481 2532 2607 2587 qua
2637 2515 2697 2570 in
2727 2515 3076 2572 Lectionario
3125 2523 3322 2575 nostro
3372 2520 3465 2577 de—

121 2602 321 2658 siderari
347 2605 621 2674 diximus,
651 2608 986 2678 repetendas
1007 2624 1126 2662 esse
1165 2625 1196 2661 a
1226 2609 1365 2663 festo
1408 2609 1584 2663 sancti
1621 2607 1846 2663 Martini
1875 2625 1887 2662 :
1918 2625 2030 2680 quo
2060 2624 2129 2662 ex
2153 2612 2410 2678 tempore
2436 2605 2590 2677 apud
2616 2605 2800 2659 Gallos
2839 2605 3038 2677 religio
3074 2607 3379 2679 Adventus,
3408 2611 3467 2667 id

124 2697 189 2747 est
206 2697 535 2766 pra-paratio
567 2696 638 2749 ad
665 2697 855 2752 Natale
879 2697 1125 2764 Domini,
1159 2695 1385 2752 initium
1413 2697 1670 2752 ducebat.
1701 2698 1861 2752 Certe
1887 2696 2100 2752 Missale
2122 2696 2580 2764 Ambrosianum,
2611 2712 2760 2749 anno
2789 2698 2925 2750 1560
2951 2697 3184 2768 editum,
3211 2699 3409 2771 incipit
3433 2717 3467 2755 a

124 2782 283 2852 vigilia
308 2786 479 2838 sancti
509 2786 762 2853 Martini;
796 2802 859 2840 ac
898 2787 1177 2841 recentius
1216 2788 1350 2842 anni
1383 2791 1515 2842 1669
1541 2787 1610 2840 ab
1637 2787 1911 2842 Adventu.
1943 2789 2132 2858 Itaque
2161 2785 2632 2840 verisimillimum
2659 2789 2744 2838 est
2768 2784 3180 2842 Lectionarium
3208 2796 3468 2846 nostrum

126 2869 284 2926 itidem
308 2874 605 2945 incmpisse
633 2892 666 2928 a
691 2876 833 2930 festo
862 2877 1041 2930 sancti
1069 2877 1310 2944 Martini,
1344 2877 1405 2932 in
1434 2894 1606 2948 quem
1633 2879 1816 2948 major
1841 2882 1961 2931 erat
1980 2877 2292 2944 Gallorum,
2324 2891 2496 2947 quam
2523 2880 2846 2930 exterorum
2863 2875 3102 2931 devotio.
3125 2877 3331 2933 Deinde
3347 2879 3467 2934 for-

126 2976 204 3014 san
221 2964 555 3033 sequebatur
583 2965 834 3019 officium
863 2966 931 3021 de
959 2973 1152 3022 sancto
1171 2968 1425 3037 Andrea;
1460 2973 1653 3038 postea
1682 2967 1945 3038 quaedam
1973 2967 2155 3020 officia
2179 2983 2282 3037 pro
2304 2965 2580 3033 Adventu,
2601 2965 2668 3019 de
2699 2981 2812 3035 quo
2833 2965 2960 3019 dum
2982 2967 3165 3020 missae
3185 2967 3470 3024 habentur

129 3050 176 3103 in
194 3051 374 3106 Missali
399 3054 946 3125 Gothicogallicano,
973 3056 1208 3112 fortasse
1237 3057 1583 3128 repetenda,
1615 3057 1841 3128 quando
1868 3073 1958 3111 res
1987 3055 2267 3127 exigebat.
2299 3056 2436 3109 Nam
2465 3059 2521 3109 et
2548 3053 2734 3108 missa:
2761 3053 3128 3110 dominicales
3164 3063 3290 3128 post
3320 3059 3466 3113 Pen-

127 3144 334 3195 tecosten
360 3143 465 3197 hoc
493 3144 666 3198 modo
694 3145 1016 3215 repetenda
1055 3151 1238 3213 erant,
1273 3147 1554 3218 siquidem
1584 3147 1750 3201 unica
1788 3147 1847 3200 in
1872 3145 2226 3201 Lectionario
2253 3150 2464 3214 nostro,
2488 3160 2586 3198 sex
2613 3144 2671 3197 in
2696 3143 2901 3198 Missali
2921 3144 3170 3213 Gothico,
3205 3153 3262 3202 et
3287 3165 3383 3203 sex
3410 3149 3468 3204 in

128 3227 424 3286 llozarabico
460 3237 692 3287 tantum
724 3235 1106 3305 assignantur.
1148 3237 1366 3300 Quanta
1394 3236 1600 3307 pietate
1628 3237 1818 3291 Natale
1863 3236 2087 3290 Domini
2125 3235 2504 3306 praevenirent
2532 3234 2774 3304 majores
2801 3233 2998 3303 nostri,
3027 3235 3188 3291 docet
3225 3254 3407 3292 canon
3435 3242 3468 3293 9

129 3320 315 3373 concilii
337 3321 758 3377 Matisconensis
784 3323 975 3394 primi,
1005 3326 1303 3379 statuentis
1337 3343 1350 3379 :
1387 3329 1453 3382 Ut
1478 3342 1513 3379 α
1540 3328 1689 3392 feria
1713 3329 1889 3380 sancti
1911 3327 2142 3381 Martini
2168 3340 2334 3394 usque
2359 3325 2435 3378 ad
2460 3325 2659 3381 Natale
2696 3325 2929 3385 Domini,
2957 3325 3214 3389 secunda,
3243 3332 3466 3396 quarta,

131 3411 167 3459 et
187 3413 319 3462 serta
351 3411 602 3474 Sabbati,
632 3412 689 3466 id
725 3418 810 3467 est
842 3413 1228 3482 hebdomadas,
1264 3413 1312 3486 1
1331 3413 1459 3488 02
1490 3415 1783 3484 jejunetur,
1825 3420 1877 3470 et
1903 3417 2172 3484 sacriﬁcia
2217 3415 2686 3484 quadragesimali
2712 3414 2940 3467 debeant
2968 3415 3157 3469 ordine
3185 3417 3466 3473 celebrari.

135 3497 280 3566 Atque
299 3498 365 3552 ob
386 3500 531 3554 hanc
553 3518 782 3555 causam
793 3502 1079 3573 jejunium
1101 3508 1344 3574 quatuor
1363 3510 1687 3576 temporum
1705 3505 1762 3558 in
1784 3520 1978 3558 mense
2004 3504 2223 3558 decimo
2251 3504 2575 3558 institutum
2607 3502 2777 3556 tradit
2795 3503 3072 3573 Egbertus
3107 3505 3470 3562 Eboracensis

133 3587 323 3642 antistes
345 3592 402 3644 in
428 3591 691 3664 Dialogo,
723 3615 749 3643 ‹‹
772 3609 978 3665 nempe
1000 3600 1233 3666 propter
1256 3595 1652 3651 advenientem
1677 3596 2059 3650 venerabilem
2086 3595 2505 3649 solemnitatem
2528 3593 2747 3648 Domini
2785 3594 2961 3647 nostri
2995 3595 3127 3648 Jesu
3164 3596 3374 3651 Christi
3404 3602 3471 3652 ut

135 3679 482 3752 unusquisque
512 3680 696 3737 fidelis
722 3689 1002 3754 praeparet
1031 3701 1088 3738 se
1113 3684 1185 3738 ad
1213 3685 1675 3740 communionem
1701 3685 1953 3757 corporis
1979 3691 2035 3740 et
2061 3683 2356 3757 sanguinis
2383 3683 2588 3739 Christi
2628 3699 2759 3737 cum
2786 3682 3080 3738 devotione
3107 3688 3464 3744 sumendam.

138 3764 261 3827 Quod
277 3775 326 3822 et
347 3787 481 3841 gens
511 3773 850 3843 Anglorum,
883 3773 1090 3844 inquit,
1121 3790 1348 3847 semper
1381 3775 1440 3830 in
1471 3775 1638 3847 plena
1664 3776 2017 3830 hebdomada
2046 3781 2177 3830 ante
2204 3774 2398 3830 Natale
2426 3772 2651 3828 Domini
2677 3771 2985 3840 consuevit,
3018 3793 3046 3820 ιι
3084 3774 3466 3848 scilicetjeju-

141 3854 242 3924 niis,
268 3859 566 3928 solitudini,
597 3868 653 3916 et
677 3863 798 3917 aliis
819 3863 928 3934 piis
957 3864 1221 3934 operibus
1247 3866 1514 3920 vacando.
1546 3867 1671 3920 Hinc
1697 3865 1765 3920 de
1793 3865 2050 3920 Adventu
2078 3864 2300 3919 Domini
2321 3863 2669 3934 praemittere
2697 3878 2884 3933 opera:
2911 3862 3161 3934 pretium
3201 3864 3470 3923 duximus

144 3943 197 3996 ad
231 3949 591 4019 supplendum
634 3969 700 4006 ea
740 3970 866 4024 qua:
904 3969 973 4007 ex
1011 3952 1217 4008 avulsis
1248 3955 1394 4009 foliis
1422 3955 1482 4008 in
1510 3955 1859 4010 Lectionario
1884 3959 2076 4010 nostro
2103 3954 2327 4022 desunt,
2360 3953 2418 4008 id
2437 3957 2521 4007 est
2545 3950 3196 4023 quaternionespmniuo
3215 3961 3466 4027 septem:

149 4032 382 4105 siquidem
419 4042 642 4112 primus
671 4059 701 4096 e
729 4042 960 4114 reliquis
985 4059 1225 4100 numero
1253 4048 1286 4101 8
1311 4048 1561 4102 notatur.

201 4199 245 4250 7.
278 4200 420 4264 Quod
450 4204 653 4259 attinet
681 4206 749 4261 ad
787 4206 1170 4263 solemnitates
1199 4213 1254 4263 et
1283 4213 1605 4265 sanctorum
1638 4209 1964 4264 festivitates
2003 4224 2130 4280 qua:
2157 4207 2217 4262 in
2257 4206 2432 4263 Gallia
2469 4206 2758 4277 quondam
2801 4206 3250 4280 celebrabantur,
3284 4216 3470 4268 certus

150 4298 308 4342 earum
331 4307 599 4348 numerus
625 4310 694 4348 ex
720 4297 1067 4351 Lectionario
1094 4302 1289 4353 nostro
1318 4299 1387 4353 ad
1417 4299 1689 4354 amussim
1715 4299 1846 4354 iniri
1865 4316 1980 4353 non
2004 4302 2206 4370 potest,
2238 4302 2362 4352 tum
2391 4296 2523 4368 quia
2550 4313 2653 4367 pro
2678 4296 2814 4351 locis
2841 4296 2934 4351 hic
2972 4314 3246 4354 numerus
3285 4304 3467 4356 varia-

151 4370 240 4442 bat,
265 4381 373 4434 tum
397 4383 525 4452 quia
550 4385 969 4440 Lectionarium
997 4387 1288 4459 integrum
1308 4407 1422 4443 non
1453 4390 1750 4446 habemus.
1779 4389 2024 4444 Omnino
2050 4388 2137 4442 ha:
2165 4392 2296 4442 sunt
2321 4405 2448 4459 qua:
2474 4388 2534 4442 in
2561 4404 2626 4442 eo
2655 4388 3020 4459 assignantur
3047 4406 3059 4443 :
3084 4391 3351 4446 Nativitas
3371 4394 3472 4447 Do-

156 4464 283 4550 Iuini,
311 4475 360 4523 et
388 4470 521 4526 festa
549 4474 726 4528 sancti
765 4474 1054 4547 Stephani,
1086 4479 1264 4532 sancti
1296 4479 1528 4534 Joannis
1556 4479 1945 4550 Evangelistze,
1976 4482 2144 4549 atque
2175 4477 2584 4545 Innocentium,
2617 4477 3002 4547 Circumcisio,
3031 4478 3238 4534 festum
3264 4485 3470 4537 sancta:

158 4549 420 4629 Genovefas,
455 4562 784 4633 Epiphania,
829 4565 1097 4621 festivitas
1133 4573 1340 4622 sanctae
1369 4569 1575 4637 Mariaz,
1607 4549 1882 4624 Cathedra
1910 4567 2087 4622 sancti
2113 4567 2280 4634 Petri,
2315 4567 2545 4633 Pascha,
2588 4567 2869 4636 Ascensio,
2897 4569 3269 4639 Pentecostes,
3311 4573 3468 4630 festi-

162 4639 269 4696 Vitas
303 4651 463 4704 sancti
497 4653 727 4707 Joannis
767 4655 1050 4726 Baptistae,
1093 4657 1300 4712 festum
1337 4659 1721 4730 apostolorum
1759 4657 1906 4713 Petri
1949 4661 2005 4712 et
2047 4656 2227 4724 Pauli,
2259 4656 2444 4710 Passio
2471 4656 2646 4709 sancti
2683 4655 2912 4710 Joannis
2945 4657 3228 4728 Baptistae,
3261 4660 3465 4722 deinde

162 4744 409 4792 commune
436 4746 754 4812 martyrum
781 4749 836 4798 et
856 4746 1262 4803 confessorum.
1292 4750 1502 4804 Praeter
1527 4749 1648 4803 haec
1685 4747 2045 4819 assignantur
2071 4745 2255 4800 ofﬁcia
2281 4762 2383 4817 pro
2421 4743 2726 4800 Dominicis
2757 4750 2873 4800 tam
2910 4751 3037 4816 post
3073 4748 3467 4825 Epiphaniam,

164 4832 296 4910 quam
320 4834 434 4896 post
456 4831 796 4887 Cathedram
825 4837 1004 4890 sancti
1030 4837 1209 4907 Petri;
1241 4838 1444 4893 deinde
1473 4856 1575 4910 pro
1617 4836 2074 4909 Quadragesima,
2107 4841 2164 4890 et
2204 4853 2308 4906 pro
2348 4835 2649 4890 Dominicis
2688 4841 2815 4908 post
2850 4836 3098 4905 Pascha;
3145 4855 3249 4910 pro
3281 4840 3472 4901 triduo

164 4905 504 4998 Bogaﬁonum,
534 4926 590 4976 et
613 4939 716 4992 pro
745 4924 1036 4980 Dominica
1059 4905 1200 4998 post
1215 4905 1598 4984 Pentecostem
1622 4946 1638 4997 ;
1669 4905 1912 4998 denique
1950 4905 2136 4980 missae
2166 4905 2431 4996 quaedam
2456 4925 2524 4980 de
2549 4905 2806 4980 Ecclesiae
2841 4905 3211 4997 dedicatione,
3241 4932 3471 4989 ordina-

167 4995 364 5058 tionibus
386 5009 769 5066 ministrorum
796 5030 1105 5085 sacrorum,
1133 5034 1238 5088 pro
1276 5018 1533 5086 mortuis,
1566 5035 1671 5089 pro
1698 5017 2114 5085 itinerantibus,
2146 5014 2338 5088 103
2377 5014 2628 5083 decimis,
2659 5019 2716 5070 et
2755 5015 3030 5071 fructibus
3060 5019 3238 5075 novis.
3272 5022 3471 5080 Videa-

169 5098 264 5142 mus
287 5109 348 5148 an
369 5096 424 5151 in
448 5099 621 5154 Gallia
639 5118 742 5173 per
766 5102 823 5156 id
849 5105 1121 5176 temporis
1147 5107 1266 5162 haec
1295 5108 1469 5164 fuerit
1491 5108 1766 5163 festorum
1794 5106 1996 5164 raritas
2020 5112 2077 5162 et
2100 5105 2416 5178 dispositio.

223 5251 264 5304 8-
285 5253 494 5327 Majores
519 5261 898 5319 solemnitates
921 5266 1135 5338 ubique
1165 5269 1438 5324 uniformi
1471 5269 1585 5325 ritu
1621 5268 2084 5339 observabantur,
2113 5284 2320 5338 nempe
2352 5267 2620 5322 Nativitas
2649 5267 2891 5336 Domini,
2925 5269 3154 5341 Pascha,
3183 5275 3240 5327 et
3268 5263 3470 5330 Pente-

174 5343 337 5412 t305185;
373 5353 424 5402 et
447 5354 557 5406 tres
585 5352 711 5407 alias
738 5354 926 5410 minus
954 5358 1260 5430 precipuaa,
1289 5360 1626 5432 Epiphania,
1659 5360 1945 5426 Ascensio,
1977 5365 2034 5414 et
2067 5359 2275 5414 Natalis
2301 5359 2478 5413 sancti
2513 5358 2742 5413 Joannis
2773 5359 3038 5430 Baptista:
3065 5376 3080 5414 :
3109 5376 3252 5432 quas
3277 5379 3473 5420 omnes

177 5437 411 5526 enumerat
433 5441 728 5497 concilium
757 5445 1077 5516 Agathense
1114 5448 1345 5504 ineunte
1372 5450 1579 5504 saeculo
1607 5467 1659 5503 v1
1679 5450 2046 5505 celebratum.
2065 5448 2378 5505 Concilium
2417 5464 2549 5503 vero
2587 5448 2986 5504 Aurelianense
3013 5449 3266 5520 primum
3303 5455 3473 5526 paulo

294 5520 472 5612 iisdem
508 5531 667 5586 festis
699 5533 855 5589 addit
883 5535 1137 5592 triduum
1163 5539 1564 5610 Rogationum,
1607 5541 1707 5612 qui
1741 5540 1858 5595 dies
1886 5556 2002 5594 non
2038 5545 2154 5594 tam
2181 5538 2329 5608 festi,
2368 5555 2542 5611 quam
2580 5538 2990 5611 pcenitentiales
3016 5541 3284 5596 censendi
3303 5520 3472 5601 sunt.

181 5598 448 5702 Cathedram
474 5621 647 5676 sancti
673 5622 824 5679 Petri
850 5626 1108 5697 agnoscit
1131 5598 1329 5684 eodem
1357 5598 1564 5686 saeculo
1588 5598 1892 5686 concilium
1919 5632 2242 5686 Turonense
2269 5598 2328 5686 ui
2355 5598 2427 5685 At
2450 5598 2640 5702 plures
2663 5629 2989 5684 festivitates
3015 5598 3474 5690 enumerat

183 5697 335 5795 ξδείυυξ
356 5705 596 5795 ejusdem
627 5711 782 5767 urbis
809 5715 1015 5770 saeculo
1041 5734 1073 5770 v
1102 5718 1396 5792 episcopus
1419 5721 1571 5793 apud
1597 5719 1933 5793 Gregorium
1961 5721 2064 5776 sub
2091 5720 2264 5775 finem
2289 5719 2420 5774 libri
2449 5697 2503 5788 i,
2532 5720 2633 5774 ubi
2657 5718 2878 5790 vigilias
2902 5719 3148 5775 instituit
3170 5721 3474 5795 aliquando

187 5789 437 5885 inevclesia
456 5798 549 5866 (sic
576 5800 831 5860 absolute
859 5806 1101 5880 majores
1127 5789 1226 5866 seu
1256 5789 1600 5885 episcopales
1625 5789 1870 5868 ecclesias
1904 5811 2276 5884 dicebantur),
2305 5809 2610 5882 aliquando
2637 5809 2697 5864 in
2720 5789 2983 5864 basilicis.
3015 5810 3140 5866 Haec
3171 5789 3304 5866 vero
3337 5811 3476 5868 festa

191 5881 317 5931 sunt:
355 5882 543 5982 Natalis
577 5891 816 5960 Domini,
860 5897 1195 5972 Epiphania,
1226 5881 1605 5982 Resurrectio,
1638 5920 1668 5957 v
1695 5904 1814 5961 Kal.
1853 5902 2080 5976 Aprilis,
2113 5906 2169 5959 et
2206 5881 2415 5974 praeter
2453 5915 2578 5955 eam
2616 5898 2844 5967 Pascha,
2879 5901 3031 5970 quod
3076 5901 3283 5957 mobile
3322 5907 3468 5973 erat;

452 5975 719 6046 Ρλτιιοι.
766 5982 1003 6054 LXXII.
1551 5977 1560 5982 ’
1914 5975 1919 5976 ⁷
3121 5995 3158 6053 6
