3968 6224
508 364 598 428 l7l
1288 352 1619 418 APPENDIX
1652 360 1741 416 AD
1778 358 2001 416 OPERA
2034 357 2273 417 SANCTI
2310 357 2609 415 GERMANI
2648 354 3076 418 PARISIENSIS.
3778 350 3882 418 i7!

500 505 621 559 dies
646 498 1017 569 Ascensionis,
1044 492 1163 555 dies
1185 494 1726 568 Quinquagesimus,
1754 510 1855 548 seu
1890 495 2263 560 Pentecostes,
2288 508 2416 563 quae
2444 493 2641 548 itidem
2671 494 2732 548 in
2770 494 3010 549 concilio
3048 488 3443 549 Aurelianensi
3478 494 3667 566 primo
3698 496 3880 561 Quin-

500 593 832 665 quagesima
872 586 1372 671 vocatur;’Natalis
1407 584 1585 638 sancti
1622 583 1872 652 Joannis,
1902 583 1973 638 ad
2015 584 2136 638 haec
2165 583 2348 638 Passio
2378 582 2633 652 ejusdem
2663 600 2676 637 :
2709 583 2916 638 Natalis
2952 587 3272 638 sanctorum
3302 586 3702 656 Apostolorum
3730 587 3883 643 Petri

501 688 560 737 et
582 681 761 747 Pauli,
789 678 999 736 Natalis
1035 676 1213 732 sancti
1252 672 1672 745 Symphoriani,
1712 673 1920 728 Natalis
1949 673 2127 728 sancti
2174 672 2402 740 Lidorii,
2434 673 2644 726 Natalis
2682 672 2857 726 sancti
2898 672 3138 739 Martini,
3169 679 3292 728 tum
3338 676 3513 729 sancti
3557 676 3783 743 Briccii,
3829 681 3883 731 et

502 771 714 827 Natalis
739 770 914 825 sancti
944 768 1159 823 Hilarii.
1193 767 1271 820 Ex
1301 765 1389 819 his
1415 764 1680 818 omnibus
1705 768 1954 833 quatuor
1979 770 2301 834 postremae,
2332 768 2569 834 excepto
2594 763 2684 816 die
2704 762 2881 817 sancti
2908 762 3150 832 Martini,
3180 779 3299 819 non
3329 764 3541 836 ubique
3566 766 3882 820 Galliarum

500 861 964 916 observabuntur.
995 860 1056 914 In
1081 860 1344 925 Augusto,
1374 855 1505 924 quia
1533 855 1773 923 quotidie
1803 856 1980 909 missa?
2002 856 2321 911 Sanctorum
2350 859 2504 908 erant
2534 858 2786 924 tempore
2833 852 3056 907 concilii
3093 869 3131 906 ιι
3175 854 3535 922 Turonensis,
3575 858 3882 925 prandium

500 952 770 1007 habebant
795 949 1060 1009 monachi,
1092 962 1160 1001 ex
1187 961 1402 999 canone
1434 948 1519 1011 t7,
1549 944 1824 999 nimirum
1853 944 1924 999 ob
1948 945 2117 999 ferias
2137 944 2422 998 messivas.
2452 943 2533 997 Ad
2560 944 2682 999 here
2708 944 2994 1015 quoddam
3019 944 3146 1000 festi
3176 961 3356 1015 genus
3372 946 3728 1012 censebatur,
3750 963 3881 1002 cum

492 1042 689 1096 misse
718 1038 941 1093 indictze
969 1041 1150 1090 erant.
1178 1036 1337 1090 Unde
1363 1034 1687 1105 Gregorius,
1716 1034 1775 1088 in
1805 1034 1905 1089 lib.
1937 1050 1953 1088 ι
1976 1034 2044 1088 de
2073 1033 2257 1089 Gloria
2277 1038 2593 1103 martyrum
2620 1051 2746 1105 cap.
2778 1036 2861 1100 t3,
2884 1037 3169 1091 missarum
3193 1037 3334 1101 festa
3361 1036 3604 1106 appellat
3622 1037 3876 1092 celebra-

494 1130 712 1185 tionem
755 1128 962 1193 missce,
1005 1122 1197 1198 104
1242 1141 1415 1196 quam
1459 1124 1757 1195 episcopus
1787 1123 2116 1191 Vasatensis,
2157 1122 2299 1177 urbe
2334 1139 2435 1177 sua
2459 1122 2530 1176 ab
2558 1123 2733 1177 Hunis
2761 1123 3004 1191 obsessa,
3034 1123 3239 1178 indixit
3269 1141 3370 1194 pro
3405 1124 3745 1181 liberatione
3777 1144 3874 1197 po-

494 1218 620 1293 puli
643 1216 747 1271 sui.
778 1218 953 1272 Porro
980 1215 1219 1286 singulae
1245 1214 1497 1268 civitates
1523 1218 1579 1268 et
1607 1213 1853 1267 ecclesiae
1880 1230 2010 1268 suos
2040 1212 2350 1283 peculiares
2372 1218 2638 1283 patronos
2663 1212 2939 1283 singulari
2969 1214 3121 1267 cultu
3146 1214 3580 1269 venerabantur.
3603 1215 3880 1287 Insignio-

490 1323 587 1363 res
624 1325 654 1361 e
687 1306 984 1360 Gallicanis
1010 1309 1266 1359 recenset
1296 1303 1546 1358 Nicetius
1577 1302 1923 1357 Trevirensis
1950 1302 2200 1373 pontifex
2228 1302 2287 1357 in
2315 1302 2545 1372 epistola
2571 1302 2643 1357 ad
2666 1301 3102 1357 Clilodosindam
3136 1303 3415 1374 reginam,
3444 1319 3651 1373 nempe
3678 1304 3875 1359 Marti-

494 1412 657 1464 num,
686 1397 1050 1463 Germanum,
1076 1394 1372 1462 Hilarium,
1402 1394 1645 1464 Lupum,
1670 1392 2015 1463 Remigium,
2039 1399 2096 1446 et
2120 1392 2466 1460 Medardum,
2496 1409 2637 1463 quos
2662 1392 2952 1447 miraculis
2978 1393 3034 1447 in
3052 1393 3480 1447 diesclarescere
3499 1394 3772 1447 affirmat.
3800 1396 3876 1450 Ex

492 1487 586 1541 his
611 1487 817 1541 festum
842 1484 1017 1539 sancti
1047 1483 1266 1540 Martini
1290 1499 1394 1554 per
1416 1499 1615 1537 omnes
1638 1482 1942 1537 Galliarum
1971 1482 2231 1536 ecclesias
2250 1482 2470 1537 celebre
2497 1488 2637 1552 erat,
2665 1487 2732 1537 ut.
2758 1499 2827 1536 ex
2853 1482 3074 1537 concilii
3112 1482 3612 1537 Antissioddrensis
3653 1499 3874 1539 canone

493 1580 548 1646 ὅ,
579 1591 649 1630 ex
683 1574 955 1646 Gregorio
978 1573 1310 1640 Turonensi,
1343 1578 1399 1627 et
1428 1589 1498 1627 ex
1529 1573 1646 1625 Vita
1667 1572 1843 1627 sancti
1875 1572 2040 1643 Eligii
2071 1571 2430 1643 intelligitur.
2465 1574 2657 1644 Itaque
2683 1589 2797 1629 non
2825 1572 3080 1628 dubitem
3099 1572 3237 1644 quin
3259 1572 3409 1627 idem
3425 1572 3635 1629 festum
3655 1573 3719 1627 in
3738 1573 3871 1629 Lee.

484 1664 734 1721 tionario
758 1669 951 1719 nostro
977 1663 1163 1717 locum
1193 1661 1458 1717 habuerit
1484 1662 1543 1716 in
1575 1661 1686 1715 illis
1712 1662 1859 1716 foliis
1887 1678 2017 1733 qua:
2036 1662 2450 1718 desiderantur.

566 1795 619 1846 9.
649 1788 864 1845 Saeculo
892 1805 961 1842 vn
992 1805 1104 1841 non
1135 1802 1483 1859 magnopere
1509 1787 1750 1841 accrevit
1776 1786 2049 1841 festorum
2080 1786 2136 1841 in
2164 1786 2338 1841 Gallia
2363 1803 2657 1841 numerus.
2686 1785 2807 1842 Scio
2832 1786 3014 1841 multo
3041 1787 3203 1859 plura
3229 1789 3515 1843 numerari
3537 1787 3595 1843 in
3620 1789 3873 1861 quodam

495 1880 731 1937 concilio
748 1877 1243 1949 Rhemensi,quod
1273 1894 1339 1931 ex
1370 1876 1571 1931 Codice
1599 1893 1705 1931 ms.
1726 1876 1947 1947 Majoris
1976 1877 2300 1931 monasterii
2334 1876 2526 1931 Binius
2556 1877 2723 1931 eruit.
2754 1877 2958 1932 Verum
2988 1877 3287 1931 concilium
3304 1878 3451 1932 istud
3472 1878 3639 1950 longe
3667 1896 3869 1935 recru-

490 1972 603 2028 tius
629 1987 749 2027 esse
776 1974 1012 2024 constat.
1040 1968 1261 2039 Majoris
1290 1972 1373 2022 est
1402 1966 1775 2028 auctoritatis.
1806 1974 1861 2022 et
1887 1967 2119 2039 quidem
2146 1973 2335 2035 cerne,
2366 1966 2767 2021 Kalendarium
2796 1968 3241 2022 vetustissimum
3270 1968 3340 2022 ab
3368 1967 3533 2022 annis
3564 1971 3685 2023 fere.
3714 1969 3871 2025 mine

483 2060 783 2132 scriptum,
811 2058 961 2131 quod
982 2057 1258 2112 habemus
1287 2073 1355 2111 ex
1382 2056 1719 2112 bibliotheca
1746 2056 2088 2121 Corbcieusi,
2120 2056 2177 2110 in
2199 2073 2311 2128 quo
2338 2062 2572 2112 notatur
2600 2073 2664 2110 xv
2691 2057 2809 2112 Kal.
2846 2056 3133 2111 Februarii
3155 2057 3432 2128 Dispositio
3448 2065 3656 2113 sancte
3677 2059 3869 2114 Maria

488 2148 745 2223 virginis.
772 2148 979 2203 Deinde
1000 2152 1127 2220 post
1151 2147 1359 2219 aliqua,
1392 2164 1484 2200 vni
1514 2146 1634 2201 Kal.
1662 2147 1867 2214 Martii,
1900 2146 2181 2201 Cathedra
2204 2147 2380 2201 sancti
2409 2145 2557 2201 Petri
2584 2147 2847 2217 apostoli,
2881 2164 2969 2200 \‘lll
2999 2148 3119 2202 Kal.
3150 2147 3377 2219 Aprilis,
3428 2148 3611 2201 Passio
3643 2148 3868 2204 Domini

488 2239 665 2296 nostri
691 2240 821 2292 Jesu
851 2238 1086 2303 Christi;
1119 2236 1381 2293 Kalendis
1419 2236 1567 2304 Maii,
1597 2236 1801 2290 Natalis
1832 2235 2080 2308 Philippi
2115 2236 2381 2308 apostoli;
2414 2254 2443 2291 Χ
2467 2237 2589 2291 Kal.
2616 2236 2766 2304 Julii,
2799 2236 3004 2291 Natalis
3031 2238 3206 2291 sancti
3233 2236 3420 2291 Jacobi
3446 2238 3707 2309 apostoli,
3740 2254 3866 2310 qua:

487 2328 598 2386 duo
644 2328 875 2383 fortasse
928 2332 1118 2382 notata
1159 2331 1322 2380 erant
1371 2325 1441 2379 ad
1485 2326 1841 2391 memoriam,
1875 2342 1989 2379 non
2029 2326 2100 2380 ad
2142 2325 2460 2381 festivatem
2497 2325 2883 2393 indicendum;
2933 2342 3026 2380 vui
3069 2327 3191 2381 Kal.
3232 2326 3395 2395 Julii,
3436 2327 3643 2381 Natalis
3687 2328 3869 2383 sancti

484 2419 712 2474 Joannis
753 2417 1048 2489 Baptistae;
1076 2421 1133 2470 et
1163 2432 1219 2469 ιιι
1251 2414 1396 2483 Kal.,
1420 2415 1604 2468 Passio
1625 2421 1949 2470 sanctorum
1973 2416 2358 2486 apostolorum
2388 2416 2536 2470 Petri
2566 2422 2622 2470 et
2644 2416 2821 2471 Pauli.
2846 2416 2959 2470 Hoc
2990 2416 3389 2470 Kalendarium
3419 2416 3687 2470 mutilum
3716 2418 3865 2471 desi-

483 2507 571 2567 nit
594 2507 654 2562 in
683 2506 772 2562 die
799 2509 831 2561 2
853 2506 1111 2579 Augusti.
1143 2504 1394 2576 Denique
1419 2504 1704 2574 praedictis
1745 2505 1921 2570 festis,
1952 2521 2084 2576 quae
2114 2523 2183 2561 ex
2210 2506 2459 2560 conciliis
2485 2505 2744 2577 superius
2770 2505 3088 2572 retulimus,
3120 2514 3344 2560 sanctus
3392 2506 3714 2560 Bonifacius
3761 2508 3868 2561 Mo-

485 2597 760 2670 guntiuus
788 2596 1019 2651 antistes
1048 2595 1203 2650 addit
1223 2593 1679 2664 Assumptionem
1699 2600 1905 2650 sanctae
1934 2594 2139 2664 Mariae,
2163 2612 2292 2651 xvm
2317 2596 2434 2650 Kal.
2462 2595 2836 2666 Septembris;
2868 2595 3223 2651 Nativitatem
3259 2595 3308 2668 1
3493 2595 3783 2667 ejusdem,
3815 2611 3865 2649 v1

486 2686 613 2741 ldus
631 2685 885 2758 ejusdem
906 2685 1147 2753 mensis;
1179 2689 1234 2738 et
1262 2684 1583 2755 passionem
1610 2684 1786 2739 sancti
1813 2684 2073 2753 Andreae,
2104 2685 2286 2755 pridie
2322 2686 2438 2741 Kal.
2468 2685 2811 2753 Decembris,
2843 2684 2998 2739 nulla
3024 2685 3200 2739 sancti
3244 2684 3452 2753 Jacobi,
3500 2701 3605 2738 nec
3652 2685 3862 2739 Cathe-

484 2776 603 2833 ἀνω
626 2776 802 2831 sancti
828 2775 978 2830 Petri
1004 2772 1291 2829 mentione
1311 2774 1476 2839 facta,
1500 2789 1571 2829 ex
1599 2773 1888 2846 Spicilegii
1933 2781 2085 2829 tomo
2130 2776 2212 2829 IX.
2241 2779 2473 2831 tlertum
2502 2781 2586 2830 est
2610 2781 2798 2831 tamen
2838 2791 2906 2829 ex
2934 2775 3204 2846 Gregorio
3232 2774 3495 2846 episcopo
3522 2773 3860 2842 Turonensi,

482 2865 898 2938 Assumptionis
922 2856 1181 2936 Deipa’ra‘.
1197 2862 1407 2918 festum
1426 2862 1715 2934 antiquius
1744 2880 1884 2931 esse,
1916 2869 1981 2918 ut
2005 2880 2106 2918 suo
2136 2863 2259 2919 loco
2290 2864 2527 2920 inferius
2557 2865 2938 2920 ostendemus.
2978 2863 3292 2921 Concilium
3330 2863 3693 2919 Narbonense
3727 2863 3862 2918 anni

476 2958 587 3013 589
606 2956 805 3022 sancit,
827 2958 888 3009 ut
913 2955 1104 3024 quinta
1127 2954 1293 3020 feria,
1336 2954 1448 3007 nisi
1472 2953 1664 3024 aliqua
1692 2954 1966 3020 festivitas
1991 2956 2049 3008 in
2092 2970 2210 3010 eam
2235 2954 2464 3017 incidat,
2491 2956 2693 3022 feriari'
2717 2960 2768 3011 et
2794 2970 2996 3012 cessare
3019 2970 3125 3010 non
3156 2955 3335 3017 liceat,
3367 2952 3438 3008 ob
3467 2954 3860 3025 quorumdam

477 3046 934 3111 Christianorum
956 3041 1380 3114 superstitiones
1405 3041 1505 3114 qui
1532 3059 1599 3097 ea
1627 3042 1716 3097 die
1742 3042 1811 3098 ab
1838 3059 2010 3115 opere
2037 3044 2353 3100 cessabant.
2656 3042 2671 3053 ‘

557 3172 642 3225 l0.
675 3170 803 3223 Hzec
829 3171 961 3221 sunt
994 3182 1125 3237 quae
1164 3166 1234 3220 de
1274 3166 1622 3221 Lectionario
1668 3166 1953 3222 Gallicano
1996 3167 2227 3239 praefari
2267 3167 2553 3239 duximus,
2580 3167 2823 3224 fusiores
2860 3166 3277 3224 observationes
3317 3164 3433 3222 suis
3483 3166 3621 3223 locis
3669 3185 3857 3225 reserc

477 3263 695 3314 rantes.
723 3256 960 3311 Animus
984 3260 1105 3310 erat
1122 3254 1332 3326 primo,
1362 3255 1779 3311 Lectionarium
1798 3256 2091 3329 integrum
2118 3257 2329 3312 referre
2357 3257 2428 3312 ob
2449 3257 2745 3329 antiquam
2783 3258 3091 3330 Scriptura;
3135 3257 3480 3326 versionem;
3524 3258 3625 3313 sed
3663 3264 3860 3329 postea

478 3347 739 3404 sufﬁcere
760 3346 945 3401 visum
971 3349 1053 3400 est
1081 3345 1529 3418 uniuscujusque
1579 3346 1836 3401 lectionis
1859 3347 2089 3402 initium
2112 3364 2176 3402 ac
2204 3348 2378 3403 tinem
2402 3347 2671 3418 indicare,
2714 3347 2965 3419 exceptis
3015 3347 3331 3417 nonnullis,
3377 3363 3507 3419 quae
3550 3347 3858 3419 aliquando

478 3437 703 3509 integra
740 3436 812 3491 ob
849 3434 1159 3507 singulares
1195 3453 1388 3492 causas
1427 3437 1793 3493 adducemus.
1835 3437 2028 3493 Versio
2061 3437 2185 3494 haec
2227 3438 2289 3493 in
2314 3439 2600 3511 plerisque
2625 3455 2757 3496 cum
2780 3438 3020 3510 Vulgata
3043 3443 3235 3494 nostra
3260 3436 3543 3505 convenit,
3573 3436 3775 3495 differt
3801 3438 3857 3493 in

480 3524 792 3595 nonnullis,
821 3526 891 3582 de
918 3525 1124 3598 quibus
1156 3526 1313 3582 alias.
3090 3524 3097 3527 ’

1784 3830 2557 3926 ANTIQUISSIMUM

774 4004 2183 4130 ιειατιοΝΑιιιυΜ
2307 4006 3541 4131 αΑιιιαΑΝυΜ

1326 4221 1511 4302 CUM
1589 4223 1864 4305 NOTIS
1938 4227 2058 4305 ET
2129 4224 3005 4308 OBSERVATIONIBUS.

863 4509 939 4584 [ιω
976 4526 1192 4567 manus
1228 4527 1450 4567 ΝΑτΑιλε
1487 4512 1720 4587 ηοωκι,]
2135 4506 2193 4578 Α
2212 4509 2378 4564 usque
2403 4495 2613 4550 Domus
2637 4490 2907 4549 orationis
2939 4481 3474 4587 vocabiturcunctis
3496 4481 3754 4554 populis,
3779 4479 3850 4537 ait

915 4617 960 4663 8.
990 4614 1164 4665 Lectio
1197 4613 1359 4665 Esaiae
1384 4615 1670 4697 prpphetas.

787 4707 1054 4775 Laudate,
1099 4706 1244 4776 caeli,
1287 4707 1557 4780 quoniam
1621 4707 2107 4784 [misericordiam]

472 4805 613 4860 fecit
650 4802 919 4856 Dominus
948 4819 961 4857 :
985 4801 1223 4873 jubilate
1269 4808 1523 4858 extrema
1562 4806 1752 4873 terrae,
1786 4807 1920 4872 etc.,
1950 4820 2116 4876 usque

481 4899 548 4953 Et
575 4895 724 4951 salus
752 4911 880 4950 mea
900 4912 1012 4950 non
1032 4895 1368 4967 morabitur,
1396 4896 1474 4952 ait
1499 4895 1771 4951 Dominus
1803 4896 1967 4953 Deus.
1984 4898 2110 4968 (Isa.

472 5008 627 5074 βων,
658 4993 750 5060 23,
778 5006 943 5061 usque
966 4990 1041 5045 ad
1062 4993 1218 5061 ﬁnem
1246 5008 1369 5063 cap.
1401 4990 1568 5061 xm.)

479 5116 526 5160 9.
554 5108 735 5158 Sermo
756 5106 1317 5178 sa_nc_tiAac_beatissimi
1340 5104 1628 5178 Augustini
1649 5105 1884 5178 episcOpi
1909 5105 1974 5156 de
2017 5107 2114 5156 Na-

785 5171 980 5220 tivitate
1007 5170 1213 5220 Domini
1236 5168 1404 5219 nostri
1425 5168 1546 5218 Jesu
1573 5167 1781 5218 Christi.

549 5270 745 5339 Hodie,
776 5268 978 5324 fratres
999 5262 1293 5331 carissimi,
1324 5260 1448 5318 caeli
1477 5262 1721 5334 desuper
1740 5260 2108 5320 roraveru'nt:

478 5368 649 5427 hodie
683 5368 877 5436 aperta
915 5366 1002 5417 est
1031 5364 1204 5424 terra,
1243 5360 1299 5411 et
1332 5357 1531 5427 genuit
1560 5357 1930 5413 Salvatorem.
1959 5356 2112 5413 Felix

474 5463 573 5519 illa
600 5465 770 5526 terra,
786 5472 915 5529 qua
933 5453 1054 5509 sine
1069 5449 1286 5506 semine
1306 5450 1587 5506 caelestem
1605 5452 1811 5510 seculo
1828 5456 1884 5505 et
1899 5450 2112 5507 mundo

461 5555 680 5632 .genuit
701 5552 1065 5614 Salvatorem,
1094 5546 1225 5609 etc.,
1253 5559 1419 5615 usque
1444 5545 1783 5617 Hedimique
1807 5561 1922 5611 non
1948 5550 2110 5617 pote-

454 5652 553 5708 'rit
575 5646 849 5713 mundus,
878 5639 987 5696 nisi
1010 5637 1186 5693 fuerit
1208 5637 1462 5694 Christus
1491 5639 1725 5697 occisus.

959 5740 1136 5792 Lectio
1158 5739 1321 5793 Esaite
1341 5742 1628 5806 prophetas.

547 5838 679 5894 Hac
703 5830 839 5888 dicit
864 5826 1133 5883 Dominus
1160 5844 1178 5882 :
1206 5827 1394 5883 Lauda
1423 5827 1626 5884 sterilis
1651 5842 1781 5902 qua;
1798 5843 1917 5884 non
1931 5827 2108 5901 paris;

462 5931 714 5991 .decanta
746 5922 975 5982 laudem
1016 5925 1075 5978 et
1115 5919 1278 5978 hinni
1324 5936 1455 5994 qua
1494 5937 1610 5979 non
1653 5920 1933 5995 pariebas,
1975 5925 2106 5993 etc.,

2213 4587 2505 4644 Dominus.
2537 4588 2663 4659 (Isa.
2693 4602 2799 4656 LIV,
2834 4589 2882 4654 ί,
2910 4598 3076 4654 usque
3104 4598 3210 4651 LVI,
3237 4579 3315 4651 7.)

2610 4707 2687 4752 tt.
2716 4700 2889 4751 Lectio
2916 4697 3138 4750 Malachi
3166 4694 3453 4762 prOphette.

2285 4797 2413 4852 Haec
2457 4796 2591 4852 dicit
2630 4795 2942 4850 Dominus:
2977 4795 3115 4849 Ecce
3158 4808 3265 4863 ego
3310 4790 3534 4845 mittam
3575 4789 3847 4861 angelum

2214 4907 2430 4958 meum,
2460 4891 2556 4962 qui
2581 4887 2925 4962 praeparabit
2939 4888 3089 4942 viam
3113 4891 3241 4940 ante
3260 4884 3464 4939 faciem
3482 4897 3694 4946 meam,
3719 4888 3846 4946 etc.,

2213 4977 2377 5055 usque
2405 4983 2721 5039 Percutiam
2762 4987 2975 5038 terram
3015 4981 3399 5046 anathemate,
3446 4975 3527 5030 ait
3572 4974 3847 5029 Dominus

2213 5078 2376 5133 Deus.
2407 5078 2663 5148 (Malach.
2695 5093 2754 5148 11,
2784 5082 2838 5148 7,
2866 5093 3033 5147 usque
3057 5092 3131 5143 ιν,
3164 5075 3240 5147 6.)

2368 5191 2544 5241 Lectio
2568 5190 2733 5241 sancti
2754 5189 3025 5253 Evangelii
3049 5186 3336 5238 secundum
3359 5182 3676 5235 Johannem.

2285 5291 2346 5344 In
2384 5288 2665 5361 principio
2708 5290 2830 5344 erat
2858 5288 3129 5353 Verbum,
3158 5290 3213 5340 et
3249 5283 3497 5339 Verbum
3540 5284 3668 5337 erat
3695 5278 3839 5353 apud

2211 5385 2410 5451 Deum,
2447 5388 2504 5438 et
2544 5383 2687 5439 Deus
2723 5383 2845 5438 erat
2875 5381 3121 5436 Verbum
3146 5422 3161 5447 ,
3212 5381 3353 5447 etc.,
3392 5391 3563 5447 usque
3605 5375 3841 5432 Plenum

2212 5477 2410 5552 gratim
2434 5481 2494 5532 et
2516 5476 2786 5534 veritatis.
2814 5478 2988 5547 (Joan.
3019 5492 3056 5544 ι,
3094 5473 3271 5543 1-15.)

2599 5615 2779 5662 ΝΟΤιΕ
2808 5615 2886 5660 ΕΤ
2914 5610 3443 5660 OBSERVATIONES.

2282 5727 2469 5805 107
2499 5730 2598 5787 H83
2626 5728 2926 5785 duodecim
2945 5726 3216 5783 lectiones
3240 5719 3475 5781 indubie
3500 5719 3839 5793 legebantur

2210 5825 2283 5883 ad
2308 5823 2529 5896 vigilias
2556 5822 2867 5881 Nativitatis
2901 5819 3144 5892 Domini,
3178 5834 3322 5893 quas
3346 5817 3519 5874 modo
3544 5814 3838 5872 Matutinus

2208 5918 2583 5992 appellatum.
2602 5916 2857 5975 Totidem
2871 5915 3140 5974 lectiones
3159 5912 3477 5989 praescribit
3504 5909 3837 5968 Aurelianus
