3968 6224
41 392 129 446 m

1157 388 1247 445 DE
1287 387 1602 446 LITUBGIA
1639 338 2015 446 GALLlcaNA
2053 386 2252 445 LIBER
2293 386 2359 444 II.
2450 384 2459 389 ’

3325 381 3436 446 'l7b

28 490 1423 571 Arelatensisepiscapusinregulasua.«lnNatale
1441 498 1684 563 Domini,
1710 497 1983 585 Ascribit
2025 496 2088 551 in
2136 496 2392 552 Sabbatis
2438 496 2692 561 Quatuor
2736 494 3100 565 Temporum.
3147 497 3326 552 Aliter
3366 497 3427 553 in

35 590 891 673 inquit,etinEpiphaniatertia
912 593 1300 664 harasurgite.
1321 592 1495 647 Dicite
1510 607 1689 647 unum
1799 590 2149 646 Lectionario
2191 596 2384 646 nostra
2432 591 2677 647 habetur
2714 591 2773 646 in
2810 589 3048 647 Sabbata
3086 595 3297 645 sancto.
3348 592 3431 647 Ex

36 687 406 752 Nocturnum,
441 692 508 740 et
540 686 711 741 facite
738 703 835 742 sex
864 688 1065 741 missas
1094 686 1170 755 (id
1198 691 1282 740 est
1300 686 1587 757 lectiones)
1623 686 1692 741 de

42 780 166 833 lsaia
185 780 506 850 propheta.
547 780 758 835 lterum
784 779 950 835 dicite
977 781 1291 835 secundum
1330 784 1697 848 nocturnum,

45 879 94 928 et
114 873 380 944 legantur
402 873 543 926 aliae
570 890 667 928 sex
695 874 764 929 de
794 875 1121 946 Evangelia.
1152 896 1181 924 »
1216 874 1313 928 Hic
1335 874 1448 929 duo
1473 878 1699 929 tantum

44 967 313 1022 nocturni.
348 967 411 1020 ln
443 966 564 1021 hoc
590 967 939 1023 Lectianario
967 968 1132 1023 lectio
1160 985 1311 1023 nona
1351 973 1436 1022 est
1471 984 1541 1022 ex
1580 985 1699 1022 ser-

48 1076 203 1117 mone
252 1060 441 1117 sancti
503 1062 833 1132 Augustini,
891 1062 1229 1117 duodecima
1276 1078 1346 1116 ex
1399 1061 1700 1133 Evangelia

49 1155 283 1210 Joannis.
311 1154 401 1209 Ad
433 1170 582 1209 eum
607 1155 725 1209 fere
753 1156 991 1210 modum
1021 1161 1245 1211 sanctus
1271 1156 1605 1211 Benedictus
1640 1154 1700 1209 in

54 1247 274 1319 Vigiliis,
305 1252 537 1318 praeter
572 1248 844 1303 lectiones
872 1265 943 1303 ex
983 1248 1289 1319 Scripturis
1328 1254 1447 1303 tam
1489 1247 1701 1302 Veteris

56 1359 215 1413 quam
252 1341 397 1396 Novi
436 1341 815 1410 Testamenti,
858 1343 1109 1414 assignat
1153 1364 1181 1393 ‹‹
1208 1342 1588 1413 expositiones
1613 1358 1702 1397 ea-

57 1451 173 1489 rum
197 1451 328 1505 quas
359 1452 396 1489 a
425 1435 906 1490 nominatissimis
932 1436 1257 1491 doctoribus
1284 1435 1610 1491 arthodaxis
1645 1439 1703 1491 et

59 1529 330 1584 catholicis
352 1530 633 1584 Patribus
662 1530 825 1585 factm
857 1535 1010 1599 sunt,
1038 1552 1067 1579 ››
1098 1531 1159 1584 in
1184 1530 1397 1601 regulae.
1425 1542 1548 1601 cap.
1573 1532 1625 1597 9,
1645 1533 1703 1583 et

60 1623 111 1676 in
136 1639 252 1693 cap.
280 1627 337 1677 tl
373 1624 450 1678 ad
482 1624 727 1678 tertium
756 1629 1103 1679 nocturnum
1131 1646 1157 1674 «
1177 1629 1422 1695 quatuor
1437 1622 1701 1678 lectiones

62 1717 122 1771 de
143 1717 289 1772 Novo
318 1718 722 1773 Testamento.
756 1740 783 1766 »
812 1719 986 1772 Porro
1012 1734 1211 1772 omnes
1241 1717 1573 1772 Lectionarii
1604 1733 1702 1770 no-

64 1809 153 1863 stri
172 1811 470 1877 lectiones,
503 1816 574 1864 ut
592 1810 713 1882 jam
741 1811 1007 1880 diximus,
1036 1827 1167 1866 cum
1190 1811 1428 1881 Vulgata
1448 1810 1700 1865 versione

1800 685 1891 740 his
1915 684 2307 755 intelligimus,
2331 686 2629 740 lectionem
2656 702 2724 741 ex
2751 686 3012 757 Apostolo
3031 701 3147 740 non
3168 685 3435 741 continuo

1800 783 1927 849 post
1954 779 2317 849 Praphetiam
2344 780 2546 834 lectam
2573 780 2741 834 fuisse
2776 780 2835 834 in
2886 779 3095 833 Ordine
3135 779 3433 847 Gallicana,

1800 872 1952 944 quod
1972 872 2145 927 ﬁebat
2168 872 2373 928 saeculo
2402 890 2458 929 xx
2482 872 2543 928 in
2558 872 2854 931 Nativitate
2880 873 3105 929 Domini
3129 890 3200 929 ex
3233 873 3430 930 Μίθρο-

1802 965 1917 1037 logi
1942 983 2066 1038 cap.
2098 970 2187 1021 52.

1871 1060 2152 1115 Praeterea
2176 1060 2236 1114 in
2262 1060 2369 1115 hoc
2411 1061 2620 1116 Ordine
2655 1062 2935 1117 Gallicana
2968 1061 3135 1116 unica
3168 1060 3338 1118 missa
3374 1061 3435 1117 in

1801 1154 2095 1209 Nativitate
2124 1154 2351 1209 Domini
2375 1154 2719 1226 assignatur,
2753 1155 3063 1227 itidemque
3102 1156 3161 1210 in
3201 1156 3439 1211 Mazara-

1800 1246 1924 1302 bico
1946 1252 2001 1302 et
2024 1247 2084 1302 in
2114 1248 2504 1317 Ambrasiana,
2532 1249 2683 1320 apud
2709 1249 3048 1317 Pamelium;
3079 1265 3237 1304 secus
3251 1249 3312 1303 in
3330 1250 3437 1304 Ge-

1800 1341 2035 1410 lasiana,
2066 1342 2432 1413 Gregoriano,
2466 1342 2597 1397 etin
2617 1359 2764 1397 novo
2794 1342 3181 1409 Ambrosiano,
3218 1343 3277 1397 in
3317 1342 3439 1417 qui-

1800 1433 1904 1490 bus
1930 1436 2043 1489 tres
2067 1436 2255 1490 missae
2279 1437 2352 1490 ad
2378 1434 2566 1507 ipsum
2594 1436 2743 1491 diem
2787 1436 3087 1490 habentur.
3130 1435 3435 1508 Gregorius

1801 1530 2099 1601 episcopus
2125 1531 2470 1584 Turonensis
2490 1530 2661 1585 unius
2689 1530 2875 1586 missae
2902 1529 3162 1585 meminit
3183 1530 3240 1583 in
3262 1545 3383 1600 cap.
3406 1530 3439 1585 8

1801 1623 1869 1678 de
1912 1621 2344 1693 Vitis'Patrum,
2407 1624 2510 1679 sub
2550 1626 2725 1679 tinem
2769 1624 2899 1679 vita;
2954 1622 3150 1678 Nicelii
3197 1621 3444 1694 episcopi

1800 1717 2213 1788 Lugdunensis,
2246 1718 2344 1772 ubi
2369 1722 2669 1790 postquam
2698 1718 2816 1791 egit
2854 1719 2923 1773 de
2956 1716 3198 1790 peractis
3236 1714 3440 1788 vigiliis

1801 1809 2069 1865 dominici
2090 1812 2293 1866 Natalis
2326 1830 2340 1867 :
2378 1833 2405 1860 ‹‹
2436 1813 2601 1867 Facta
2618 1829 2844 1884 quoque
2860 1812 3002 1866 hora
3024 1810 3211 1880 tertia,
3233 1808 3440 1881 inquit,

66 1904 117 1958 in
138 1904 327 1959 multis
351 1905 735 1972 conveniunt,
765 1905 1085 1977 discrepant
1108 1905 1178 1960 ab
1208 1921 1276 1959 ea
1300 1904 1360 1959 in
1386 1904 1600 1975 paucis.
1640 1905 1700 1958 ln
1720 1892 1779 1965 Β
1803 1921 1933 1959 cum
1949 1905 2192 1976 populus
2211 1905 2280 1959 ad
2303 1905 2601 1960 missarum
2620 1906 2892 1960 solemnia
2914 1904 3260 1973 conveniret,
3280 1909 3388 1958 etc.
3412 1924 3441 1954 γι

68 1998 386 2053 llozarabico
416 1999 517 2053 lon
528 2015 600 2070 ge
625 1998 841 2053 diversa
866 1999 1069 2054 versio.
1097 1999 1295 2055 Sermo
1319 1998 1420 2070 qui
1459 1998 1550 2051 hic
1583 2000 1702 2052 Au-

75 2092 279 2163 gustino
307 2092 618 2159 tribuitur,
648 2093 771 2163 ejus
796 2110 913 2148 esse
943 2108 1060 2147 non
1088 2092 1332 2161 videtur,
1370 2108 1475 2146 nec
1516 2091 1705 2147 locum

75 2185 223 2240 habet
246 2186 303 2240 in
343 2202 497 2240 nava
537 2186 811 2256 editione,
854 2185 941 2243 uti
978 2202 1085 2241 nec
1124 2202 1366 2257 sequens
1406 2186 1475 2241 de
1516 2189 1706 2241 sancta

78 2279 357 2352 Stephano.
662 2284 667 2287 ’

80 2373 193 2428 Vlll.
229 2390 482 2429 LEGEXDA
522 2389 587 2427 in
622 2389 713 2428 an;
735 2389 1092 2429 εΑΝστιεειιε
1129 2389 1462 2429 ΝΑτινιτΑι-ιε
1488 2389 1703 2444 boum,

722 2461 794 2501 AD
832 2461 1048 2501 HISSAII.

538 2534 719 2584 Lectio
744 2534 906 2583 Esaia:
933 2533 1221 2598 prophetae.

139 2615 402 2686 Tempore
440 2616 544 2670 illo
591 2617 811 2669 locutus
856 2621 940 2670 est
981 2616 1249 2671 Dominus
1286 2616 1358 2670 ad
1397 2615 1579 2670 Achaz
1621 2613 1707 2669 di-

88 2726 215 2777 cens,
245 2716 372 2778 etc.,
407 2725 586 2780 usque
614 2710 679 2763 Et
701 2709 921 2779 elegere
946 2709 1182 2763 bonum.
1213 2710 1434 2771 Deinde,
1464 2710 1529 2763 Et
1567 2708 1712 2763 dixit

90 2802 330 2858 Dominus
357 2804 430 2857 ad
462 2819 582 2872 me,
610 2804 755 2858 Voca
789 2819 1000 2857 nomen
1044 2802 1186 2873 ejus,
1224 2803 1494 2859 Adcelera
1535 2804 1713 2876 spolia

92 2895 375 2965 detrahere,
399 2902 510 2953 etc.
524 2939 538 2963 ,
558 2912 724 2966 usque
734 2897 935 2951 Coram
948 2913 1079 2968 rege
1096 2896 1477 2968 Assyriorum.
1499 2901 1708 2962 Postea,

91 2989 503 3062 Congregamini
528 2990 749 3062 populi,
780 2993 839 3044 et
872 2989 1181 3059 vincimini,
1220 2996 1350 3061 etc.,
1392 3008 1557 3063 usque
1599 2993 1708 3046 No—

95 3082 283 3138 biscum
325 3084 497 3139 Deus.
558 3086 713 3146 Tum,
771 3084 1043 3138 Parvulus
1079 3084 1231 3138 enim
1276 3089 1443 3139 natus
1485 3090 1569 3140 est
1606 3103 1709 3141 na-

95 3174 181 3244 bis,
206 3181 328 3247 etc.,
356 3194 531 3249 usque
556 3177 718 3233 Zelus
747 3177 973 3231 Domini
1003 3178 1355 3233 exercituum
1381 3178 1546 3235 faciet
1582 3180 1709 3235 hoc.

102 3270 205 3325 Ἴδα.
231 3288 320 3337 vn,
352 3275 438 3341 l0,
470 3288 643 3342 usque
671 3287 744 3341 Ix,
774 3273 826 3340 8,
855 3271 1178 3342 quibusdam
1203 3274 1618 3345 praetermissis.)

155 3367 368 3421 Danihel
391 3383 515 3421 cum
541 3366 922 3421 benedictione.

369 3458 611 3523 Epistala
636 3457 779 3507 Pauli
803 3458 1027 3523 apostoli
1051 3458 1115 3508 ad
1143 3459 1407 3510 Hebraeos.

157 3538 432 3596 Multifarie
458 3540 777 3611 multisque
805 3540 1007 3609 modis,
1035 3547 1141 3597 etc.
1175 3557 1340 3612 usque
1366 3542 1431 3597 Et
1457 3540 1590 3596 anni
1631 3542 1714 3598 tui

105 3647 198 3688 non
219 3634 450 3690 deﬁcent
479 3635 666 3703 (Hebr.
698 3650 737 3701 ι,
774 3636 949 3704 l-l3.)

293 3728 467 3778 Lectio
495 3727 664 3776 sancti
694 3726 960 3790 Evangelii
989 3727 1277 3776 secundum
1304 3730 1511 3777 Lucam.

363 3809 599 3863 Factum
630 3812 713 3863 est
741 3813 933 3862 autem
965 3808 1022 3862 in
1048 3808 1247 3863 diebus
1272 3808 1403 3877 illis,
1432 3806 1570 3865 exiit
1594 3810 1713 3865 edi-

114 3904 238 3955 ctum
260 3919 292 3956 a
316 3904 533 3957 Caesare
559 3906 837 3973 Augusto,
876 3902 1395 3974 ubdescriberutur
1424 3904 1718 3959 universus

116 3994 254 4065 orbis,
287 4002 411 4067 etc.,
440 4013 613 4068 usque
646 3996 802 4052 Sicut
826 3996 1043 4051 dictum
1069 4001 1153 4051 est
1180 3996 1251 4052 ad
1280 3995 1423 4054 illos.
1468 4001 1611 4067 (Luc.
1653 4014 1714 4067 ιι,

122 4090 245 4143 1-19.

250 4090 264 4160 )
450 4178 636 4225 ΝΟΤΕ
677 4178 756 4223 ET
798 4179 1310 4225 OBSERVATIONES
1321 4210 1333 4223 .

174 4244 261 4303 ilic
294 4256 414 4321 post
454 4251 825 4323 Prophetiam
859 4256 1092 4306 notatur
1135 4253 1369 4307 Danihel
1407 4266 1527 4307 cum
1575 4253 1721 4308 bene-

123 4338 333 4398 dictione.
361 4346 473 4401 Huc
502 4350 720 4417 spectat
748 4362 933 4400 canon
964 4348 1027 4400 l3
1061 4345 1286 4400 concilii
1340 4362 1394 4399 iv
1442 4345 1717 4415 Toletani,

125 4430 423 4492 instituentis
451 4458 464 4493 :
500 4442 570 4495 Ut
592 4455 692 4509 per
709 4454 889 4495 omnes
907 4441 1189 4509 Hispania:
1209 4440 1475 4495 Ecclesius
1494 4440 1579 4495 vel
1596 4439 1724 4495 Gal-

131 4520 211 4589 lia,
239 4526 350 4579 aliis
379 4528 526 4582 male
555 4529 819 4597 Gallicia',
853 4529 909 4582 in
941 4531 1180 4583 omnium
1215 4531 1505 4584 missarum
1538 4529 1725 4585 solem-

1734 3264 1790 3340 C

1802 1999 2007 2054 Confer
2030 2000 2207 2053 alium
2233 2000 2490 2070 ejusdem
2533 2000 2779 2054 auctoris
2816 2000 3006 2053 locum
3048 2015 3118 2053 ex
3156 1997 3255 2052 lib.
3298 2012 3337 2052 II
3373 1997 3444 2053 de

1805 2093 2082 2148 Miraculis
2108 2092 2283 2147 sancti
2312 2093 2534 2147 Martini
2561 2110 2685 2164 cap.
2725 2095 2814 2147 25.
2846 2094 2906 2146 In
2938 2092 3127 2146 libello
3154 2090 3443 2146 Eldefonsi

1802 2186 2087 2258 ﬂispanici
2115 2186 2382 2257 episcopi,
2409 2187 2511 2257 qui
2536 2202 2685 2241 anno
2710 2189 2811 2242 855
2843 2185 3086 2256 scripsit,
3121 2189 3235 2239 tres
3256 2183 3442 2239 missa

1806 2280 2130 2335 indicantur
2172 2280 2231 2334 in
2274 2280 2455 2335 Natali
2497 2280 2741 2349 Domini,
2772 2279 3063 2349 Paschate,
3092 2280 3435 2349 Pentecoste,

1808 2379 1865 2429 et
1887 2374 2426 2445 Transﬁguratione.

1877 2469 2037 2532 Quod
2062 2468 2262 2523 attinet
2278 2468 2348 2522 ad
2393 2472 2507 2523 tres
2542 2467 2761 2537 missas,
2808 2468 2871 2522 in
2910 2466 3117 2522 Ordine
3158 2465 3447 2522 Gelasiano

1810 2566 1867 2616 et
1890 2562 2235 2633 Gregoriana
2261 2562 2332 2617 ad
2358 2561 2549 2617 Natale
2577 2560 2797 2615 Domini
2817 2560 3197 2632 praescriptas,
3224 2560 3316 2615 hae
3341 2574 3445 2631 pro

1809 2671 2050 2711 numera
2063 2656 2393 2725 stationum,
2412 2673 2541 2727 quae
2554 2657 2747 2711 Romae
2764 2654 2834 2709 ab
2848 2654 2897 2727 1
2914 2652 3041 2727 09
3052 2654 3301 2725 antiquis
3312 2659 3450 2709 tem-

1809 2749 2043 2821 poribus
2071 2750 2195 2821 ipsa
2220 2750 2310 2809 die
2335 2768 2366 2804 a
2393 2766 2620 2805 summa
2649 2749 2912 2822 pontiﬁce
2941 2748 3077 2803 olim
3105 2748 3334 2818 fiebant,
3359 2748 3444 2803 in-

1812 2844 2024 2899 stitutae
2052 2846 2205 2911 sunt,
2236 2860 2349 2898 non
2376 2844 2436 2898 in
2457 2843 2658 2899 eadem
2683 2842 2934 2906 ecclesia,
2965 2842 3063 2898 sed
3094 2842 3153 2896 in
3183 2841 3445 2910 diversis;

1810 2953 1995 3009 neque
2021 2954 2054 2990 a
2079 2936 2319 3008 singulis
2361 2935 2763 3005 sacerdotibus,
2804 2935 2901 2990 sed
2942 2952 2976 2990 a
3008 2933 3267 3007 pluribus
3301 2934 3447 2990 cele-

1812 3031 2066 3100 brandae,
2095 3036 2161 3086 ut
2185 3029 2470 3102 colligitur
2497 3046 2565 3085 ex
2593 3029 2802 3084 Ordine
2829 3029 3106 3098 Romano,
3136 3028 3299 3099 cujus
3327 3028 3450 3083 haec

1812 3123 1981 3179 verba
2011 3130 2185 3179 sunt:
2217 3125 2405 3182 Prima
2431 3125 2519 3179 die
2554 3124 2759 3193 vigiliae
2800 3123 3019 3180 Natalis
3062 3123 3281 3177 Domini
3316 3122 3451 3176 liora

1812 3235 1954 3274 nona
1982 3224 2184 3275 canunt
2210 3220 2429 3274 missam
2459 3218 2534 3273 ad
2556 3221 2800 3273 sanctam
2820 3218 3075 3272 Mariam.
3107 3216 3224 3283 Qua
3239 3215 3455 3285 expleta

1814 3317 2017 3368 canunt
2036 3313 2449 3385 vespertinalem
2472 3314 2726 3381 synarim
2760 3326 2775 3362 :
2813 3311 3008 3366 deinde
3030 3310 3242 3365 vadunt
3269 3309 3344 3364 ad
3371 3310 3449 3364 ci-

1817 3407 1959 3462 bum.
1990 3409 2052 3462 In
2071 3407 2378 3479 crepusculo
2401 3408 2571 3461 noctis
2593 3408 2769 3460 intrat
2788 3405 3111 3476 apostolicus
3123 3404 3198 3459 ad
3209 3404 3456 3473 vigiliam

1813 3507 1872 3559 in
1897 3506 2195 3577 praefatam
2220 3502 2513 3556 ecclesiam.
2547 3502 2745 3555 Tamen
2774 3514 2882 3553 non
2906 3503 3132 3553 cantant
3154 3498 3235 3553 ibi
3254 3499 3455 3553 Invita-

1816 3601 2012 3654 torium
2040 3600 2097 3651 in
2125 3597 2357 3652 Introitu
2386 3614 2403 3649 :
2428 3594 2523 3649 sed
2549 3594 2776 3663 expletis
2801 3594 3020 3662 Vigiliis
3058 3595 3109 3646 et
3145 3594 3451 3654 Malulinis,

1812 3688 1951 3747 sicut
1978 3695 2035 3746 in
2062 3690 2461 3761 Antiphonam'o
2503 3688 2822 3748 consinetur,
2865 3685 3065 3740 ibidem
3105 3690 3306 3739 canunt
3342 3686 3456 3754 pri-

1814 3803 1959 3841 mam
1972 3788 2189 3840 missam
2201 3787 2259 3839 in
2280 3787 2449 3837 nocte.
2471 3783 2588 3849 Qua
2611 3781 2845 3850 expleta.
2871 3780 3082 3833 radunt
3109 3780 3184 3833 ad
3209 3782 3454 3833 sanctam

1816 3882 2164 3938 Anastasiam
2190 3893 2379 3933 canere
2406 3877 2575 3931 aliam
2603 3877 2822 3929 missam
2852 3874 2918 3928 de
2944 3878 3111 3928 nocte.
3144 3873 3279 3927 illnc
3307 3888 3456 3926 cam-

1815 3972 2151 4030 memoratio
2209 3976 2417 4027 sanctae
2480 3968 2785 4025 Anastasis:
2846 3967 2907 4022 in
2960 3967 3207 4022 secunda
3260 3966 3450 4021 missa.

1817 4068 2019 4125 Deinde
2056 4071 2290 4139 pergunt
2335 4065 2409 4119 ad
2448 4067 2693 4119 sanctum
2726 4065 2966 4125 Petrum,
3013 4066 3075 4116 ut
3117 4062 3198 4115 ibi
3234 4061 3457 4131 vigilias

1817 4164 2075 4219 celebrent
2102 4161 2172 4215 ab
2194 4176 2251 4216 eo
2279 4161 2409 4222 loco,
2442 4160 2539 4213 ubi
2555 4159 2858 4213 invenerint
2870 4156 3106 4227 psallere
3130 4157 3229 4225 qui
3252 4155 3452 4226 ibidem

1819 4256 2103 4313 excubant.
2130 4256 2242 4326 Ipsi
2265 4256 2405 4308 enim
2430 4255 2640 4307 intrant
2668 4252 2743 4306 ad
2767 4251 3015 4320 vigiliam
3035 4250 3191 4305 solito
3227 4254 3459 4320 tempore

1818 4353 1878 4407 in
1910 4365 2159 4422 processu
2192 4349 2379 4417 noctis,
2419 4353 2469 4402 et
2516 4350 2718 4401 canunt
2758 4346 3154 4406 Invitatorium,
3193 4348 3244 4398 et
3268 4357 3456 4413 prose-

1821 4450 2063 4517 quuntur
2093 4443 2335 4498 ordinem
2362 4440 2773 4517 Antiphonarii.
2807 4439 2952 4495 Unde
2976 4440 3137 4493 etiam
3158 4436 3331 4506 dupla
3366 4434 3455 4503 of-

1820 4516 1944 4611 ficia
1967 4542 2025 4593 in
2044 4541 2404 4595 Romanorum
2418 4516 2837 4604 Antiphonariis
2865 4534 2964 4588 hac
2980 4536 3128 4587 nocte
3149 4530 3458 4586 describun-

130 4616 264 4711 ’βίαια
287 4620 594 4677 decantauit
620 4624 848 4691 hymnus
874 4626 1041 4677 trium
1065 4638 1375 4693 Puerorum.
1411 4628 1467 4678 et
1492 4623 1723 4695 quidem
1744 4638 1803 4711 D
1827 4616 1935 4691 tur.
1966 4634 2041 4687 De
2067 4632 2174 4687 hoc
2204 4629 2416 4702 duplici
2446 4628 2629 4682 oﬂicia
2666 4629 2793 4699 lege
2828 4626 2904 4682 sis
2941 4624 3212 4682 Amalarii
3246 4623 3348 4680 lib.
3387 4623 3458 4680 de

134 4709 177 4760 in
196 4713 401 4783 pulpito,
435 4722 505 4771 ut
546 4716 748 4788 legunt
791 4716 1129 4772 Walafridus
1174 4716 1405 4773 Strabus
1450 4723 1507 4773 et
1548 4709 1785 4774 Bernaﬁ
1823 4723 2237 4800 Antiphonario
2265 4741 2390 4796 cap.
2425 4725 2509 4777 15.

139 4804 404 4879 Aegiensis,
434 4810 534 4881 qui
578 4810 897 4880 observant,
944 4812 1052 4865 hac
1093 4808 1379 4867 canticum
1418 4812 1571 4884 apud
1612 4814 1721 4867 Ro-

142 4909 299 4954 manos
310 4916 417 4957 non
436 4920 558 4959 esse
572 4904 634 4958 in
650 4904 901 4971 usu,nisi
925 4911 1174 4976 «quater
1194 4906 1253 4959 in
1273 4922 1442 4972 anno,
1466 4928 1493 4956 »
1520 4922 1725 4978 nempe

144 4982 186 5041 in
202 4990 422 5050 Sabbatis
447 5000 703 5062 Quatuor
726 5000 1094 5071 Temporum.
1121 5003 1385 5054 Attamen
1413 5000 1473 5055 in
1499 5000 1727 5072 vulgato

146 5079 302 5141 Hissali
325 5090 663 5149 Mazarabico
691 5092 874 5147 rarius
893 5094 1000 5147 hoc
1019 5093 1301 5149 canticum
1320 5094 1723 5164 praescribitur,

149 5180 188 5227 εὶ
205 5181 359 5247 primo
384 5186 616 5256 quidem
641 5187 699 5241 in
728 5186 1019 5242 Dominica
1045 5186 1230 5257 prima
1269 5187 1727 5260 Quadragesimae

150 5275 596 5348 P‘JSlProphetiam
623 5280 731 5335 hoc
759 5280 925 5335 modo
957 5297 970 5334 :
1020 5279 1163 5334 Dicit
1192 5281 1507 5353 presbyter,
1545 5285 1725 5337 Domi-

152 5370 294 5421 mlssit
313 5386 509 5443 semper
535 5375 823 5429 vobiscum.
855 5371 896 5436 κ)
923 5376 991 5431 Et
1017 5389 1137 5429 cum
1157 5376 1362 5445 Spiritu
1383 5379 1493 5429 tuo.
1520 5375 1728 5430 Deinde

155 5458 329 5531 tractus,
358 5464 555 5522 DANIEI.
581 5484 855 5524 moenera
889 5485 903 5521 :
939 5470 1084 5524 Tunc
1108 5468 1198 5522 illi
1223 5475 1328 5524 tres
1348 5472 1509 5540 quasi
1536 5486 1603 5524 ea:
1624 5484 1730 5524 uno

159 5559 218 5601 Ofe
250 5554 473 5623 hymnum
516 5561 802 5626 canebant,
838 5566 889 5617 et
931 5562 1306 5619 benedicebant
1343 5566 1628 5619 Dominum
1666 5561 1731 5619 de

162 5640 322 5704 fornace
341 5653 582 5712 dicentes.
614 5652 810 5712 Postea
851 5655 1055 5728 incipit
1092 5657 1374 5727 sacerdos,
1417 5657 1731 5715 Benedictus

166 5746 216 5797 α»
234 5740 410 5802 Domine
430 5753 562 5807 Deus
583 5755 809 5823 patrum
832 5755 1160 5815 nostrorum,
1190 5754 1242 5807 et
1264 5738 1635 5817 admirabilis,
1676 5756 1732 5808 et

169 5839 522 5928 What“
547 5847 607 5901 in
647 5848 863 5904 saecula.
900 5847 1094 5911 Amen,
1135 5851 1247 5903 etc.
1278 5846 1390 5902 Hoc
1449 5846 1732 5904 canticum

168 5927 215 5976 ιιι
234 5927 464 6005 aliquibus
489 5939 679 5998 differt
699 5941 768 5999 ab
797 5958 864 6001 eo
904 5941 1058 6017 quod
1082 5941 1373 6000 Romanus
1401 5941 1551 6000 Ordo
1588 5956 1733 6016 pra-

1892 4824 2171 4879 Cazterum
2192 4819 2252 4874 in
2266 4815 2604 4874 Mazarabico
2625 4814 2925 4886 Prophetia
2946 4813 3026 4869 ita
3044 4812 3263 4886 incipit,
3278 4815 3457 4870 Primo

1824 4923 2058 4989 tempore
2085 4916 2344 4970 alleviata
2372 4917 2448 4968 est
2471 4916 2617 4965 terra
2659 4909 2916 4970 Zabulon,
2949 4914 3056 4963 etc.
3086 4908 3337 4979 Epistola
3374 4925 3466 4965 ea-

1827 5013 1957 5069 dem
1984 5015 2067 5066 est
2089 5015 2257 5082 atque
2290 5009 2350 5062 in
2377 5005 2659 5062 Gallicana
2688 5020 2703 5057 :
2732 5001 3107 5073 Evangelium
3148 5003 3463 5059 secundum

1826 5107 2058 5175 Lucam,
2089 5106 2309 5160 Factum
2336 5105 2412 5157 est
2437 5104 2613 5156 autem
2639 5113 2756 5154 cum
2778 5102 2946 5153 essent
2974 5096 3072 5161 ibi,
3106 5097 3317 5169 impleti
3339 5102 3465 5153 sunt

1828 5203 1940 5257 dies
1965 5205 2027 5255 ut
2044 5202 2282 5269 pareret,
2314 5200 2421 5251 etc.

1902 5296 1986 5350 1X.
2011 5308 2258 5349 maenaa
2288 5307 2344 5347 IN
2383 5306 2581 5346 manu
2612 5305 2798 5343 ssxcn
2834 5302 3092 5343 STEPHANI
3116 5301 3186 5341 AD
3215 5300 3389 5341 uara-

2551 5376 2745 5416 TINUM.

2268 5440 2445 5492 Lectio
2465 5438 2726 5490 Hierimiaa
2750 5437 3021 5504 propheta;

1886 5516 2231 5577 Benedictus
2249 5513 2485 5572 Domino
2504 5512 2592 5571 vir
2610 5512 2709 5584 qui
2729 5510 2959 5566 conlidit
2977 5510 3036 5563 in
3057 5507 3314 5577 Domino,
3333 5516 3465 5581 etc.,

1802 5622 1995 5684 'usque
2017 5613 2086 5668 Et
2112 5626 2229 5666 non
2253 5624 2487 5682 paveam
2513 5623 2642 5680 ego,
2673 5605 2753 5662 ait
2779 5603 3049 5659 Dominus
3072 5603 3236 5659 Deus.
3258 5604 3468 5677 (Jerem.

1820 5724 1963 5778 ινα,
1990 5707 2171 5777 7-18.)

1828 5802 2009 5861 Sermo
2038 5798 2204 5853 sancti
2231 5812 2293 5850 ac
2317 5794 2602 5861 beatissimi
2618 5790 2878 5861 Δ,ἔκειξδιίιξὶ
2918 5791 3158 5858 episcopi
3192 5791 3257 5843 de
3299 5790 3469 5844 natale

2418 5856 2586 5909 sancti
2613 5852 2879 5920 Ste'phani.

1901 5934 2265 5995 Beatissimae
2315 5931 2537 6007 primus
2593 5933 2651 5985 et
2698 5925 3021 6002 precipuus
3070 5929 3291 5998 martyr
3344 5923 3470 5983 Ste-
