3968 6224
489 393 588 447 175

482 499 726 571 phanus,
768 499 970 556 fratres
1005 499 1298 569 carissimi,
1337 505 1466 572 post
1499 499 1784 572 apostulos
1821 499 2116 555 ordinatus
2138 516 2195 588 Α

484 598 586 660 est,
617 599 748 649 ante
777 593 1061 666 apostulos
1087 599 1384 649 coronatus
1410 597 1512 659 est,
1545 598 1676 659 etc.,
1704 609 1870 665 usque
1903 593 1986 648 Ad
2024 611 2112 648 sa-

482 692 720 746 nitatem
768 692 1065 763 pristinam
1127 695 1462 746 revocantur
1517 691 1824 747 auxiliante
1877 691 2115 746 Domino

480 791 692 841 nostro.

518 888 580 942 X.
609 903 850 943 LEGENDA
891 905 949 942 ΙΝ
979 902 1186 942 NATAI.E
1225 903 1410 942 SANCTI
1444 903 1719 957 STEPHANI,
1752 905 1822 943 AD
1861 905 2076 944 MISSAM.

878 979 1052 1028 Lectio
1078 979 1302 1027 Actuum
1330 978 1704 1041 apostolorum.

555 1063 604 1136 1
622 1063 670 1136 1
687 1062 746 1136 ο
777 1065 837 1118 In
865 1064 1064 1118 diebus
1087 1068 1278 1119 autem
1305 1064 1418 1119 illis
1444 1068 1727 1119 crescente
1747 1081 1988 1119 numero
2008 1064 2115 1118 dis-

481 1159 818 1229 cipulorum,
849 1163 978 1228 etc.,
1012 1174 1177 1229 usque
1201 1158 1492 1213 Planctum
1522 1175 1799 1230 magnum
1838 1175 2011 1230 super
2042 1158 2112 1212 il-

480 1252 620 1306 lum.
651 1253 791 1321 (Act.
823 1268 895 1320 VI,
930 1255 980 1318 1,
1006 1268 1172 1321 usque
1197 1269 1314 1321 vni,
1343 1253 1420 1323 2.)

637 1357 812 1408 Lectio
841 1357 1007 1407 sancti
1036 1357 1305 1422 Evangelii
1328 1357 1616 1408 secundum
1640 1357 1956 1408 Matthmum.

547 1441 822 1510 Tempore
846 1439 962 1508 illo,
991 1443 1346 1494 accesserunt
1375 1439 1474 1511 qui
1501 1439 1834 1494 didrachma
1871 1439 2111 1510 accipie—

480 1533 618 1588 bant
646 1533 715 1587 ad
747 1534 997 1602 Petrum,
1029 1537 1160 1602 etc.,
1189 1549 1356 1603 usque
1393 1533 1618 1588 Salvare
1657 1533 1811 1604 quod
1848 1533 2111 1604 perierat.

487 1623 704 1691 (Matth.
737 1639 872 1693 xvn,
900 1625 990 1690 23,
1019 1639 1186 1693 usque
1211 1640 1364 1693 xvm,
1399 1624 1507 1694 11.)

856 1729 1036 1773 ΝΟΤΔΕ
1079 1731 1156 1772 ΕΤ
1199 1731 1731 1776 OBSERVATIONES.

554 1813 686 1865 Duae
710 1810 910 1881 primaa
936 1810 1222 1880 lectiones,
1252 1812 1427 1865 altera
1455 1827 1525 1865 ex
1554 1811 1795 1866 Ieremia
1813 1809 2112 1882 propheta,

1271 391 1605 448 APPENDIX
1645 391 1733 445 AD
1769 389 1990 446 OPERA
2030 390 2262 447 SANCTI
2300 389 2599 448 GERMANI
2640 391 3064 448 PARISIENSIS.

3761 393 3859 446 176

2409 500 2583 550 Lectio
2610 500 2775 550 sancti
2798 499 3067 563 Evangelii
3093 499 3381 550 secundum
3407 499 3664 550 Marcum.

2284 596 2488 651 Diebus
2513 595 2623 650 illis
2650 600 3006 650 accesserunt
3034 596 3104 650 ad
3132 596 3433 650 Dominum
3473 596 3666 649 Iesum
3694 595 3856 649 Iaco-

2214 691 2320 745 bus
2355 697 2411 746 et
2438 692 2738 756 Iohannes,
2771 690 2873 743 ﬁlii
2912 689 3184 757 Zebedaei,
3230 690 3478 745 dicentes
3509 706 3522 742 :
3567 689 3859 760 Magister,

2214 785 2475 839 volumus
2493 790 2553 839 ut
2572 785 2969 856 quodcumque
2986 783 3336 854 petierimus,
3356 784 3526 838 facias
3537 783 3723 848 nobis,
3748 786 3859 836 etc.

2215 878 2407 947 (Marc.
2438 880 2513 951 x.)
2542 879 2803 934 Avulsum
2833 882 2911 933 est
2933 893 3098 931 unum
3123 877 3336 944 folium.

2829 984 3242 1030 OBSERVATIO.

2284 1068 2464 1122 Nullae
2493 1067 2599 1122 hoc
2629 1068 2751 1122 Ioco
2771 1066 3039 1120 lectiones
3065 1081 3170 1136 pro
3197 1062 3501 1130 Matutinis,
3527 1078 3719 1135 neque
3745 1063 3866 1117 ulla

2214 1161 2283 1216 ad
2323 1161 2553 1216 missam
2593 1160 2756 1214 lectio
2810 1177 2880 1214 ex
2916 1158 3102 1212 Veteri
3141 1159 3514 1212 Testamento.
3560 1159 3621 1210 In
3655 1157 3866 1210 Missali

2213 1254 2442 1309 Gothico
2469 1253 2794 1308 inscribitur
2821 1269 2834 1306 :
2863 1254 3030 1307 Missa
3059 1253 3115 1304 in
3144 1252 3323 1304 natali
3344 1251 3528 1305 Jacobi
3563 1254 3615 1303 et
3648 1251 3863 1304 Johan-

2213 1351 2316 1404 nis.
2366 1350 2425 1402 In
2463 1346 2799 1401 Mozarabico
2844 1346 3012 1400 lectio
3060 1361 3129 1398 ex
3174 1344 3459 1415 Sapientia
3489 1343 3859 1398 Salomonis:

2212 1443 2493 1512 Sapientia
2507 1441 2716 1510 justum
2731 1440 2960 1494 deduxit
2976 1456 3078 1509 per
3096 1441 3213 1493 vias
3239 1442 3430 1499 rectas,
3449 1441 3578 1505 etc.,
3605 1437 3869 1507 praemit-

2213 1535 2353 1590 titur
2381 1534 2609 1590 lectioni
2658 1550 2728 1589 ex
2754 1534 2996 1604 Epistola
3020 1532 3089 1586 ad
3117 1531 3638 1586 Thessalonicenses
3672 1549 3686 1583 :
3721 1531 3868 1587 Nolo

2213 1644 2304 1684 vos
2349 1632 2600 1699 ignora-re
2650 1629 2716 1682 de
2769 1626 3175 1686 dormientibus,
3215 1630 3321 1679 etc.
3363 1623 3735 1695 Evangelium
3786 1639 3866 1676 ex

2215 1723 2396 1794 capite
2421 1739 2515 1777 xxi
2544 1721 2773 1776 Joannis
2802 1737 2815 1774 :
2857 1723 3041 1777 Simon
3093 1721 3337 1782 Joannis,
3369 1718 3556 1787 diligis
3609 1733 3693 1772 me
3729 1717 3871 1787 plus

2217 1817 2320 1880 his,
2348 1821 2454 1871 etc.
2491 1817 2549 1870 In
2579 1814 2929 1870 Lectionario
2967 1817 3161 1868 nostro
3190 1818 3316 1884 post
3355 1811 3614 1865 avulsum
3650 1810 3867 1865 folium

481 1905 658 1959 altera
675 1921 744 1958 ex
757 1920 1017 1959 sermone
1037 1904 1215 1958 sancti
1231 1904 1531 1975 Augustini
1548 1905 1616 1959 de
1630 1905 1791 1959 beato
1806 1903 2112 1974 Stephano,
2137 1889 2193 1960 B
2216 1911 2476 1982 sequitur
2513 1925 2699 1964 sermo
2740 1907 2972 1980 quidam
2999 1907 3210 1978 absque
3239 1905 3407 1961 initio
3430 1905 3497 1960 de
3528 1904 3869 1959 Innocenti-

479 1996 839 2067 assignantur
849 1995 939 2050 Ad
953 1997 1302 2050 Matutinum.
1321 1997 1430 2048 Hoc
1445 1995 1678 2049 nomine
1696 1994 1952 2066 plerique
1967 1997 2115 2048 vete-

480 2106 610 2144 rum
637 2090 696 2143 in
719 2088 926 2160 plurali
949 2105 1190 2143 numero
1218 2093 1460 2143 utuntur
1486 2089 1557 2143 ad
1586 2087 2017 2159 signiﬁcandam
2043 2087 2112 2140 il-

477 2183 593 2237 lam
622 2182 979 2238 ecclesiastici
995 2182 1164 2236 oflicii
1185 2187 1405 2253 partem
1441 2198 1612 2253 quam
1635 2181 1851 2236 Laudes
1873 2179 2115 2252 appella-

478 2293 626 2345 mus,
641 2277 808 2331 ducta
827 2275 1200 2348 appellatione
1232 2293 1265 2330 a
1287 2276 1536 2347 psalmis,
1557 2292 1683 2347 quae
1701 2292 1733 2328 a
1751 2274 1935 2328 laudis
1948 2290 2111 2328 voca-

478 2371 614 2425 bulo
635 2369 932 2441 incipiunt.
966 2371 1044 2424 Ita
1075 2370 1255 2424 sancti
1282 2369 1639 2437 Benedictus,
1671 2368 2029 2436 Aurelianus,
2059 2372 2115 2423 et

481 2464 723 2520 Isidorus
737 2465 795 2518 in
812 2463 1026 2536 regulis
1045 2463 1160 2517 suis
1172 2463 1575 2518 Matutinarum
1591 2479 1786 2516 vocem
1803 2466 2107 2533 usurpant:

479 2558 774 2614 Cassianus
803 2558 864 2612 in
889 2556 1097 2628 duplici
1127 2573 1316 2623 sensu,
1350 2572 1559 2628 nempe
1585 2573 1690 2628 pro
1729 2555 2030 2624 Laudibus,
2059 2559 2116 2610 et

479 2669 583 2724 pro
611 2651 790 2706 ofﬁcio
821 2652 1023 2706 Prima:
1050 2650 1107 2705 in
1143 2650 1440 2722 singulari.
1480 2654 1552 2704 At
1589 2665 1783 2704 vocem
1827 2649 1972 2704 hanc
2011 2666 2114 2720 pro

478 2746 685 2817 vigiliis
703 2746 994 2800 nocturnis
1013 2744 1244 2798 adhibet
1265 2743 1571 2798 concilium
1598 2744 1921 2798 Turonense
1952 2759 1992 2796 ιι
2019 2759 2110 2796 ca-

477 2856 627 2895 none
658 2843 720 2894 18
745 2856 758 2893 :
783 2843 844 2894 In
869 2839 1054 2892 diebus
1082 2840 1235 2905 festis
1251 2837 1326 2891 ad
1347 2839 1676 2892 Matutinu-m
1694 2853 1787 2891 sex
1807 2838 2116 2907 antiphonz

481 2935 620 2989 binis
643 2934 869 3004 psalmis
897 2933 1250 3001 explicentur.
1279 2929 1490 2984 Eodem
1529 2931 1590 2984 in
1619 2930 1941 3001 significatu
1975 2931 2111 2984 Gre-

480 3027 676 3099 gorius
702 3025 1042 3081 Turonensis
1064 3023 1294 3078 antistes
1323 3023 1621 3078 Matutinas
1644 3039 1760 3078 non
1779 3040 1908 3078 raro
1927 3023 2114 3094 appel-

476 3121 578 3190 lat,
611 3121 756 3175 utin
781 3119 881 3173 lib.
911 3135 926 3172 1
956 3119 1024 3172 de
1056 3117 1334 3172 Miraculis
1360 3118 1537 3172 sancti
1562 3117 1784 3172 Martini
1825 3134 1950 3188 cap.
1995 3119 2059 3172 33
2094 3136 2110 3171 :

482 3237 511 3264 ‹‹
540 3215 697 3269 Mane
735 3217 928 3267 autem
965 3211 1131 3280 facto,
1171 3211 1336 3281 signo
1377 3211 1442 3265 ad
1485 3210 1780 3265 Matutinas
1809 3215 2110 3280 commoto,

476 3307 689 3364 reversi
713 3321 910 3360 sumus
941 3304 1274 3359 dormitum.
1305 3326 1333 3352 »
1357 3304 1495 3358 Etin
1512 3304 1608 3358 lib.
1633 3305 1702 3358 de
1725 3305 1861 3359 Vitis
1879 3306 2114 3359 Patrum

477 3417 600 3472 cap.
631 3402 662 3454 8
696 3416 709 3454 :
749 3422 776 3448 ‹‹
804 3398 1058 3462 Quodam
1085 3402 1278 3452 autem
1319 3414 1485 3452 mane
1523 3414 1653 3452 cum
1682 3399 2017 3453 surrexisset
2041 3397 2113 3453 ad

474 3493 775 3550 Matutinas
804 3497 1028 3547 sanctus
1054 3491 1321 3561 Nicetius,
1353 3493 1686 3563 exspectatis
1715 3492 1934 3548 duabus
1960 3491 2108 3547 anti-

475 3587 683 3660 phonis
709 3587 996 3658 ingressus
1023 3590 1109 3640 est
1136 3585 1195 3639 in
1218 3586 1547 3640 sacrarium.
1587 3586 1688 3641 Ubi
1725 3587 1863 3640 dum
1897 3586 2110 3640 reside-

476 3687 582 3749 ret,
607 3681 876 3737 diaconus
894 3679 1318 3752 responsorium
1338 3679 1628 3734 Psalmum
1646 3696 1846 3734 canere
1867 3679 2053 3751 coepit.
2076 3697 2106 3729 ς)

473 3777 586 3832 Cur
612 3792 746 3830 vero
773 3775 832 3829 in
859 3773 1206 3829 Lectionario
1227 3778 1418 3829 nostro
1433 3774 1734 3844 aliquando
1752 3773 2107 3844 Vigiliarum,

473 3869 776 3942 aliquando
815 3869 1075 3924 Matutini
1116 3868 1450 3922 vocabulum
1505 3867 1859 3936 adhibeatur,
1903 3867 1997 3921 illa
2031 3867 2112 3922 di-

476 3964 760 4020 scriminis
794 3979 963 4017 causa
996 3978 1114 4018 esse
1157 3962 1398 4031 videtur,
1445 3961 1599 4033 quod
1639 3961 1854 4032 Vigiliaa
1903 3961 2109 4016 solem-

475 4058 733 4113 nioribus
758 4057 936 4125 festis,
969 4057 1027 4110 in
1055 4055 1264 4127 quibus
1299 4055 1637 4126 prolixiores
1662 4072 1831 4109 sacraz
1859 4055 2110 4110 excubiae

477 4156 660 4220 erant,
688 4150 1030 4206 Matutinum
1068 4165 1167 4203 seu
1202 4149 1490 4204 Matutinae
1525 4149 1714 4204 minus
1743 4149 2107 4217 solemnibus,

474 4245 536 4300 in
561 4228 768 4316 quibus
793 4243 1008 4298 tardius
1033 4243 1394 4314 surgebatur,
1422 4243 1628 4298 melius
1653 4243 1994 4299 conveniret.
2018 4244 2112 4300 Sa-

476 4339 733 4394 cerdotes
746 4343 938 4393 tamen
955 4337 1196 4408 singulis
1212 4336 1410 4392 diebus
1431 4337 1499 4392 de
1523 4343 1688 4392 nocte
1717 4338 2026 4410 surgebant
2039 4337 2110 4392 ad

477 4432 815 4501 orationem,
843 4436 908 4486 ut
933 4447 1002 4485 ex
1031 4429 1306 4502 Gregorio
1337 4430 1575 4502 aliisque
1599 4431 1838 4486 inferius
1853 4430 2111 4487 ostende-

473 4542 604 4582 mus
627 4526 687 4580 in
714 4524 1110 4597 Disquisitione
1140 4524 1208 4578 de
1239 4524 1420 4580 Cursu
1438 4514 1749 4580 'Gallicano.

2134 3259 2188 3332 C

2214 2003 2340 2072 bus,
2371 2003 2522 2058 haud
2542 2002 2712 2058 dubie
2727 2002 2798 2056 ad
2813 2001 3168 2070 Matutinum,
3199 2016 3370 2072 quem
3396 1999 3628 2054 titulum
3654 1998 3869 2070 utique

2215 2097 2560 2169 supplemus.

2255 2200 2381 2272 (XII.
2421 2217 2668 2255 LEGENDA
2713 2216 2770 2254 IN
2808 2217 2967 2255 rasro
2998 2214 3320 2267 INFANTIUII,
3352 2214 3420 2253 Αι)
3447 2198 3819 2268 nummum]

2695 2293 3369 2343 Sermo..........

2427 2384 2484 2435 et
2509 2396 2620 2434 non
2649 2379 2838 2447 faciat,
2876 2393 3062 2449 neque
3089 2377 3293 2448 aliquis
3337 2393 3416 2430 ex—
3444 2374 3620 2443 vobis,
3650 2375 3870 2429 fratres

2215 2473 2578 2538 dilectissimi,
2613 2471 2662 2545 1
2680 2471 2728 2544 1
2746 2469 2806 2544 2
2849 2471 3056 2526 futurae
3082 2469 3488 2542 persecutionis
3509 2475 3696 2522 metus
3729 2483 3868 2521 mo-

2213 2572 2340 2622 veat
2363 2566 2693 2622 Antichristi
2723 2565 3079 2619 imminentis
3105 2563 3410 2618 adventum
3440 2563 3518 2616 sic
3547 2566 3868 2626 terreatur,

2213 2661 2279 2710 ut
2317 2673 2432 2710 non
2471 2654 2806 2726 evangelicis
2845 2653 3287 2708 exortationibus
3330 2657 3386 2706 et
3413 2651 3716 2722 praeceptis
3742 2667 3868 2706 caa-

2213 2749 2782 2816 lestibusinstructus,
2799 2748 2868 2803 ad
2886 2747 3410 2801 omniainveniatur
3423 2749 3695 2813 armatus,
3718 2750 3812 2800 etc
3825 2788 3868 2813 .,

2213 2859 2379 2913 usque
2394 2844 2663 2914 Expectat
2681 2843 2846 2908 Deus,
2872 2844 3172 2912 expectant
3192 2845 3247 2894 et
3274 2838 3463 2911 angeli
3491 2839 3633 2908 ejus,
3655 2855 3872 2910 expec—

2213 2942 2295 2991 tat
2342 2941 2399 2991 et
2430 2936 2704 2991 Christus.
2736 2936 2952 2999 Quanta
2995 2939 3145 2988 est...
3179 2932 3428 3004 dignitas
3453 2937 3510 2986 et
3534 2937 3751 3005 quanta
3775 2938 3872 2986 est

2212 3030 2448 3084 felicitas
2472 3029 2710 3102 praeside
2738 3029 2849 3083 Deo
2881 3027 3173 3099 congredi,
3207 3031 3263 3081 et
3290 3025 3510 3081 Christo
3545 3025 3742 3096 judice
3769 3041 3870 3080 co-

2215 3124 2423 3179 ronari.

2319 3227 2448 3282 XIII.
2479 3242 2722 3280 LEGENDA
2750 3242 2806 3279 IN
2829 3241 3025 3280 NATALI
3058 3239 3382 3292 manuum,
3414 3239 3483 3277 AD
3510 3237 3733 3278 ιίιεεΑιι.

2650 3318 2823 3368 Lectio
2848 3317 3112 3368 Hierimite
3137 3316 3425 3380 prophetae.

2283 3407 2408 3460 Haec
2435 3405 2568 3460 dicit
2593 3403 2861 3458 Dominus
2887 3421 2899 3458 :
2933 3405 3050 3457 Vox
3081 3403 3141 3456 in
3169 3401 3390 3457 excelso
3415 3400 3608 3455 audita
3634 3407 3723 3454 est
3764 3401 3862 3455 Ia-
3940 3437 3956 3451 .

2212 3498 2594 3568 mentationis,
2640 3499 2806 3552 ﬂetus
2842 3502 2898 3552 et
2945 3497 3148 3563 luctus,
3199 3500 3328 3562 etc.,
3376 3510 3543 3565 usque
3585 3495 3869 3549 Miserans

2212 3593 2541 3662 miserebor,
2587 3592 2666 3646 ait
2707 3591 2976 3646 Dominus
3017 3592 3183 3644 Deus.
3215 3591 3424 3658 (Jerem.
3459 3603 3612 3657 xxxr,
3648 3591 3867 3656 l5-20.)

2492 3695 2665 3745 Lectio
2694 3692 3033 3758 Apocalypsis
3057 3692 3303 3742 Iohannis
3327 3689 3576 3756 Apostoli.

2283 3783 2556 3854 Tempore
2585 3780 2682 3835 illo
2708 3796 2814 3852 ego
2843 3779 3126 3836 Iohannes
3151 3779 3266 3833 vidi
3294 3777 3398 3832 sub
3434 3778 3607 3833 altare
3635 3776 3872 3832 animas

2211 3875 2657 3944 interfectorum,
2686 3879 2816 3943 etc.,
2848 3888 3016 3945 usque
3051 3872 3159 3937 Qui
3199 3869 3573 3927 interficiendi
3602 3875 3762 3940 sunt,
3791 3871 3872 3924 si-

2211 3974 2306 4024 cut
2327 3969 2507 4024 etilli.
2537 3969 2727 4039 (Apoc.
2761 3985 2835 4038 γι,
2865 3968 3034 4036 9-11.)

2376 4070 2550 4120 Lectio
2578 4070 2744 4120 sancti
2767 4069 3036 4133 Evangelii
3063 4069 3354 4118 secundum
3379 4066 3701 4117 Mattbteum.

2280 4157 2555 4226 Tempore
2607 4156 2706 4210 illo
2759 4172 2891 4210 cum
2943 4160 3108 4209 natus
3137 4158 3283 4208 esset
3308 4152 3578 4207 Dominus
3601 4152 3766 4206 Iesus
3799 4150 3867 4206 in

2210 4249 2500 4304 Bethleem
2527 4249 2736 4304 Iudaee
2756 4249 2814 4302 in
2842 4249 3040 4303 diebus
3066 4247 3301 4302 Herodis
3327 4245 3479 4315 regis
3506 4249 3638 4314 etc.,
3678 4259 3867 4315 usque

2207 4342 2484 4408 Quoniam
2504 4344 2796 4398 Nazarazus
2823 4342 3128 4396 vocabitur.
3153 4340 3368 4409 (Matth.
3401 4353 3462 4406 ιι,
3499 4339 3669 4409 1-23.)

2829 4445 3237 4493 OBSERVATIO.

2280 4531 2582 4604 Prophetia
2609 4531 2807 4586 eadem
2847 4528 2907 4582 in
2943 4526 3307 4596 Mozarabico,
3335 4525 3434 4580 ubi
3463 4525 3695 4598 legitur,
3737 4529 3870 4582 νοω

549 4620 610 4674 In
651 4619 820 4674 missa
857 4618 1058 4672 natalis
1095 4619 1272 4674 sancti
1311 4619 1582 4691 Stephani
1620 4618 1774 4672 nulla
1815 4617 1908 4672 hic
1949 4618 2272 4706 lectiODz'n
2313 4630 2507 4689 Rama,
2553 4631 2658 4680 etc.
2697 4622 2882 4678 Lectio
2921 4621 3165 4676 secunda
3201 4638 3271 4674 ex
3319 4619 3565 4690 Epistola
3614 4621 3656 4673 II
3702 4619 3868 4674 beati

476 4728 544 4768 ex
584 4712 769 4768 Veteri
799 4713 1155 4766 Testamento
1199 4710 1380 4784 111
1435 4711 1687 4783 epistola:
1724 4711 2109 4782 praemittitur,

473 4820 660 4877 neque
689 4805 749 4858 in
770 4804 914 4859 festo
940 4805 1116 4859 sancti
1142 4805 1372 4860 Joannis
1397 4803 1754 4874 evangelista:
1790 4804 2109 4859 nonnullis-

475 4915 588 4970 que
615 4897 758 4967 aliis,
788 4897 1022 4953 fortasse
1050 4915 1118 4953 ex
1139 4897 1429 4954 communi
1451 4895 1636 4950 officio
1657 4896 2022 4952 desumenda.
2050 4899 2111 4953 In

474 4991 816 5047 Mozarabico
842 5008 1138 5064 nunquam
1164 4989 1638 5064 praetermittitur.
1667 4991 1733 5044 Et
1753 4989 1812 5043 in
1828 4990 1970 5044 festo
1990 4991 2112 5062 qui-

474 5087 607 5142 dem
633 5085 812 5141 sancti
836 5086 1107 5159 Stephani
1135 5086 1299 5140 lectio
1326 5083 1605 5155 repetitur
1643 5100 1710 5138 ex
1746 5083 1888 5138 festo
1930 5085 2110 5138 sancti

473 5181 794 5251 Clementis,
824 5197 1032 5253 nempe
1052 5197 1122 5236 ex
1142 5180 1286 5233 libro
1305 5178 1626 5249 Sapientiae,
1658 5180 1840 5232 Justus
1859 5180 1909 5232 si
1943 5183 2111 5232 morte

466 5280 874 5348 praeoccupatus
885 5277 1079 5344 fuerit,
1105 5278 1212 5328 etc.
1235 5271 1484 5344 Epistola
1510 5287 1642 5326 vero
1661 5271 1862 5326 eadem
1883 5277 1967 5326 est
1979 5287 2109 5326 cum

472 5370 773 5441 superiori,
801 5369 1080 5440 tantisper
1106 5371 1298 5420 tamen
1327 5366 1622 5438 prolixior.
1652 5365 2020 5436 Evangelium
2041 5382 2110 5422 ex

472 5464 714 5520 Matthaai
739 5481 862 5535 cap.
892 5477 1032 5517 xxm
1061 5477 1074 5514 :
1105 5462 1278 5531 Super
1306 5461 1620 5516 cathedram
1651 5461 1844 5530 Moysi,
1873 5463 1982 5515 etc.

506 5563 587 5618 XI.
630 5577 875 5618 LEGENDA
915 5576 968 5616 ιιι
1008 5575 1168 5614 nsro
1206 5575 1391 5614 SANCTI
1425 5573 1708 5628 IOHANNIS,
1749 5572 1819 5613 AD
1859 5574 2073 5615 iussu.

661 5653 834 5705 Lectio
858 5654 1199 5720 Apocalypsis
1223 5654 1387 5704 sancti
1413 5652 1660 5704 Iohannis
1682 5651 1924 5717 apostoli.

542 5741 817 5810 Tempore
831 5739 930 5794 illo
941 5755 1050 5811 ego
1060 5739 1344 5796 Iohannes
1371 5739 1485 5795 vidi
1510 5743 1736 5810 Agnum
1762 5755 1936 5810 super
1955 5755 2113 5796 mon-

468 5844 588 5894 tem
612 5835 764 5902 Sion,
791 5839 920 5907 etc.,
949 5849 1116 5906 usque
1138 5835 1284 5892 Mare
1321 5841 1378 5893 et
1404 5835 1586 5892 fontes
1608 5851 1886 5911 aquarum
1921 5837 2110 5907 (Apoc.

471 5946 585 6000 xw,
619 5929 747 5999 1-7.)

2212 4721 2367 4775 Pauli
2393 4721 2464 4775 ad
2493 4717 2808 4773 Corinthios
2834 4732 2960 4788 cap.
2994 4732 3009 4768 ι
3042 4731 3055 4769 :
3089 4715 3411 4770 Benedictus
3439 4717 3580 4769 Deus
3614 4718 3662 4767 et
3690 4714 3869 4769 Pater

2210 4816 2429 4870 Domini
2451 4815 2625 4867 nostri
2660 4815 2786 4866 Iesu
2817 4810 3040 4873 Christi,
3073 4813 3179 4864 etc.
3211 4807 3583 4880 Evangelium
3612 4823 3683 4860 ex
3714 4807 3865 4862 Mat-

2210 4908 2347 4963 thazi
2393 4907 2572 4978 capite
2616 4921 2793 4960 xvm:
2841 4905 3024 4960 Oblati
3066 4909 3194 4959 sunt
3235 4905 3461 4958 Domino
3499 4905 3682 4955 nostro
3725 4902 3865 4955 Iesu

2211 5003 2421 5058 Christo
2440 5000 2689 5070 parvuli,
2717 5003 2822 5054 etc.

2246 5103 2376 5158 XIV.
2427 5117 2670 5157 LEGENDA
2722 5118 2779 5156 ιιι
2829 5115 3235 5156 CIRCUICISIONE
3272 5112 3486 5166 nontm,
3527 5113 3596 5151 an
3638 5112 3821 5153 uru-

2939 5188 3132 5226 TINUM.

2698 5266 2870 5316 Lectio
2893 5264 3056 5314 Esaia:
3083 5261 3369 5328 prophetia.

2281 5355 2407 5409 Haec
2427 5352 2561 5408 dicit
2583 5351 2852 5406 Dominus
2882 5351 3187 5406 Redemtor
3201 5353 3335 5404 tuus
3350 5351 3407 5402 et
3428 5347 3704 5402 formator
3722 5352 3858 5403 tuus

2211 5465 2281 5508 ex
2326 5453 2491 5504 utero
2525 5463 2539 5501 :
2569 5447 2686 5518 Ego
2725 5462 2853 5500 sum
2889 5444 3162 5499 Dominus
3207 5441 3417 5496 faciens
3461 5439 3674 5509 omnia,
3716 5446 3851 5502 etc.,

2213 5559 2382 5614 usque
2408 5544 2523 5613 Ego
2564 5538 2756 5613 113
2798 5538 3069 5594 Dominus
3116 5535 3326 5590 faciens
3375 5534 3566 5590 omnia
3606 5534 3748 5601 haec,
3775 5536 3858 5590 ait

2212 5637 2484 5693 Dominus
2511 5636 2652 5689 Deus
2679 5635 2809 5704 (Isa.
2835 5648 2980 5702 xuv,
3011 5631 3101 5700 24,
3136 5645 3306 5700 usque
3331 5645 3452 5698 ην,
3476 5630 3551 5699 7.)

2243 5741 2349 5797 XV.
2390 5753 2634 5794 LEGENDA
2683 5753 2739 5791 IN
2777 5749 3182 5791 cmcuucxsrosa
3229 5747 3445 5802 boum,
3484 5747 3556 5786 an
3596 5747 3813 5788 mss“.

2679 5837 2856 5889 Lectio
2885 5836 3049 5888 Esaia
3074 5834 3364 5901 prOphetae.

2284 5928 2410 5984 Hac
2436 5926 2570 5983 dicit
2593 5924 2894 5981 Dominus:
2922 5921 3125 5979 Audite
3153 5921 3393 5978 verbum
3413 5919 3661 5992 Domini,
3690 5921 3851 5994 prin-
