3968 6224
89 415 167 468 177
1161 415 1248 471 DE
1286 415 1598 472 LITURGIA
1635 415 2005 472 GALLICANA
2044 418 2240 473 LIBER
2280 419 2343 473 II.

3335 419 3433 476 I78

84 545 210 616 ρίρθε
252 544 655 616 Sodomorum,
701 550 836 618 etc.,
868 562 1031 620 usque
1069 549 1137 604 Et
1178 548 1365 605 venite
1396 553 1451 604 et
1480 549 1701 620 argum,
1721 527 2138 609 AKaIendario
2183 526 2504 584 Corbeiensi
2555 528 2817 600 superius
2856 527 3124 585 laudato:
3155 544 3218 585 ιιι
3253 532 3436 588 Nonas

87 654 178 708 me,
205 638 332 694 dicit
354 641 660 697 Dominus.
693 642 820 711 (Isa.
847 659 886 696 ι.
921 642 1130 712 10-20.)

326 741 567 806 Epistola
599 743 747 794 Pauli
773 743 994 807 apostoli
1019 743 1085 793 ad
1115 743 1428 794 Corinthios.

145 826 431 898 Carissimi,
464 829 655 902 fugite
681 830 753 883 ab
786 829 1068 884 idolorum
1095 830 1332 898 cultura,
1363 833 1425 884 ut
1448 829 1699 901 pruden-

87 924 214 978 tibus
239 921 458 995 loquor,
489 929 630 991 etc.,
658 940 826 996 usque
851 923 1055 978 Omnia
1080 923 1142 978 in
1168 923 1349 995 gloria
1383 923 1482 980 Dei
1515 923 1699 979 facite.

91 1020 249 1084 1'1me
273 1018 577 1089 ι,14-31.)

272 1119 445 1170 Lectio
472 1122 647 1171 sancti
670 1121 944 1187 Evangelii
967 1121 1256 1173 secundum
1283 1123 1490 1171 Lucam.

150 1207 202 1260 In
247 1207 354 1260 illis
402 1206 610 1262 diebus
660 1215 957 1280 postquam
1009 1207 1385 1262 consummati
1429 1212 1561 1262 sunt
1585 1207 1704 1264 dies

91 1305 210 1368 octo,
233 1305 357 1367 etc.,
398 1317 573 1373 usque
601 1303 671 1358 Et
700 1302 882 1376 gratia
908 1301 1005 1357 Dei
1045 1305 1168 1358 erat
1201 1301 1262 1358 in
1291 1301 1408 1356 illo.
1453 1301 1598 1372 (Luc.
1639 1317 1700 1371 ιι,

92 1393 277 1466 ιιιιο.)

684 1486 1096 1532 OBSERVATIO.

149 1565 506 1636 Evangelium
537 1566 691 1620 idem
717 1571 801 1621 est
844 1567 901 1620 in
946 1567 1310 1636 Mozarabico,
1339 1569 1398 1620 at
1438 1566 1707 1621 lectiones

94 1674 151 1712 ex
174 1658 344 1713 Veteri
383 1660 758 1714 Testamento
795 1664 853 1715 et
878 1676 944 1714 ex
968 1660 1144 1715 Paulo
1172 1660 1430 1715 diversae.
1461 1661 1704 1715 Mozara-

96 1752 186 1806 bici
211 1751 370 1807 ofﬁcii
393 1753 566 1808 lectio
591 1752 778 1824 prima
813 1770 882 1808 ex
929 1754 1086 1808 Isaias
1122 1771 1246 1826 cap.
1289 1769 1453 1808 vam
1503 1770 1517 1807 :
1559 1753 1712 1809 Audi

97 1861 177 1906 me,
199 1847 351 1900 Iacob
376 1853 426 1901 et
452 1848 648 1910 Israel,
676 1863 830 1917 quem
864 1864 959 1917 ego
999 1863 1142 1910 voco,
1186 1852 1293 1902 etc.
1337 1847 1594 1902 Secunda
1637 1863 1708 1902 ex

1800 625 2056 677 Januarii
2075 623 2334 692 depositio
2359 627 2560 679 sanctae
2587 624 2892 681 Genavam.

1837 725 1992 781 XVII.
2041 742 2286 781 Lact-mm
2337 743 2393 780 ιιι
2448 743 2708 782 noumlco
2771 743 2895 784 posr
2945 744 3396 785 cmcuucxsxonsu

2516 814 2729 853 DOIINI.

2223 890 2394 940 Lectio
2419 890 2696 940 Ezechihel
2722 892 3010 956 prapheta.

1877 975 1926 1048 1
1943 975 1992 1047 1
2011 974 2068 1048 5
2086 976 2214 1030 Haec
2231 975 2365 1030 dicit
2387 977 2689 1032 Dominus:
2710 977 2810 1031 Fili
2833 978 3102 1050 hominis,
3120 979 3181 1036 hi
3202 986 3337 1037 sunt
3355 980 3436 1037 ri-

1804 1074 1894 1125 tus
1911 1069 2122 1136 altaris,
2146 1069 2204 1124 in
2229 1086 2588 1142 quacumque
2617 1072 2708 1126 die
2734 1071 2904 1127 fuerit
2918 1072 3276 1144 fabricatum,
3304 1080 3436 1142 etc.,

1803 1180 1968 1233 usque
1996 1163 2254 1235 Implevit
2291 1164 2469 1235 gloria
2495 1165 2716 1220 Domini
2756 1165 2989 1222 domum
3017 1168 3271 1237 Domini,
3303 1169 3441 1226 dicit

1805 1257 2076 1314 Dominus
2103 1258 2481 1330 omnipotens.
2510 1259 2716 1328 (Ezech.
2745 1277 2898 1329 xuu,
2924 1277 3091 1332 usque
3115 1279 3260 1333 xuv,
3288 1264 3364 1334 4.)

1869 1357 1882 1370 ⁸
2096 1360 2327 1424 Epistola
2350 1359 2494 1409 Pauli
2522 1360 2754 1423 Apostoli
2783 1361 2848 1410 ad
2874 1362 3143 1426 Ephesios.

1877 1447 2209 1502 Benedictus
2237 1447 2382 1501 Deus
2402 1451 2460 1500 et
2483 1447 2646 1501 Pater
2672 1446 2894 1502 Domini
2922 1449 3099 1503 nostri
3121 1451 3252 1506 Iesu
3273 1451 3438 1507 Chri-

1807 1541 1898 1610 sti,
1940 1541 2040 1612 qui
2064 1539 2354 1595 benedixit
2389 1557 2512 1609 nos,
2550 1544 2682 1610 etc.,
2719 1557 2886 1611 usque
2929 1543 2990 1596 In
3036 1543 3204 1600 laude
3245 1546 3440 1616 gloriae

1809 1635 2004 1709 ipsius,
2027 1633 2124 1706 qui
2150 1638 2234 1688 est
2251 1633 2582 1688 benedictus
2601 1633 2659 1688 in
2691 1635 2919 1690 secula.
2948 1635 3160 1707 (Ephes.
3191 1654 3230 1708 ι,
3262 1640 3440 1710 3-14.)

1936 1735 2174 1800 Legenda
2198 1735 2364 1785 sancti
2387 1735 2657 1799 Evangelii
2685 1737 2974 1786 secundum
3000 1738 3315 1790 Matthmum.

1877 1827 2153 1898 Tempore
2179 1826 2297 1895 illo,
2330 1825 2660 1881 obtulerunt
2695 1827 2878 1882 turba:
2921 1828 2992 1882 ad
3031 1829 3336 1886 Dominum
3361 1832 3447 1886 Ie-

98 1938 243 1992 paulo
265 1939 330 1993 ad
352 1908 752 2011 philippehs'es
779 1908 990 2012 caprw
1022 1957 1035 1994 ε
1064 1908 1271 1996 Edam,
1299 1941 1446 1995 vobis
1481 1941 1709 1995 son-bere
1727 1908 1784 1980 B
1809 1937 1933 1975 sum
1949 1920 2244 1975 hominem
2257 1922 2483 1974 mutum
2494 1919 2842 1975 daemonium
2855 1921 3446 1996 habentem,etejecto

99 2033 208 2085 mihi
229 2033 436 2102 quidem
481 2050 594 2088 non
631 2036 872 2104 pigrum,
926 2039 1035 2089 etc.
1077 2033 1412 2088 Lectionarii
1464 2034 1709 2105 Epistola

101 2126 253 2196 magis
277 2127 538 2181 convenit
567 2127 1041 2199 illistemporibus
1056 2127 1263 2198 quibus
1283 2127 1709 2197 superstitiones

100 2219 357 2287 paganica:
387 2220 662 2275 Kalendis
687 2221 971 2292 Ianuariis
986 2221 1172 2276 adhuc
1191 2221 1482 2292 vigebant.
1516 2222 1575 2276 In
1601 2222 1708 2276 Ge-

102 2311 303 2380 lasiano,
324 2314 697 2386 Gregoriano,
720 2318 775 2369 et
789 2315 1074 2386 plerisque
1091 2314 1215 2369 aliis
1231 2315 1404 2369 missa
1422 2318 1508 2368 est
1535 2315 1712 2370 altera

103 2406 186 2459 hoc
209 2406 290 2460 die
317 2407 407 2462 Ad
443 2409 846 2478 prohibendum
870 2409 938 2462 ab
972 2409 1153 2462 idolis.
1195 2408 1402 2463 Octava
1427 2407 1540 2462 diei
1570 2408 1713 2462 hora

107 2498 160 2553 de
182 2499 275 2554 hac
300 2517 359 2556 re
384 2501 627 2556 missam
647 2501 920 2556 celebrari
941 2501 1200 2572 praecipit
1223 2501 1523 2556 concilium
1551 2517 1590 2554 ιι
1608 2503 1713 2556 Τιι-

108 2608 312 2647 ronense
338 2611 558 2649 canone
589 2599 654 2650 17
683 2601 892 2666 praeter
928 2595 1176 2666 privatas
1202 2595 1450 2650 litanias.
1487 2594 1712 2666 Legesis

112 2685 368 2755 epistolam
384 2689 676 2744 Zacharim
690 2689 972 2760 pontificis
993 2689 1064 2744 ad
1086 2689 1460 2755 Bonifacium,
1480 2706 1608 2760 quae
1629 2693 1716 2744 est

115 2781 193 2833 132
229 2781 370 2836 inter
406 2783 837 2852 Bonifacianas;
867 2787 925 2838 et
972 2783 1322 2852 Menardum,
1353 2799 1387 2836 a
1421 2800 1556 2854 pag.
1584 2785 1711 2836 252.

139 2891 243 2947 XVI.
281 2910 526 2949 LEGENDA
568 2912 626 2949 IN
673 2911 833 2949 rasro
861 2911 1073 2948 schra;
1103 2909 1395 2949 amovens
1421 2909 1675 2948 VIRGINIS.

369 2983 604 3046 Epistola
629 2983 771 3032 Pauli
795 2982 1017 3047 apostoli
1041 2983 1105 3031 ad
1135 2984 1410 3032 Romanos.

169 3063 210 3138 1
225 3065 268 3138 1
283 3067 340 3139 4
358 3068 582 3123 Fratres
609 3068 807 3123 infelix
836 3085 942 3140 ego
963 3068 1154 3136 homo,
1185 3068 1312 3140 quis
1333 3085 1426 3122 me
1456 3068 1717 3124 liberavit

113 3158 166 3213 de
189 3176 402 3232 corpore
428 3163 634 3218 mortis
661 3163 853 3234 hujus,
883 3158 1015 3231 etcl,
1044 3177 1212 3232 usque
1237 3163 1359 3217 Non
1400 3162 1716 3218 secundum

114 3267 305 3309 carnem
341 3256 721 3325 ambulamus,
774 3255 871 3310 sed
919 3255 1234 3310 secundum
1289 3256 1563 3327 Spiritum
1613 3272 1791 3354 perc

113 3345 269 3401 Iesum
294 3348 582 3405 Christum
622 3348 931 3404 Dominum
977 3353 1258 3406 nostrum.
1290 3350 1459 3420 (Rom.
1490 3366 1587 3420 vn,
1621 3350 1713 3421 24,

118 3453 250 3510 usque
266 3457 377 3511 vm,
403 3444 478 3514 4.)

242 3545 404 3595 Lectio
429 3545 601 3596 sancti
624 3545 896 3609 Evangelii
922 3545 1214 3596 secundum
1241 3544 1558 3596 Matthmum.

170 3628 222 3682 In
248 3629 334 3684 illo
365 3635 644 3704 tempore,
685 3632 906 3687 dicebat
941 3632 1213 3686 Dominus
1249 3633 1406 3687 Iesus
1432 3631 1719 3704 discipulis

121 3720 211 3774 suis
230 3725 549 3793 parabulam
577 3726 726 3780 hanc
755 3742 768 3780 :
801 3725 995 3781 Simile
1034 3731 1117 3780 est
1158 3741 1404 3797 regnum
1445 3725 1717 3780 caelorum

123 3811 270 3870 decim
310 3819 644 3892 virginibus,
675 3824 806 3888 etc.,
839 3835 1006 3889 usque
1050 3819 1283 3875 Nescitis
1330 3819 1484 3874 diem
1532 3834 1720 3890 neque

124 3904 302 3965 horam.
330 3913 542 3981 (Matth.
571 3929 698 3982 xxv,
733 3913 899 3982 1-14.)

631 4021 1141 4066 OBSERVATIONES
1152 4051 1163 4063 .

181 4086 262 4142 Hic
276 4089 408 4145 nihil
430 4092 502 4147 de
523 4092 660 4147 actis
677 4097 885 4147 sanctae
905 4091 1221 4162 Genovefse,
1239 4107 1367 4163 quin
1394 4090 1464 4146 ab
1489 4094 1719 4146 auctore

129 4181 331 4249 quodam
350 4203 633 4258 anonymo
652 4186 823 4257 paulo
848 4191 976 4258 post
1001 4187 1123 4257 ejus
1149 4185 1368 4241 obitum
1394 4185 1604 4256 scripta
1629 4185 1716 4240 di-

132 4279 315 4332 cuntur.
332 4279 490 4335 Varia
507 4296 708 4335 eorum
734 4280 994 4352 exempla
1020 4279 1522 4334 circumferuntur.
1550 4280 1721 4334 Inter-

130 4366 282 4434 polata
310 4374 540 4429 suntilla
560 4390 688 4445 quae
715 4391 785 4429 ex
810 4377 1131 4446 pervetusto
1155 4373 1355 4428 Codice
1374 4373 1598 4444 inclytae
1626 4372 1722 4426 ba-

135 4457 287 4532 silicae,
315 4465 366 4520 in
391 4485 502 4540 qua
527 4467 805 4522 Genovefa
832 4471 1271 4522 monumentum
1298 4466 1488 4536 habet,
1525 4481 1721 4521 recens

135 4551 254 4608 edita
275 4565 408 4614 sunt.
437 4565 648 4616 Auctor
673 4561 900 4631 conjicit
929 4577 998 4615 ex
1021 4559 1272 4615 historiis
1301 4564 1556 4615 veterum
1582 4563 1722 4614 tem-

1809 2015 2067 2070 daemone
2094 2013 2313 2068 locutus
2345 2017 2429 2068 est
2453 2018 2666 2083 mutus,
2690 2019 2820 2082 etc.,
2842 2029 3010 2086 usque
3054 2017 3272 2072 Curans
3318 2035 3442 2073 om-

1809 2125 1942 2163 nem
1970 2109 2306 2178 languorem
2331 2111 2390 2162 et
2412 2122 2642 2162 omnem
2669 2106 3084 2164 inﬁrmitatem.
3114 2110 3330 2180 (Matth.
3362 2127 3439 2180 ιι,

1811 2204 2012 2274 32-35.)

2025 2305 2205 2360 XVIII.
2234 2321 2478 2360 LEGENDA
2517 2321 2573 2358 IN
2612 2320 2827 2360 vmst
2867 2323 3228 2363 acerrumas.

1893 2398 2009 2448 Vita
2033 2402 2082 2447 et
2105 2397 2276 2461 passio
2302 2397 2468 2446 sancti
2491 2411 2552 2446 ac
2577 2397 2860 2448 beatissimi
2885 2399 3076 2450 Iuliani
3103 2401 3361 2466 martyris.

1890 2484 2064 2556 Igitur
2085 2482 2446 2537 beatissimus
2472 2482 2726 2537 Julianus
2750 2500 2820 2539 ex
2849 2483 3024 2539 nobili
3041 2484 3273 2554 familia,
3304 2486 3449 2541 inlu-

1813 2577 1942 2633 stris
1961 2581 2084 2632 erat
2107 2576 2166 2630 in
2191 2576 2418 2645 saeculo,
2442 2581 2572 2646 etc.,
2596 2592 2763 2647 usque
2781 2579 2855 2632 ad
2864 2581 3044 2647 ﬁnem,
3071 2584 3134 2634 ut
3160 2580 3310 2650 apud
3332 2581 3452 2637 Bol-

1819 2672 2044 2728 landum
2079 2671 2156 2726 ad
2202 2673 2234 2724 9
2285 2672 2559 2748 Januarii,
2588 2671 2685 2724 ubi
2725 2672 2866 2727 Acta
2906 2672 3138 2736 Iuliani,
3182 2674 3452 2730 Basilissz

1813 2766 1924 2836 ejus
1951 2765 2190 2834 conjugis
2219 2768 2270 2818 et
2293 2766 2559 2819 sociorum
2589 2769 2896 2834 martyrum
2942 2767 3277 2833 referuntur.
3324 2770 3452 2823 Post

1817 2861 1926 2914 haec
1957 2861 2014 2912 in
2033 2860 2369 2914 Lectionario
2397 2860 2642 2927 sequitur
2663 2874 2835 2913 sermo
2858 2859 3086 2929 quidam
3119 2860 3319 2930 absque
3360 2876 3454 2914 no—

1815 2955 1957 3008 mine
1985 2953 2242 3014 auctoris,
2269 2953 2367 3022 qui
2389 2966 2560 3006 sermo
2587 2955 2844 3022 supponit
2876 2953 3069 3007 lectum
3093 2953 3452 3022 Evangelium

1815 3047 1882 3102 de
1906 3047 2220 3102 ade-ratione
2249 3060 2552 3115 magorum,
2585 3049 2646 3099 ut
2675 3060 2742 3100 ea:
2767 3046 2864 3100 hoc
2891 3045 3001 3116 ejus
3029 3046 3249 3102 exordio
3281 3062 3452 3119 appao

1815 3146 1896 3196 ret
1934 3160 1950 3195 :

1887 3233 2115 3290 Audivit
2140 3233 2435 3289 nobiscum
2453 3232 2655 3287 caritas
2677 3234 2862 3288 vestra
2885 3232 3229 3305 evangelista
3254 3233 3451 3291 dicen-

1817 3333 1870 3384 te
1900 3345 1914 3384 :
1943 3329 2085 3383 Cum
2128 3332 2293 3382 natus
2334 3331 2497 3394 esset,
2542 3325 2748 3398 inquit,
2781 3325 2927 3381 Deus
2969 3325 3030 3380 in
3073 3327 3332 3382 Bethlem
3361 3328 3455 3382 Iu-

1817 3424 2000 3479 daeam
2025 3422 2083 3477 in
2110 3421 2308 3476 diebus
2344 3419 2592 3476 Herodes
2640 3419 2857 3490 regis...
2910 3419 3169 3475 venimus
3213 3421 3452 3476 adorare

1818 3534 1972 3573 eum.
2020 3515 2174 3570 Felix
2216 3514 2312 3569 illa
2342 3514 2552 3584 civitas,
2595 3513 2821 3581 fratres,
2850 3513 2943 3568 cui
2987 3513 3120 3569 civis
3160 3519 3327 3570 natus
3369 3519 3455 3570 est

1818 3611 1995 3666 Deus!
2029 3626 2157 3682 quas
2183 3609 2471 3680 singulare
2497 3607 2767 3662 meritum
2793 3612 2926 3661 ante
2946 3607 3253 3663 adventum
3275 3608 3456 3664 Salva-

1819 3705 1957 3760 toris
1973 3703 2474 3776 accipiens,primo
2489 3701 2707 3756 laudari
2722 3700 2934 3756 meruit
2957 3717 3063 3770 per
3087 3701 3452 3771 prophetam,

1819 3814 1990 3870 quam
2019 3797 2255 3852 disceret
2280 3795 2432 3868 quod
2457 3794 2735 3862 sumebat,
2767 3797 2898 3862 etc.,
2928 3808 3094 3862 usque
3118 3792 3310 3848 Maluit
3336 3793 3451 3848 vir-

1819 3891 2034 3946 tutibus
2061 3888 2219 3958 disci,
2251 3904 2426 3960 quam
2461 3891 2591 3942 ante
2616 3891 2846 3958 tempus
2875 3884 3075 3940 occidi.

2032 3993 2159 4048 XIX.
2191 4008 2438 4046 LEGENDA
2462 4007 2520 4045 IN
2549 4004 2895 4056 EPBIPBANIA,
2923 4004 2995 4042 ιιι)
3022 4004 3240 4043 ιιιεεΑιι.

2302 4083 2479 4134 Lectio
2505 4081 2669 4133 Esaias
2688 4080 2978 4146 prophetia.

1893 4174 1942 4247 1
1960 4173 2008 4246 1
2026 4172 2086 4246 6
2114 4173 2244 4228 Haec
2273 4169 2408 4226 dicit
2428 4168 2705 4224 Dominus
2737 4184 2751 4222 :
2781 4168 2985 4240 Surge,
3007 4166 3350 4223 inluminare
3373 4167 3459 4223 Ie-

1819 4269 2083 4335 rusalem,
2116 4271 2246 4334 etc.,
2267 4280 2434 4335 usque
2457 4263 2806 4334 Redemptor
2829 4266 2963 4318 tuus
2988 4260 3148 4317 fortis
3171 4259 3358 4331 Iacob,
3380 4259 3458 4316 ait

1820 4362 2092 4417 Dominus
2115 4362 2282 4416 Deus.
2305 4361 2430 4429 (Isa.
2458 4373 2545 4426 Lx,
2577 4357 2741 4428 1-16.)

2164 4460 2394 4525 Epistola
2421 4457 2565 4508 Pauli
2584 4456 2806 4522 apostoli
2828 4455 2894 4506 ad
2917 4455 3106 4505 Titum.

1891 4547 2209 4615 Carissime,
2256 4545 2524 4617 apparuit
2565 4543 2751 4615 gratia
2795 4541 2897 4596 Dei
2936 4539 3269 4610 Salvatoris,
3313 4544 3456 4611 etc.,

140 4659 220 4712 pus
237 4665 334 4719 quo
357 4654 521 4726 Virgo
547 4659 681 4710 nata
701 4659 803 4723 est,
827 4655 980 4726 quod
994 4654 1129 4708 alias
1145 4653 1251 4709 sibi
1277 4671 1394 4708 non
1419 4653 1549 4708 satis
1565 4670 1720 4708 com-
1742 4653 1802 4724 D
1823 4659 1989 4713 usque
2028 4639 2269 4696 Heredes
2305 4639 2482 4693 simus
2525 4636 2838 4692 secundum
2865 4650 3025 4706 spem
3066 4633 3197 4689 vita:
3229 4636 3460 4691 aeterna

140 4746 322 4805 perium
334 4746 556 4804 fatetur.
575 4748 725 4803 Vixit
737 4753 862 4819 post
873 4747 1143 4820 scriptam
1165 4765 1198 4802 a
1226 4747 1496 4820 Gregorio
1521 4749 1721 4818 Magno

141 4836 277 4889 sancti
297 4839 463 4895 Patris
490 4842 778 4896 Benedicti
807 4841 1014 4908 Vitam,
1038 4857 1213 4913 quam
1241 4841 1535 4913 speculum
1562 4845 1724 4896 vocat

143 4921 368 4987 bonorum
396 4935 829 5005 monachorum,
857 4934 1038 4989 relato
1067 4933 1183 4988 viso
1210 4934 1278 4990 de
1330 4933 1487 4988 obitu
1511 4934 1720 4989 beatis-

144 5015 242 5074 Simi
263 5023 507 5082 Germani
526 5028 781 5100 Capuani
807 5027 1078 5100 episc0pi.
1097 5027 1411 5084 Sinceriora
1440 5032 1574 5082 sunt
1592 5043 1723 5098 qua:

145 5116 259 5180 apud
272 5118 588 5176 Bollandum
608 5125 848 5189 exstent,
878 5138 1125 5193 quorum
1143 5121 1393 5192 Scriptor
1410 5121 1588 5176 relato
1609 5119 1721 5174 mi-

149 5209 294 5264 raculo
317 5213 378 5268 de
403 5216 656 5286 ampulla
685 5215 807 5271 oleo
835 5215 1053 5270 caelitus
1076 5231 1180 5287 per
1214 5215 1439 5270 beatam
1468 5215 1721 5269 Genove-

150 5295 233 5353 iam
254 5307 462 5378 repleta,
494 5309 688 5364 subdit
712 5323 783 5364 se'
801 5331 827 5358 «
857 5313 987 5381 post
1010 5313 1103 5364 ter
1125 5324 1290 5363 senos
1319 5308 1390 5362 ab
1417 5307 1575 5364 obitu
1603 5307 1724 5378 ejus

151 5405 302 5463 annos,
327 5417 447 5458 cum
472 5402 597 5475 ipsa
622 5402 873 5475 ampulla
903 5403 1114 5471 oleum,
1168 5401 1320 5474 quod
1363 5401 1424 5456 in
1469 5401 1726 5456 oratione

151 5483 241 5551 cIus
263 5502 508 5567 creverat,
535 5496 762 5552 vidisse.
797 5517 826 5546 »
855 5496 1014 5561 Quod
1033 5495 1271 5551 totidem
1319 5494 1504 5551 verbis
1555 5493 1727 5549 inter-

154 5579 319 5643 P°1ator
340 5589 416 5658 (ut
460 5591 524 5648 ﬁt
574 5607 691 5647 non
744 5590 890 5662 raro)
940 5592 1368 5645 commemorat.
1412 5590 1473 5643 In
1497 5589 1726 5643 Canone

155 5669 319 5733 Codicis
347 5685 500 5756 regii,
523 5684 624 5757 qui
669 5683 939 5739 Ordinem
981 5683 1170 5739 missae
1222 5699 1292 5739 ex
1335 5681 1627 5738 Gelasiano
1672 5685 1730 5738 et

157 5761 437 5839 ίὶηεοτιεωο
473 5778 709 5834 mistum
744 5777 1013 5849 continet,
1049 5777 1108 5832 in
1133 5776 1377 5833 secunda
1401 5779 1729 5832 sanctorum

159 5870 624 5927 commemoratione
669 5876 796 5943 post
840 5876 1121 5944 Agnetem
1167 5875 1224 5926 et
1269 5870 1636 5938 Anastasiam,
1666 5867 1730 5924 ﬁt

162 5957 324 6016 mentio
347 5963 409 6021 de
458 5967 734 6026 Genovefa
772 5971 828 6026 et
859 5964 1221 6025 Scholastica.
1256 5966 1317 6023 In
1351 5963 1730 6024 vetustissimo

1818 4754 1924 4810 per
1954 4738 2145 4791 Iesum
2171 4732 2459 4789 Christum
2485 4730 2791 4786 Dominum
2825 4732 3106 4784 nostrum.
3133 4728 3263 4798 (Tit.
3295 4745 3334 4798 ι,
3370 4733 3457 4801 11,

1819 4846 1986 4901 usque
2012 4847 2072 4897 ιι,
2100 4829 2176 4898 7.)

1968 4929 2144 4982 Lectio
2169 4929 2334 4980 sancti
2361 4925 2630 4990 Evangelii
2658 4924 2952 4976 secundum
2976 4925 3296 4978 Matthaaum.

1894 5018 2168 5088 Tempore
2196 5015 2313 5084 illo,
2345 5013 2501 5070 venit
2528 5011 2797 5068 Dominus
2820 5013 2979 5069 Iesus
3022 5011 3084 5068 in
3137 5012 3287 5068 Cana
3322 5012 3464 5068 Gali-

1822 5113 1942 5166 laeac
1969 5111 2029 5166 in
2053 5110 2294 5165 Iordane
2329 5109 2400 5164 ad
2444 5107 2784 5176 Iohannem,
2813 5110 2880 5161 ut
2914 5105 3317 5177 baptizaretur,
3351 5110 3460 5161 etc.

1826 5205 2042 5276 (Matth.
2067 5221 2160 5274 ιιι,
2186 5203 2388 5273 13-17.)
2416 5205 2548 5258 Tum
2567 5203 2814 5256 continue
2829 5199 3176 5270 subjungitur
3203 5219 3220 5253 :
3248 5200 3316 5253 Et
3339 5198 3462 5269 ipse

1823 5301 1980 5354 Iesus
2005 5302 2126 5353 erat
2155 5295 2430 5366 incipiens
2459 5293 2624 5366 quasi
2664 5309 2948 5350 annorum
2975 5291 3229 5364 triginta,
3261 5296 3327 5345 ut
3360 5308 3466 5363 pu-

1823 5393 2050 5448 tabatur
2073 5390 2222 5446 ﬁlius
2247 5389 2474 5460 Ioseph.
2499 5388 2643 5458 (Luc.
2673 5403 2758 5455 ιιι,
2783 5388 2894 5458 23.)
2925 5389 3115 5442 Postea
3139 5401 3461 5456 consequen-

1827 5492 1908 5542 ter
1935 5505 1950 5541 :
1977 5486 2045 5541 Et
2069 5485 2162 5540 die
2188 5483 2356 5539 tertio
2375 5481 2591 5554 nuptis:
2611 5481 2773 5538 factae
2800 5484 2934 5536 sunt
2954 5479 3016 5535 in
3039 5479 3190 5536 Cana
3213 5479 3460 5537 Galileaa.

1829 5582 2001 5650 (Joan.
2035 5595 2096 5647 ιι,
2122 5578 2299 5644 1-11.)

2190 5685 2370 5731 NOTIE
2419 5685 2498 5729 ET
2553 5680 3084 5730 OBSERVATIONES.

1898 5769 2086 5826 Mirari
2109 5767 2278 5838 subit,
2311 5783 2414 5822 cur
2437 5769 2574 5822 Acta
2607 5769 2934 5820 sanctorum
2958 5761 3168 5818 Iuliani
3212 5766 3272 5820 et
3308 5761 3463 5818 Basi—

1828 5869 1996 5939 lissaz,
2025 5868 2124 5940 qui
2169 5866 2485 5924 Antiochia:
2521 5864 2626 5919 sub
2658 5861 3000 5917 Diocletiano
3036 5864 3094 5916 et
3120 5858 3464 5914 Maximiano

1829 5962 2168 6039 martyrium
2194 5959 2344 6038 passi
2389 5961 2544 6031 sunt,
2593 5958 2654 6016 in
2691 5955 2826 6030 ipsis
2868 5951 3199 6030 Epiphaniae
3253 5950 3468 6026 Vigiliis
