3968 6224
487 395 587 467 ιη

483 502 629 563 lecta
650 501 888 575 fuerint,
906 502 1167 573 maxime
1192 519 1324 560 cum
1351 520 1467 559 non
1495 502 1588 571 die
1619 506 1797 572 sexta,
1828 501 1928 557 sed
1967 518 2121 567 nona
2142 519 2201 597 Α

482 598 736 654 Januarii
756 598 815 653 in
843 598 1254 670 Martyrologiis
1282 600 1704 654 recenseantur.
1727 599 1812 655 An
1839 612 1971 652 vero
2001 600 2122 652 tam

482 692 653 765 longa
677 692 912 748 historia
936 693 996 747 in
1018 692 1232 765 Vigiliis
1265 692 1394 759 illis,
1426 695 1638 763 praeter
1662 692 1988 764 adjunctam
2025 692 2123 767 ho-

484 788 704 843 miliam
755 788 977 857 integra
1013 786 1389 856 legebantur?
1427 786 1680 840 Fortasse
1719 786 2122 841 breviabantur

484 882 551 936 ad
578 886 783 936 nutum
809 882 980 935 choro
1006 880 1379 951 praesidentis,
1395 896 1528 934 eum
1543 880 1612 934 ad
1627 881 1859 935 modum
1887 897 2002 952 quo
2024 880 2120 934 Ca-

483 976 639 1031 rolus
663 976 916 1046 Magnus,
946 990 1079 1029 cum
1108 972 1325 1044 Vigiliis
1348 970 1668 1041 interesset,
1701 975 1876 1029 finem
1900 974 2117 1030 Lectio-

482 1086 624 1126 num
651 1074 796 1127 nutu
826 1068 926 1123 seu
955 1068 1123 1122 sibilo
1143 1067 1488 1139 significasse
1510 1068 1846 1139 perhibetur
1869 1085 1905 1122 a
1930 1085 2121 1124 mona-

482 1164 589 1219 cho
620 1161 1067 1233 Sanctigallensi.
1111 1163 1171 1215 In
1198 1161 1538 1215 Mozarahico
1565 1162 1803 1216 celebris
1829 1166 1915 1217 est
1950 1163 2120 1217 etiam

479 1257 685 1312 horum
730 1261 1051 1327 martyrum
1093 1255 1384 1323 festivitas,
1417 1255 1514 1309 sed
1553 1256 1643 1311 die
1689 1256 1951 1327 sequenti
1992 1258 2120 1327 post

482 1350 879 1425 Epiphaniam,
909 1353 975 1405 ut
1000 1364 1066 1403 ex
1098 1349 1351 1404 Illatione
1376 1349 1746 1405 manifestum
1773 1354 1876 1405 est.

552 1447 615 1500 In
641 1444 880 1499 concilio
910 1442 1379 1498 Antissiodorensi
1416 1444 1554 1497 anni
1594 1445 1696 1499 578
1725 1447 2004 1498 statutum
2034 1448 2120 1498 est

476 1555 690 1596 canone
710 1541 763 1607 2,
792 1541 860 1594 Ut
880 1552 1060 1592 omnes
1087 1538 1395 1607 presbyteri
1426 1542 1552 1592 ante
1591 1539 1960 1608 Epiphaniam
1985 1538 2115 1593 mis-

475 1647 558 1691 sos
580 1647 704 1689 suos
744 1633 1013 1701 dirigant,
1039 1633 1137 1700 qui
1162 1632 1237 1685 eis
1280 1630 1347 1685 de
1382 1633 1653 1701 principio
1684 1632 2121 1701 Quadragesimz

476 1730 747 1789 nuntient,
766 1728 891 1781 etin
906 1727 1029 1795 ipsa
1054 1726 1368 1795 Epiphania
1393 1725 1469 1779 ad
1483 1726 1746 1795 populum
1771 1726 2031 1779 indicent.
2054 1725 2121 1779 Et

475 1821 537 1876 in
566 1820 746 1875 Libris
774 1819 1292 1886 Sacramentorum,
1321 1823 1461 1890 puta
1502 1819 1816 1887 Gelasiano,
1858 1818 1921 1873 in
1965 1817 2065 1872 lib.
2099 1835 2115 1871 ι

1269 396 1599 450 APPENDIX
1640 394 1728 450 AD
1763 393 1983 449 OPERA
2024 394 2255 450 SANCTI
2293 393 2592 457 GERMANI
2630 395 3055 453 PARISIENSIS.

3756 400 3848 456 180

2377 501 2549 552 Lectio
2579 502 2745 553 sancti
2768 502 3037 570 Evangelii
3058 501 3347 554 secundum
3370 502 3688 561 Matthmum.

2292 586 2565 660 Tempore
2592 588 2709 657 illo,
2737 582 3123 661 interrogavit
3153 586 3454 646 Dominum
3490 593 3683 647 Jesum
3713 608 3854 647 unus

2222 698 2291 736 ex
2321 683 2617 736 Pharisaeis
2646 682 2788 756 legis
2815 684 3010 736 doctor
3040 676 3322 755 temptans
3348 701 3501 754 eum,
3530 678 3662 754 etc.,
3692 692 3857 755 usque

2220 775 2326 838 Qui
2355 792 2412 830 se
2444 776 2710 831 humiliat
2757 775 3115 834 exaltabitur.
3150 778 3364 848 (Matth.
3406 795 3543 845 χχιι,
3584 782 3651 833 36
3692 795 3858 852 usque

2220 886 2378 938 XXIII,
2407 871 2514 943 l2.)

2522 994 2764 1033 LEGENDA
2802 994 2858 1031 ΙΝ
2913 996 3248 1036 FESTIVITATE
3289 998 3503 1037 SANCTE
3548 997 3753 1037 ΙΔΒῘΕ.

2397 1071 2628 1135 Epistola
2656 1073 2820 1122 sancti
2851 1073 2997 1122 Pauli
3022 1074 3246 1139 apostoli
3274 1075 3339 1124 ad
3363 1055 3680 1124 Corinthios.

2291 1156 2532 1227 Fratres,
2563 1157 2632 1212 de
2653 1157 2969 1229 virginibus
2990 1164 3338 1232 praeceptum
3360 1160 3584 1215 Domini
3609 1176 3726 1214 non
3755 1159 3851 1215 ha-

2217 1234 2343 1318 beo,
2366 1255 2498 1319 etc.,
2544 1267 2710 1322 usque
2735 1252 2891 1317 Quod
2930 1258 2987 1307 et
3015 1269 3121 1326 ego
3162 1253 3430 1326 spiritum
3460 1254 3558 1308 Dei
3584 1252 3848 1309 habeam.

2220 1340 2268 1413 (Ι
2290 1346 2409 1402 Cor.
2439 1360 2535 1412 vn,
2564 1343 2779 1415 25-40.)
3056 1418 3059 1422 1

2434 1446 2609 1497 Lectio
2632 1446 2798 1497 sancti
2822 1447 3090 1512 Evangelii
3116 1447 3404 1499 secundum
3428 1448 3640 1498 Lucam.

2289 1533 2568 1603 Tempore
2616 1533 2732 1602 illo,
2769 1550 3081 1606 exsurgens
3119 1538 3312 1589 autem
3348 1534 3520 1590 Maria
3556 1534 3617 1589 in
3661 1534 3856 1590 diebus

2217 1625 2328 1687 illis
2352 1625 2491 1680 abiit
2516 1626 2576 1680 in
2602 1631 2895 1696 montana,
2924 1633 3055 1698 etc.,
3081 1644 3248 1700 usque
3286 1629 3530 1685 Reversa
3554 1633 3638 1685 est
3663 1628 3727 1684 in
3756 1628 3852 1683 do-

2219 1735 2379 1774 mum
2406 1736 2588 1776 suam.
2621 1721 2766 1791 (Luc.
2797 1738 2835 1791 ι,
2867 1722 3069 1794 39-56.)

2578 1834 2759 1877 ΝΟΤᾸΞ
2815 1834 2893 1877 ET
2951 1833 3483 1880 OBSERVATIONES.

474 1930 638 1970 num.
674 1917 794 1979 103,
819 1915 1154 1971 Consecratio
1176 1928 1347 1967 sacrae
1364 1915 1593 1982 virginis
1613 1916 1671 1967 in
1698 1914 2009 1983 Epiphania
2034 1913 2119 1967 vel
2138 1889 2193 1963 B
2288 1910 2477 1966 Primo
2521 1917 2830 1984 conspectu
2872 1913 2984 1967 erit
3025 1915 3217 1968 forsan
3258 1914 3357 1985 qui
3393 1914 3685 1970 existimet.
3709 1914 3858 1972 hanc

472 2009 708 2064 secunda
732 2010 877 2073 feria
906 2009 1141 2069 Paschaz,
1161 2012 1259 2061 aut
1280 2010 1336 2060 in
1354 2007 1724 2077 apostolorum
1752 2008 2011 2061 natalitio
2042 2022 2121 2062 ce-

475 2102 679 2159 lebrari
707 2100 756 2173 1
774 2100 822 2173 1
840 2100 895 2172 '7
930 2100 1157 2155 dicitur.
1188 2102 1340 2167 Quod
1361 2101 1631 2155 decretum
1661 2106 1745 2156 est
1773 2101 1974 2156 Gelasii
1999 2100 2117 2172 pri-

473 2195 555 2251 mi
577 2195 636 2249 in
664 2194 899 2265 epistola
924 2197 955 2249 9
987 2194 1056 2249 ad
1079 2194 1372 2265 episcopos
1403 2193 1678 2247 Lucania).

541 2287 942 2345 Observatione
992 2288 1234 2359 dignum
1282 2287 1553 2358 estquod
1594 2286 1971 2357 Evangelium
2014 2304 2117 2359 pro

471 2382 616 2439 festo
659 2381 993 2454 Epiphania:
1042 2398 1113 2436 ex
1153 2380 1340 2436 tribus
1395 2381 1756 2451 evangelistis
1787 2385 2116 2437 contextum

473 2480 576 2545 est,
605 2475 689 2531 uti
715 2479 772 2530 et
799 2474 984 2545 passio
1010 2474 1072 2529 in
1102 2474 1192 2529 die
1247 2478 1441 2529 sancto
1488 2476 1820 2529 Parasceves
1854 2491 1924 2529 ex
1971 2491 2114 2546 qua-

473 2573 623 2624 tuor.
655 2569 714 2623 In
741 2567 958 2640 Vigiliis
981 2568 1191 2624 lectum
1221 2568 1408 2624 fuerat
1433 2585 1503 2623 ex
1542 2568 1706 2623 dictis
1744 2569 2115 2640 Evangelium

471 2678 540 2719 ex
578 2662 822 2718 Matthazi
858 2678 982 2733 cap.
1026 2679 1065 2716 ιι
1105 2662 1174 2717 de
1219 2662 1550 2718 adoratione
1585 2678 1923 2735 magorum,
1953 2664 2115 2734 cujus

471 2755 734 2812 etiamﬁt
758 2756 975 2811 mentio
1015 2755 1075 2811 in
1113 2756 1314 2811 Missali
1356 2756 1893 2828 Gothicogallicano.
1923 2758 2114 2828 Itaque

468 2851 678 2923 triplex
724 2850 932 2905 Christi
984 2849 1205 2905 Domini
1250 2850 1635 2906 manifestatio
1680 2851 1786 2905 hac
1824 2850 1916 2905 die
1942 2851 2114 2906 etiam

473 2948 608 3000 tunc
638 2944 1012 3011 recolebatur,
1041 2961 1251 3016 nempe
1264 2944 1518 3000 adoratio
1537 2943 1745 3001 Christi
1760 2960 1866 3015 per
1889 2960 2109 3015 magos,

473 3039 731 3111 ejusdem
768 3038 1103 3110 baptismns,
1155 3041 1214 3092 et
1254 3038 1511 3109 primum
1562 3037 1927 3107 miraculum,
1957 3037 2112 3109 quod

474 3132 713 3204 contigit
738 3132 798 3186 in
827 3132 1042 3204 nuptiis
1071 3132 1224 3203 apud
1249 3132 1456 3186 Canam
1482 3131 1724 3186 Galilcae.
1753 3131 1879 3185 Tria
1920 3131 2043 3186 haec
2079 3148 2113 3185 a

470 3227 708 3282 Paulino
754 3232 1148 3281 memorantur
1186 3226 1247 3280 in
1290 3226 1464 3279 natali
1493 3229 1524 3279 9
1563 3225 1634 3280 de
1670 3228 1866 3279 sancto
1907 3224 2108 3294 Felice,
2132 3261 2188 3336 Ο

469 3320 570 3375 ubi
596 3320 665 3375 de
695 3320 1009 3392 Epiphania
1031 3319 1169 3390 agit,
1198 3334 1437 3389 eamque
1466 3317 1616 3373 inter
1642 3318 1889 3389 majores
1912 3319 2113 3374 solem-

469 3414 675 3470 nitates
709 3418 996 3469 numerat.
1043 3412 1356 3467 Mazarabes
1383 3412 1586 3483 legunt
1634 3411 2007 3483 Evangelium
2042 3428 2112 3467 ex

472 3507 717 3565 Matthmi
737 3525 860 3579 cap.
893 3525 932 3562 ιι
954 3507 1023 3561 de
1050 3505 1377 3561 adoratione
1412 3522 1733 3577 magorum.
1772 3506 2112 3561 Minutulum

472 3607 579 3663 est.
595 3602 691 3657 sed
710 3605 901 3656 tamen
918 3616 1033 3655 non
1061 3599 1463 3668 omittendum,
1493 3600 1649 3670 quod
1676 3599 1738 3653 in
1763 3599 2113 3654 Lectionario

470 3696 770 3763 Gallicana,
822 3695 1075 3765 itemque
1124 3693 1182 3747 in
1227 3692 1427 3747 Missali
1476 3692 1709 3746 Gothico
1763 3694 2114 3764 Ephiphania

469 3789 683 3863 ubique
710 3787 996 3857 scribitur,
1026 3786 1293 3842 mendose
1319 3786 1573 3858 quidem,
1607 3786 1705 3841 sed
1723 3786 1902 3841 veteri
1931 3802 2109 3842 more.

789 3895 892 3950 XX.
924 3910 1013 3950 me
1038 3910 1291 3949 oommco
1320 3911 1443 3949 posr
1477 3910 1785 3949 EPIPBANIA.

920 4012 921 4017 η
966 3986 1139 4037 Lectio
1165 3987 1328 4037 Esaiae
1355 3987 1643 4051 prophetas.

541 4074 819 4144 Tempore
844 4072 962 4141 illo,
984 4088 1093 4144 ego
1123 4073 1310 4128 Esaias
1332 4073 1448 4127 vidi
1470 4072 1775 4128 Dominum
1798 4072 2109 4143 sedentem,

468 4171 782 4238 etc.,usque
804 4166 1176 4221 Convertatur
1200 4171 1257 4222 et
1283 4182 1478 4222 sanem
1506 4166 1810 4238 eum,dicit
1838 4166 2111 4222 Dominus

470 4260 856 4334 omnipotens.
892 4261 1018 4331 (Isa.
1046 4277 1119 4329 ιν,
1152 4261 1317 4332 HO.)

754 4359 984 4424 Epistola
1008 4357 1152 4408 Pauli
1175 4357 1396 4422 apostoli
1422 4358 1489 4409 ad
1515 4357 1827 4409 Corinthios.

544 4445 785 4513 Fratres,
818 4445 1002 4501 videte
1033 4444 1382 4500 vocationem
1409 4449 1677 4514 vestram,
1703 4448 1836 4513 etc.,
1862 4459 2031 4515 usque
2049 4444 2112 4498 In

472 4539 708 4596 Domino
731 4540 1028 4612 glorietur.
1052 4539 1099 4609 (Ι
1122 4541 1243 4598 Cor.
1276 4555 1314 4605 ι,
1339 4541 1390 4608 6,
1423 4539 1534 4610 31.)

680 4637 858 4687 Lectio
884 4630 1052 4688 sancti
1076 4634 1346 4700 Evangelii
1369 4635 1665 4685 secundum
1688 4637 1899 4685 Lucam.

538 4724 815 4795 Tempore
853 4723 974 4793 illo,
1005 4723 1161 4778 venit
1194 4720 1469 4778 Dominus
1505 4722 1665 4777 Jesus
1694 4720 1988 4790 Nazareth,
2017 4720 2117 4776 ubi

468 4823 590 4874 erat
626 4817 897 4886 nutritus,
929 4821 1060 4886 etc.,
1089 4832 1256 4886 usque
1293 4815 1431 4880 Quae
1476 4814 1858 4887 procedebant
1901 4814 1972 4870 de
2016 4829 2115 4870 ore

467 4911 666 4983 ipsius.
696 4910 844 4980 (Luc.
874 4926 948 4978 v1,
983 4908 1196 4982 16-22.)

466 5038 477 5046 '
700 5032 945 5073 LEGENDA
984 5033 1225 5073 SECUNDA
1268 5010 1526 5074 DOLIIl‘lICA
1572 5034 1697 5074 POST
1718 5033 2039 5073 £PIPHANIA.

904 5110 1081 5161 Lectio
1111 5110 1374 5161 Hierimire
1393 5111 1681 5176 prophetas.

543 5197 672 5253 Haec
712 5197 849 5252 dicit
898 5197 1174 5253 Dominus
1222 5198 1368 5253 Deus
1402 5214 1416 5253 :
1458 5199 1597 5253 Ecce
1622 5212 1731 5269 ego
1759 5196 2015 5252 auferam
2043 5197 2112 5253 de

418 5302 427 5309 ’
464 5292 595 5348 loco
614 5292 723 5347 isto
750 5292 812 5346 in
842 5291 1019 5347 oculis
1047 5292 1266 5360 vestris,
1296 5297 1352 5348 et
1383 5292 1444 5348 in
1469 5291 1667 5347 diebus
1695 5291 1893 5347 vestris
1916 5308 2112 5348 vocem

467 5385 684 5457 gaudii,
732 5391 862 5449 etc.,
894 5402 1061 5457 usque
1087 5388 1267 5452 Quam
1312 5386 1443 5442 dedi
1483 5385 1743 5457 patribus
1782 5403 2003 5458 eorum,
2034 5385 2113 5440 ait

466 5478 739 5535 Dominus
766 5481 932 5537 Deus.
958 5481 1172 5552 (Jerem.
1203 5496 1315 5550 xvr,
1360 5480 1540 5551 9-15.)

748 5582 977 5647 Epistola
1004 5580 1149 5633 Pauli
1171 5580 1397 5646 apostoli
1424 5581 1489 5632 ad
1514 5580 1828 5633 Corinthios.

542 5665 592 5741 1
608 5664 735 5742 18
779 5670 919 5726 ΝοΙο
967 5669 1124 5725 enim
1149 5683 1248 5723 vos
1271 5667 1557 5740 ignorare,
1584 5668 1810 5739 fratres,
1839 5669 2111 5742 quoniam

464 5765 675 5832 patres
698 5762 883 5818 nostri
926 5777 1127 5819 omnes
1159 5761 1264 5817 sub
1301 5761 1456 5818 nube
1500 5762 1754 5833 fuerunt,
1781 5767 1915 5834 ete.,
1944 5777 2112 5835 usque

464 5854 534 5909 Ut
558 5855 787 5925 possitis
819 5856 1102 5913 sustinere
1127 5856 1188 5913 in
1212 5856 1435 5914 Christo
1460 5858 1590 5914 Jesu
1615 5856 1855 5914 Domino
1892 5861 2107 5913 nostro.

462 5948 515 6013 tl
535 5949 656 6019 Cgr.
682 5948 955 6019 int-13.),
1000 6007 1013 6017 φ

2218 2005 2556 2061 beatissima:
2584 2007 2834 2076 Deiparae
2860 2007 3106 2077 Virginis
3129 2008 3488 2063 festivitatem
3530 2025 3648 2064 non
3684 2009 3854 2064 aliam

2219 2114 2340 2154 esse
2369 2115 2401 2152 a
2443 2100 2867 2167 Purilicatione,
2922 2102 3076 2171 quod
3126 2108 3184 2157 et
3229 2102 3501 2157 festorqu
3543 2103 3719 2157 series
3767 2102 3855 2158 hic

2218 2192 2510 2251 observata
2558 2193 2795 2248 suadere
2847 2193 3090 2250 videtur.
3141 2198 3212 2250 At
3235 2200 3452 2250 certum
3480 2201 3567 2251 est
3591 2197 3697 2251 hoc
3734 2196 3855 2251 loco

2218 2286 2521 2357 signiﬁcari
2559 2287 2737 2358 ipsius
2777 2288 3189 2358 depositionem
3229 2306 3330 2345 seu
3367 2290 3853 2362 assumptionem,

2217 2397 2391 2452 quam
2440 2397 2508 2436 xv
2558 2382 2676 2437 Kal.
2728 2381 3038 2449 Februarii,
3078 2382 3139 2437 id
3184 2388 3270 2437 est
3322 2382 3412 2437 die
3458 2387 3524 2439 18
3578 2383 3853 2451 Januarii,

2216 2474 2503 2546 quondam
2528 2475 2873 2529 celebratam
2900 2474 3078 2531 fuisse
3104 2476 3431 2547 antiquiora
3456 2477 3860 2549 Martyrologia

2215 2571 2516 2623 testantur.
2563 2567 3072 2640 Hieronymianum
3124 2574 3285 2624 vetus
3322 2570 3425 2625 aeri
3468 2570 3715 2625 incisum
3746 2588 3762 2626 :
3790 2588 3860 2626 xv

2214 2662 2341 2718 Kal.
2390 2663 2678 2717 Februarii
2726 2663 2987 2732 depositio
3040 2668 3240 2719 sanctae
3308 2666 3523 2720 Marias.
3578 2665 3856 2736 Epterna-

2215 2770 2378 2809 cense
2418 2771 2431 2809 :
2470 2756 2794 2827 Adsumptzb
2839 2761 3040 2812 sanctae
3093 2759 3304 2813 Marias.
3360 2759 3610 2813 Lucense
3635 2800 3651 2827 ,
3703 2758 3859 2830 quod

2214 2849 2543 2903 Franciscus
2601 2849 2771 2904 Maria
2833 2850 3191 2905 Florentinus
3252 2851 3539 2922 vulgavit,
3595 2868 3666 2907 xv
3727 2854 3855 2909 Kal.

2214 2943 2365 2998 Febr.
2397 2943 2658 3014 depositio
2682 2949 2884 2999 sancta":
2904 2960 2965 2998 ac
2986 2946 3233 3014 gloriosa
3260 2946 3426 3000 beata:
3450 2948 3645 3002 Maria
3663 2949 3861 3001 matris

2213 3039 2427 3093 Domini
2455 3040 2628 3092 nostri
2649 3040 2773 3093 Jesu
2804 3039 3024 3096 Christi.
3054 3038 3234 3103 Quem
3263 3039 3323 3093 in
3352 3039 3542 3094 locum
3586 3039 3859 3095 Florenti-

2211 3145 2321 3185 nus
2351 3130 2420 3185 de
2448 3130 2620 3202 hujus
2647 3130 2775 3185 festi
2808 3130 2878 3185 ad
2908 3131 3052 3186 hanc
3082 3131 3236 3187 diem
3281 3132 3636 3188 institutione
3662 3133 3862 3189 multis

2213 3223 2457 3293 disserit,
2499 3241 2673 3297 quam
2716 3241 2749 3278 a
2790 3225 3057 3280 Mauricio
3106 3225 3448 3298 imperatore
3489 3226 3550 3281 iu
3594 3243 3856 3283 mensem

2211 3321 2554 3387 Augustum,
2593 3302 2724 3374 cum
2769 3319 3038 3391 primitus
3078 3320 3137 3374 in
3165 3321 3430 3375 Januario
3454 3320 3859 3391 celebraretur,

2211 3413 2540 3467 translatam
2570 3413 2743 3467 fuisse
2767 3413 3053 3483 opinatur.
3092 3415 3153 3468 ln
3190 3414 3497 3468 veterrimo
3522 3415 3861 3471 Kalendario

2211 3510 2403 3560 nostro
2436 3505 2778 3574 Corbeiensi,
2815 3507 2972 3578 quod
2998 3506 3091 3561 vix
3120 3507 3362 3578 amplius
3395 3524 3512 3561 uno
3543 3512 3674 3579 post
3709 3509 3863 3563 Mau-

2211 3593 2416 3648 ricium
2442 3594 2647 3649 saeculo
2677 3601 2972 3649 exaratum
3003 3599 3104 3664 est,
3134 3612 3204 3649 xv
3234 3598 3360 3652 Kal.
3387 3598 3672 3653 Februarii
3700 3599 3863 3669 depo-

2210 3690 2334 3743 sitio
2377 3692 2579 3743 sancta:
2616 3691 2810 3744 Maria
2838 3691 3090 3758 virginis.
3127 3688 3381 3764 Denique
3419 3689 3481 3745 in
3517 3691 3863 3764 perantiquo

2212 3780 2571 3849 Floriaceusi,
2606 3781 2655 3855 1
2673 3780 2798 3855 19
2842 3782 2994 3854 quod
3023 3782 3131 3838 fuit
3160 3784 3447 3856 quondam
3482 3785 3731 3841 ecclesiae
3758 3786 3861 3842 Se-

2212 3880 2501 3948 nonensis,
2532 3880 2731 3934 eodem
2759 3880 2848 3934 die
2875 3885 3126 3951 notatur,
3154 3881 3469 3955 iisdemque
3484 3882 3673 3938 verbis
3686 3889 3863 3956 atque

2211 3972 2273 4028 in
2309 3973 2714 4045 Martyrologio
2754 3974 3011 4029 Lucensi.
3046 3975 3142 4029 His
3165 3977 3430 4031 omnibus
3459 3977 3677 4032 accedit
3699 3978 3861 4049 quod

2211 4070 2272 4129 in
2308 4071 2510 4128 Missali
2543 4071 2775 4127 Gothico
2820 4072 3011 4127 statim
3048 4078 3178 4144 post
3202 4074 3577 4146 Epiphaniam
3610 4074 3866 4132 habetur

2212 4167 2380 4222 Missa
2428 4168 2487 4219 in
2519 4165 2912 4237 Adsumptione
2936 4172 3137 4223 sanctae
3162 4170 3358 4224 Mariae
3402 4172 3599 4223 matris
3643 4173 3870 4226 Domini

2210 4260 2415 4328 nostri;
2444 4275 2560 4329 qua
2578 4259 2639 4313 in
2653 4259 2826 4314 missa
2852 4260 3017 4315 beata:
3041 4262 3284 4329 Virginis
3310 4275 3501 4329 corpus
3519 4262 3587 4317 de
3613 4265 3865 4334 sepulcro

2206 4353 2543 4408 translatum
2568 4352 2763 4419 fuisse,
2790 4369 2895 4408 nec
2916 4353 3291 4408 resolutionem
3307 4353 3595 4423 pertulisse
3634 4372 3862 4415 memo-

2209 4451 2390 4502 ratur.
2420 4446 2673 4518 Denique
2714 4446 2884 4518 (quod
2922 4463 3045 4502 rem
3085 4445 3309 4518 evincit)
3345 4447 3650 4518 Gregorius
3678 4451 3864 4506 Turo-

2210 4540 2403 4595 nensis
2462 4540 2779 4612 episcopus,
2846 4540 2904 4594 in
2970 4539 3070 4595 lib.
3119 4556 3135 4593 ι
3186 4540 3255 4595 de
3305 4540 3488 4595 Gloria
3535 4548 3865 4614 martyrum

2114 4634 2194 4708 -D
2216 4650 2340 4705 cap.
2368 4637 2422 4701 9,
2453 4634 2555 4690 ubi
2572 4634 2693 4706 agit
2716 4634 2785 4689 de
2811 4632 3039 4688 basilica
3062 4648 3167 4706 per
3191 4634 3625 4690 Constantinum
3660 4636 3720 4691 in
3753 4638 3864 4693 ho-

2214 4744 2415 4785 norem
2434 4728 2771 4784 beatissimae
2796 4726 3043 4798 Virginis
3069 4732 3410 4797 constructa,
3442 4751 3469 4779 ‹‹
3501 4729 3679 4800 Hujus
3704 4730 3868 4788 festi-

2217 4822 2378 4892 vitas,
2409 4839 2586 4891 sacra,
2612 4821 2820 4892 inquit,
2853 4819 3136 4877 mediante
3163 4839 3360 4879 mense
3390 4823 3691 4881 undecimo
3714 4827 3866 4882 cele-

2210 4915 2432 4985 bratur,
2466 4936 2494 4967 »
2525 4916 2583 4970 id
2611 4920 2696 4970 est
2722 4930 2917 4970 mense
2940 4914 3224 4971 Januario.
3256 4916 3414 4980 Quod
3441 4917 3509 4972 de
3556 4917 3732 4972 Gallia
3776 4920 3864 4975 in-

2213 5009 2586 5080 telligendum
2615 5024 2735 5063 esse
2764 5009 3061 5080 sequentia
3083 5010 3466 5079 manifestant,
3496 5011 3861 5086 probantqne

2212 5103 2320 5158 hoc
2344 5102 2555 5158 fe’stum
2582 5101 2801 5172 Vigiliis
2828 5108 3203 5175 prmventum,
3250 5121 3315 5159 ac
3356 5104 3595 5176 proinde
3632 5105 3860 5181 celebre

2210 5200 2349 5253 tunc
2390 5195 2562 5251 fuisse
2591 5213 2605 5250 :
2639 5216 2667 5244 «
2698 5197 2840 5252 Nam
2870 5197 2932 5252 in
2958 5197 3201 5253 oratorio
3229 5197 3612 5253 Marciacensis
3651 5198 3859 5254 domus

2210 5290 2451 5347 Arverni
2500 5289 2796 5357 territorii,
2828 5291 2952 5362 ejus
2980 5291 3237 5363 reliquias
3270 5292 3652 5347 continentur.
3681 5292 3863 5349 Adve-

2210 5385 2404 5442 niente
2428 5400 2561 5439 vero
2587 5385 2693 5440 hac
2714 5385 3037 5453 festivitate,
3066 5401 3173 5457 ego
3200 5386 3273 5441 ad
3313 5385 3673 5441 celebrandas
3696 5386 3855 5459 Vigi-

2210 5479 2312 5536 lias
2336 5478 2408 5535 ad
2434 5495 2570 5535 eum
2591 5479 2821 5537 accessi.
2854 5502 2882 5531 »
2912 5483 3106 5552 Itaque
3130 5496 3235 5553 per
3259 5479 3319 5534 id
3350 5482 3580 5552 tempus
3616 5480 3857 5536 celebris

2210 5574 2273 5632 in
2304 5573 2481 5632 Gallia
2515 5577 2637 5631 erat
2673 5575 2994 5647 Assumptio
3020 5574 3356 5631 beatissima:
3391 5574 3643 5647 Virginis
3669 5575 3733 5631 in
3759 5576 3852 5630 Ja-

2204 5669 2431 5739 nuario,
2479 5684 2609 5741 quin
2654 5667 2932 5727 festivitas
2979 5672 3187 5725 sancte
3234 5666 3420 5724 Maria:
3459 5668 3799 5741 simpliciter
3819 5687 3855 5726 a

2209 5762 2501 5835 Gregorio,
2528 5762 2615 5818 uti
2664 5767 2719 5818 et
2766 5763 2829 5818 in
2877 5761 3227 5818 Lectionario
3268 5764 3461 5819 nostro
3508 5763 3849 5836 appellatur.

2209 5858 2489 5913 Craterum
2516 5858 2768 5926 Augusto
2797 5871 2990 5911 mense
3018 5855 3125 5911 hoc
3150 5856 3363 5911 festum
3400 5855 3635 5928 ponitur
3675 5857 3736 5914 in
3767 5858 3852 5914 Li-

2088 6000 2097 6005 .
2207 5949 2312 6007 bro
2361 5949 2850 6008 Sacramentorum
2894 5949 3151 6023 Gregorii
3200 5950 3422 6023 Magni,
3478 5967 3591 6024 quo
3616 5956 3848 6010 auctore
