3968 6224
190 356 283 412 184

1294 355 1382 415 DE
1418 354 1731 417 LITURGIA
1767 356 2140 417 GALLICANA
2177 357 2376 415 LIBER
2414 358 2479 414 ΙΙ.

3473 346 3576 411 in

185 485 330 541 Galli
356 481 597 542 indubie
624 485 775 543 ῆιηά
808 486 869 544 in
898 485 1063 544 illum
1083 503 1338 545 mensem
1362 487 1777 546 transtulerunt
1806 506 1840 546 a
1858 476 1919 555 Α
1937 471 2185 524 nam“.
2202 467 2380 539 Hujus
2393 481 2526 521 “3’0
2539 463 2669 522 Ῑθπί
2683 462 3087 538 antiquum?!“
3103 458 3310 520 "tum
3324 456 3575 532 hymnus

178 584 444 650 tempore
489 581 676 636 Caroli
716 582 909 655 Magni
949 600 1080 638 cum
1118 582 1389 638 Ordinem
1425 584 1834 655 Gregorianum

179 679 577 745 susceperunt.
621 676 816 731 Serius
855 681 1048 731 tamen
1087 676 1238 747 apud
1277 676 1446 731 laicos
1483 683 1833 750 praeceptum

180 766 254 820 de
293 766 651 823 observando
692 770 801 824 hoc
852 770 993 825 festo
1031 775 1327 840 receptum
1366 774 1469 840 est,
1513 775 1577 825 ut
1614 776 1835 828 constat

172 862 309 914 tum
350 877 419 916 ex
455 862 773 933 Capitulari
807 863 986 917 Caroli
1035 864 1223 934 Magni
1262 864 1323 918 in
1361 863 1460 919 lib.
1504 881 1521 917 ι
1561 881 1685 937 cap.
1732 868 1831 921 158

172 969 348 1009 novae
376 955 661 1025 editionis,
695 961 820 1011 tum
845 973 913 1011 ex
940 958 1249 1021 Annalibus
1278 958 1622 1013 Bertinianis
1645 958 1717 1014 ad
1736 975 1833 1014 an-

176 1062 325 1103 num
353 1050 481 1115 862,
520 1066 636 1121 quo
666 1066 817 1105 anno
841 1052 1152 1107 Hunfridus
1171 1051 1517 1107 Morinorum
1538 1053 1832 1124 episcopus

176 1135 240 1195 id
276 1157 389 1212 pro
430 1141 636 1197 feriato
678 1143 877 1199 haberi
918 1150 975 1199 et
1015 1145 1290 1199 celebrari
1328 1146 1638 1211 mandavit.
1681 1147 1830 1219 Lege

176 1234 590 1291 Analectorum
618 1241 839 1292 tomum
867 1254 928 1293 III
956 1237 1017 1293 in
1043 1255 1179 1310 pag.
1209 1242 1334 1295 339.

328 1355 511 1411 XXIII.
543 1372 788 1411 LEGENDA
815 1374 872 1412 IN
897 1374 1173 1413 CATEEDRA
1202 1376 1388 1414 SANCTI
1416 1376 1583 1415 parm.

592 1547 768 1597 Lectio
800 1549 1023 1599 Actuum
1056 1550 1432 1613 apostolorum.

247 1633 533 1703 Tempore
560 1632 677 1702 illo,
706 1634 861 1688 misit
888 1634 1132 1689 Herodes
1158 1651 1259 1690 rex
1289 1652 1511 1707 manus,
1555 1640 1620 1691 ut
1658 1636 1822 1692 adﬂi-

172 1731 343 1797 geret
388 1726 672 1798 quosdam
714 1727 783 1781 de
827 1728 1088 1797 Ecclesia,
1137 1733 1268 1796 etc.,
1316 1746 1487 1800 usque
1532 1732 1825 1796 Quomodo

174 1820 457 1876 Dominus
486 1820 777 1876 eduxisset
799 1837 934 1877 eum
965 1823 1033 1877 de
1061 1839 1306 1878 carcere.
1344 1822 1487 1892 (Act.
1517 1841 1615 1892 xu,
1650 1826 1825 1897 1-17.)

328 1939 511 1990 Lectio
541 1940 708 1990 sancti
739 1940 1005 2006 Evangelii
1033 1941 1325 1992 secundum
1354 1943 1671 1995 Matthmum.

245 2042 537 2115 Tempore
566 2044 686 2113 illo,
709 2045 866 2099 venit
892 2045 1168 2100 Dominus
1183 2048 1341 2101 Jesus
1356 2046 1416 2102 in
1434 2052 1624 2118 partes
1638 2048 1821 2103 Cassa-

172 2154 311 2204 reze,
352 2142 490 2206 etc.,
527 2154 702 2208 usque
750 2139 869 2194 Erit
904 2140 1159 2194 solutum
1196 2144 1253 2195 et
1290 2140 1351 2194 in
1389 2141 1562 2197 caelis.
1606 2141 1820 2211 (Matth.

172 2247 285 2295 ιη,
336 2231 539 2301 15-19.)
580 2232 786 2288 Deinde
815 2235 1153 2288 continenter
1186 2252 1203 2288 :
1235 2236 1366 2288 Post
1404 2234 1527 2289 hac
1565 2234 1700 2289 dicit
1734 2235 1820 2291 Si-

1934 565 2004 619 de
2027 562 2167 617 festo
2194 561 2489 616 Cathedra:
2515 562 2806 629 Romana,
2838 558 2937 630 qui
2962 558 3212 628 hymnus
3239 555 3298 609 iu
3328 556 3574 625 Hymna-

1934 657 2044 725 rio,
2074 657 2271 711 Roma:
2292 670 2442 709 anno
2488 653 2770 726 superiori
2819 652 2988 707 editis
3013 649 3285 705 tribuitur
3309 648 3567 727 Paulino.

1932 750 2107 805 Porro
2132 754 2197 803 ut
2224 749 2411 820 potius
2429 749 2498 803 de
2518 748 2815 815 Cathedra,
2838 762 2967 819 quas
2983 742 3250 800 Januario
3278 738 3569 810 recolitur,

1932 859 2106 916 quam
2132 844 2201 898 de
2239 842 2417 897 altera
2450 840 2870 896 Lcctiouarium
2908 844 3169 895 nostrum
3207 837 3571 908 interpreter,

1930 937 2074 992 illud
2094 937 2343 991 maxime
2369 952 2461 991 me
2488 939 2695 1005 movet,
2719 935 2871 1006 quod
2900 935 2960 987 in
2988 950 3054 987 eo
3075 935 3456 987 numerentur
3472 929 3574 984 Do-

1932 1030 2154 1087 minicze
2178 1035 2291 1086 tres
2314 1035 2442 1102 post
2466 1029 2803 1085 Cathedram
2833 1026 3010 1082 sancti
3038 1026 3189 1081 Petri
3217 1029 3349 1080 ante
3374 1022 3571 1080 Domi-

1930 1125 2117 1180 nicam
2157 1124 2405 1197 primam
2453 1122 2929 1194 Quadragesimae.
2986 1119 3094 1187 Qui
3143 1118 3571 1174 Dominicarum

1929 1234 2203 1274 numerus
2234 1233 2267 1272 a
2293 1216 2383 1273 die
2415 1220 2483 1272 22
2516 1216 2806 1271 Februarii
2846 1230 3143 1287 nunquam
3173 1211 3451 1284 compleri
3476 1227 3575 1282 po-

1929 1314 2065 1382 test,
2121 1310 2484 1385 quantumvis
2532 1309 2747 1366 Pascha
2792 1308 2861 1363 ab
2914 1307 3255 1381 zequinoctio
3300 1303 3567 1362 declinet.

1928 1406 2082 1462 Adde
2122 1406 2182 1461 in
2218 1405 2418 1461 eodem
2453 1403 2804 1460 Lectionario
2830 1403 2968 1458 duas
2992 1405 3215 1457 tantum
3241 1397 3570 1471 {Dominicas

1928 1505 2057 1572 post
2095 1500 2473 1572 Epiphaniam
2505 1497 2801 1570 assignari,
2833 1512 2962 1569 quee
2989 1511 3110 1551 non
3134 1493 3490 1564 Isnﬂicerent,
3521 1488 3570 1546 si

1927 1595 2050 1649 alia:
2088 1598 2202 1649 tres
2246 1610 2280 1646 a
2312 1592 2591 1648 Cathedra
2629 1590 2922 1647 Februarii
2959 1592 3360 1645 numerentur.
3395 1584 3567 1657 Atqui

1927 1688 2077 1759 apud
2096 1687 2276 1743 Gallos
2296 1685 2595 1758 peculiaris
2616 1684 2724 1741 fuit
2737 1685 3029 1741 Cathedra:
3054 1681 3103 1756 1
3120 1681 3237 1759 21
3270 1678 3453 1736 sancti
3468 1679 3567 1734 Pe-

1925 1782 1999 1836 tri
2027 1782 2088 1836 in
2114 1781 2381 1835 Januario
2414 1780 2711 1850 memoria,
2750 1783 2814 1834 ut
2848 1779 3117 1834 discimus
3146 1792 3217 1831 ex
3242 1775 3568 1848 pervetusto

1846 1849 1903 1922 B
1927 1874 2331 1947 martyrologio
2362 1873 2699 1944 Gellonensi,
2721 1872 2781 1928 in
2802 1889 2915 1945 quo
2936 1873 3057 1929 haec
3078 1870 3249 1926 verba
3269 1869 3562 1941 leguntur,

1925 1969 1995 2024 ad
2016 1967 2370 2041 propositum
2399 1970 2598 2022 notatu
2639 1967 2814 2039 digna
2844 1983 2857 2020 :
2891 1983 2961 2023 xv
2996 1964 3116 2020 Kal.
3158 1961 3449 2018 Februarii
3475 1976 3565 2016 se-

1924 2057 2176 2113 cundum
2205 2057 2383 2112 Gallos
2408 2055 2683 2111 Cathedra
2706 2054 2883 2110 sancti
2907 2054 3060 2109 Petri
3082 2051 3344 2124 apostoli.
3367 2053 3430 2105 ln
3453 2050 3565 2105 alio

1923 2151 2258 2221 Gellonensi,
2283 2150 2438 2222 quod
2453 2154 2712 2222 tempore
2734 2146 2925 2203 Caroli
2940 2145 3127 2217 Magni
3142 2148 3437 2200 exemtum
3454 2132 3567 2213 est,"

1922 2245 2125 2300 eodem
2153 2244 2243 2299 die
2267 2242 2545 2299 Cathedra
2571 2241 2749 2297 sancti
2774 2240 2925 2296 Petri
2952 2237 3209 2313 apostoli,
3238 2254 3351 2310 qua
3374 2237 3560 2310 primo

171 2325 371 2380 meoni
396 2326 600 2380 Petro:
629 2326 827 2381 Simon
869 2327 1144 2382 Johannis
1183 2327 1372 2399 diligis
1414 2343 1507 2383 me
1536 2326 1666 2400 plus
1695 2329 1822 2385 his?
1921 2340 2114 2394 Roma
2160 2337 2322 2393 sedit.
2366 2339 2435 2391 At
2479 2336 2597 2391 sive
2632 2335 2774 2405 haec,
2822 2335 2937 2390 sive
2970 2334 3145 2389 altera
3185 2332 3555 2403 intelligatur,

168 2423 306 2487 εισι,
350 2434 523 2490 usque
560 2421 680 2485 Qua
724 2425 911 2477 morte
957 2420 1370 2478 Clariﬁcamms
1421 2426 1568 2478 esset
1615 2423 1816 2480 υθιιωο
1917 2432 2147 2488 nomine
2171 2431 2464 2486 Cathedraa
2492 2430 2669 2485 sancti
2708 2429 2860 2485 Petri
2902 2429 3023 2483 sine
3053 2426 3341 2498 adjuncto,
3374 2423 3560 2496 potius

170 2512 355 2581 (Ῑοαηο
384 2528 507 2581 XXI,
542 2514 754 2584 1549-)
1918 2525 2067 2582 Petri
2085 2525 2361 2581 confessio
2392 2528 2449 2581 et
2472 2524 2777 2599 primatus,
2806 2539 2980 2595 quam
3018 2521 3180 2577 sedes
3205 2512 3561 2575 Antiochéna

563 2624 745 2670 noua
779 2625 856 2668 ET
889 2623 1423 2671 OBSERVATIONES.
1916 2620 2240 2676 Romanave
2265 2620 2601 2689 honoratur,
2641 2622 2705 2673 ut
2730 2616 2916 2672 missze
2950 2615 3247 2671 Gallicanae
3282 2612 3403 2668 haec
3438 2611 3557 2667 col-

245 2706 297 2782 1
315 2706 445 2782 20
478 2707 541 2764 lu
578 2726 685 2764 ms.
716 2706 920 2765 Codice
950 2714 1078 2781 post
1103 2710 1337 2765 titulum
1364 2711 1618 2783 primum
1643 2712 1816 2786 hujus
1915 2713 2079 2769 lectio
2108 2713 2311 2785 probat
2336 2732 2350 2770 :
2383 2714 2531 2768 Deus
2552 2711 2651 2784 qui
2666 2711 2941 2766 hodierna
2962 2709 3052 2765 die
3071 2708 3305 2765 beatum
3322 2709 3555 2762 Petrum

166 2801 320 2870 festi,
344 2800 607 2857 avulsum
628 2806 713 2857 est
746 2819 925 2857 unum
944 2802 1166 2873 folium,
1188 2804 1341 2875 quod
1368 2804 1666 2862 lectionem
1692 2807 1812 2880 pri-
1914 2810 2041 2882 post
2065 2812 2119 2864 te
2148 2807 2349 2864 dedisti
2373 2809 2544 2878 caput
2568 2805 2849 2874 Ecclesiae,
2874 2820 3013 2859 cum
3041 2807 3097 2858 te
3123 2802 3218 2857 ille
3257 2817 3388 2856 vere
3414 2816 3552 2856 con-

170 2911 327 2949 mam
356 2912 425 2950 ex
447 2897 629 2951 Veteri
646 2897 1003 2951 Testamento
1029 2896 1370 2954 continebat.
1401 2899 1617 2971 Duplex
1642 2900 1814 2955 modo
1913 2901 2091 2958 fessus
2119 2902 2210 2972 sit,
2239 2905 2296 2957 et
2316 2901 2436 2973 ipse
2464 2917 2499 2955 a
2521 2904 2578 2955 te
2620 2900 2792 2972 digne
2826 2897 3092 2970 przelatus
3118 2896 3207 2966 sit,
3247 2899 3354 2950 etc.
3400 2894 3466 2949 Et
3493 2893 3554 2951 in

163 2989 467 3043 Cathedra
493 2990 672 3045 sancti
691 2989 843 3045 Petri
862 2990 1070 3046 festum
1091 2990 1431 3060 celebratur,
1454 2993 1697 3048 alterum
1724 2994 1814 3050 die
1913 2995 2333 3050 Contestatione
2361 3010 2375 3048 :
2403 2992 2579 3048 Testis
2616 2996 2702 3047 est
2741 2991 2862 3046 dies
2900 2989 3175 3046 hodierna
3215 2986 3368 3042 beati
3401 2985 3552 3041 Petri

169 3085 233 3137 10
258 3083 537 3153 Januarii,
571 3100 701 3137 cum
728 3085 928 3138 Petrus
954 3086 1179 3154 Romae;
1208 3085 1453 3141 alterum
1478 3090 1546 3142 22
1578 3088 1815 3142 Februa-
1913 3089 2188 3144 Cathedra
2233 3088 2587 3160 episcopatus
2626 3084 2899 3156 exposita,
2934 3084 2993 3138 in
3027 3098 3140 3154 qua
3175 3080 3306 3136 ﬁdei
3347 3078 3550 3135 merito

161 3176 256 3244 rii,
288 3192 423 3231 cum
450 3177 765 3232 Antiochia:
794 3177 1051 3250 primum
1077 3178 1286 3234 sedisse
1311 3180 1579 3235 creditur.
1610 3182 1812 3237 Utrum
1834 3223 1886 3253 η
1912 3182 2267 3237 revelationis
2293 3179 2650 3253 mysterium,
2682 3179 2889 3234 Filium
2911 3177 3008 3232 Dei
3028 3174 3372 3244 conﬁtendo,
3395 3188 3546 3247 prm-

161 3223 256 3244 ---,
290 3223 423 3231 -_-_
450 3223 764 3232 --..----..-._
794 3223 1051 3250 rm”..-
1077 3223 1285 3234 ,ωυρμ
1312 3223 1579 3235 --..........
1614 3223 1812 3237 νημ...
1912 3223 2267 3237 “meum..-
2294 3223 2650 3253 ...δρινκ-...η
2682 3223 2701 3234 .
2724 3223 2889 3234 ..-υ-υ
2912 3223 3008 3232 -ν-
3031 3223 3372 3244 π---η---πι
3398 3223 3514 3247 τη-

161 3268 275 3325 hoc
312 3270 441 3324 loco
478 3271 919 3343 intelligendum
957 3272 1048 3341 sit,
1089 3273 1324 3344 quaestio
1368 3278 1473 3330 est.
1505 3275 1813 3333 Posteriori
1833 3223 1889 3298 Ο
1912 3277 2060 3333 latus
2092 3276 2397 3348 apostolos,
2432 3291 2538 3345 pro
2566 3272 2857 3346 apostolus
2890 3272 2974 3327 vel
2996 3269 3284 3343 apostolis,
3316 3267 3545 3324 ordina-

160 3362 302 3418 illud
336 3363 509 3431 favet,
542 3365 699 3436 quod
733 3366 793 3420 in
814 3366 1197 3421 ecclesiasticis
1217 3367 1508 3440 quondam
1536 3368 1814 3441 rcceptior
1911 3377 2025 3428 tur.
2069 3372 2130 3425 In
2174 3370 2335 3441 cujus
2374 3368 2732 3424 confessione
2776 3369 2862 3422 est
2885 3364 3324 3421 fundamentum
3356 3361 3542 3417 Eccle-

159 3456 343 3513 fuerit
367 3459 491 3513 haec
514 3458 805 3527 festivitas,
838 3460 923 3515 uli
950 3460 1247 3515 Menardus
1280 3468 1475 3517 noster
1509 3463 1710 3534 probat
1749 3463 1811 3519 in
1912 3466 2029 3534 size,
2063 3470 2171 3520 etc.
2201 3465 2296 3519 His
2316 3463 2522 3531 verbis,
2561 3467 2627 3517 ut
2657 3461 2778 3533 jam
2816 3460 2956 3529 dixi,
2997 3459 3187 3532 potius
3222 3455 3372 3512 Petri
3409 3470 3543 3510 con-

162 3553 319 3608 notis
346 3552 419 3607 ad
446 3552 705 3623 Gregorii
737 3553 1270 3623 Sacramentarium,
1302 3554 1359 3610 in
1388 3572 1502 3628 quo
1539 3557 1658 3612 sola
1690 3557 1810 3612 haec
1910 3560 2074 3616 fessio
2116 3564 2174 3615 et
2212 3558 2509 3631 primatus,
2555 3572 2729 3628 quam
2776 3553 3129 3609 Antiochena
3165 3552 3253 3607 vel
3290 3552 3545 3606 Romana

162 3646 448 3702 Cathedra
491 3646 685 3701 locum
726 3646 916 3716 habet,
957 3664 1085 3718 quae
1120 3648 1428 3704 Februario
1469 3649 1805 3707 celebratur.
1908 3654 2185 3710 Cathedra
2212 3652 2561 3723 designatur.
2596 3648 2750 3705 Unde
2785 3647 2847 3702 in
2888 3646 3190 3703 veterrimo
3216 3642 3543 3702 Calendario

164 3741 379 3797 Dciudc
411 3740 471 3795 in
502 3740 708 3795 Missali
731 3740 967 3796 Gothico
989 3757 1092 3796 seu
1115 3741 1651 3815 Gothicogallicano,
1681 3749 1811 3816 post
1908 3754 2123 3816 nostro,
2152 3744 2353 3801 litteris
2379 3742 2706 3815 majusculis
2728 3741 2962 3814 scripto,
2987 3740 3222 3795 unicum
3244 3735 3541 3792 Cathedra:

160 3835 604 3890 Conversionem
643 3834 824 3889 sancti
861 3835 1036 3903 Pauli,
1079 3836 1241 3908 cujus
1284 3838 1564 3893 memoria
1602 3838 1667 3893 fit
1709 3855 1806 3893 VIII
1905 3840 2116 3897 festum
2143 3838 2482 3909 exprimitur
2506 3836 2719 3907 absque
2739 3835 3005 3906 adjuncto
3023 3832 3085 3888 in
3106 3832 3259 3887 hunc
3279 3829 3537 3886 modum.

161 3929 284 3984 Kal.
318 3928 633 3998 Februarii,
662 3928 1029 4000 subsequitur
1055 3932 1226 3987 Missa
1247 3933 1305 3985 in
1340 3931 1611 3987 Cathedra
1633 3935 1810 3988 sancti
1907 3951 2002 3990 vin
2031 3932 2151 3988 Kal.
2182 3930 2363 3989 Martii
2387 3929 2666 3985 Cathedra
2692 3928 2872 3983 sancti
2911 3926 3086 3983 Petri.
3136 3922 3383 3982 Consule
3421 3922 3538 3979 Me-

158 4024 311 4079 Petri
336 4023 595 4093 apostoli,
624 4038 752 4094 quae
776 4022 1009 4094 quidem
1027 4024 1360 4080 antecedere
1381 4024 1632 4094 deberet,
1664 4026 1709 4080 si
1737 4026 1806 4081 de
1906 4027 2151 4083 nardum
2175 4030 2231 4080 et
2258 4022 2563 4080 Frontonis
2587 4021 3005 4078 Calendarium.
3029 4020 3264 4076 Samson
3285 4014 3539 4073 Dolensis

158 4116 441 4172 Cathedra
462 4115 719 4171 Januarii
754 4115 875 4171 ᾕδεις
913 4117 1084 4171 missa
1114 4123 1261 4173 esset
1286 4118 1675 4189 intelligenda.
1709 4119 1805 4174 De-
1907 4120 2212 4192 Episcopus
2249 4118 2309 4174 in
2336 4116 2489 4173 beati
2516 4115 2765 4188 Apostoli
2799 4114 3083 4171 Cathedra
3116 4112 3414 4170 ordinatus
3448 4108 3537 4166 di-

154 4209 331 4281 nique
369 4208 433 4263 in
456 4208 697 4263 concilio
737 4226 775 4263 u
815 4210 1128 4265 Turonensi
1157 4211 1295 4265 anni
1335 4214 1437 4266 567
1477 4227 1694 4266 canone
1735 4215 1805 4268 22
1906 4215 2053 4271 citur
2091 4213 2163 4269 ab
2204 4227 2490 4284 anonymo
2525 4210 2750 4283 aequali,
2784 4209 2887 4282 qui
2920 4209 3045 4280 ejus
3090 4208 3277 4263 Vitam
3317 4203 3540 4261 duobus

158 4302 665 4374 reprehenduntur
689 4302 749 4368 ii,
782 4305 879 4373 qui
906 4305 963 4357 in
985 4306 1286 4372 festivitate
1311 4305 1592 4361 Cathedra:
1620 4306 1806 4361 damni
1905 4308 2064 4364 libris
2115 4307 2340 4380 scripsit
2391 4322 2407 4362 :
2458 4305 2558 4362 sed
2615 4308 2746 4361 utra
2793 4304 2868 4361 sit
2917 4303 3014 4360 illa
3062 4300 3361 4368 Cathedra,
3420 4312 3539 4355 non

157 4398 305 4451 Petri
334 4397 576 4466 apostoli
599 4397 744 4451 cibos
778 4400 1005 4452 mortuis
1030 4398 1351 4468 offerebant,
1384 4403 1435 4453 et
1457 4404 1581 4469 post
1609 4402 1803 4456 missas

157 4490 229 4545 ad
252 4490 547 4558 gentilium
572 4491 983 4545 revertebantur
1000 4506 1226 4547 errores.
1247 4492 1407 4556 Quod
1431 4492 1501 4547 dc
1526 4494 1805 4550 Cathedra

154 4582 451 4637 Februarii
470 4582 768 4638 Menardus
792 4588 987 4640 noster
1001 4584 1446 4656 interpretatur:
1469 4602 1584 4658 quo
1604 4604 1799 4645 mense
1819 4600 1880 4672 D

152 4674 305 4746 apud
332 4675 581 4747 gentiles
608 4676 934 4748 Lupercalia
958 4676 1019 4733 in
1045 4694 1155 4733 usu
1180 4683 1362 4748 erant,
1390 4695 1637 4751 quorum
1675 4680 1803 4736 reli-

152 4768 314 4840 quias
342 4769 408 4823 in
432 4769 611 4825 Gallia
639 4770 915 4827 damnant
941 4772 1132 4828 Patres
1158 4772 1413 4844 praedicti
1441 4773 1663 4829 concilii
1687 4775 1800 4829 Tu~

151 4863 436 4918 ronensis.
469 4864 537 4919 Et
563 4869 753 4919 tamen
783 4864 1033 4921 Gelasius
1056 4882 1203 4938 papa
1226 4867 1268 4932 l,
1292 4866 1390 4939 qui
1408 4865 1632 4938 primus
1650 4868 1802 4939 apud

149 4957 438 5012 Romanos
458 4956 635 5028 impia
660 4958 781 5012 haec
809 4975 968 5013 sacra
992 4958 1239 5027 sustulit,
1267 4959 1469 5015 asserit
1487 4959 1545 5015 in
1568 4961 1802 5032 epistola

149 5067 249 5104 sua
314 5050 390 5104 ad
447 5050 909 5106 Andromacham
959 5056 1299 5119 senatorem,
1355 5053 1680 5123 Lupercalia
1740 5054 1802 5109 in

151 5148 341 5203 Galliis
363 5164 669 5219 nunquam
692 5148 1024 5206 obtinuisse.
1053 5150 1137 5207 Ob
1163 5166 1357 5205 causas
1380 5151 1679 5223 praedictas
1702 5169 1803 5224 po-

152 5242 263 5297 tius
298 5243 375 5297 de
418 5242 700 5298 Cathedra
744 5243 1054 5315 Februarii,
1099 5260 1275 5316 quam
1320 5243 1389 5299 de
1431 5244 1542 5299 alia
1577 5245 1800 5301 Lectio-

153 5336 383 5392 narium
410 5341 672 5392 nostrum
693 5336 884 5393 forsan
913 5337 1401 5410 interpretandam
1429 5339 1699 5395 nonnulis
1724 5338 1802 5394 vi-

154 5429 402 5486 debitor.

218 5526 434 5580 Verum
458 5524 551 5579 his
574 5524 838 5597 quaedam
854 5524 1086 5597 majoris
1100 5525 1379 5582 momenti
1396 5526 1792 5582 adversantur.

152 5617 348 5673 Levius
363 5616 626 5690 estquod
640 5618 702 5674 in
721 5618 1074 5675 Lectionario
1099 5623 1295 5676 nostro
1320 5620 1532 5677 festum
1555 5622 1794 5676 Assum-

152 5712 356 5782 ptionis
381 5711 635 5784 Deiparm
652 5713 916 5785 proxime
935 5713 1304 5786 subsequitur
1323 5713 1602 5770 Cathedra
1622 5713 1800 5769 sancti

152 5805 319 5875 Petri,
347 5821 485 5879 quia
513 5806 714 5863 eodem
737 5808 850 5878 die,
877 5808 989 5864 hoc
1019 5813 1105 5863 est
1130 5824 1203 5864 xv
1245 5808 1365 5862 Kal.
1394 5805 1707 5875 Februarii,
1737 5807 1798 5863 in

159 5899 570 5975 Iartyrologiis
599 5901 861 5976 Lunensi,
891 5902 1204 5976 Corbiensi,
1229 5900 1467 5977 aliisque
1510 5900 1798 5961 nonnullis

1903 4402 2105 4475 liquet.

1974 4530 2146 4586 XXIV.
2177 4544 2265 4583 ma
2293 4542 2550 4583 nommco
2580 4542 2705 4581 posr
2732 4540 3048 4581 CATHEDBAM
3074 4538 3260 4579 smcrr
3286 4535 3459 4577 PETRI.

2393 4632 2569 4684 Lectio
2594 4635 2739 4684 Osca:
2763 4632 3050 4697 propheta).

1974 4732 2100 4786 llaec
2135 4728 2269 4784 dicit
2303 4728 2620 4783 Dominus:
2665 4727 2868 4783 Audite
2905 4725 3143 4782 verbum
3172 4724 3402 4782 Domini
3429 4722 3534 4781 ﬁlii

1904 4823 2133 4893 Israhel,
2174 4821 2307 4895 quia
2346 4820 2630 4894 judicium
2675 4820 2915 4876 Domino
2951 4837 3082 4877 cum
3126 4819 3535 4876 habitatoribus

1899 4922 2087 4989 tcrrze,
2109 4922 2240 4983 etc.,
2271 4931 2442 4987 usque
2466 4914 2896 4970 Confundentur
2922 4932 2955 4973 a
2981 4913 3266 4971 sacriﬁciis
3293 4914 3429 4984 suis,
3456 4911 3536 4970 ait

1901 5011 2174 5067 Dominus
2200 5011 2367 5066 Deus.
2399 5008 2561 5081 (Osca:
2586 5026 2659 5080 ιν,
2686 5010 2862 5081 1-19.)

2231 5125 2465 5191 Epistola
2488 5124 2631 5176 Pauli
2655 5124 2877 5190 apostoli
2898 5125 2963 5176 ad
2984 5126 3206 5178 Galatas.

1973 5219 2083 5272 Vos
2111 5219 2305 5272 autem
2340 5216 2401 5271 in
2428 5215 2753 5273 libertatem
2788 5216 2968 5272 vocati
3002 5216 3152 5288 estis,
3189 5220 3320 5288 etc.,
3366 5232 3535 5288 usque

1901 5311 1990 5367 Sic
2017 5308 2402 5383 adimplebitis
2426 5309 2617 5383 legem
2649 5310 2875 5367 Christi.
2916 5309 3118 5381 (Galat.
3159 5326 3213 5381 ν,
3248 5313 3334 5381 13,
3366 5325 3533 5380 usque

1901 5421 1975 5474 vl,
2006 5405 2082 5476 2.)

2056 5514 2234 5567 Lectio
2258 5514 2424 5566 sancti
2445 5515 2717 5580 Evangelii
2744 5514 3035 5567 secundum
3058 5514 3376 5568 Matthmum.

1967 5623 2031 5676 In
2058 5619 2159 5677 illo
2179 5624 2459 5693 tempore,
2477 5618 2794 5691 adsumpsit
2818 5619 3093 5675 Dominus
3117 5620 3276 5676 Jesus
3297 5622 3531 5678 Petrum

1899 5718 1957 5770 et
1981 5714 2250 5770 Jacobum
2276 5712 2327 5787 1
2343 5712 2471 5790 22
2499 5719 2556 5770 et
2581 5713 2897 5768 Jobannem
2922 5712 3160 5769 fratrem
3201 5715 3345 5785 ejus,
3395 5718 3525 5777 etc.,

1900 5824 2068 5878 usque
2084 5809 2270 5864 Donec
2287 5807 2438 5866 titius
2449 5805 2698 5865 hominis
2709 5822 2742 5858 a
2753 5805 2996 5861 mortuis
3009 5809 3289 5878 resurgat.
3307 5804 3525 5878 (Matth.

1898 5918 2035 5975 xvn,
2066 5902 2186 5961 t-9.
