3968 6224
441 343 540 401 183

1225 346 1559 402 APPENDIX
1596 348 1682 400 AD
1719 347 1938 402 ΟΡΕΗΑ
1977 348 2211 404 SANCTI
2246 346 2546 403 GERMANI
2586 344 3010 403 PARISIENSIS.

3723 343 3830 401 184

524 453 672 511 XXV.
711 466 950 511 saccum
988 467 1249 547 DOMIng
1288 470 1412 509 Ροετ
1447 469 1764 510 uruanas):
1803 470 1989 511 sucu
2098 472 2293 547 Asua
2337 454 2478 510 item
2523 456 2737 527 regula
2782 452 3125 527 appendice,
3161 474 3190 505 ‹‹
3230 452 3315 510 Ab
3346 449 3691 524 Epiphania,
3736 449 3827 508 in-

1172 541 1344 580 PETRI.

886 618 1062 670 Lectio
1086 616 1350 669 Hierimia
1376 616 1666 681 propheta.

510 706 786 778 Tempore
811 705 932 774 illo,
952 705 1163 759 factum
1199 709 1284 759 est
1311 704 1549 759 verbum
1577 704 1805 761 Domini
1838 705 1910 760 ad
1945 704 2075 761 Ilie-

441 799 690 868 rimiam,
734 800 971 856 dicens:
1014 800 1140 853 Haec
1185 797 1321 852 dicit
1366 798 1637 854 Dominus
1679 799 1823 854 Deus
1861 800 2075 856 exerci-

438 896 627 963 tuum,
657 894 802 947 Deus
835 891 1078 946 Israhel:
1106 890 1277 960 Vade,
1317 895 1373 946 et
1419 891 1508 947 dic
1537 891 1671 946 viris
1707 893 1849 948 Juda
1884 897 1942 950 et
1971 894 2076 949 ha-

438 986 776 1044 bitatoribus
827 984 1176 1039 Hierusalem
1219 1001 1233 1039 :
1287 984 1577 1057 Numquid
1630 1001 1747 1041 non
1794 986 2078 1059 recipietis

373 1126 382 1134 .
440 1078 863 1151 disciplinam...
895 1081 957 1133 ut
984 1077 1259 1134 obediatis
1287 1077 1448 1147 mihi,
1478 1077 1616 1134 dicit
1642 1078 1933 1136 Dominus.
1958 1080 2075 1151 Ego

442 1177 633 1228 autem
677 1172 897 1227 locutus
936 1187 1064 1226 sum
1098 1171 1169 1226 ad
1206 1187 1307 1226 vos
1342 1171 1412 1226 de
1450 1187 1620 1227 mane
1659 1188 2074 1243 consurgens...

434 1281 621 1338 neque
650 1265 887 1320 audistis
910 1281 1024 1320 me.
1054 1264 1264 1320 Idcirco
1301 1264 1421 1321 hac
1452 1264 1589 1321 dicit
1616 1265 1893 1320 Dominus
1922 1282 2079 1321 excr-

432 1359 672 1430 cituum,
705 1359 852 1414 Deus
871 1357 1079 1413 Israhel
1108 1377 1125 1413 :
1144 1359 1281 1414 Ecce
1304 1374 1413 1430 ego
1434 1359 1653 1415 adduco
1674 1376 1848 1431 super
1864 1360 2074 1417 Iuda...

433 1458 489 1509 et
518 1469 639 1509 non
675 1452 1094 1526 responderunt
1138 1452 1301 1508 mihi.
1341 1453 1496 1509 Tolle
1541 1453 1812 1509 volumen
1838 1452 1992 1522 libri,
2023 1457 2081 1508 et

430 1545 611 1602 scribe
636 1545 698 1601 in
729 1561 864 1601 eo...
896 1549 953 1601 et
991 1545 1269 1617 propitius
1309 1562 1406 1602 ero
1437 1546 1724 1620 iniquitati
1749 1550 1807 1601 et
1847 1551 2077 1617 peccato

432 1655 656 1710 eorum,
686 1638 764 1694 ait
790 1638 1062 1694 Dominus
1086 1640 1253 1694 Deus.
1282 1638 1476 1709 (Ierem
1506 1681 1519 1696 .
1570 1656 1734 1710 xxxv,
1780 1642 1867 1709 I3,
1909 1655 2080 1710 usque

434 1749 623 1803 xxxvi,
654 1736 707 1803 3,
736 1733 1062 1803 quibusdam
1092 1734 1352 1804 omissis.)

732 1825 965 1889 Epistola
988 1825 1132 1875 Pauli
1156 1825 1382 1890 apostoli
1408 1824 1475 1876 ad
1500 1826 1771 1890 Ephesios.

508 1912 750 1981 Fratres,
789 1910 1087 1967 fornicatio
1113 1916 1171 1966 et
1206 1912 1393 1967 omnis
1417 1912 1782 1967 immunditia
1814 1916 1915 1967 aut
1943 1928 2075 1967 ava-

435 2004 565 2060 ritia
587 2021 693 2061 nec
720 2004 1052 2061 nominetur
1075 2004 1137 2059 in
1162 2005 1342 2075 vobis,
1372 2007 1503 2075 etc.,
1528 2021 1699 2076 usque
1721 2005 1968 2077 Subjecti
1996 2006 2080 2060 in-

432 2098 612 2155 vicem
639 2098 702 2153 in
729 2098 933 2154 timore
963 2097 1191 2155 Christi.
1225 2098 1445 2168 (Ephes.
1478 2116 1532 2154 v.
1562 2099 1738 2169 3-21.)

648 2191 824 2241 Lectio
855 2189 1022 2240 sancti
1046 2190 1314 2254 Evangelii
1340 2191 1631 2241 secundum
1662 2193 1871 2243 Lucam.

506 2270 714 2327 Diebus
763 2271 893 2339 illis,
950 2287 1078 2327 ecce
1134 2271 1369 2343 quidam
1416 2271 1781 2343 legisperitus
1833 2273 2083 2329 surrexit

437 2368 723 2436 temptans
772 2365 1081 2420 Dominum
1128 2365 1340 2433 Iesum,
1396 2369 1455 2420 et
1502 2364 1693 2420 dicens
1732 2381 1747 2420 :
1794 2365 2077 2438 Magister,

437 2458 580 2531 quid
603 2457 864 2513 faciendo
894 2458 1070 2512 vitam
1099 2462 1371 2512 aeternam
1396 2456 1738 2529 possidebo?
1757 2463 1887 2529 etc.,
1910 2474 2082 2529 usque

438 2551 589 2607 Vade
615 2555 672 2606 et
688 2554 754 2606 tu
780 2551 865 2605 fac
896 2551 1175 2607 similiter.
1207 2550 1357 2621 (Luc.
1387 2567 1441 2620 x,
1469 2552 1681 2622 25-37.)

439 2653 613 2709 XXVI.
653 2668 841 2708 TERTIA
878 2668 1140 2707 DOMINICA
1177 2669 1301 2707 POST
1329 2669 1648 2709 CATHEDRAM
1678 2671 1865 2710 SANCTI
1901 2672 2076 2712 PETRI.

914 2740 1092 2791 Lectio
1125 2741 1289 2792 Esaia
1322 2742 1611 2806 prapheta.

512 2826 641 2880 Hac
679 2824 816 2880 dicit
851 2825 1162 2881 Dominus:
1195 2828 1257 2881 In
1292 2831 1550 2898 tempore
1577 2827 1786 2899 placito
1820 2828 2084 2884 exaudivi

439 2924 516 2990 te,
547 2923 680 2986 etc.,
708 2935 880 2989 usque
910 2919 1258 2991 Redemptor
1284 2924 1418 2975 tuus
1443 2921 1608 2976 fortis
1631 2920 1824 2992 Jacob,
1862 2920 1942 2976 ait
1969 2922 2077 2977 Do-

442 3012 632 3069 minus
663 3001 828 3085 Deus.
862 3013 989 3082 (Isa.
1017 3029 1164 3081 xux,
1194 3015 1373 3085 8-26.)

705 3106 938 3170 Epistola
962 3106 1110 3156 Pauli
1132 3106 1353 3170 apostoli
1378 3105 1444 3156 ad
1468 3105 1819 3156 Colossenses.

2178 548 2321 621 quit,
2371 565 2549 621 usque
2594 549 2832 616 Pascha,
2874 547 3131 619 quotidie
3164 545 3554 617 jejunandum
3600 544 3828 616 absque

2177 642 2495 714 majoribus
2542 642 2960 708 festivitatibus,
3008 640 3261 696 Sabbato
3317 642 3376 693 et
3426 638 3753 696 Dominica.
3798 662 3824 687 ››

2177 736 2293 792 Sed
2326 736 2448 791 hac
2482 736 2784 792 monachis
2813 737 2996 801 erant,
3031 750 3149 789 non
3196 732 3507 790 universim
3551 731 3830 787 omnibus

2179 830 2530 901 praescripta.
2584 832 2645 884 In
2694 828 2899 884 Missali
2940 826 3292 883 Mozarabico
3340 825 3643 881 Dominica
3688 826 3831 897 Sep-

2181 922 2518 994 tuagesima
2539 939 2655 977 non
2670 925 2871 991 exstat,
2887 938 2991 975 nec
3005 920 3389 991 Sexagesima
3409 937 3422 987 ;
3446 923 3505 974 at
3523 918 3831 975 Dominica

2180 1020 2315 1071 ante
2346 1016 2503 1072 diem
2535 1016 2808 1072 Cinerum
2836 1015 2933 1070 Ad
2956 1030 3145 1069 carnes
3178 1014 3445 1068 tollendas
3477 1014 3828 1085 appellatur,

2180 1125 2353 1181 quam
2398 1109 2657 1180 sequitur
2689 1108 2838 1163 feria
2882 1110 3087 1179 quarta
3113 1107 3405 1173 Cinerum,
3440 1106 3637 1163 forsan
3667 1106 3831 1162 haud

2178 1219 2246 1257 ex
2278 1202 2554 1274 primaria
2585 1202 2967 1257 institutione.
2996 1203 3058 1256 In
3084 1201 3287 1272 regula
3307 1200 3489 1256 sancti
3513 1199 3699 1256 Patris
3729 1201 3831 1256 Be-

2180 1295 2393 1350 nedicti
2439 1296 2597 1350 nulla
2623 1295 2842 1349 mentio
2880 1295 2951 1348 de
2983 1294 3444 1365 Septuagesima,
3481 1296 3539 1347 et
3576 1294 3831 1349 Alleluia

2180 1405 2359 1459 usque
2395 1387 2469 1443 ad
2492 1388 3009 1458 Quadragesimam
3041 1387 3100 1440 in
3136 1387 3338 1441 officiis
3373 1386 3577 1440 divinis
3616 1387 3833 1441 retine-

2179 1481 2291 1548 tur',
2319 1481 2400 1535 uti
2423 1481 2687 1552 etiam_in
2712 1479 3327 1535 Ordine'Mozarabico.’
3342 1481 3415 1533 At
3433 1480 3491 1533 in
3506 1479 3828 1534 Celaslano

2178 1574 2433 1645 vulgato,
2465 1573 2653 1627 missa
2694 1590 2798 1645 pro
2835 1573 3296 1645 Septuagesima,
3337 1572 3730 1644 Sexagesima,
3769 1577 3829 1627 et

2182 1666 2677 1738 Quinquagesima
2728 1666 3035 1721 habentur.
3067 1666 3499 1737 Sexagesimam
3533 1668 3833 1720 memorat

2179 1760 2449 1830 Magister
2488 1760 2547 1813 in
2584 1760 2797 1830 regula
2831 1777 2945 1813 sua
2976 1776 3100 1830 cap.
3148 1762 3236 1814 28.
3271 1759 3456 1829 Caput
3483 1757 3825 1829 Quadrage-

2096 1842 2154 1913 B
2178 1853 2337 1907 sima
2370 1870 2403 1907 a
2431 1852 2732 1908 Dominica
2756 1853 2964 1924 prima,
2991 1869 3107 1907 non
3139 1868 3173 1906 a
3203 1851 3349 1906 feria
3380 1851 3655 1906 Cinerum
3684 1852 3825 1906 olim

2178 1946 2509 2017 incipiebat,
2554 1946 2731 1999 etiam
2772 1949 3033 2017 tempore
3075 1945 3334 2015 Gregorii
3371 1945 3579 2016 Magni.
3632 1946 3825 2016 Argu-

2179 2043 2377 2094 menta
2408 2040 2559 2093 hanc
2590 2039 2647 2092 in
2679 2055 2803 2092 rem
2830 2039 3038 2093 videsis
3066 2038 3220 2110 apud
3239 2038 3598 2093 Menardum.

2321 2142 2515 2196 XXVII.
2558 2157 2805 2195 LEGENDA
2859 2158 2916 2195 ιη
2956 2157 3162 2195 INICIUM
3201 2157 3678 2203 ouannaomsrua.

2640 2230 2816 2280 Lectio
2841 2230 3005 2280 Esaia
3030 2230 3324 2295 propheta.

2255 2310 2447 2384 124
2490 2313 2618 2366 Hac
2664 2312 2801 2366 dicit
2846 2312 3168 2367 Dominus:
3220 2313 3437 2378 Clama,
3488 2328 3561 2366 ne
3612 2327 3824 2376 cesses,

2181 2405 2344 2476 quasi
2375 2404 2515 2459 tuba
2542 2406 2729 2460 exalta
2758 2421 2959 2460 vocem
2988 2408 3168 2472 tuam,
3199 2409 3331 2473 etc.,
3360 2420 3530 2475 usque
3556 2403 3632 2459 Os
3666 2405 3826 2459 enim

2181 2498 2409 2553 Domini
2434 2499 2737 2569 loquutum
2766 2502 2870 2566 est,
2891 2498 2971 2553 ait
2996 2499 3275 2554 Dominus
3303 2499 3471 2554 Deus.
3503 2498 3635 2581 (Isa.
3669 2514 3824 2565 Lvul,

2282 2593 2298 2617 ι

2282 2593 2298 2617 ι

2184 2591 2351 2662 ἰοί-ι.)
2450 2662 2683 2725 Ερίειοια
2715 2663 2862 2713 pan“
2885 2662 3108 2727 apostoli
3148 2662 3213 2713 ad
3242 2661 3559 2712 Corinthios.

2252 2744 2394 2797 Ecce
2441 2760 2595 2799 nunc
2640 2747 2869 2816 tempus
2900 2744 3270 2815 acceptabile,
3319 2759 3450 2797 ecce
3496 2759 3651 2799 nunc
3700 2742 3829 2797 dies

2182 2836 2399 2903 salutis,
2430 2840 2539 2891 etc.
2577 2838 2894 2893 Conventio
2927 2838 3249 2893 Christi.....
3277 2838 3356 2908 (II
3389 2837 3507 2892 Cor.
3544 2853 3620 2903 vr,
3652 2836 3829 2906 2-15.)

2554 2944 2735 2989 NOTAE
2776 2946 2854 2989 ET
2908 2943 3439 2990 OBSERVATIONES.

2253 3015 2547 3070 Consonat
2595 3016 2790 3070 titulus
2818 3016 3052 3071 Missalis
3095 3015 3317 3071 Gothici
3363 3032 3463 3069 seu
3507 3014 3827 3070 Gallicani:

2184 3108 2327 3163 Ordo
2346 3110 2525 3163 missa
2550 3111 2611 3163 in
2636 3111 2854 3164 initium
2875 3110 3331 3177 Quadragesima.
3366 3108 3630 3179 Epistola
3653 3108 3832 3179 hujus

513 3187 754 3257 Fratres,
808 3188 1027 3242 induite
1075 3204 1193 3256 vos,
1261 3187 1409 3241 sicut
1474 3186 1637 3240 electi
1696 3185 1815 3256 Dei,
1867 3187 2076 3243 viscera

2206 3200 2313 3255 inis
2357 3203 2415 3254 et
2468 3201 2842 3272 Evangelium
2895 3218 3258 3273 consequens
3316 3201 3495 3265 deest,
3544 3201 3831 3271 quoniam

440 3280 863 3350 misericordia,
897 3279 1089 3353 123
1118 3284 1248 3348 etc.,
1282 3294 1454 3349 usque
1481 3279 1695 3334 Gratias
1714 3283 1947 3352 agentes
1967 3281 2082 3336 Deo

441 3379 500 3430 et
539 3374 691 3429 Patri
731 3389 836 3445 per
874 3372 1087 3445 ipsum,
1127 3372 1227 3445 qui
1262 3377 1347 3427 est
1386 3372 1715 3458 benedictus
1749 3373 1810 3428 in
1854 3374 2081 3430 sacula.

441 3468 663 3538 (Coloss.
695 3483 779 3536 III,
814 3469 1021 3537 12-17.)

654 3559 829 3610 Lectio
858 3558 1025 3610 sancti
1049 3558 1319 3624 Evangelii
1343 3559 1633 3611 secundum
1657 3561 1870 3611 Lucam.

513 3643 789 3713 Tempore
812 3641 929 3711 illo,
959 3641 1173 3696 factum
1208 3645 1293 3696 est
1335 3656 1467 3696 cum
1496 3640 1785 3697 introisset
1811 3641 2085 3697 Dominus

440 3738 601 3792 Iesus
636 3736 695 3791 in
724 3736 963 3792 domum
1003 3735 1299 3807 cujusdam
1347 3733 1626 3807 principis
1663 3735 2084 3791 Pharisaorum

443 3829 675 3886 sabbato
719 3830 1062 3885 manducare
1104 3845 1334 3901 panem,
1373 3833 1503 3897 etc.,
1535 3843 1705 3898 usque
1739 3829 1940 3884 Beatus
1982 3829 2084 3901 qui

442 3923 805 3980 manducabit
825 3920 1035 3996 panem
1065 3923 1126 3978 in
1157 3938 1338 3994 regno
1365 3922 1484 3978 Dei.
1510 3922 1662 3992 (Luc.
1697 3937 1809 3989 xxv,
1843 3924 2015 3990 H5.)

819 4030 1001 4075 ΝΟΤᾸΞ
1042 4030 1121 4074 ΕΤ
1164 4029 1700 4074 OBSERVATIONES.

511 4109 810 4182 Singulare
835 4115 920 4165 est
946 4109 1101 4181 quod
1140 4110 1460 4181 superiores
1490 4109 1799 4164 Dominica
1828 4113 1943 4166 tres
1974 4127 2078 4165 no-

441 4208 636 4260 tentur
659 4205 787 4259 Post
811 4203 1135 4260 Cathedram
1160 4205 1338 4258 sancti
1364 4205 1530 4259 Petri.
1561 4203 1724 4258 Nulla
1749 4203 1841 4259 hic
1864 4204 2081 4259 mentio

443 4298 511 4354 de
553 4296 862 4353 Dominicis
898 4295 1366 4369 Septuagesima,
1399 4297 1777 4371 Sexagesima
1816 4301 1873 4352 ct
1906 4298 2080 4362 Quin-

2185 3294 2410 3347 avulsus
2454 3296 2540 3347 est
2568 3311 2715 3348 unus
2742 3294 3067 3365 quaternio,
3099 3294 3157 3347 id
3187 3297 3273 3348 est
3311 3297 3440 3350 octo
3480 3293 3637 3348 folia.
3669 3293 3827 3357 Qua-

2186 3386 2373 3441 ternio
2396 3404 2645 3457 sequens
2675 3387 2877 3458 incipit
2901 3405 2935 3442 a
2966 3388 3081 3441 fine
3111 3387 3433 3458 Prophetia
3468 3386 3733 3457 legenda
3772 3388 3831 3441 in

2184 3480 2484 3534 Dominica
2508 3481 2856 3535 Palmarum.
2887 3481 3152 3535 Ofﬁcium
3172 3480 3332 3534 feria
3355 3480 3650 3551 sequentis
3681 3496 3832 3551 pra-

2186 3572 2370 3626 ditum
2401 3576 2489 3627 est
2516 3589 2758 3628 numero
2788 3576 2874 3629 33.
2917 3574 3062 3629 Cum
3092 3590 3226 3627 vero
3264 3573 3524 3645 superius
3567 3572 3833 3628 ofﬁcium

2185 3664 2498 3721 Dominica
2519 3665 2721 3737 prima
2734 3667 2792 3721 in
2812 3666 3269 3739 Quadragesima
3287 3682 3592 3721 numerum
3606 3669 3671 3719 27
3685 3682 3835 3737 pra-

2183 3759 2352 3827 ferat,
2391 3759 2645 3830 quinque
2668 3776 2943 3814 numeros
2963 3763 3274 3831 sequentes
3302 3776 3407 3831 pro
3431 3758 3672 3814 totidem
3694 3775 3836 3814 con-

2185 3851 2558 3922 sequentibus
2611 3852 3083 3924 Quadragesima
3144 3853 3458 3908 Dominicis
3509 3851 3834 3907 desiderari

2184 3945 2579 4015 intelligimus.
2634 3947 2833 4017 Itaque
2885 3947 3043 4001 nulla
3094 3947 3155 4001 in
3205 3944 3565 4001 Lectionario
3626 3948 3833 4000 nostro

2184 4038 2499 4108 singularia
2520 4038 2710 4094 officia
2732 4056 2836 4110 pro
2859 4039 3018 4095 feriis
3042 4039 3510 4110 Quadragesima
3533 4037 3836 4109 assignata

2185 4134 2367 4185 erant.
2393 4132 2560 4186 Certe
2588 4132 2646 4185 in
2668 4132 2873 4187 Missali
2897 4132 3135 4188 Gothico
3159 4149 3260 4186 seu
3285 4131 3578 4186 Gallicano
3599 4132 3831 4202 septem

2185 4223 2462 4278 duntaxat
2492 4224 2679 4279 missa
2712 4228 2938 4280 exstant
2967 4242 3071 4296 per
3097 4223 3616 4293 Quadragesimam
3645 4241 3835 4295 usque

2184 4316 2259 4370 ad
2300 4316 2534 4371 missam
2578 4318 2638 4373 in
2685 4318 2861 4373 Coena
2890 4317 3138 4372 Domini.
3170 4316 3334 4370 Missa
3375 4314 3563 4385 prima
3612 4316 3695 4371 sic
3740 4318 3831 4372 in-

442 4391 810 4465 (Ιιιειεθείιυθει
839 4407 1026 4463 neque
1053 4390 1122 4446 de
1149 4389 1290 4445 feria
1316 4395 1517 4463 quarta
1550 4391 1819 4446 Cinerum
1852 4407 1866 4444 ³
1896 4406 2083 4462 neque
2182 4409 2391 4480 scripta
2423 4413 2510 4464 est
2541 4428 2554 4466 :
2584 4412 2727 4467 Ordo
2769 4414 2946 4466 missa
2982 4413 3041 4465 in
3074 4412 3293 4463 initium
3328 4408 3829 4476 Quadraginsima.

443 4486 615 4542 etiam
641 4484 701 4540 in
735 4485 935 4541 Missali
970 4483 1207 4540 Gothico
1245 4500 1347 4540 seu
1374 4484 1681 4539 Gallicano.
1721 4483 2076 4555 Sexagesima

2206 4502 2445 4567 )uatuor
2472 4507 2781 4575 sequentes
2808 4504 2916 4557 hoc
2950 4502 3124 4556 modo
3164 4519 3176 4555 :
3217 4503 3353 4556 Item
3390 4503 3559 4555 missa
3590 4503 3829 4570 jejunii,

444 4583 500 4634 et
523 4579 1010 4651 Quinquagesima
1038 4582 1169 4634 ante
1193 4579 1401 4635 Pascha
1443 4577 1824 4649 prohibentur
1858 4577 1919 4631 in
1944 4594 2076 4633 con-

2206 4596 2401 4667 Lbsque
2451 4596 2853 4667 designatione
2892 4595 3225 4650 Dominica.
3260 4595 3451 4660 Sexta,
3480 4596 3615 4649 Item
3662 4599 3836 4651 missa

444 4672 588 4727 ciliis
616 4673 1115 4728 Aurelianensibus
1146 4688 1162 4725 ι
1194 4676 1251 4728 et
1278 4688 1352 4725 1v.
1397 4671 1653 4726 Primum
1698 4670 1775 4726 sic
1816 4670 1987 4727 habet
2026 4672 2076 4726 in

2206 4694 2244 4742 ‘n
2274 4689 2754 4757 Quadraginsima.
2797 4688 3057 4757 Septima
3093 4687 3366 4758 denique,
3406 4688 3580 4741 Missa
3606 4690 3665 4741 in
3689 4704 3837 4757 sym-

438 4781 654 4821 cauone
678 4766 747 4822 24
779 4785 792 4820 :
826 4766 895 4820 Id
927 4783 960 4820 a
1000 4766 1372 4821 sacerdotibus
1408 4766 1656 4820 omnibus
1684 4765 1957 4821 decretum
1983 4771 2076 4829 est,

2206 4783 2305 4837 mli
2334 4783 2648 4844 traditione,
2682 4781 2752 4834 de
2795 4797 2909 4851 qua
2946 4780 3117 4835 infra.
3147 4783 3209 4834 In
3248 4780 3453 4836 Missali
3478 4780 3833 4837 Mozarabico

440 4864 501 4913 ut
528 4864 654 4914 ante
678 4859 896 4914 Pascha:
921 4860 1333 4922 solemnitatem,
1363 4874 1471 4914 non
1507 4859 1966 4930 Quinquagesima
1990 4859 2076 4914 sed

2206 4874 2312 4929 tua
2352 4878 2486 4928 sunt
2512 4874 2719 4941 missa,
2750 4877 2963 4944 prater
2995 4874 3400 4940 Dominicales,
3430 4890 3534 4944 per
3570 4873 3833 4944 singulas

442 4951 874 5020 Quadragesima
930 4956 1196 5007 teneatur.
1255 4953 1321 5006 Et
1363 4952 1421 5006 in
1463 4969 1516 5006 ιν
1574 4968 1792 5008 canone
1840 4956 1915 5007 2:
1970 4955 2084 5008 Hoc
2184 4963 2602 5028 hebdomadas,
2651 4978 2861 5033 nempe
2904 4978 3008 5033 pro
3043 4962 3392 5034 quibuslibet
3418 4962 3577 5019 feriis
3607 4964 3833 5033 quartis

440 5049 604 5101 etiam
635 5046 971 5100 decernimus
1004 5045 1420 5108 observandum,
1458 5051 1520 5101 ut
1559 5047 1987 5115 Quadragesima
2014 5047 2082 5101 ab
2186 5055 2244 5106 et
2270 5051 2441 5105 sextis
2472 5068 2486 5105 :
2520 5050 2645 5105 alia
2672 5050 2832 5105 feria
2854 5053 3078 5106 vacant.

438 5140 687 5197 omnibus
713 5139 967 5193 Ecclesiis
995 5138 1289 5207 aequaliter.
1306 5144 1585 5208 teneatur;
1604 5156 1776 5210 neque
1796 5139 2078 5210 Quinqua-
2253 5142 2565 5199 Dominica
2584 5143 2789 5215 prima
2809 5143 2867 5199 in
2892 5144 3119 5210 Quadra
3129 5144 3351 5216 gesima
3370 5144 3626 5199 officium
3643 5143 3703 5199 in
3725 5161 3825 5200 eo-

438 5237 718 5303 gesimam,
743 5238 841 5287 aut
861 5231 1263 5300 Seaagesimam
1283 5238 1409 5289 ante
1426 5235 1633 5290 Pascha
1655 5234 1883 5304 quilibet
1900 5249 2077 5289 sacer-
2182 5237 2317 5292 dem
2336 5236 2690 5292 Mozarahico
2713 5237 2793 5292 ita
2819 5237 3021 5310 incipit
3042 5255 3055 5292 :
3081 5240 3214 5293 Ecce
3234 5253 3378 5293 nunc
3399 5242 3606 5307 tempus
3634 5253 3828 5308 accep-

441 5329 537 5384 dos
551 5331 854 5399 praesumat
874 5326 1130 5381 indicere.
1158 5327 1559 5383 Verumtamen
1578 5326 1870 5396 Caesarius,
1894 5326 2081 5383 Arela-
2180 5330 2365 5393 tabile,
2395 5330 2643 5394 alleluia,
2670 5347 2784 5387 ecce
2828 5347 2975 5387 nunc
3015 5332 3128 5386 dies
3164 5331 3380 5394 salutis,
3407 5331 3654 5385 alleluia.
3695 5331 3831 5385 Ver-

437 5421 614 5477 tensis
628 5436 694 5475 eo
708 5424 965 5491 tempore
978 5418 1232 5490 antistes,
1250 5420 1308 5476 in
1325 5420 1542 5491 regula
1556 5435 1676 5475 sua
1687 5420 1757 5475 ad
1769 5419 2079 5476 monachos
2179 5436 2292 5475 sus.
2306 5422 2568 5476 Dominus
2590 5424 2859 5490 regnavit,
2878 5422 3119 5477 decorem
3140 5420 3343 5483 induit,
3357 5420 3542 5475 induit
3563 5421 3826 5476 Dominus

437 5531 560 5587 cap.
585 5516 674 5584 22,
696 5530 729 5567 a
758 5512 986 5568 Domini
1014 5514 1227 5582 Natale,
1266 5535 1294 5564 ‹‹
1324 5528 1507 5584 usque
1531 5518 1663 5568 ante
1693 5513 1834 5568 duas
1862 5513 2075 5569 hebdo-
2175 5515 2584 5582 fortitudinem,
2613 5520 2662 5570 et
2680 5517 2975 5585 praecinxit
3006 5530 3079 5569 se.
3118 5512 3337 5569 Deinde
3367 5514 3694 5585 pracentor
3730 5528 3825 5567 re-

438 5607 634 5664 madas
652 5607 721 5663 de
754 5607 1214 5680 Quadragesima,
1265 5605 1532 5676 secunda,
1576 5611 1797 5678 quarta,
1837 5611 1897 5664 et
1922 5612 2078 5663 sexta
2177 5609 2342 5681 petit,
2375 5611 2507 5665 Ecce
2548 5625 2695 5665 nunc
2722 5609 2838 5664 dies
2876 5610 3094 5664 salutis.
3141 5608 3283 5662 Tum
3324 5606 3532 5661 dicitur
3558 5605 3750 5663 Gloria
3774 5612 3825 5662 et

436 5702 578 5759 feria
597 5709 632 5752 τι
653 5702 943 5775 jejunium
967 5700 1285 5774 prascribit
1315 5719 1328 5756 :
1366 5719 1393 5753 «
1424 5700 1556 5758 inde
1584 5706 1776 5774 postea
1799 5717 1981 5774 usque
2005 5701 2073 5757 ad
2176 5703 2346 5758 honor
2391 5704 2567 5766 Patri,
2598 5708 2648 5758 et
2689 5704 2849 5766 Filio,
2897 5706 2948 5758 et
2990 5702 3229 5772 Spiritui
3276 5705 3463 5756 sancto
3510 5703 3568 5755 in
3623 5700 3826 5756 sacula

436 5797 648 5853 Pascha
667 5796 826 5853 omni
850 5797 965 5866 die,
989 5795 1203 5868 absque
1230 5794 1322 5852 die
1343 5795 1653 5864 Dominica.
1686 5815 1713 5850 ι)
1738 5796 2075 5853 Aurelianus
2175 5797 2516 5858 saculorum,
2547 5811 2721 5850 amen.
2763 5796 2898 5849 Post
2923 5794 3111 5851 Gloria
3138 5796 3197 5849 in
3240 5794 3463 5849 excelsis
3497 5796 3555 5848 et
3604 5793 3820 5848 oratio-

435 5907 588 5964 vero,
616 5890 873 5965 ejusdem
899 5887 1126 5945 Casarii
1150 5893 1278 5963 post
1314 5890 1635 5948 Auxanium
1679 5906 1987 5961 successor,
2013 5889 2075 5946 in
2175 5904 2331 5957 nem,
2364 5888 2624 5961 sequitur
2664 5888 2857 5946 Lectio
2890 5905 2959 5946 ex
3002 5887 3313 5963 Prophetia
3351 5887 3508 5945 Isaia
3561 5903 3690 5960 cap.
3734 5903 3820 5943 LV.
