3968 6224
173 364 277 421 185

1263 365 1349 420 DE
1384 363 1700 421 LITURGIA
1735 360 2109 418 GALLICANA
2145 364 2344 420 LIBER
2382 364 2449 419 II.

3452 364 3552 427 186

164 477 292 531 Περ
323 476 459 532 dicit
486 480 788 534 Dominus:
815 478 1024 535 Audite
1048 479 1329 535 audientes
1352 495 1454 544 me,
1482 484 1534 535 et
1561 480 1818 536 comedite
1836 481 1896 554 Α
1914 470 2130 527 branda
2153 472 2379 537 oblatio.
2408 494 2437 523 ι)
2468 472 2683 545 Nempe
2710 471 2911 529 diebus
2938 472 3245 531 Dominicis
3263 476 3319 531 et
3338 473 3550 533 Sabbu-

169 573 393 637 bonum,
411 576 519 629 etc.
536 572 588 646 1
603 572 732 647 25
748 574 965 630 Deinde
976 577 1102 647 post
1110 573 1393 631 canticum
1407 574 1584 629 trium
1600 591 1812 647 puero-

166 684 303 723 rum
322 672 383 723 et
400 668 709 739 psalmum,
733 672 791 723 et
808 672 939 739 post
958 669 1239 724 orationes
1256 685 1360 740 pro
1381 669 1809 741 paenitentibus,

164 762 542 832 subsequitur
556 762 747 816 Lectio
764 778 832 817 ex
855 762 1101 833 Epistola
1122 765 1165 818 ll
1185 763 1256 818 ad
1276 762 1597 818 Corinthios
1609 779 1735 835 cap.
1754 778 1808 818 v:

162 856 274 910 Pro
300 854 516 911 Christo
542 857 810 924 legatione
831 859 1139 925 fungimur,
1168 858 1299 925 etc.,
1320 873 1501 928 usque
1529 859 1813 926 Tanquam

163 951 313 1005 nihil
362 950 641 1013 habentes,
690 956 741 1005 et
790 952 973 1005 omnia
1028 951 1388 1021 possidentes.
1444 950 1811 1006 Postmodum

162 1043 549 1115 Evangelium
571 1060 638 1098 ex
660 1045 888 1099 Joannis
914 1062 1036 1116 cap.
1059 1062 1147 1099 1v:
1170 1047 1431 1099 Dominus
1452 1048 1634 1099 noster
1655 1047 1811 1099 Iesus

163 1133 418 1189 Christus
454 1135 681 1203 reliquit
713 1135 979 1198 Iudaeam,
1009 1139 1060 1189 et
1089 1135 1225 1189 abiit
1256 1136 1315 1187 in
1345 1133 1647 1196 Galilzam,
1677 1137 1808 1200 etc.,

160 1242 373 1298 usque.
397 1227 540 1294 Quia
561 1228 647 1282 hic
672 1233 750 1283 est
772 1243 895 1281 vere
927 1228 1180 1282 Salvator
1198 1227 1412 1281 mundi.
1440 1228 1500 1281 In
1520 1230 1811 1298 posterum

161 1321 418 1375 Alleluia
455 1321 741 1376 omittitur
766 1321 837 1376 ad
876 1320 1084 1375 Pascha
1110 1336 1179 1375 ex
1220 1319 1550 1392 praescripto
1589 1318 1810 1374 concilii

163 1413 427 1469 Toletani
456 1431 532 1483 Iv,
560 1432 686 1469 can.
722 1418 806 1469 ll.

238 1510 301 1564 In
330 1507 539 1563 Missali
565 1508 959 1576 Ambrosiano,
981 1524 1114 1562 cum
1133 1523 1247 1579 quo
1272 1511 1436 1563 vetus
1460 1508 1811 1563 Gallicanum

157 1602 477 1674 quamdam
516 1601 851 1656 afﬁnitatem
886 1602 1078 1669 habet,
1115 1600 1402 1656 Dominica
1435 1602 1624 1673 prima
1658 1602 1808 1667 Qua-

157 1695 506 1767 dragesima:
548 1694 879 1749 inscribitur
912 1698 991 1750 De
1022 1696 1409 1759 Samaritana;
1447 1695 1695 1750 secunda
1733 1698 1811 1751 De

156 1790 489 1852 Abraham;
520 1788 686 1843 tertia
710 1792 788 1843 De
812 1804 983 1845 czeco:
1010 1793 1210 1860 quarta
1247 1790 1467 1852 Lazari,
1509 1792 1809 1860 propterea

155 1882 311 1953 quod
345 1881 651 1952 Evangelia
678 1881 747 1935 de
774 1881 863 1936 his
888 1882 1271 1953 assignentur.

232 1976 457 2030 Saecula
486 1992 540 2029 vi
564 1976 624 2029 in
652 1973 829 2030 Gallia
854 1991 969 2030 non
1007 1975 1085 2029 ita
1120 1974 1228 2029 rati
1265 1980 1427 2030 erant
1452 1975 1809 2047 jcjuniorum

154 2068 759 2140 Quadragesimalium
801 2069 940 2123 dies.
981 2069 1314 2124 Aurelianus
1360 2068 1420 2123 in
1466 2070 1666 2141 regula
1706 2087 1808 2124 sua

155 2162 494 2231 Sabbatum,
538 2162 912 2231 Dominicam,
953 2166 1009 2217 et
1045 2162 1286 2233 majores
1320 2162 1652 2218 festivitates
1675 2180 1708 2217 a
1725 2164 1810 2234 je-

147 2256 305 2325 junii
342 2256 474 2327 lege
509 2256 729 2323 eximit,
777 2261 837 2311 ut
879 2256 1138 2326 superius
1184 2254 1449 2311 vidimus.
1488 2256 1804 2326 Faustinus,

156 2350 459 2421 Regiensis
487 2350 570 2417 (ut
594 2349 936 2420 quibusdam
955 2349 1194 2419 videtur)
1218 2348 1532 2420 episcopus,
1555 2350 1809 2422 quinque

154 2447 385 2497 tantum
422 2459 528 2515 per
566 2443 981 2498 hebdomadam
1010 2443 1216 2514 jejunii
1254 2443 1376 2497 dies
1407 2442 1676 2511 admittit,
1713 2445 1804 2499 in-

153 2541 375 2596 vehens
401 2542 462 2595 in
496 2558 610 2610 eos,
638 2542 738 2613 qui
780 2563 808 2590 ‹‹
848 2541 1014 2596 veriti
1055 2545 1208 2610 sunt,
1252 2540 1441 2610 credo,
1485 2540 1691 2612 inquit,
1734 2558 1807 2597 ne

149 2635 414 2707 quinque
432 2635 671 2706 jejuniis
690 2635 1066 2707 prolongatis,
1096 2652 1226 2690 caro
1245 2650 1339 2689 eos
1366 2650 1681 2706 corpusque
1716 2636 1810 2691 de-

157 2729 374 2797 ﬁceret,
407 2734 468 2783 et
504 2729 680 2784 exiles
712 2745 776 2783 ac
801 2734 1006 2784 tenues
1032 2728 1490 2800 Quadragesimae
1527 2728 1810 2783 abstinen-

156 2823 297 2877 tiam
336 2824 583 2878 tolerare
619 2839 736 2877 non
781 2827 1030 2893 possent.
1072 2845 1100 2872 ››
1150 2824 1276 2877 Haec
1310 2822 1405 2876 ille
1439 2822 1501 2877 in
1545 2837 1804 2878 sermone

156 2917 357 2972 habito
384 2917 447 2972 in
473 2917 761 2972 Dominica
789 2922 921 2972 ante
944 2916 1468 2987 Quadragesimam,
1495 2916 1656 2987 cujus
1688 2932 1802 2970 ser-

157 3011 352 3066 monis
368 3011 761 3082 fragmentum
787 3012 989 3066 A'Ineas
1008 3010 1334 3072 Parisiensis
1361 3009 1597 3065 antistes
1628 2998 1803 3064 refert

156 3106 218 3159 in
264 3105 418 3159 libro
461 3104 730 3161 adversus
764 3106 1005 3160 Graecos.
1047 3104 1134 3160 Sic
1170 3104 1229 3158 in
1268 3103 1501 3159 ecclesia
1545 3102 1806 3158 Mediola-

1827 1853 1885 1925 B

1912 566 2003 639 tis,
2044 569 2250 643 quibus
2289 568 2349 623 in
2387 566 2619 624 ecclesia
2652 567 3053 624 Mediolanensi
3094 569 3363 625 relaxatio
3397 586 3432 626 a
3456 570 3548 642 je-

1904 664 2069 736 junio
2116 668 2255 732 erat,
2295 666 2361 717 ut
2392 677 2600 733 nempe
2637 677 2796 717 coena
2846 661 3093 717 serotina
3144 662 3205 717 in
3243 663 3549 734 prandium

1910 761 2245 814 verteretur.
2278 778 2307 807 «
2332 758 2486 811 Tunc
2508 756 2706 827 utique
2730 758 2962 827 paratus
2985 755 3200 823 assiste,
3235 761 3298 812 ιιι
3333 756 3416 812 ibi
3451 773 3547 814 ac-

1912 852 2087 924 cipias
2109 850 2552 921 munimentum,
2586 855 2649 906 ut
2671 866 2876 921 corpus
2902 849 3035 906 edas
3060 850 3286 905 Domini
3314 851 3465 919 Jesu,
3488 850 3550 908 in

1910 962 2023 1018 quo
2048 944 2307 1002 remissio
2331 949 2415 1000 est
2436 947 2832 1016 peccatorum;
2873 942 3176 1015 postulatio
3208 942 3413 999 divinis
3450 960 3543 1000 re-

1911 1037 2317 1095 conciliationis
2356 1042 2413 1093 et
2454 1037 2816 1110 protectionis
2881 1040 3228 1092 aeterna"...
3268 1037 3553 1094 Admonet

1911 1135 2084 1191 etiam
2120 1131 2460 1189 sacrificium
2496 1131 2904 1203 vespertinum,
2941 1135 3007 1185 ut
3045 1146 3343 1203 nunquam
3381 1131 3548 1194 Chri-

1910 1234 2061 1285 stum
2086 1226 2447 1283 obliviscaris.
2493 1226 2616 1279 Non
2654 1228 2815 1295 potes
2852 1223 3118 1293 oblivisci,
3162 1240 3295 1279 cum
3334 1224 3550 1280 lectum

1910 1322 2184 1389 ascendis,
2217 1321 2340 1393 ejus
2367 1317 2612 1386 Domini,
2642 1317 2734 1373 cui
2756 1317 2818 1374 in
2845 1332 3043 1372 occasu
3071 1318 3161 1373 die
3188 1334 3417 1389 precem
3450 1318 3545 1373 fu-

1910 1416 2079 1486 deris,
2124 1416 2225 1488 qui
2258 1412 2601 1470 esurientem
2626 1415 2682 1466 te
2724 1409 2811 1465 sui
2844 1410 3094 1481 corporis
3128 1411 3311 1483 epulis
3351 1412 3543 1482 exple-

1910 1511 2071 1567 verit.
2104 1531 2132 1560 »
2152 1509 2361 1565 Eadem
2384 1505 2655 1561 sacriﬁcia
2673 1503 2994 1576 vespertina
3023 1504 3199 1559 etiam
3221 1503 3282 1559 in
3300 1504 3547 1560 ecclesiis

1910 1604 2204 1660 Gallicanis
2241 1600 2512 1657 celebrari
2560 1603 2696 1654 tunc
2737 1615 2861 1653 mos
2904 1603 3045 1666 erat,
3081 1602 3149 1653 ut
3188 1614 3259 1653 ex
3299 1596 3549 1654 conciliis

1909 1697 2158 1765 Vasensi,
2199 1693 2591 1752 Aurelianensi
2616 1710 2699 1761 ιιι,
2731 1695 2790 1747 et
2825 1707 2897 1747 ex
2934 1691 3326 1749 Matisconensi
3363 1691 3549 1765 primo

1909 1791 2273 1864 probavimus
2297 1790 2358 1846 in
2385 1789 2485 1844 lib.
2519 1805 2535 1843 ι
2563 1803 2687 1859 cap.
2717 1791 2772 1842 5.

2094 1884 2306 1957 [XXXIL
2348 1899 2593 1938 LEGENDA
2635 1898 2689 1936 IN
2728 1895 2991 1936 υοιιιΝιεΛ
3028 1895 3346 1935 ΡΑιιίΑιιῠιί.

2328 1970 2504 2021 Lectio
2539 1968 2803 2020 Hierimiai
2836 1968 3149 2034 propheta]

1907 2077 2074 2164 oetivir
2098 2107 2333 2162 fratrem
2358 2121 2527 2159 suum
2554 2103 2748 2158 dicens
2779 2119 2794 2157 :
2837 2102 3175 2172 Cognuscite
3214 2102 3545 2158 Dominum.

1908 2201 2102 2258 Omnis
2129 2200 2283 2256 enim
2308 2200 2656 2270 cognuscent
2681 2211 2775 2250 me
2801 2212 2836 2249 a
2857 2195 3101 2250 minimo
3128 2211 3330 2250 eorum
3367 2211 3548 2267 usque

1906 2296 1977 2350 ad
2002 2293 2337 2359 maximum,
2369 2293 2450 2347 ait
2474 2291 2768 2346 Dominus.
2796 2289 2939 2353 Quia
2963 2288 3314 2361 pr0pitiabor
3330 2288 3545 2361 iniqui-

1906 2388 2007 2445 tati
2044 2403 2262 2455 eorum,
2301 2390 2358 2441 et
2394 2384 2611 2458 peccati
2643 2399 2843 2439 eorum
2878 2398 2995 2437 non
3033 2397 3130 2437 ero
3170 2398 3394 2438 memor
3431 2398 3550 2437 am~

1905 2483 2075 2556 plius.
2105 2480 2314 2554 (Jerem.
2340 2496 2492 2546 xxxx,
2522 2477 2632 2548 34.)

2213 2572 2443 2636 Epistola
2465 2570 2612 2622 Pauli
2635 2568 2859 2633 apostoli
2883 2568 2949 2619 ad
2977 2569 3245 2619 Hebrmos.

1938 2656 1947 2662 ’
1978 2658 2218 2725 Fratres,
2245 2653 2355 2708 ﬁde
2379 2653 2778 2723 intellegemus
2802 2653 2994 2722 aptata
3010 2667 3132 2706 esse
3151 2651 3357 2706 saecula
3376 2650 3549 2707 verbo

1906 2751 2026 2817 Dei,
2056 2756 2186 2816 etc.,
2219 2763 2389 2817 usque
2417 2747 2607 2801 Fortes
2632 2745 2765 2800 facti
2791 2748 2924 2799 sunt
2947 2743 3007 2799 in
3032 2744 3204 2799 bello.
3253 2743 3441 2816 (Hebr,
3483 2761 3546 2812 ιι,

1909 2844 2053 2900 3-34.

2060 2843 2237 2985 )Lcctio
2269 2932 2435 2984 sancti
2468 2932 2734 2996 Evangelii
2766 2931 3057 2982 secundum
3085 2930 3394 2981 Iohannem.

1980 3017 2184 3072 Diebus
2210 3014 2323 3069 illis
2345 3018 2476 3069 ante
2503 3029 2602 3068 sex
2643 3013 2765 3068 dies
2795 3012 3043 3081 Paschaa,
3084 3011 3241 3067 venit
3276 3011 3549 3069 Dominus

1905 3114 2063 3169 Iesus
2091 3107 2444 3174 Bethaniam,
2476 3106 2577 3161 ubi
2599 3106 2786 3161 fuerat
2812 3106 3052 3160 Lazarus
3079 3109 3362 3173 mortuus,
3406 3109 3539 3173 etc.,

154 3199 348 3265 nensi,
379 3199 554 3253 etiam
580 3199 642 3254 in
677 3197 1141 3270 Quadragesima,
1183 3197 1490 3253 Sabbatum
1526 3214 1560 3250 a
1587 3196 1808 3267 jejunio
1827 3221 1883 3296 Ο
1908 3221 2078 3275 usque
2103 3202 2219 3258 Nisi
2243 3217 2487 3273 granum
2513 3198 2787 3255 frumenti
2812 3199 3021 3255 cadens
3045 3199 3107 3254 in
3146 3202 3362 3254 terram
3400 3215 3549 3255 mor-

153 3293 423 3349 immune
448 3296 588 3361 erat,
611 3296 820 3364 praiter
840 3292 1145 3348 Sabbatum
1162 3296 1440 3345 sanctum.
1456 3292 1663 3345 Verum
1681 3307 1810 3345 con-

155 3387 358 3441 cilium
398 3386 803 3441 Aurelianense
842 3403 915 3453 1v,
955 3401 1170 3440 canone
1218 3388 1250 3439 2
1291 3384 1368 3439 ita
1400 3384 1654 3439 decernit
1686 3387 1811 3439 :-Ut

156 3481 595 3548 Quadragesima
616 3481 687 3534 ab
700 3480 947 3535 omnibus
966 3480 1220 3533 Ecclesiis
1237 3479 1519 3548 aequaliter
1538 3482 1804 3547 teneatur,

157 3590 333 3644 neque
374 3574 912 3643 Quinquagesimam,
962 3579 1062 3628 aut
1096 3573 1498 3639 Sexagesimam
1540 3576 1666 3625 ante
1698 3574 1805 3626 Pa-

155 3669 289 3722 scha
315 3668 546 3737 quilibet
568 3668 819 3722 sacerdos
841 3670 1141 3737 praesumat
1166 3666 1426 3720 indicere.
1457 3665 1613 3730 Quod
1642 3663 1809 3719 nimi-

156 3777 290 3815 rum
313 3761 598 3816 faciebant
633 3761 696 3816 hi
737 3760 836 3832 qui
871 3748 1179 3816 Sabbatum
1216 3776 1251 3813 a
1280 3757 1489 3829 jejunii
1529 3757 1806 3829 religione

156 3854 506 3910 eximebant.
533 3856 678 3909 Tum
702 3854 952 3909 subdunt
977 3855 1168 3908 Patres
1191 3852 1261 3907 ad
1282 3852 1643 3907 sanciendam
1673 3851 1806 3907 Sab-

154 3948 272 4003 bati
297 3948 754 4003 observationem
784 3964 799 4003 :
829 3947 938 4003 Sed
964 3963 1136 4016 neque
1154 3962 1259 4016 per
1296 3946 1558 4009 Sabbata,
1600 3946 1804 4015 absque

158 4045 501 4111 inﬁmitate,
534 4044 825 4111 quisquam
854 4042 1028 4095 solvat
1052 4041 1492 4108 Quadragesimz
1499 4038 1800 4108 jejunium,

156 4139 269 4191 nisi
277 4141 498 4191 tantum
515 4136 604 4189 die
620 4137 897 4189 Dominico
909 4135 1208 4204 prandeat.
1231 4133 1493 4204 Magister
1507 4133 1569 4187 in
1587 4132 1803 4204 regulas

152 4245 270 4284 sum
313 4246 441 4300 cap.
486 4232 554 4284 53
602 4229 681 4283 ita
714 4228 835 4283 vult
875 4227 937 4282 in
991 4225 1295 4282 Dominicis
1341 4225 1801 4297 Quadragesimai

153 4323 449 4394 pranderi,
482 4325 550 4376 ut
573 4344 601 4371 ‹‹
624 4325 815 4376 tamen
834 4320 896 4375 in
912 4336 1039 4375 sera
1062 4319 1288 4391 penitus
1307 4318 1451 4374 nihil
1472 4323 1714 4388 coenent,
1736 4322 1803 4374 ut

157 4433 269 4472 una
296 4417 371 4471 sit
398 4416 461 4471 in
486 4416 627 4487 ipsis
651 4414 851 4470 diebus
875 4430 909 4468 a
932 4413 1023 4469 die
1062 4413 1293 4469 refectio
1318 4435 1345 4462 »
1383 4413 1491 4468 Sed
1525 4413 1648 4468 haec
1682 4428 1800 4468 non

154 4513 290 4565 sunt
311 4510 491 4580 hujus
513 4507 641 4563 loci.

1906 3305 2073 3356 tuum
2089 3296 2281 3366 fuerit,
2294 3295 2486 3367 ipsum
2503 3295 2692 3349 solum
2705 3297 2896 3348 manet
2917 3310 2932 3359 ;
2963 3292 3011 3347 si
3040 3296 3235 3357 autem
3252 3297 3550 3349 mortuum

1905 3392 2100 3461 fuerit,
2136 3389 2386 3445 multum
2411 3389 2663 3444 fructum
2691 3386 2874 3450 affert.
2910 3386 3085 3456 (Joan.
3112 3402 3214 3457 xu,
3247 3385 3423 3457 1-24.)

2363 3494 2515 3532 ΝΟΤΕ
2553 3493 2616 3530 ET
2654 3493 2920 3531 OBSERVAT
2927 3492 3078 3531 [ONES
3087 3517 3100 3531 .

1980 3557 2167 3632 127
2202 3560 2263 3613 ln
2300 3557 2500 3613 Missali
2540 3555 2773 3611 Gothico
2809 3555 3051 3627 septima
3091 3555 3551 3628 Quadragesimai

1904 3654 2077 3709 missa
2101 3651 2427 3708 inscribitur
2454 3667 2468 3705 :
2495 3652 2668 3706 Missa
2691 3652 2751 3705 in
2777 3650 3027 3719 Symbuli
3055 3650 3369 3705 traditione.
3410 3650 3548 3704 Tra-

1904 3748 2145 3803 debatur
2153 3748 2345 3801 autem
2365 3743 2697 3816 Symbolum
2717 3742 3169 3813 competentibus
3182 3742 3242 3797 in
3258 3741 3552 3797 Dominica

1904 3841 2247 3908 Palmamm,
2279 3842 2423 3893 teste
2454 3836 2665 3901 Isidoro
2694 3820 2765 3891 in,
2793 3835 2891 3891 lib.
2931 3836 3002 3891 de
3037 3834 3248 3891 Ofﬁciis
3285 3834 3561 3890 ecclesia-.

1903 3934 2052 3990 sticis
2078 3950 2201 4004 cap.
2232 3932 2300 3987 2‘7
2332 3947 2346 3985 :
2383 3952 2411 3979 ‹‹
2449 3931 2562 3985 Hoc
2591 3930 2682 3985 die
2723 3929 3057 4002 Symbolum
3095 3927 3549 3999 competentibus

1900 4026 2144 4083 traditur
2182 4028 2419 4097 propter
2461 4023 2742 4079 confinem
2791 4022 3101 4078 Dominicai
3139 4021 3367 4077 Pascha
3402 4020 3549 4076 sole-

1900 4119 2200 4176 mnitatem
2227 4135 2241 4174 :
2271 4123 2335 4173 ut
2352 4117 2486 4190 quia
2496 4118 2619 4189 jam
2641 4118 2714 4172 ad
2734 4117 2831 4173 Dei
2853 4116 3095 4190 gratiam
3125 4114 3552 4193 percipiendam

1898 4214 2189 4281 festinant,
2218 4212 2391 4269 ﬁdem
2437 4228 2611 4284 quam
2644 4211 3023 4267 conﬁteantur
3063 4213 3392 4282 agnoscant.
3442 4210 3550 4265 Eo-

1898 4308 2030 4364 dem
2055 4311 2271 4380 spectat
2295 4322 2482 4362 canon
2515 4308 2577 4361 13
2610 4305 2838 4361 concilii
2869 4304 3211 4377 Agathensis
3244 4322 3258 4359 :
3299 4304 3367 4360 Ut
3392 4303 3548 4372 Sym-

1901 4399 2081 4453 bolum
2099 4403 2225 4453 ante
2244 4402 2358 4453 octo
2378 4397 2494 4451 dies
2514 4397 2735 4451 Pascha;
2750 4394 3180 4464 competentibus
3194 4392 3547 4463 praedicetur.

1896 4492 1965 4546 Et
1988 4492 2202 4563 optime
2241 4490 2477 4563 quidem
2512 4487 2849 4545 Lectionarii
2889 4487 3071 4542 nostri
3102 4486 3209 4540 hac
3237 4485 3329 4540 die
3353 4484 3548 4539 lectio-

230 4604 294 4658 ln
318 4577 766 4673 Quadragesima
791 4617 908 4656 non
941 4617 1052 4655 una
1075 4604 1198 4656 erat
1221 4600 1290 4656 de
1310 4600 1497 4655 missis
1513 4599 1802 4655 ferialibus

1913 4601 2002 4640 nes
2025 4584 2276 4656 Symboli
2313 4583 2605 4640 traditioni
2646 4581 3010 4638 conveniunt.
3050 4577 3357 4650 Prophetia
3389 4579 3546 4634 Jere~

157 4702 212 4752 et
244 4694 598 4768 quotidianis
621 4694 775 4766 apud
801 4693 1028 4749 Latinos
1047 4693 1363 4765 disciplina.
1387 4694 1448 4748 In
1463 4692 1803 4764 quibusdam

156 4789 436 4862 quotidie,
468 4788 529 4843 in
552 4788 677 4843 aliis
705 4791 931 4842 tantum
957 4787 1126 4841 certis
1154 4787 1353 4842 diebus
1375 4786 1549 4842 ﬁebat
1587 4786 1801 4841 sacriﬁ-

154 4884 328 4950 cium,
360 4886 604 4937 testante
629 4881 943 4953 Augustino
977 4879 1037 4933 in
1068 4881 1306 4952 epistola
1341 4882 1413 4937 ad
1445 4880 1799 4936 Januarium.

158 4979 216 5031 ln
243 4976 485 5032 ecclesia
511 4975 910 5031 Mediolanensi
935 4975 1160 5031 videtur
1194 4990 1330 5029 usus
1363 4974 1538 5031 fuisse
1577 4974 1800 5031 Sacriﬁ-

154 5072 221 5126 cii
251 5069 598 5142 quotidiani.
630 5069 876 5142 Insignis
902 5075 987 5125 est
1009 5069 1071 5124 in
1099 5085 1224 5124 eam
1246 5085 1371 5123 rem
1398 5069 1680 5124 Ambrosii
1713 5068 1798 5123 lo-

155 5181 250 5219 cus
274 5165 337 5219 in
364 5179 633 5219 sermone
659 5168 854 5218 octavo
882 5179 1054 5234 super
1080 5163 1373 5217 Psalmum
1401 5162 1450 5235 1
1467 5156 1593 5235 26
1635 5178 1801 5217 cxvm

152 5258 221 5313 ad
246 5273 486 5312 versum
513 5260 545 5311 6
576 5273 592 5311 :
629 5278 656 5305 «
684 5256 963 5312 Indictum
992 5260 1078 5311 est
1092 5255 1416 5327 jejunium;
1449 5272 1581 5311 cave
1608 5271 1679 5310 ne
1705 5270 1803 5310 ne-

156 5351 359 5424 gligas.
392 5352 462 5405 Et
486 5350 534 5405 si
563 5354 620 5405 te
657 5349 840 5405 fames
879 5349 1277 5422 quotidianum
1319 5349 1474 5421 cogit
1506 5349 1579 5404 ad
1626 5364 1799 5420 pran-

152 5446 335 5515 dium,
363 5449 466 5500 aut
500 5444 943 5516 intemperantia
983 5443 1228 5499 declinat
1260 5444 1573 5515 jejunium,
1609 5447 1802 5498 tamen

151 5539 366 5595 caelesti
395 5539 581 5611 magis
608 5543 664 5594 te
691 5544 912 5594 servato
939 5537 1214 5593 convivio.
1246 5537 1368 5592 Non
1388 5536 1571 5608 epulae
1592 5539 1803 5607 parate

151 5636 550 5706 extorqueant,
578 5636 645 5687 ut
669 5630 904 5688 calestis
930 5631 1004 5687 sis
1040 5646 1248 5686 vacuus
1284 5629 1641 5685 sacramenti.
1684 5627 1801 5685 Dif-

152 5728 233 5782 fer
255 5725 708 5798 aliquantulum,
732 5741 850 5780 non
879 5724 1049 5793 longe
1084 5728 1169 5779 est
1195 5723 1325 5778 ﬁnis
1353 5722 1486 5779 diei.
1521 5724 1636 5777 lmo
1676 5722 1800 5793 ple-

153 5821 314 5893 rique
340 5825 479 5875 sunt
503 5819 779 5890 ejusmodi
807 5815 950 5886 dies,
980 5822 1044 5873 ut
1071 5817 1262 5872 statim
1290 5816 1617 5871 meridianis
1647 5815 1804 5870 horis

154 5914 580 5973 adveniendam
608 5913 681 5971 sit
704 5913 765 5973 in
788 5912 1105 5985 ecclesiam,
1140 5910 1382 5970 canendi
1401 5909 1625 5984 hymni,
1653 5907 1800 5967 cele-

1904 4678 2035 4733 miae
2065 4695 2079 4733 :
2106 4678 2258 4733 Dabo
2304 4679 2472 4746 legem
2514 4693 2688 4732 meam
2722 4679 2783 4731 in
2824 4674 3121 4731 visceribus
3162 4688 3365 4736 eorum,
3408 4677 3458 4728 et
3489 4674 3551 4727 in

1902 4773 2061 4827 corde
2086 4788 2270 4827 eorum
2305 4771 2540 4826 scribam
2576 4786 2809 4825 eam.....
2840 4769 3033 4824 Omnes
3056 4770 3375 4836 cognoscent
3399 4782 3482 4823 me
3516 4782 3552 4820 α

1901 4878 2122 4930 minimo
2147 4889 2331 4930 eorum
2360 4889 2531 4943 usque
2555 4873 2631 4927 ad
2653 4874 2973 4927 maximum.
3002 4870 3190 4926 Lectio
3218 4887 3289 4926 ex
3316 4869 3554 4943 epistola

1900 4974 2057 5028 Pauli
2084 4973 2155 5028 ad
2181 4972 2463 5041 Hebraeos,
2495 4970 2593 5026 ubi
2623 4970 2805 5025 multa
2829 4970 3100 5042 praeclare
3130 4969 3201 5024 de
3218 4967 3350 5024 ﬁde.
3374 4970 3554 5024 Evan-

1905 5066 2119 5139 gelium
2142 5065 2434 5134 Johannis,
2467 5065 2528 5120 in
2569 5081 2683 5136 quo
2722 5063 2915 5136 agitur
2959 5065 3030 5119 de
3076 5062 3404 5134 gentilibus,
3447 5062 3550 5134 qui

1900 5165 2258 5216 accesserunt
2285 5160 2356 5214 ad
2385 5158 2738 5230 Philippum,
2770 5157 3065 5229 cupientes
3098 5158 3293 5213 Jesum
3327 5155 3540 5211 videre.

1901 5234 2178 5309 Eumdem
2199 5252 2353 5309 diem
2379 5252 2775 5325 Capitilavium
2800 5269 2834 5307 a
2857 5252 3030 5323 vulgo
3065 5248 3338 5323 appellari
3377 5247 3550 5303 tradit

1904 5346 2168 5416 lsidorus,
2203 5346 2392 5418 «quia
2415 5351 2551 5401 tunc
2576 5345 2752 5401 moris
2790 5348 2937 5400 esset
2973 5343 3159 5415 capita
3193 5339 3423 5397 lavandi
3466 5339 3553 5395 in-

1902 5441 2147 5497 fantium
2170 5439 2271 5513 qui
2297 5439 2555 5511 ungendi
2580 5443 2732 5495 sunt.
2769 5459 2797 5489 »
2831 5439 2894 5493 In
2933 5435 3137 5493 Missali
3177 5433 3552 5490 Ambrosiano

1903 5534 2237 5606 Symbolum
2259 5533 2716 5605 competentibus
2755 5530 3082 5587 tradebatur
3119 5527 3360 5585 Sabbato
3400 5544 3550 5601 prm-

1902 5628 2157 5684 cedente.
2205 5628 2367 5683 Nulla
2408 5626 2517 5681 hoc
2571 5625 2663 5682 die
2716 5623 2903 5696 passio
2942 5622 3004 5677 in
3053 5620 3434 5689 Lectionario,
3479 5636 3553 5676 ne

1901 5721 2045 5777 feria
2082 5720 2250 5777 tertia
2288 5720 2376 5775 vel
2421 5723 2625 5792 quarta
2662 5718 2952 5789 sequente,
3007 5714 3109 5770 sed
3147 5717 3377 5771 tantum
3415 5711 3553 5769 feria

1904 5818 2080 5870 sexta.
2110 5815 2171 5869 lu
2198 5812 2409 5868 Ordine
2435 5812 2683 5883 quodam
2706 5806 3108 5877 vetustissimo,
3140 5819 3314 5879 quem
3340 5805 3408 5860 in
3425 5805 3553 5858 Ger-

1902 5907 2092 5965 mania
2109 5906 2447 5981 reperimus,
2471 5903 2543 5960 ad
2569 5903 2719 5961 hanc
2738 5898 3096 5957 Dominicam
3124 5894 3306 5974 passio
3349 5908 3553 5955 secun-
