3968 6224
462 361 564 422 187

1256 368 1585 426 APPENDIX
1625 366 1711 421 AD
1747 365 1968 423 OPERA
2005 364 2239 421 SANCTI
2277 364 2575 423 GERMANI
2614 364 3038 424 PABISIENSIS.

3734 368 3843 426 188

455 476 596 533 dum
634 473 963 533 Matthaum
1002 477 1407 549 prascribitur,
1446 492 1643 532 rursus
1681 474 1745 533 in
1783 476 2082 532 Parasceve
2104 484 2163 561 Α
2183 473 2365 529 carnis
2402 479 2725 547 assumpta,
2771 475 2915 533 sicut
2948 479 3193 534 aeternus
3227 479 3285 535 et
3315 474 3608 550 piissimus
3644 477 3841 549 Pater,

454 570 695 643 repetita
717 589 734 640 ;
759 576 959 643 quarta
980 588 1114 628 vero
1139 572 1277 628 feria
1301 572 1486 644 passio
1511 571 1826 626 secundum
1850 571 2081 626 Lucam.

455 665 598 721 Olim
626 664 685 719 in
715 666 1005 721 Dominica
1030 667 1351 721 Palmarum
1374 665 1557 737 passio
1573 666 1869 736 legebatur
1887 666 1948 721 in
1970 681 2084 723 ma~

449 759 562 829 jori
591 763 815 816 tantum
846 776 1022 830 sacro,
1053 777 1171 816 non
1196 760 1254 814 in
1279 761 1509 831 privatis
1535 759 1741 815 missis.

455 864 668 921 XXXIII.
710 882 951 921 mannos
990 882 1047 921 IN
1083 881 1378 921 summa
1419 879 1761 932 nennouaoa,
1812 880 1967 920 rsum
2017 881 2078 934 ιι,

1052 954 1123 992 AD
1162 954 1483 995 MATUTINOS.

891 1026 1065 1076 Lectio
1100 1027 1316 1077 Danihel
1350 1027 1637 1092 prOpheta.

527 1110 800 1181 Tempore
830 1108 946 1175 illo,
987 1125 1093 1180 ego
1128 1110 1384 1177 Danihel,
1415 1126 1549 1165 cum
1574 1125 1795 1165 orarem
1823 1112 1880 1164 et
1908 1108 2081 1165 conﬁ-

451 1206 603 1258 terer
627 1207 854 1275 peccata
890 1219 1036 1270 mea,
1079 1208 1138 1259 et
1173 1208 1403 1276 peccata
1440 1204 1638 1275 p0puli
1684 1204 1798 1258 mei
1846 1203 2077 1271 Israhel,

451 1300 581 1363 etc.,
609 1313 778 1368 usque
804 1300 870 1354 Et
895 1314 1072 1369 usque
1108 1298 1179 1353 ad
1220 1297 1767 1354 consummationem
1806 1302 1863 1353 et
1905 1296 2079 1352 ﬁnem

450 1391 825 1462 perseveravit
850 1390 1157 1449 dissolatio.
1188 1391 1420 1462 (Daniel.
1444 1408 1522 1458 ix,
1549 1390 1756 1461 20-27.)

519 1500 785 1555 LEGENDA,
842 1502 998 1541 FERIA
1054 1504 1137 1553 ΙΙΙ,
1176 1503 1246 1540 AD
1304 1502 1623 1555 HATUTINOS,
1675 1502 1732 1541 IN
1782 1501 2077 1542 AUTENTICA

1093 1574 1433 1613 HEBDOHADA.

865 1646 1039 1696 Lectio
1072 1645 1333 1696 Hierimia
1365 1646 1656 1710 propheta.

522 1728 570 1802 1
589 1728 717 1804 28
738 1732 863 1786 Hac
878 1731 1011 1786 dicit
1030 1732 1323 1787 Dominus:
1342 1733 1678 1788 Revertatur
1688 1732 2079 1804 unusquisque

449 1840 482 1878 a
523 1824 612 1878 via
646 1841 747 1879 sua
787 1826 955 1893 mala,
1002 1830 1133 1892 etc.,
1179 1841 1350 1896 usque
1394 1827 1658 1881 Animam
1704 1826 1969 1898 pauperis
2008 1826 2079 1881 de

444 1934 620 1973 manu
666 1920 966 1989 malorum,
1013 1920 1092 1975 ait
1131 1920 1403 1974 Dominus
1446 1922 1613 1975 Deus.
1659 1920 1873 1991 (Jerem.
1919 1938 2075 1991 xvm,

447 2014 632 2081 tt-23)
664 2015 866 2067 Deinde
893 2018 1276 2084 consequenter
1305 2034 1321 2069 :
1351 2014 1632 2069 Seduxisti
1662 2030 1775 2083 me,
1817 2014 2076 2082 Domine,

442 2109 500 2161 et
524 2106 785 2161 seductus
810 2122 958 2174 sum,
991 2112 1098 2164 etc.
1131 2107 1342 2176 (Jerem.
1372 2125 1488 2174 xxx,
1517 2108 1695 2178 7-t3.)

572 2220 812 2260 LEGENDA
851 2222 1010 2261 FERIA
1049 2222 1123 2272 IV,
1165 2223 1223 2261 IN
1260 2218 1560 2261 ΑΙῘἸἙΝΤΙΟΔ
1597 2221 1940 2276 ΗΕΒΟΟἎΙΔΒΔ,

1039 2294 1109 2332 ΔΙ)
1149 2294 1472 2333 IATUTINOS.

864 2365 1041 2415 Lectio
1075 2364 1337 2415 Hierimia
1370 2364 1657 2429 propheta.

509 2445 659 2500 Dixit
710 2445 1006 2500 Hierimias
1060 2462 1074 2499 :

435 2554 623 2594 meam
650 2538 709 2592 in
727 2539 888 2609 virga
922 2538 1332 2609 indignationis
1379 2543 1511 2608 tua,
1554 2543 1684 2607 etc.,
1736 2556 1905 2610 usque
1943 2541 2073 2596 Ideo

435 2631 677 2703 sperabo
720 2631 1119 2688 misericordia
1170 2632 1418 2701 Domini,
1481 2632 1562 2688 ait
1594 2633 1865 2689 Dominus
1906 2635 2068 2690 Deus.

436 2725 657 2797 (Thren.
690 2743 772 2793 ill,
810 2727 973 2798 1-22.)

511 2842 726 2897 XXXIV.
766 2859 1010 2898 LEGENDA
1051 2861 1108 2899 ιη
1146 2861 1282 2899 cans
1322 2860 1511 2899 nomm
1557 2861 1625 2898 an
1667 2860 1991 2900 κΑτοτιΝοε.

971 2932 1150 2982 Lectio
1183 2932 1303 2982 libri
1336 2931 1518 2982 Exodi.

442 3032 451 3035 “
502 3014 780 3083 Tempore
806 3013 923 3081 illo,
953 3030 1146 3068 mense
1175 3013 1343 3068 tertio
1371 3012 1712 3085 egressionis
1751 3012 1965 3068 Israhel
2000 3013 2070 3068 de

433 3112 582 3164 terra
617 3108 865 3179 Egypti,
904 3108 965 3163 in
1001 3108 1091 3163 die
1134 3108 1241 3162 hac
1275 3111 1557 3162 venerunt
1587 3106 1661 3161 ad
1702 3106 2068 3163 solitudinem

432 3201 602 3270 Sinai,
634 3206 765 3268 etc.,
797 3218 968 3271 usque
1011 3203 1080 3255 Et
1120 3205 1182 3255 ut
1217 3205 1404 3256 terror
1443 3200 1590 3255 illius
1625 3204 1773 3255 esset
1806 3199 1867 3254 in
1908 3200 2069 3255 vobis
2089 3231 2145 3305 Ο
2169 3226 2291 3280 lum
2338 3199 2572 3296 (Μίῖηιω

1134 2447 1250 2532 Ego
1293 2422 1387 2501 vir
1427 2422 1623 2501 videns
1679 2422 2075 2518 paupertatem
2116 2512 2119 2515 _

2182 568 2381 624 creatis
2407 584 2439 622 a
2477 585 2537 624 se
2578 570 3001 643 redemptisque
3042 570 3171 626 ﬁliis
3211 588 3370 643 spem
3410 572 3649 631 indulta
3690 573 3837 629 ado-

2180 661 2389 733 ptionis
2434 663 2712 733 aperiens,
2770 664 3256 737 substantiamquc
3308 666 3471 721 nobis
3519 667 3838 736 calestem,

2180 760 2309 809 ante
2340 755 2490 811 diem
2514 773 2631 810 sua
2660 758 2857 811 mortis
2881 760 3193 829 assignans,
3222 766 3628 816 testamentum
3678 760 3841 826 fecit,

2181 865 2293 920 quo
2321 866 2426 904 nos
2465 850 2719 905 harcdcs
2757 852 2828 905 ab
2876 852 2964 907 his
3003 869 3130 923 qua
3176 854 3525 924 largiebatur
3561 854 3842 922 instituit,

2181 941 2431 997 humana
2458 944 2690 1016 quidem
2717 947 3156 1018 comparatione,
3188 947 3285 1001 scd
3310 964 3422 1001 non
3453 948 3710 1003 humana
3734 964 3842 1002 nc-

2180 1036 2475 1092 cessitate:
2506 1054 2622 1093 non
2646 1039 2957 1094 amissurus
2996 1040 3147 1112 quod
3185 1040 3316 1095 ﬁliis
3354 1041 3684 1112 deputabat,
3733 1041 3841 1096 sed

2180 1129 2478 1186 habiturus
2507 1132 2691 1203 magis
2715 1133 2860 1187 ﬁlios
2883 1150 3016 1189 cum
3042 1134 3369 1190 haereditate
3396 1151 3569 1206 quam
3591 1134 3842 1206 scripse-

2180 1228 2286 1281 rat.
2352 1224 2775 1282 Testamentum
2822 1228 2927 1282 hoc
2981 1228 3335 1299 appellamus
3392 1229 3832 1285 Testamentum

2180 1317 2439 1372 Novum:
2470 1318 2531 1373 in
2555 1336 2670 1391 quo
2709 1320 3081 1375 exharedatis
3121 1321 3404 1389 omnibus,
3448 1322 3604 1376 solus
3646 1322 3838 1378 haras

2178 1409 2493 1467 instituitur
2538 1413 2787 1484 populus
2833 1414 3206 1470 Christianus.
3256 1416 3379 1470 Non
3427 1419 3625 1471 autem
3662 1416 3837 1487 juxta

2176 1507 2470 1560 terrenum
2498 1522 2719 1561 morem
2747 1507 3047 1562 hareditas
3075 1507 3178 1562 ista
3218 1508 3507 1577 dividitur,
3548 1525 3658 1565 nec
3697 1526 3829 1565 cor-

2179 1597 2438 1668 ruptibili
2476 1599 2871 1655 distributione
2906 1601 2967 1655 in
3006 1602 3196 1672 plures
3237 1602 3488 1674 dispersa
3525 1606 3830 1658 tenuatur.

2179 1690 2389 1746 Omnes
2418 1692 2638 1765 recipit,
2667 1710 2866 1749 omnes
2906 1695 3137 1765 invitat;
3182 1712 3286 1750 nec
3324 1696 3392 1750 de
3426 1696 3697 1767 portione
3738 1699 3828 1750 te-

2177 1789 2418 1840 nentum
2446 1786 2683 1855 tollitur,
2715 1788 2868 1859 quod
2893 1788 3016 1842 aliis
3045 1788 3406 1844 nascentibus
3433 1790 3761 1861 deputetur.
3792 1811 3826 1840 ››

2100 1860 2155 1934 Β
2180 1879 2248 1932 Et
2266 1880 2439 1945 infra.
2473 1881 2905 1950 «Agnoscamus
2940 1898 3094 1936 nunc
3130 1881 3373 1937 ﬁdeliter
3392 1860 3679 1938 summam
3713 1883 3832 1938 ha-

2180 1970 2430 2025 reditatis
2456 1971 2721 2043 indepta.
2756 1975 2894 2029 Illud
2921 1979 3005 2029 est
3032 1975 3311 2043 videlicet,
3355 1976 3507 2047 quod
3544 1977 3828 2030 canenti-

2178 2062 2284 2118 bus
2309 2065 2575 2136 apostolis
2598 2067 2797 2122 aterni
2823 2068 3111 2123 libaminis
3152 2069 3412 2125 ordinem
3454 2069 3828 2126 consecravit.

2179 2158 2373 2230 Itaque
2394 2158 2670 2227 videmus,
2704 2162 2855 2232 quod
2881 2162 3026 2216 nihil
3052 2162 3215 2217 nobis
3240 2163 3309 2217 de
3338 2163 3670 2218 substantia
3706 2163 3832 2234 ple-

2177 2251 2437 2306 nitudine
2464 2253 2693 2323 minuit,
2727 2254 2826 2325 qui
2851 2255 3002 2327 quod
3032 2271 3138 2326 pro
3168 2255 3331 2310 nobis
3371 2256 3704 2328 assumpsit,
3745 2260 3831 2311 to-

2174 2346 2300 2399 tum
2326 2345 2489 2400 nobis
2508 2346 2758 2418 reliquit.
2780 2348 2890 2402 Alii
2909 2348 3231 2403 haredibus
3259 2348 3375 2404 suis
3399 2366 3499 2405 sua
3520 2350 3823 2418 tribuunt;

2174 2435 2267 2491 ille
2291 2439 2682 2511 semetipsum,
2716 2440 2775 2495 id
2801 2446 2885 2496 est
2909 2457 3140 2496 carnem
3175 2442 3263 2497 vel
3307 2442 3648 2513 sanguinem
3690 2459 3824 2497 cor-

2171 2530 2324 2602 poris
2350 2531 2459 2586 sui.
2488 2554 2517 2581 »
2544 2535 2729 2589 Aurea
2766 2535 2958 2603 verba,
2988 2552 3093 2592 nec
3127 2535 3320 2593 minus
3341 2534 3452 2592 ﬁde
3481 2552 3662 2609 quam
3691 2553 3828 2594 con-

2173 2624 2444 2683 solatione
2472 2626 2659 2697 plena.

2258 2721 2493 2795 [XXXVL
2533 2741 2780 2780 LEGENDA
2817 2743 2886 2781 an
2926 2744 3227 2784 nummos
3269 2746 3327 2784 IN
3365 2743 3727 2786 ransscavnn.

2662 2814 3001 2879 Evangelium
3035 2816 3329 2883 Johannis]

2269 2946 2583 3001 hominem.
2614 2947 2825 3003 Deinde
2851 2949 2987 3003 dicit
3016 2950 3068 3003 ei
3086 2966 3235 3005 unus
3250 2967 3319 3006 ex
3340 2952 3514 3006 servis
3535 2944 3824 3023 pontiﬁcis

2171 3044 2446 3111 cognatus
2508 3040 2650 3111 ejus,
2710 3042 2871 3112 cujus
2922 3042 3160 3098 abscidit
3221 3046 3418 3100 Petrus
3470 3045 3819 3101 auriculam.

2170 3132 2364 3187 Nonne
2394 3149 2500 3204 ego
2530 3138 2584 3189 te
2613 3135 2728 3189 vidi
2758 3135 2817 3189 in
2847 3140 2975 3190 ortu
3017 3150 3149 3191 cum
3186 3138 3323 3193 illo?
3367 3139 3434 3193 Et
3470 3144 3598 3210 post
3631 3140 3819 3211 pusil-

2580 3269 2594 3294 ,
2634 3234 2992 3284 accesserunt
3026 3230 3125 3300 qui
3170 3230 3411 3300 stabant,
3450 3238 3507 3287 et
3545 3232 3822 3289 dixerunt

430 3299 493 3398 ft‘
515 3311 633 3398 pon
658 3295 965 3366 peccamus
989 3293 1256 3365 amplius.
1281 3294 1475 3364 (Exod.
1504 3310 1617 3359 xix,
1668 3296 1718 3363 Ι,
1756 3309 1924 3363 usque
1971 3311 2066 3364 xx,
2097 3293 2144 3305 “”
2175 3293 2367 3392 130
2398 3293 2564 3374 Petro
2582 3293 2606 3375 7:
2639 3322 2777 3376 Vere
2807 3326 2863 3376 et
2889 3326 2947 3376 tu
2972 3293 3184 3377 ex-illis
3210 3340 3289 3392 es,
3321 3293 3455 3379 nam
3491 3330 3549 3380 et
3582 3325 3820 3398 loquilla

428 3388 541 3461 20.)
580 3466 754 3517 Lectio
788 3466 954 3517 sancti
986 3466 1258 3531 Evangelii
1291 3465 1578 3518 secundum
1614 3464 1928 3516 Mallhaum.

430 3594 441 3599 ι
501 3552 708 3608 Diebus
732 3552 862 3619 illis,
890 3553 1032 3608 dixit
1060 3552 1332 3608 Dominus
1372 3553 1533 3608 Jesus
1567 3551 1859 3622 discipulis
1903 3550 2018 3605 suis
2051 3568 2066 3605 :

429 3646 595 3703 Scitis
619 3646 753 3719 quia
778 3651 903 3719 post
928 3646 1166 3702 biduum
1191 3646 1404 3702 Pascha
1427 3644 1639 3701 ﬁet.....
1668 3645 1948 3701 tumultus
1974 3644 2071 3700 ﬁe-

425 3742 516 3796 ret
542 3740 602 3795 in
625 3741 951 3815 populo.....
983 3742 1196 3808 (Matth.
1226 3756 1375 3806 xxvr,
1404 3738 1482 3809 2.)

814 3857 995 3902 ΝΟΤᾸΞ
1037 3858 1115 3901 ΕΤ
1155 3854 1686 3901 OBSERVATIONES.

495 3937 778 3993 Numerus
811 3935 1142 4007 marginalis
1179 3936 1333 3992 deest
1378 3936 1437 3991 in
1478 3936 1655 3991 tribus
1675 3933 1888 4005 ‘primis
1921 3932 2064 3988 heb-

362 4018 367 4023 ’
423 4031 679 4086 domada
714 4035 922 4085 sancta
959 4030 1136 4097 feriis,
1196 4031 1257 4085 in
1315 4030 1523 4102 quibus
1560 4028 1728 4084 unica
1766 4026 1950 4082 Lectio
1993 4026 2065 4082 ad

422 4124 741 4192 Matutinos,
760 4124 931 4179 nulla
956 4124 1027 4179 ad
1052 4124 1281 4178 missam
1301 4124 1685 4195 assignantur.
1705 4120 1869 4175 Nulla
1889 4118 2064 4175 etiam

420 4217 593 4273 missa
617 4218 708 4272 his
727 4218 925 4273 diebus
942 4222 1122 4273 exstat
1140 4218 1199 4273 in
1220 4216 1580 4282 Mozarabico,
1602 4229 1792 4285 neque
1813 4213 1985 4269 etiam
2002 4213 2065 4269 in

421 4311 718 4367 Gallicano.
751 4311 1109 4368 Hebdomada
1140 4316 1373 4366 vocatur
1398 4308 1744 4376 authentica,
1773 4311 1837 4363 ut
1854 4306 2066 4378 passim

420 4404 571 4475 apud
616 4405 984 4476 Amalarium,
1031 4406 1284 4476 aliosque
1317 4420 1513 4459 rerum
1555 4400 2064 4457 ecclesiasticarum

418 4498 741 4571 scriptores.
772 4498 1143 4570 Evangelium
1163 4497 1212 4569 1
1229 4496 1357 4570 29
1381 4496 1537 4551 feria
1559 4495 1774 4567 quinta
1794 4493 2064 4550 mutilum

417 4596 502 4647 est
524 4593 582 4647 in
608 4592 808 4648 Codice
833 4596 1048 4659 nostro,
1081 4590 1351 4662 quoniam
1378 4590 1605 4646 avulsus
1629 4592 1716 4644 est
1739 4605 1889 4643 unus
1912 4603 2056 4659 qua-
2077 4601 2137 4674 D

414 4686 620 4753 ternio,
677 4687 739 4741 in
791 4701 906 4757 quo
965 4684 1323 4743 habebantur
1376 4684 1667 4739 Lectiones
1709 4682 1781 4739 ad
1826 4682 2060 4737 missam

412 4780 598 4835 Cana
625 4779 871 4848 Domini,
900 4783 958 4835 et
985 4779 1057 4834 ad
1082 4778 1380 4834 Matutinos
1406 4778 1562 4834 feria
1587 4781 1779 4846 sextae,
1807 4780 1875 4831 ut
1903 4775 2063 4831 colli-

413 4873 602 4945 gimus
625 4889 695 4928 ex
722 4888 900 4927 vacuo
927 4871 1139 4944 duplici
1162 4889 1431 4940 numero,
1459 4875 1519 4927 et
1542 4888 1612 4926 ex
1642 4869 1906 4942 sequenti
1941 4886 2052 4924 nn-

409 4983 569 5022 mero
595 4969 684 5031 37,
713 4966 815 5037 qui
840 4965 900 5021 in
930 4966 1117 5021 ofﬁcio
1149 4967 1410 5023 secunda
1441 4966 1597 5021 hora
1620 4965 1694 5021 ad
1714 4979 1876 5019 oram
1897 4962 2060 5017 Codi-

409 5062 490 5115 cis
513 5058 838 5130 apponitur.
884 5060 947 5115 In
985 5059 1177 5115 triduo
1223 5064 1355 5116 ante
1396 5061 1608 5116 Pascha
1652 5059 1723 5114 ad
1761 5055 2059 5113 Matutinos

411 5170 527 5208 non
553 5153 913 5225 legebantur,
939 5157 1006 5208 ut
1048 5154 1237 5224 modo,
1277 5155 1537 5213 Ieremia
1578 5149 2053 5218 Lamentationes,

409 5248 507 5303 sed
535 5263 649 5302 una
666 5247 834 5303 lectio
857 5264 928 5303 ex
963 5248 1305 5319 pramissis;
1345 5264 1450 5305 nec
1485 5247 1673 5321 passio
1708 5242 1919 5301 Christi
1954 5242 2058 5297 Do-

409 5341 552 5396 mini
577 5346 709 5397 ante
733 5341 942 5397 feriam
969 5344 1212 5398 sextam.

484 5437 775 5491 Dominica
800 5434 972 5492 Cana
996 5438 1142 5505 festa
1165 5437 1327 5491 vocat
1348 5434 1653 5507 Gregorius
1688 5436 1751 5493 in
1789 5437 1892 5495 lib.
1929 5454 2053 5505 vm,

407 5544 534 5599 cap.
566 5527 655 5584 43.
683 5527 792 5584 Alii
814 5530 1014 5587 Natale
1044 5531 1252 5592 caucis,
1297 5544 1412 5599 quo
1443 5528 1610 5585 titulo
1644 5530 1844 5587 Avitus
1885 5531 2053 5587 Vien-

405 5620 598 5675 nensis
620 5621 875 5692 pontifex
899 5638 1225 5680 sermonem
1254 5621 1471 5690 habuit,
1500 5622 1663 5694 cujus
1690 5624 1909 5697 aliquot
1931 5624 2049 5681 fra-

408 5718 641 5785 gmenta
663 5715 751 5772 vir
775 5717 849 5773 cl.
879 5717 1116 5772 Iacobus
1143 5715 1488 5772 Sirmundus
1510 5716 1783 5789 vulgavit.
1833 5717 2055 5790 Insigne

399 5812 483 5863 est
525 5825 644 5880 pra
684 5809 905 5866 cateris
942 5809 1335 5881 fragmentum
1374 5811 1630 5878 tertium,
1671 5812 1733 5867 in
1774 5826 1889 5883 quo
1931 5811 2055 5866 hac

399 5902 572 5959 verba
601 5920 616 5960 :
644 5925 673 5955 et
694 5902 1045 5975 lmpletnrus
1062 5905 1407 5981 Redemptor
1424 5910 1620 5965 noster
1633 5908 2054 5983 sacramentum

2169 3417 2266 3466 tua
2295 3412 2659 3467 manifestum
2689 3419 2744 3469 te
2772 3415 2923 3469 facit.
2953 3417 3109 3470 Tunc
3134 3417 3305 3488 capit
3321 3418 3519 3488 jurare
3555 3424 3613 3473 et
3651 3419 3814 3476 dete-

2170 3508 2340 3573 stare,
2369 3505 2501 3577 quia
2529 3523 2642 3561 non
2668 3506 2917 3562 novisset
2942 3508 3256 3565 hominem.
3287 3510 3357 3565 Et
3383 3512 3654 3568 continuo
3686 3514 3814 3584 gal-

2169 3597 2256 3651 lus
2277 3599 2541 3654 cantavit.
2572 3601 2639 3655 Et
2670 3616 2972 3656 conversus
3008 3603 3281 3658 Dominus
3318 3605 3520 3660 .Ihesus
3561 3608 3816 3679 respexit

2167 3693 2332 3746 Petro
2377 3693 2546 3763 (Lua)
2586 3695 2651 3748 Et
2678 3695 3002 3750 recordatus
3038 3702 3124 3751 est
3151 3698 3349 3752 Petrus
3378 3699 3527 3754 verbi
3562 3701 3810 3755 Domini.

2165 3785 2297 3839 Iesu
2322 3787 2470 3857 quod
2501 3787 2719 3842 dixerat
2747 3804 2762 3842 :
2791 3789 3126 3862 Priusquam
3158 3792 3340 3863 gallus
3365 3797 3571 3860 cantet,
3602 3799 3694 3851 ter
3717 3810 3813 3851 me

2166 3878 2418 3949 negabis.
2448 3880 2515 3934 Et
2539 3896 2803 3951 agressus
2832 3882 2981 3936 foras
3006 3884 3162 3940 flevit
3188 3901 3382 3940 amare
3416 3886 3675 3957 (Matth.).

2271 3971 2509 4028 XXXVII.
2550 3988 2795 4029 LEGENDA
2833 3992 2903 4030 an
2941 3993 3182 4033 saccum
3223 3994 3281 4033 us
3320 3995 3679 4036 ranascnveu.

2744 4063 2905 4114 Esaia
2939 4066 3226 4129 propheta.

2233 4141 2373 4195 Ecce
2398 4140 2679 4215 intellegit
2705 4159 2900 4199 servus
2927 4162 3108 4214 meus,
3138 4153 3195 4201 et
3221 4146 3580 4215 exaltabitur,
3618 4153 3680 4205 et
3704 4149 3815 4207 ele-

2164 4233 2406 4304 vabitur,
2438 4238 2496 4290 et
2526 4236 2786 4292 sublimis
2829 4238 2956 4307 erit,
3006 4244 3135 4309 etc.,
3177 4255 3347 4309 usque
3381 4241 3487 4294 Pro
3520 4245 3815 4315 trangres-

2163 4328 2387 4383 scribus
2405 4329 2605 4385 oravit.
2631 4330 2762 4401 (Isa.
2788 4348 2886 4402 ιιι,
2910 4335 2995 4402 t3,
3020 4334 3189 4402 usque
3216 4348 3333 4401 LIII,
3362 4335 3446 4401 t2,
3470 4335 3809 4402 quibusdam

2163 4422 2418 4493 omissis.)

2400 4518 2643 4572 LEGENDA
2680 4534 2749 4572 AD
2787 4534 3027 4573 SECUNDA
3067 4535 3124 4572 IN
3162 4534 3523 4575 PARASCEVEN.

2667 4605 3008 4669 Evangelium
3042 4606 3288 4657 Matlhai.

2228 4685 2387 4740 Mane
2418 4689 2609 4740 autem
2636 4684 2804 4755 facto,
2832 4685 3130 4741 consilium
3159 4687 3414 4744 inierunt
3433 4704 3634 4746 omnes
3655 4692 3812 4764 prin-

2159 4777 2314 4850 cipes
2339 4779 2693 4834 sacerdotum
2712 4783 2770 4834 et
2796 4778 3046 4835 seniores
3070 4782 3270 4853 populi
3301 4782 3571 4838 adversus
3612 4785 3807 4841 Domi-

2158 4888 2303 4927 num
2329 4873 2542 4939 Jesum,
2573 4876 2638 4926 ut
2666 4887 2798 4926 eum
2826 4874 2997 4928 morti
3027 4875 3318 4930 traderent
3346 4892 3359 4931 :
3394 4881 3452 4931 et
3483 4876 3742 4934 vinctum
3769 4896 3805 4933 a

2155 4965 2370 5036 Caipha
2381 4965 2745 5021 adduxerunt
2762 4983 2918 5033 eum,
2942 4972 3000 5022 et
3022 4969 3379 5024 tradiderunt
3388 4970 3589 5025 Pontio
3608 4971 3807 5043 Pylato

2158 5058 2407 5130 prasidi.
2435 5059 2590 5114 Tunc
2621 5058 2816 5113 videns
2855 5060 3023 5116 ludas
3063 5062 3162 5134 qui
3206 5080 3339 5118 eum
3383 5063 3619 5119 tradidit
3656 5066 3810 5136 quod

2157 5152 2455 5208 damnatus
2480 5156 2645 5222 esset,
2686 5153 3018 5225 poenitentia
3056 5155 3258 5211 ductus
3295 5156 3515 5213 rettulit
3553 5158 3809 5229 treginta

2155 5249 2453 5317 argenteos
2502 5246 2855 5318 principibus
2924 5250 3279 5307 sacerdotum
3347 5255 3401 5306 et
3463 5251 3804 5323 senioribus,

2156 5338 2347 5395 dicens
2374 5355 2388 5393 :
2420 5340 2652 5395 Peccavi
2676 5341 2909 5397 tradens
2952 5344 3292 5415 sanguinem
3320 5344 3563 5415 justum.
3609 5349 3684 5401 At
3716 5345 3804 5401 illi

2155 5432 2422 5489 dixerunt
2470 5450 2485 5488 :
2540 5434 2685 5500 Quid
2733 5435 2806 5490 ad
2848 5437 2990 5493 nos?
3046 5442 3109 5493 tu
3152 5436 3378 5493 videris.
3421 5438 3490 5492 Et
3531 5438 3807 5510 projectis

2154 5527 2438 5600 argenteis
2472 5527 2535 5583 in
2573 5528 2808 5600 templo,
2851 5530 3114 5602 recessit;
3155 5534 3213 5586 et
3252 5530 3449 5585 abiens
3494 5531 3702 5603 laqueo
3745 5548 3805 5588 se

2154 5621 2469 5694 suspendit.
2534 5621 2824 5695 Principes
2893 5627 3085 5679 autem
3141 5623 3502 5681 sacerdotum
3554 5626 3804 5698 acceptis

2152 5716 2438 5787 argenteis
2474 5715 2744 5771 dixerunt
2769 5732 2783 5770 :
2810 5717 2935 5775 Non
2961 5716 3092 5773 licet
3132 5733 3229 5772 eos
3253 5717 3480 5773 mittere
3509 5717 3571 5774 in
3600 5718 3805 5774 corbe-

2152 5824 2288 5877 nan,
2322 5809 2465 5880 quia
2492 5809 2775 5880 'pracium
2824 5809 3118 5882 sanguinis
3162 5815 3264 5865 est.
3313 5811 3561 5868 Consilio
3605 5815 3807 5868 autem

2153 5901 2317 5969 inito,
2366 5906 2629 5958 emerunt
2670 5917 2742 5958 ex
2786 5901 2895 5959 illis
2945 5918 3150 5979 agrum
3194 5903 3359 5980 ﬁguli
3407 5905 3465 5962 in
3507 5906 3805 5980 sepultura
