3968 6224
152 338 239 405 {39

1232 360 1318 417 DE
1356 360 1670 418 LITURGIA
1706 357 2079 415 GALLICANA
2118 356 2313 425 LIBER
2354 357 2418 416 ll.

3414 363 3513 423 490

149 461 575 536 peregrinorum
610 472 905 540 :‘propter
948 470 1054 527 hoc
1100 475 1333 528 vocatus
1373 476 1459 529 est,
1502 489 1641 546 ager
1682 474 1776 532 me
1800 477 1858 552 Α
1880 470 2212 522 accusantes
2239 485 2394 524 eum.
2418 467 2658 541 Sprtevit
2691 470 2885 526 autem
2915 467 3078 527 illum
3098 471 3353 530 Herodes
3382 489 3512 532 cum

148 557 578 623 Acheldemach,
617 564 781 634 quod
812 568 913 630 est,
965 582 1104 635 ager
1142 568 1457 638 sanguinis,
1486 586 1673 640 usque
1716 571 1775 625 in

148 651 471 708 hodiernum
512 655 700 711 diem.
743 659 895 713 Tunc
926 659 1224 731 impletum
1258 665 1343 717 est
1373 663 1526 733 quod
1560 663 1775 719 dictum

148 749 219 800 est
250 763 344 817 per
366 748 735 805 Hieremiam
773 754 1113 823 prophetam
1146 756 1433 810 dicentem
1470 774 1482 811 :
1516 757 1581 810 Et
1612 774 1773 811 acce-

145 845 332 912 perunt
382 844 654 907 treginta
726 850 1035 917 argenteos
1086 850 1353 920 prmtium
1421 850 1771 922 adpraeciati,

147 950 296 1004 quem
334 935 844 1006 adprzeciaverunt
881 957 915 995 a
943 940 1074 995 ﬁliis
1109 943 1343 1008 Israhel,
1388 947 1444 998 et
1488 944 1776 1000 dederunt

146 1045 231 1083 eos
254 1027 309 1083 in
339 1045 548 1100 agrum
586 1032 769 1101 ﬁguli,
805 1035 947 1089 sicut
979 1035 1121 1090 mihi
1147 1036 1427 1091 Dominus
1458 1039 1769 1093 constituit.

143 1123 282 1175 Iesus
318 1126 515 1178 autem
552 1127 714 1181 stetit
758 1131 893 1182 ante
926 1129 1252 1200 przesidem,
1295 1134 1353 1183 et
1398 1130 1775 1203 interrogavit

143 1231 259 1269 eum
286 1232 496 1286 praeses
524 1218 730 1274 dicens
758 1238 774 1275 :
801 1222 881 1276 Tu
913 1239 973 1275 es
1001 1239 1098 1277 rex
1125 1223 1456 1279 Judzeorum
1482 1224 1510 1279 ἰ)
1540 1225 1685 1280 Dicit
1718 1224 1771 1280 ei

146 1305 397 1360 Dominus
441 1308 661 1364 Iesus:
703 1312 782 1365 Tu
831 1310 989 1366 dicis.
1036 1312 1105 1365 Et
1148 1328 1279 1366 cum
1326 1317 1689 1369 accusaretur
1738 1333 1772 1369 a

142 1397 470 1470 principibus
507 1402 892 1471 sacerdotum,
917 1409 973 1458 et
1000 1404 1342 1473 senioribus,
1369 1406 1508 1461 nihil
1529 1424 1768 1478 respon-

143 1491 228 1545 dit.
271 1494 419 1548 Tunc
453 1495 602 1549 dicit
639 1497 716 1551 illi
749 1497 980 1568 Pylatus
1012 1515 1025 1552 :
1060 1500 1183 1553 Non
1215 1500 1378 1553 audis
1412 1504 1627 1571 quanta
1666 1502 1765 1556 ad-

140 1601 344 1640 versum
382 1589 440 1641 te
474 1588 679 1644 dicunt
712 1591 1085 1646 testimonia?
1125 1593 1190 1646 Et
1230 1609 1345 1647 non
1387 1595 1687 1665 respondit
1716 1595 1767 1650 ei

144 1678 205 1732 ad
239 1680 393 1735 illum
442 1684 713 1750 verbum,
756 1684 836 1739 ita
879 1688 938 1740 ut
986 1685 1296 1741 miraretur
1334 1704 1545 1759 praeses
1591 1690 1763 1743 vehe-

141 1777 364 1829 menter.

1879 564 2124 619 exercito
2151 582 2274 632 suo,
2308 569 2366 619 et
2392 566 2604 633 inlusit,
2635 571 2692 621 et
2718 567 2921 622 induta
2943 572 3095 623 veste
3115 570 3263 638 alba,
3293 573 3516 628 remisit

1877 655 1951 711 ad
1980 658 2258 727 Pylatum.
2290 660 2357 712 Et
2385 660 2517 713 facti
2551 663 2682 714 sunt
2708 662 2876 715 amici
2918 662 3171 717 Herodes
3198 668 3253 716 et
3284 666 3513 735 Pylatus

1874 748 1934 804 in
1968 750 2090 820 ipsa
2131 751 2243 817 die,
2278 768 2413 806 nam
2454 756 2626 807 antea
2674 754 2890 808 inimici
2936 756 3205 810 erantad
3246 757 3509 813 invicem.

1875 844 2103 913 Pylatus
2144 847 2336 898 autem
2377 847 2701 900 convocatis
2736 846 3088 919 principibus
3123 850 3508 919 sacerdotum,

1875 940 1933 989 et
1961 936 2390 1007 magistratibus
2411 937 2603 1011 132
2626 944 2679 993 et
2705 941 2893 1011 plebe,
2923 941 3061 995 dixit
3082 943 3158 997 ad
3191 943 3316 998 illos
3351 960 3363 998 :
3396 944 3507 999 0b-

1874 1028 2052 1082 tulitis
2078 1030 2219 1083 mihi
2249 1031 2401 1084 hunc
2429 1031 2726 1086 hominem
2759 1035 2920 1104 quasi
2943 1039 3301 1091 avertentem
3332 1053 3512 1109 popu-

1874 1122 2013 1189 lum,
2029 1126 2087 1176 et
2104 1140 2235 1177 ecce
2257 1140 2365 1195 ego
2388 1138 2583 1179 coram
2604 1126 2762 1181 vobis
2775 1127 3139 1200 interrogans
3151 1132 3369 1185 nullam
3381 1147 3512 1186 cau-

1874 1230 1996 1268 sam
2015 1214 2243 1273 invenio
2267 1217 2324 1270 in
2347 1218 2582 1272 homine
2601 1218 2708 1272 isto
2731 1236 2797 1274 ex
2818 1220 2923 1287 his,
2948 1222 3006 1275 in
3028 1223 3235 1293 quibus
3257 1239 3389 1277 eum
3412 1240 3508 1278 ac-

1872 1309 2126 1363 cusastis.
2161 1310 2273 1364 Sed
2306 1326 2495 1382 neque
2536 1312 2809 1367 Herodes.
2843 1314 2985 1368 Nam
3016 1316 3237 1371 remisit
3265 1333 3399 1371 eum
3433 1317 3508 1372 ad

1872 1414 2005 1453 nos:
2030 1402 2087 1452 et
2106 1416 2238 1454 ecce
2259 1400 2500 1470 dignum
2522 1402 2695 1455 morti
2718 1402 2859 1456 nihil
2881 1406 3079 1474 aptum
3102 1407 3188 1459 est
3206 1405 3278 1460 ei.
3303 1408 3507 1463 Emen-

1872 1488 2070 1546 datum
2098 1509 2238 1563 ergo
2261 1492 2421 1548 illum
2451 1493 2759 1549 dimittam.
2781 1494 2890 1549 Per
2909 1496 3065 1551 diem
3089 1501 3281 1553 autem
3303 1500 3507 1555 solem-

1869 1601 2004 1639 nem
2038 1583 2277 1656 (Matth)
2318 1591 2696 1641 consueverat
2725 1605 2935 1659 praeses
2971 1589 3262 1645 dimittere
3292 1594 3504 1663 populo

1870 1695 2049 1732 unum
2091 1679 2346 1733 vinctum
2389 1697 2563 1751 quem
2602 1682 2933 1737 voluissent.
2968 1684 3269 1739 Habebant
3312 1688 3506 1741 autem

1866 1777 2003 1828 tunc
2027 1775 2282 1830 vinctum
2305 1776 2612 1847 insignem,
2629 1778 2724 1849 qui
2748 1779 3048 1834 dicebatur
3068 1781 3374 1835 Barabbas.
3399 1781 3505 1846 Qui

202 1866 374 1940 131
433 1870 738 1942 Principes
782 1876 977 1928 autem
1018 1874 1383 1930 sacerdotum
1414 1875 1614 1946 (Ιοαη.)
1642 1854 1842 1931 nonB
1867 1872 2105 1939 propter
2156 1869 2501 1925 seditionem
2548 1872 2842 1943 quandam
2900 1874 3113 1928 factam
3158 1873 3217 1928 in
3279 1874 3504 1931 civitate

141 1960 462 2017 introierunt
497 1964 561 2018 in
603 1967 897 2036 prreturio,
944 1971 1005 2022 ut
1044 1985 1161 2023 non
1206 1969 1761 2037 contaminarentur,

146 2055 228 2108 sed
268 2056 691 2113 manducarent
732 2062 963 2131 pascha.
1004 2061 1183 2116 Exivit
1229 2078 1369 2132 ergo
1419 2065 1648 2133 Pylatus
1692 2063 1766 2118 ad

146 2163 225 2202 eos
250 2149 411 2215 foras,
445 2155 506 2206 et.
528 2153 675 2208 dixit
707 2172 719 2209 :
751 2154 936 2219 Quam
966 2155 1391 2211 accusationem
1423 2156 1639 2211 effertis
1670 2158 1766 2212 ad-

144 2258 312 2297 versus
341 2244 647 2302 hominem
684 2248 841 2303 hunc
862 2249 890 2303 ?
930 2250 1375 2321 Responderunt
1410 2254 1468 2305 et
1498 2251 1765 2305 dixerunt

147 2335 187 2388 ei
213 2353 224 2389 :
251 2336 303 2391 Si
334 2354 449 2392 non
483 2344 644 2394 esset
681 2341 773 2396 hic
804 2344 1163 2410 malefactor,
1205 2361 1323 2398 non
1358 2343 1459 2399 tibi
1492 2344 1761 2399 tradidis-

146 2445 309 2484 semus
340 2448 494 2487 eum.
542 2434 695 2488 Dixit
728 2452 867 2505 ergo
900 2436 982 2490 eis
1020 2438 1252 2508 Pylatus
1285 2455 1299 2493 :
1340 2438 1591 2509 Accipite
1628 2456 1762 2493 eum

144 2537 241 2588 vos,
266 2526 317 2577 et
334 2527 658 2581 secundum
676 2529 867 2597 legem
890 2532 1139 2585 vestram
1150 2530 1406 2601 judicate
1430 2548 1583 2586 eum.
1604 2532 1763 2586 Dixe-

147 2618 257 2670 runt
305 2633 440 2687 ergo
492 2620 546 2674 ei
596 2621 824 2676 Judaei:
872 2623 1044 2677 Nobis
1089 2640 1208 2679 non
1258 2624 1391 2679 licet
1436 2624 1759 2680 interficere

146 2723 467 2780 quenquam.
544 2713 621 2768 Ut
666 2731 860 2770 sermo
916 2716 1143 2771 Domini
1200 2718 1373 2772 Jhesu
1424 2717 1762 2789 impleretur

149 2816 292 2870 quem
318 2802 474 2870 dixit,
508 2806 844 2875 significans
876 2826 990 2879 qua
1027 2813 1214 2864 morte
1246 2813 1396 2865 esset
1424 2811 1756 2866 moriturus.

146 2895 371 2950 introivit
390 2914 531 2969 ergo
566 2901 777 2956 iterum
800 2903 1135 2975 prceturium
1170 2905 1419 2974 Pylatus,
1455 2908 1511 2958 et
1540 2905 1761 2960 vocavit

150 2987 208 3041 ad
233 3005 286 3043 se
312 2991 625 3048 Dominum
654 2995 911 3062 Jhesum,
946 3000 1002 3050 et
1034 2996 1173 3051 dixit
1200 2997 1250 3051 ei
1280 3014 1293 3052 :
1317 3000 1395 3053 Tu
1428 3015 1488 3051 es
1523 2999 1638 3053 Rex
1662 3001 1758 3054 Ju-

149 3080 372 3138 dzeorum
396 3084 423 3139 ?
451 3088 521 3140 Et
552 3089 857 3159 respondit
899 3089 951 3143 ei
996 3089 1275 3144 Dominus
1311 3092 1513 3145 Jhesus
1545 3108 1558 3146 :
1596 3094 1642 3145 A
1674 3095 1757 3145 tc-

148 3176 361 3247 metipso
385 3178 495 3234 hoc
516 3180 680 3248 dicis,
710 3199 783 3235 an
806 3182 901 3237 alii
925 3182 1031 3237 tibi
1058 3183 1326 3238 dixerunt
1356 3183 1426 3238 de
1452 3201 1546 3238 me
1565 3184 1593 3239 ?
1619 3184 1753 3239 Res-

149 3270 320 3338 pondit
348 3274 583 3343 Pylatus
614 3291 628 3329 :
662 3276 953 3346 Numquid
992 3293 1101 3347 ego
1131 3277 1361 3332 Iudaeus
1398 3277 1568 3332 sum?
1609 3278 1759 3333 Gens

149 3364 231 3415 tua
256 3364 306 3418 et
332 3368 632 3437 pontifices
660 3368 1027 3424 tradiderunt
1055 3374 1111 3425 te
1146 3370 1309 3425 mihi.
1345 3371 1494 3435 Quid
1526 3370 1757 3426 fecisti?

150 3453 430 3527 Respondit
474 3462 759 3516 Dominus
800 3462 1039 3518 Jhesus:
1091 3465 1357 3534 Regnum
1401 3482 1599 3519 meum
1639 3483 1757 3520 non

154 3553 221 3603 est
255 3551 316 3606 de
345 3553 449 3608 hoc
476 3556 702 3611 mundo
741 3556 799 3611 Si
842 3556 912 3611 de
945 3558 1054 3612 hoc
1083 3558 1303 3613 mundo
1337 3562 1485 3614 esset
1510 3576 1757 3629 regnum

153 3658 335 3712 meum,
364 3650 612 3706 ministri
639 3652 756 3706 mei
784 3652 980 3724 utique
1009 3652 1393 3720 decertarent,
1414 3657 1610 3709 utnon
1638 3658 1755 3710 tra-

155 3735 292 3793 derer
312 3740 513 3797 Judzeis
548 3761 561 3799 :
596 3761 749 3799 nunc
783 3749 978 3801 autem
1004 3763 1251 3817 regnum
1280 3764 1476 3802 meum
1519 3766 1636 3803 non
1673 3751 1758 3803 est

154 3828 278 3887 hinc.
305 3833 442 3890 Dixit
470 3837 671 3908 itaque
701 3838 751 3892 ei
776 3840 1007 3909 Pylatus
1036 3857 1050 3894 :
1084 3842 1235 3911 Ergo
1265 3858 1363 3895 rex
1400 3858 1461 3896 es
1476 3845 1537 3896 tu
1558 3843 1586 3897 ?
1616 3843 1755 3897 Res-

152 3924 325 3992 pondit
365 3929 643 3985 Dominus
688 3931 931 3987 Jhesus:
976 3934 1056 3987 Tu
1097 3933 1257 4001 dicis,
1306 3934 1441 4006 quia
1489 3952 1588 3989 rex
1628 3951 1755 3990 sum

158 4031 260 4085 ego.
285 4021 394 4091 Ego
416 4022 472 4078 in
492 4025 604 4079 hoc
638 4029 806 4080 natus
828 4043 977 4093 sum,
1007 4031 1063 4082 et
1093 4028 1166 4081 ad
1193 4028 1302 4083 hoc
1332 4029 1462 4083 veni
1494 4029 1552 4083 in
1584 4047 1752 4084 mun-

157 4110 285 4182 dum,
329 4122 383 4171 ut
430 4102 829 4176 testimonium
873 4123 1213 4193 perhibeam
1258 4123 1503 4180 veritati.
1558 4126 1757 4181 Omnis

159 4205 233 4274 qui
260 4211 333 4262 est
359 4228 423 4265 ex
449 4214 716 4281 veritate,
745 4215 907 4271 audit
934 4232 1133 4271 vocem
1158 4233 1373 4272 meam.
1408 4217 1551 4273 Dicit
1579 4220 1628 4273 ei
1654 4221 1756 4292 Py-

158 4296 310 4355 latus:
342 4303 481 4368 Quid
530 4310 617 4361 est
651 4307 905 4363 veritas?
935 4310 1003 4363 Et
1043 4309 1164 4365 haec
1203 4327 1333 4364 cum
1376 4309 1626 4379 dixisset,
1655 4312 1757 4367 ite-

158 4406 260 4446 rum
296 4397 451 4452 exivit
484 4400 719 4471 Pylatus
752 4401 908 4457 foras
947 4402 1019 4457 ad
1057 4403 1304 4471 Judaaos,
1349 4406 1407 4459 et
1446 4404 1585 4460 dixit
1628 4404 1751 4461 eis:

159 4482 252 4553 Ego
275 4490 474 4545 nullam
508 4508 745 4547 causam
767 4495 999 4550 invenio
1028 4496 1086 4550 in
1121 4496 1360 4552 homine
1385 4498 1516 4553 isto.

1778 3230 1833 3305 C

1865 1961 2060 2033 (Luc.),
2091 1965 2148 2015 et
2192 1963 2591 2031 humicidium,
2620 1966 2825 2019 missus
2860 1968 3052 2021 fuerat
3089 1967 3146 2021 in
3190 1984 3501 2024 carcerem.

1865 2054 2245 2125 Congregatis
2266 2071 2404 2125 ergo
2434 2056 2543 2110 illis
2571 2058 2831 2129 (Matth.),
2856 2058 2990 2112 dicit
3021 2061 3250 2129 Pylatus
3280 2078 3292 2114 :
3319 2061 3505 2125 Quem

1863 2148 2031 2201 vultis
2056 2148 2344 2203 dimittam
2375 2150 2553 2216 vobis,
2580 2150 2902 2217 Barabban,
2934 2167 3007 2205 an
3027 2153 3261 2207 Jhesum
3289 2155 3386 2224 qui
3415 2154 3499 2209 di-

1864 2241 2011 2295 citur
2033 2241 2326 2296 Christus?
2349 2242 2575 2297 Sciebat
2597 2243 2751 2297 enim
2775 2244 2928 2314 quod
2962 2262 3067 2316 per
3086 2245 3363 2302 invidiam
3382 2250 3499 2302 tra-

1863 2328 2144 2389 didissent
2181 2351 2333 2390 eum.
2383 2336 2632 2391 Sedente
2677 2340 2872 2391 autem
2920 2338 3015 2393 illo
3056 2356 3160 2409 pro
3203 2339 3498 2407 tribunali,

1864 2428 2018 2482 misit
2046 2429 2120 2483 ad
2152 2429 2313 2483 illum
2346 2446 2487 2484 uxor
2516 2430 2641 2501 ejus
2669 2431 2865 2485 dicens
2896 2448 2909 2486 :
2957 2432 3106 2486 Nihil
3136 2431 3238 2487 tibi
3268 2436 3325 2487 et
3342 2433 3499 2503 justo

1863 2521 2160 2589 illi,multa
2192 2522 2349 2577 enim
2379 2539 2549 2594 passa
2574 2540 2702 2578 sum
2728 2522 2901 2580 hodie
2923 2541 3029 2597 per
3055 2525 3239 2581 visum
3264 2531 3503 2598 propter

1862 2631 2017 2671 eum.
2049 2616 2343 2688 Principes
2372 2622 2565 2672 autem
2593 2618 2960 2673 sacerdotum
2992 2622 3050 2674 et
3087 2620 3345 2676 seniores
3367 2637 3498 2693 per-

1862 2712 2165 2763 suaserunt
2182 2712 2396 2781 populo
2417 2714 2481 2765 ut
2496 2714 2761 2782 peterent
2782 2712 3102 2781 Barabban,
3116 2715 3348 2769 Jhesum
3364 2731 3499 2770 vero

1861 2803 2193 2873 perderent.
2214 2804 2591 2875 Respondens
2609 2808 2804 2859 autem
2829 2806 3027 2877 prmsis
3049 2808 3129 2861 ait
3148 2808 3286 2863 illis:
3315 2808 3500 2873 Quem

1859 2897 2026 2950 vultis
2055 2897 2214 2951 vobis
2240 2897 2311 2951 de
2341 2898 2564 2953 duobus
2591 2898 2844 2953 dimitti?
2868 2902 2941 2953 At
2957 2899 3037 2954 illi
3068 2899 3364 2956 dixerunt!
3400 2902 3501 2956 Ba-

1859 2991 2099 3044 rabban.
2139 2990 2285 3044 Dicit
2324 2992 2432 3045 illis
2468 2994 2740 3063 Pylatus:
2775 2992 2925 3057 Quid
2969 2993 3144 3063 igitur
3181 2994 3391 3049 faciam
3425 2994 3497 3049 de

1857 3084 2049 3150 Jhesu,
2083 3084 2181 3154 qui
2214 3083 2421 3139 dicitur
2451 3085 2750 3141 Christus?
2779 3086 2987 3141 Dicunt
3012 3102 3214 3142 omnes
3248 3104 3260 3141 :
3298 3088 3495 3143 Cruci-

1858 3177 2087 3247 ﬂgatur.
2134 3177 2228 3231 Ait
2262 3178 2371 3231 illis
2416 3178 2588 3234 tertio
2639 3180 2837 3250 praesis
2866 3180 3080 3252 (Luc.):
3137 3180 3285 3245 Quid
3340 3182 3497 3237 enim

1858 3272 2011 3324 male
2038 3270 2217 3325 fecit?
2248 3273 2466 3326 nullam
2497 3289 2730 3327 causam
2757 3274 2960 3327 mortis
2991 3274 3220 3329 invenio
3252 3274 3309 3329 in
3341 3291 3493 3330 eum.

1857 3365 2177 3435 Corripiam
2204 3382 2362 3436 ergo
2409 3366 2572 3421 illum
2613 3371 2671 3421 et
2718 3366 3026 3422 dimittam.
3073 3370 3146 3422 At
3188 3367 3268 3422 illi
3312 3369 3496 3439 magis

1856 3459 2190 3514 clamabant
2221 3460 2515 3515 dicentes:
2549 3460 3211 3533 Cruciﬁgatur(Matth.).
3236 3462 3303 3516 Et
3337 3461 3497 3517 inva-

1856 3552 2137 3608 liscebant
2164 3569 2332 3607 voces
2365 3569 2565 3608 eorum
2596 3553 2790 3626 (Luc.).
2813 3554 3021 3609 Videns
3049 3559 3244 3610 autem
3266 3557 3496 3628 Pylatus

1856 3646 2013 3717 quod
2057 3647 2199 3703 nihil
2225 3648 2533 3718 proficeret
2567 3647 2828 3718 (Matth),
2863 3648 2965 3702 sed
2992 3648 3181 3719 magis
3218 3649 3495 3704 tumultus

1854 3740 2021 3794 ﬁeret
2052 3740 2110 3794 in
2140 3743 2375 3811 populo,
2412 3744 2647 3811 accepta
2679 3757 2830 3811 aqua
2858 3741 2995 3795 lavit
3026 3757 3253 3809 manus,
3297 3757 3494 3797 coram

1854 3834 2090 3903 pepulo,
2123 3833 2355 3889 dicens:
2387 3835 2669 3888 innocens
2700 3849 2808 3904 ego
2842 3849 2968 3887 sum
2991 3851 3025 3888 a
3055 3834 3335 3905 sanguine
3352 3833 3496 3906 justi

1855 3926 2044 3997 hujus.
2078 3928 2189 3982 Vos
2227 3927 2501 3982 videritis.
2533 3928 2604 3981 Et
2648 3926 3010 3998 respondens
3047 3928 3345 3983 universus
3386 3944 3490 4001 po-

1855 4021 2023 4092 pulus
2049 4020 2189 4075 dixit
2223 4037 2235 4075 :
2273 4020 2521 4091 Sanguis
2562 4021 2687 4091 ejus
2716 4038 2890 4092 super
2910 4038 3034 4089 nos,
3069 4025 3127 4076 et
3155 4037 3329 4093 super
3346 4021 3494 4078 ﬁlios

1857 4117 2101 4169 nostros.
2131 4115 2286 4169 Tunc
2313 4114 2529 4169 dimisit
2550 4114 2658 4169 illis
2686 4114 3006 4169 Barabban.
3033 4115 3269 4170 Jhesum
3298 4119 3492 4171 autem

1854 4207 2214 4278 ﬂagellatum
2244 4208 2481 4262 tradidit
2518 4207 2620 4276 eis,
2649 4212 2712 4262 ut
2741 4208 3191 4279 crucifigeretur.

2082 4311 2342 4365 XXXVIII.
2384 4327 2634 4365 LEGENDA
2675 4326 2792 4365 [PSA
2831 4327 2922 4365 me
2959 4327 3029 4364 an
3068 4326 3257 4365 macra

2281 4403 2459 4453 Lectio
2488 4402 2750 4453 Hierimiie
2775 4403 3061 4467 prophetas.

1925 4488 2075 4553 Quid
2106 4491 2194 4544 est
2223 4489 2381 4559 quod
2412 4489 2651 4544 dilectus
2677 4505 2841 4544 meus
2871 4488 2929 4543 in
2972 4487 3147 4542 domo
3188 4501 3323 4542 mea
3355 4488 3494 4543 fecit

213 4580 269 4633 At
288 4580 359 4636 illi
384 4584 798 4642 invaliscebant
824 4588 1080 4643 dicentes
1106 4589 1280 4662 (Luc.)
1307 4608 1320 4645 :
1349 4592 1510 4646 Hunc
1532 4592 1830 4673 inveni-1)
1853 4583 2072 4636 Scelera
2118 4582 2345 4637 munit?
2373 4586 2505 4650 εἶα-ν
2543 4598 2715 4653 usque
2744 4583 3054 4654 Properate
3092 4580 3167 4637 ad
3207 4580 3487 4637 ἀθνοηη·

161 4684 260 4725 mus
279 4677 693 4735 subvertentem
713 4684 950 4752 gentem
969 4687 1246 4751 nostram,
1269 4688 1325 4738 et
1345 4685 1751 4756 prohibentem

163 4763 332 4822 tributa
352 4770 481 4827 dare
505 4773 736 4841 (lassari,
771 4776 828 4829 et
849 4775 1139 4830 dicentem
1157 4794 1215 4831 se
1237 4777 1525 4833 Christum
1550 4796 1751 4850 regem

162 4870 273 4912 esse.
311 4862 627 4921 Commovit
668 4869 970 4939 populum,
1020 4870 1234 4925 docens
1280 4887 1387 4941 per
1426 4871 1750 4926 universam

162 4948 390 5022 Iudaeam,
418 4963 473 5014 et
511 4959 795 5032 incipiens
824 4980 857 5016 a
888 4962 1121 5017 Galilzea
1150 4980 1331 5035 usque
1358 4965 1489 5019 huc.
1521 4966 1751 5036 Pylatus

163 5047 316 5101 autem
340 5052 575 5107 audiens
596 5054 910 5121 Galilzeam,
936 5055 1313 5127 interrogavit
1332 5058 1377 5112 si
1396 5058 1571 5114 homo
1599 5059 1746 5114 Gali-

163 5132 269 5191 laus
300 5148 449 5200 esset.
492 5147 564 5200 Et
595 5150 657 5201 ut
686 5149 955 5219 cognovit
986 5150 1143 5220 quod
1174 5150 1244 5204 de
1286 5152 1540 5206 Herodes
1584 5155 1745 5223 pote-

163 5229 272 5285 state
299 5242 451 5307 esset,
492 5239 717 5295 remisit
757 5257 889 5295 eum
929 5242 1003 5295 ad
1044 5242 1352 5310 Herodem,
1388 5244 1486 5315 qui
1531 5248 1588 5298 et
1628 5244 1747 5316 ipse

165 5318 513 5400 Hierosolymis
552 5335 678 5388 erat
722 5330 781 5387 in
823 5334 933 5388 illis
971 5333 1191 5390 diebus.
1242 5335 1496 5391 Herodes
1554 5341 1747 5392 autem

161 5412 249 5471 viso
279 5420 504 5481 Domino
544 5427 738 5493 Jhesu,
790 5426 1017 5498 gavisus
1057 5432 1143 5483 est
1181 5429 1366 5484 valde.
1390 5431 1544 5484 .Erat
1591 5429 1746 5486 enim

166 5510 349 5580 cupiens
391 5536 455 5574 ex
493 5521 677 5576 multo
720 5524 986 5593 tempore
1029 5522 1210 5578 vidire
1270 5540 1425 5591 eum,
1476 5539 1544 5579 eo
1591 5524 1747 5595 quod

165 5601 341 5663 audiret
364 5614 540 5669 multa
571 5613 643 5669 de
681 5612 800 5683 illo,
835 5618 894 5670 et
932 5616 1204 5687 sperabat
1238 5617 1471 5688 signum
1511 5615 1747 5689 aliquod

166 5692 301 5753 Vidire
328 5703 388 5757 ab
426 5722 494 5761 co
523 5706 666 5762 fieri.
703 5707 1087 5779 Interrogavit
1117 5712 1310 5764 autem
1346 5710 1509 5765 illum
1550 5710 1746 5765 multis

166 5795 467 5853 sermonibus
492 5816 507 5854 :
530 5802 589 5855 at
617 5800 738 5873 ipse
767 5801 910 5856 nihil
942 5802 1335 5873 respondebat
1364 5802 1464 5857 illi.
1502 5801 1745 5859 Stabant

170 5884 316 5941 autem
344 5891 619 5968 principes
663 5896 1028 5952 sacerdotum
1068 5899 1127 5950 et
1173 5894 1373 5951 scribae
1412 5898 1744 5951 constanter

1855 4675 2012 4731 dum.
2043 4677 2253 4745 (Jcrem.
2281 4692 2359 4743 x1,
2397 4679 2596 4743 15-20;
2626 4693 2724 4743 xn,
2749 4675 2889 4746 7-9.)

2431 4795 2555 4833 ITEM
2598 4796 2668 4833 AI)
2707 4794 2894 4832 TERCIA
2903 4818 2914 4831 .

2339 4870 2636 4922 Secundum
2671 4870 2988 4920 Manlianum.

1925 4954 1973 5027 1
1990 4954 2117 5029 33
2135 4956 2335 5012 Milites
2356 4956 2615 5029 prcesidis
2638 4956 3011 5028 suscipientes
3033 4950 3343 5014 Dominum
3365 4959 3492 5015 Jhe-

1850 5063 1978 5103 sum
2009 5049 2066 5104 in
2100 5052 2455 5122 praetorium,
2474 5055 2975 5124 congregaverunt
3000 5054 3076 5108 ad
3097 5071 3231 5108 eum
3260 5054 3488 5108 univer-

1852 5160 1975 5197 sam
1992 5144 2317 5214 cohortem,
2351 5151 2408 5202 et
2429 5151 2704 5203 exuentes
2725 5163 2857 5201 eum
2878 5147 3234 5203 vestimentis
3251 5148 3384 5215 suis,
3409 5146 3491 5202 in-

1851 5238 2103 5295 duerunt
2122 5256 2257 5295 eum
2277 5240 2517 5298 loricam
2529 5257 2900 5314 purpuream,
2921 5247 2979 5298 et
2991 5241 3301 5299 clamidem
3315 5241 3491 5295 cocci-

1850 5349 2021 5387 neam
2070 5332 2578 5390 circumdederunt
2607 5335 2659 5391 ei
2695 5353 2709 5391 :
2758 5338 2815 5391 et
2857 5338 3173 5408 plectentes
3210 5350 3487 5390 coronam

1848 5426 1921 5481 de
1950 5426 2147 5498 spinis,
2167 5432 2485 5499 posuerunt
2515 5447 2690 5503 super
2714 5433 2885 5502 caput
2901 5429 3044 5500 ejus,
3063 5433 3123 5485 et
3140 5428 3487 5485 arundinem

1846 5514 1907 5575 in
1947 5520 2182 5576 dextera
2207 5521 2350 5593 ejus,
2385 5526 2445 5578 et
2472 5539 2628 5595 genu
2653 5523 2800 5577 ﬂexu
2827 5525 2960 5578 ante
2993 5538 3127 5577 eum
3146 5522 3489 5579 inludebant

1847 5613 1899 5668 ei
1933 5613 2187 5669 dicentes
2216 5632 2231 5670 :
2259 5612 2431 5684 Have,
2464 5632 2564 5671 rex
2580 5616 2931 5683 Judmorum,
2960 5619 3021 5670 et
3044 5615 3267 5671 dabant
3289 5615 3342 5671 ei
3363 5615 3482 5686 pal-

1844 5722 1999 5762 mas:
2024 5709 2083 5761 et
2107 5712 2421 5778 expuentes
2441 5709 2499 5763 in
2521 5724 2676 5776 eum,
2696 5708 3057 5780 accipiebant
3071 5708 3479 5771 harundinem,

1840 5804 1904 5853 'et
1947 5800 2355 5871 percuciebant
2396 5806 2567 5873 caput
2612 5801 2752 5870 ejus.
2792 5801 2972 5855 Exivit
3007 5805 3202 5855 autem
3252 5798 3480 5870 Pylatus

1840 5895 1997 5949 foras
2041 5893 2264 5966 (ἄρεω),
2304 5897 2359 5948 et
2402 5894 2541 5949 dixit
2580 5893 2791 5948 Iudaeis
2832 5910 2845 5947 :
2893 5895 3034 5947 Ecce
3078 5892 3304 5948 adduco
3346 5902 3477 5944 eum
