3968 6224
456 358 550 422 191
1110 356 1119 359 ’
1239 359 1573 418 ΑΡΡΕΝΒΙΧ
1610 360 1698 413 ΑΙ)
1734 358 1957 415 OPERA
1994 358 2084 414 ΞΑ]

2199 356 2228 412 Ἰ
2268 356 2569 413 GERMANI
2604 356 3032 414 PARISIENSIS.
3739 359 3842 415 192

447 470 625 539 foras,
658 471 721 528 ut
744 467 1127 542 cognuscatis,
1159 468 1294 542 quia
1325 486 1442 524 non
1474 466 1702 523 invenio
1731 466 1790 521 in
1821 483 1889 521 eo
1913 468 2089 522 ullam
2110 479 2170 554 Α
2190 467 2385 520 autem
2405 465 2636 521 titulum
2665 468 2896 539 Pylatus
2927 463 3151 539 (Joan.),
3181 469 3242 524 et
3281 465 3473 539 posuit
3497 482 3675 540 super
3703 484 3842 523 cru-

449 581 701 622 causam.
744 565 891 621 Exiit
931 581 1071 637 ergo
1096 564 1373 620 Dominus
1415 563 1618 617 Jhesus
1657 561 1831 629 foras,
1868 560 2088 617 habens
2189 575 2336 615 cem.
2390 560 2527 613 Erat
2564 563 2760 614 autem
2811 560 3123 617 scribtum:
3170 563 3331 617 Iesus
3373 562 3707 617 Nazarenus
3738 578 3843 616 rex

450 659 713 731 spineam
755 675 1031 714 coronam
1064 661 1121 712 et
1150 671 1503 729 purporeum
1548 655 1975 710 vestimentum.
2020 656 2090 709 Et
2185 652 2535 708 Iudaeorum.
2566 654 2726 708 Hunc
2756 670 2896 725 ergo
2938 655 3167 709 titulum
3212 655 3377 710 multi
3424 656 3700 727 legerunt
3738 656 3841 710 Ju-

453 752 590 811 dicit
631 753 711 807 eis
744 754 973 824 Pylatus
1002 769 1014 807 :
1044 753 1188 806 Ecce
1227 751 1424 806 homo.
1464 749 1607 805 Cum
1647 766 1787 819 ergo
1814 748 2091 805 vidissent
2191 745 2469 814 daaorum,
2503 746 2639 817 quia
2664 764 2843 819 prope
2871 748 3161 803 civitatem
3192 751 3317 804 erat
3345 750 3502 804 locus
3528 749 3627 803 ubi
3653 748 3845 804 cruci-

453 863 586 902 eum
634 846 933 917 pontiﬁces
983 848 1041 898 et
1087 842 1354 911 ministri,
1403 842 1735 898 clamabant
1782 841 2085 897 dicentes:
2189 839 2331 893 ﬁxus
2380 843 2467 894 est
2514 840 2792 895 Dominus
2844 842 3065 897 Jhesus.
3122 844 3192 897 Et
3234 845 3359 897 erat
3399 844 3679 915 scriptum
3735 842 3847 897 He-

450 939 748 1010 Cruciﬁge,
782 937 1069 1007 cruciﬁge.
1094 937 1240 992 Dicit
1270 936 1352 991 eis
1380 938 1611 1010 Pylatus
1645 954 1657 990 :
1680 934 1933 1007 Accipite
1955 952 2091 991 eum

448 1049 568 1098 vos,
621 1036 680 1087 et
722 1030 1037 1101 cruciﬁgite
1072 1048 1085 1086 :
1134 1047 1243 1103 ego
1283 1031 1441 1085 enim
1487 1046 1605 1085 non
1647 1029 1877 1084 invenio
1916 1028 1976 1083 in
2018 1046 2089 1084 eo

451 1142 703 1181 causam.
733 1125 1182 1196 Responderunt
1210 1124 1267 1179 ei
1291 1124 1473 1180 Judasi
1502 1141 1516 1179 :
1550 1124 1662 1179 Nos
1692 1125 1882 1194 legem
1909 1123 2086 1177 habe-

451 1236 597 1285 mus,
632 1222 689 1273 et
731 1219 1050 1273 secundum
1094 1220 1287 1288 legem
1313 1217 1489 1272 debet
1517 1217 1688 1285 mori,
1734 1216 1871 1289 quia
1908 1216 2090 1272 ﬁlium

449 1312 552 1367 Dei
580 1329 641 1367 se
670 1312 823 1367 fecit.
866 1312 1009 1368 Cum
1060 1328 1201 1382 ergo
1233 1311 1488 1365 audisset
1529 1312 1758 1382 Pylatus
1794 1311 1947 1365 hunc
1979 1326 2092 1364 ser-

448 1422 706 1473 monem,
739 1405 927 1475 magis
955 1404 1167 1472 timuit,
1206 1408 1264 1459 et
1297 1404 1590 1475 ingressus
1620 1408 1707 1458 est
1728 1402 2086 1475 praeturium.

448 1502 663 1554 lterum
706 1497 843 1552 dicit
890 1497 965 1552 ad
1008 1497 1319 1552 Dominum
1355 1498 1591 1552 Jhcsum
1617 1514 1631 1552 :
1662 1497 1825 1552 Unde
1876 1514 1938 1551 es
1980 1495 2090 1551 tu?

447 1595 651 1649 Jhesus
694 1598 888 1647 autem
926 1609 1269 1663 responsum
1309 1609 1427 1647 non
1467 1592 1629 1647 dedit
1656 1592 1727 1647 ei.
1774 1591 1921 1648 Dicit
1949 1607 2088 1661 ergo

452 1687 505 1742 ei
534 1687 764 1757 Pylatus
795 1703 807 1740 :
838 1685 970 1740 Mihi
1003 1702 1118 1740 non
1149 1686 1443 1757 loqueris?
1474 1686 1659 1741 nescis
1685 1685 1820 1757 quia
1845 1687 2090 1757 potesta-

448 1782 571 1834 tem
600 1779 787 1834 habeo
820 1779 1153 1849 cruciﬁgere
1192 1782 1281 1847 te;
1312 1782 1371 1833 et
1410 1782 1758 1850 potestatem
1785 1779 1972 1833 habeo
2002 1777 2087 1832 di-

2188 932 2402 1003 braice,
2435 933 2633 1002 Grece,
2665 937 2724 989 et
2752 934 2972 990 Latine.
3006 934 3285 991 Dicebant
3310 952 3449 1007 ergo
3470 938 3672 1008 Pylato
3695 953 3847 1009 pon-

2190 1026 2369 1081 tiﬁces
2408 1027 2743 1083 Judaaorum
2772 1045 2785 1085 :
2817 1028 2944 1083 Noli
2984 1028 3252 1097 scribere,
3300 1029 3418 1085 Rex
3452 1030 3841 1097 Iudaeorum;

2190 1121 2292 1174 sed
2318 1120 2453 1192 quia
2478 1120 2599 1192 ipse
2624 1121 2783 1190 dixit,
2814 1123 2932 1177 Rex
2969 1139 3097 1177 sum
3125 1123 3478 1178 Iudaeorum.
3513 1123 3845 1196 Respondit

2189 1214 2461 1284 Pylatus:
2514 1214 2681 1279 Quod
2728 1215 2943 1283 scribsi,
2993 1216 3207 1271 scribsi.
3254 1217 3455 1272 Milites
3498 1234 3641 1290 ergo
3704 1234 3844 1273 cum

2191 1306 2600 1362 cruciﬁxissent
2640 1309 2958 1364 Dominum
3005 1311 3220 1378 Jesum,
3264 1314 3613 1382 acceperunt
3660 1311 3842 1366 vesti-

2192 1403 2392 1455 menta
2430 1401 2572 1472 ejus,
2606 1405 2665 1457 et
2700 1403 2964 1458 fecerunt
3002 1408 3252 1474 quatuor
3274 1407 3487 1476 partes,
3519 1404 3843 1477 unicuique
3920 1470 3925 1478 ί

2191 1493 2359 1548 militi
2380 1498 2628 1565 partem,
2653 1498 2711 1550 et
2740 1496 2949 1551 tonica.
2972 1497 3109 1551 Erat
3128 1500 3325 1553 autem
3352 1498 3544 1554 tonica
3567 1499 3844 1555 inconsu-

2189 1586 2338 1655 tiles,
2370 1587 2619 1659 desuper
2661 1592 2929 1646 contexta
2970 1608 3076 1662 per
3119 1594 3328 1647 totum.
3370 1592 3650 1649 Dixerunt
3694 1610 3840 1665 ergo

2192 1680 2267 1736 ad
2288 1681 2535 1736 invicem
2559 1700 2572 1737 :
2597 1684 2722 1738 Non
2743 1684 3072 1741 scindamus
3097 1702 3249 1754 eam,
3282 1686 3384 1741 sed
3411 1687 3738 1742 sorciamur
3767 1687 3841 1742 de

2191 1773 2289 1829 illa
2308 1775 2469 1845 cujus
2495 1775 2584 1843 sit,
2604 1779 2668 1831 ut
2686 1777 2968 1833 scribtura
2989 1778 3327 1850 impleretur
3356 1779 3553 1835 dicens
3586 1798 3601 1835 :
3632 1780 3844 1836 Partiti

450 1872 682 1928 mittere
720 1872 817 1927 te?
839 1873 1159 1944 Respondit
1187 1849 1464 1928 Dominus
1492 1874 1731 1928 Jhesus:
1758 1873 1883 1927 Non
1910 1871 2087 1926 habe-
2110 1849 2167 1923 B
2192 1871 2326 1922 sunt
2348 1869 2693 1926 vestimenta
2718 1888 2852 1926 mea
2878 1871 3004 1941 sibi,
3027 1849 3087 1927 et
3109 1872 3168 1927 in
3197 1875 3415 1929 vestem
3442 1890 3639 1928 meam
3668 1875 3843 1930 mise-

451 1983 543 2022 res
588 1968 936 2037 potestatem
979 1965 1251 2020 adversus
1294 1983 1390 2021 me
1434 1967 1631 2034 ullam,
1665 1966 1773 2020 nisi
1808 1966 1913 2021 tibi
1943 1968 2094 2020 esset
2190 1964 2325 2015 runt
2364 1966 2600 2018 sortem.
2634 1964 2703 2018 Et
2745 1964 3014 2020 sedentes
3054 1967 3361 2021 servabant
3407 1983 3541 2021 eum
3568 1966 3838 2039 (Matth).

453 2061 653 2115 datum
688 2059 953 2131 desuper.
973 2061 1285 2130 PrOpterea
1311 2060 1409 2131 qui
1439 2059 1616 2114 tradit
1634 2076 1728 2114 me
1762 2058 1884 2126 tibi,
1905 2059 2093 2129 majus
2193 2054 2437 2111 Stabant
2480 2060 2676 2112 autem
2703 2058 2869 2129 juxta
2899 2075 3130 2114 crucem
3164 2060 3395 2115 Domini
3435 2061 3611 2116 Jhesu
3645 2064 3843 2116 mater

449 2156 752 2224 peccatum
778 2153 973 2207 habet.
998 2154 1066 2207 Et
1091 2152 1296 2208 exinde
1323 2153 1620 2224 quaerebat
1644 2154 1875 2224 Pylatus
1906 2152 2091 2207 dimit—
2193 2148 2316 2219 ejus
2342 2148 2566 2221 (Joan.),
2590 2154 2649 2205 et
2675 2167 2840 2206 soror
2864 2153 3066 2207 matris
3087 2153 3230 2224 ejus,
3257 2152 3306 2226 1
3322 2153 3447 2228 35
3479 2153 3657 2209 Maria
3678 2154 3842 2210 Cleo-

446 2249 572 2300 tere
616 2263 769 2302 eum.
814 2245 998 2302 Judaei
1046 2248 1239 2301 autem
1290 2246 1640 2314 clamabant,
1690 2246 1947 2301 dicentes
1979 2263 1992 2301 :
2033 2246 2091 2302 Si
2192 2258 2279 2313 pa:
2302 2243 2547 2298 etMaria
2571 2244 2945 2316 Magdalenaa.
2970 2247 3111 2302 Cum
3131 2263 3271 2318 ergo
3296 2247 3532 2302 vidisset
3554 2248 3840 2303 Dominus

449 2340 604 2394 hunc
636 2338 897 2407 dimittis,
922 2356 1040 2394 non
1069 2355 1130 2393 es
1160 2339 1378 2393 amicus
1406 2340 1665 2395 Caesaris.
1690 2338 1890 2395 Omnis
1913 2338 2009 2411 qui
2031 2356 2091 2393 se
2190 2335 2392 2390 Jhesus
2424 2340 2693 2406 matrem,
2715 2341 2774 2392 et
2802 2338 3145 2411 discipulum
3166 2343 3418 2395 stantem
3434 2357 3610 2413 quem
3636 2341 3842 2413 dilige-

450 2449 654 2504 regem
682 2434 840 2501 facit,
883 2432 1227 2487 contradicit
1265 2432 1497 2488 Caesari.
1525 2433 1756 2504 Pylatus
1791 2449 1929 2503 ergo
1961 2448 2092 2487 cum
2192 2428 2312 2497 bat,
2341 2429 2479 2484 dicit
2508 2431 2682 2486 matri
2707 2448 2824 2487 suae
2850 2449 2863 2487 :
2885 2433 3085 2487 Mulier
3103 2449 3237 2488 ecce
3258 2434 3407 2488 ﬁlius
3438 2438 3588 2489 tuus.
3612 2434 3839 2491 Deinde

453 2526 706 2581 audisset
733 2527 840 2581 hos
864 2542 1181 2593 sermones,
1213 2525 1424 2580 iterum
1451 2525 1689 2580 adduxit
1716 2526 1871 2581 foras
1896 2524 2088 2580 Domi-

454 2636 593 2673 num
613 2619 870 2685 Jhesum,
900 2621 957 2672 et
983 2618 1134 2673 sedit
1148 2633 1253 2690 pro
1279 2619 1576 2686 tribunali,
1605 2623 1661 2674 et
1683 2618 1821 2673 dicit
1841 2618 2052 2675 Iudaeis
2076 2635 2089 2673 ε

452 2714 591 2768 Ecce
614 2729 714 2767 rex
739 2714 944 2766 vester.
976 2711 1061 2766 Illi
1090 2716 1285 2767 autem
1315 2713 1647 2767 clamabant
1678 2730 1690 2767 :
1722 2714 1898 2779 Tolle,
1933 2712 2090 2778 tolle,

451 2806 719 2877 cruciﬁge
753 2822 905 2860 eum.
936 2805 1086 2860 Dixit
1133 2806 1215 2859 eis
1256 2807 1486 2877 Pylatus
1520 2823 1533 2861 :
1576 2807 1796 2877 Regem
1839 2809 2093 2861 vestrum

451 2899 785 2970 cruciﬁgam
802 2898 830 2954 ?
852 2898 1296 2970 Responderunt
1317 2899 1646 2971 pontiﬁces:
1670 2900 1795 2954 Non
1811 2900 2094 2955 habemus

451 3009 652 3064 regem
684 2992 791 3046 nisi
819 2992 1126 3049 Ctesa'rem.
1154 2994 1310 3047 Tunc
1341 3008 1481 3063 ergo
1516 2992 1753 3047 tradidit
1780 2993 1861 3047 eis
1893 2994 2092 3049 Domi-

2194 2521 2331 2576 dicit
2360 2523 2638 2595 discipulo
2677 2541 2690 2580 :
2740 2526 2882 2582 Ecce
2931 2530 3122 2582 mater
3168 2530 3286 2581 tua.
3338 2528 3407 2581 Et
3435 2544 3504 2583 ex
3546 2528 3649 2584 illa
3692 2529 3841 2584 hora

2195 2616 2417 2687 accepit
2449 2634 2579 2672 eam
2615 2617 2925 2690 discipulus
2964 2620 3023 2674 in
3062 2637 3184 2675 sua.
3232 2621 3386 2676 Tunc
3431 2621 3844 2676 cruciﬁxerunt

2194 2724 2324 2763 cum
2366 2726 2435 2765 eo
2481 2708 2624 2766 duos
2671 2713 2929 2767 latrones
2977 2712 3241 2786 (Matth.),
3275 2730 3422 2769 unus
3467 2731 3503 2769 a
3533 2714 3753 2770 dextris
3785 2718 3842 2770 et

2196 2819 2343 2857 unus
2390 2820 2425 2858 a
2469 2804 2752 2860 sinistris:
2799 2806 3016 2861 Medius
3065 2811 3261 2862 autem
3307 2807 3586 2863 Dominus
3632 2809 3840 2864 Jhesus

2195 2895 2417 2967 (Joan.).
2466 2898 2534 2951 Et
2579 2897 2895 2969 adimpleta
2933 2903 3019 2953 est
3067 2901 3347 2955 scribtura
3384 2918 3510 2972 quae
3551 2900 3738 2957 dicit:
3774 2902 3840 2956 Et

2195 3006 2324 3044 cum
2370 2990 2582 3062 iniquis
2628 2994 2928 3063 reputatus
2972 2997 3059 3047 est
3109 2993 3344 3065 (Mam).
3391 2994 3595 3050 Jhesus
3639 2999 3837 3049 autem

452 3103 594 3140 num
620 3086 859 3141 Jhcsum
897 3089 959 3140 ut
994 3085 1444 3157 cruciﬁgeretur.
1478 3085 1865 3157 Suscipientes
1897 3089 2093 3142 autem
2196 3081 2460 3138 dicebat:
2491 3086 2662 3139 Pater
2704 3085 2929 3140 dimitte
2970 3087 3100 3154 illis,
3132 3105 3251 3143 non
3282 3088 3439 3143 enim
3480 3089 3673 3143 sciunt
3699 3088 3838 3160 quid

451 3180 763 3235 Dominum
781 3180 1017 3235 Jhesum
1040 3178 1590 3251 (Matth.),exuerunt
1608 3196 1743 3234 eum
1761 3180 2090 3247 clamidem,
2113 3222 2168 3295 Ο
2194 3176 2412 3231 faciunt
2437 3177 2633 3248 (Luc.).
2666 3180 3087 3234 Praetereuntes
3113 3184 3307 3236 autem
3349 3181 3842 3254 blasphemabant

456 3275 507 3295 -i
546 3273 859 3295 :_J______l
914 3290 1037 3295 ---μ
1091 3272 1444 3295 “unum”-
1491 3271 1600 3295 ___:_
1663 3274 1728 3295 m
1779 3273 2091 3295 _;________i
2198 3270 2534 3295 num/an
2566 3271 2581 3295 χ
2625 3276 2918 3295 κυημ--
2947 3273 3123 3295 ---;.-
3150 3291 3241 3295 ____
3277 3277 3325 3295 -1
3355 3275 3602 3295 3:----1__
3635 3292 3646 3295 _
3675 3275 3793 3295 IY-L
3821 3274 3833 3295 ι

452 3275 509 3327 et
546 3273 862 3328 induerunt
907 3290 1043 3328 eum
1091 3272 1447 3327 vestimentis
1488 3271 1620 3327 suis.
1663 3274 1733 3327 Et
1773 3273 2096 3328 eduxerunt
2115 3270 2168 3295 υ
2195 3270 2602 3341 eum(Matth.),
2622 3276 2921 3328 moventes
2942 3273 3131 3344 capita
3146 3291 3249 3329 sua
3269 3277 3329 3329 et
3348 3275 3605 3330 dicentes
3635 3292 3649 3331 :
3675 3274 3834 3330 Vah!

453 3382 587 3420 eum
613 3366 971 3437 bajolantem
1004 3365 1110 3420 sibi
1154 3382 1406 3433 crucem,
1442 3368 1505 3420 ut
1530 3366 1936 3437 cruciﬁgerent
1958 3383 2094 3421 eum
2195 3363 2291 3433 qui
2323 3363 2569 3418 destruis
2590 3365 2872 3435 templum
2902 3366 3022 3434 Dei,
3043 3370 3103 3420 et
3127 3367 3187 3421 in
3219 3367 3408 3423 triduo
3440 3368 3604 3424 illum
3625 3367 3837 3424 readi-

451 3458 676 3530 (Joan.).
710 3461 848 3514 Erat
889 3462 1083 3514 autem
1125 3458 1271 3514 hora
1305 3460 1486 3514 tercia
1529 3458 1764 3531 (Mam).
1809 3461 2094 3514 Exeuntes
2194 3454 2349 3522 ficaS,
2379 3456 2535 3510 salva
2573 3458 2964 3529 temetipsum.
2997 3459 3055 3515 Si
3095 3460 3247 3515 ﬁlius
3283 3461 3384 3516 Dei
3424 3478 3503 3529 es,
3544 3461 3835 3517 descende

454 3556 649 3609 autem
724 3552 962 3623 (Matth.)
1024 3552 1359 3615 invenirunt
1410 3553 1713 3608 hominem
1768 3552 2094 3623 Cyreneum
2195 3547 2267 3601 de
2288 3564 2475 3603 cruce.
2499 3550 2775 3605 Similiter
2800 3553 2859 3605 et
2880 3552 3551 3624 principessacerdotum
3572 3555 3838 3610 inluden-

454 3645 648 3721 134
695 3646 1026 3702 venientem
1066 3646 1295 3702 obviam
1323 3646 1451 3714 sibi,
1486 3645 1723 3701 nomine
1754 3646 2089 3717 Symonem.
2192 3644 2280 3695 tes
2298 3658 2432 3696 cum
2462 3643 2661 3698 scribis
2688 3647 2747 3697 et
2770 3645 3093 3701 senioribus
3120 3646 3392 3703 dicebant
3423 3664 3437 3703 :
3465 3648 3621 3704 Alios
3650 3649 3836 3704 salvos

450 3742 611 3795 Hunc
632 3740 1084 3812 angariaverunt
1103 3744 1166 3795 ut
1191 3740 1421 3794 tolleret
1441 3756 1671 3794 crucem
1692 3739 1814 3810 ejus
1845 3743 1941 3794 :et
1958 3756 2093 3811 por-
2193 3734 2348 3801 fecit,
2379 3752 2438 3790 se
2483 3736 2670 3808 ipsum
2720 3754 2838 3793 non
2880 3742 3070 3811 potest
3111 3742 3330 3796 salvum
3372 3742 3584 3796 facere.
3628 3742 3688 3797 Si
3740 3757 3836 3796 rex

451 3838 602 3890 taret
629 3837 760 3906 post
788 3835 1100 3890 Dominum
1122 3832 1360 3889 Jhcsum
1382 3831 1578 3905 (Lua).
1603 3833 1967 3904 Sequebatur
1991 3850 2091 3888 au-
2193 3828 2409 3883 Israhel
2456 3832 2563 3897 est,
2592 3830 2907 3887 descendat
2935 3850 3087 3888 nunc
3116 3834 3187 3888 de
3233 3850 3421 3903 cruce,
3450 3838 3510 3890 et
3545 3834 3836 3890 credimus

450 3931 570 3982 tem
614 3928 777 3982 illum
815 3929 999 3982 multa
1036 3927 1208 3981 turba
1252 3926 1451 3997 populi
1491 3929 1550 3980 et
1599 3925 1909 3981 mulierum
1964 3941 2094 3997 quae
2196 3922 2268 3976 ei.
2297 3922 2547 3978 Conﬁdit
2575 3923 2635 3978 in
2657 3925 2796 3992 Deo,
2830 3926 3037 3982 liberet
3064 3942 3216 3982 nunc
3250 3945 3384 3983 eum
3420 3928 3466 3982 si
3492 3929 3612 3983 vult
3644 3945 3658 3984 :
3694 3926 3839 3983 dixit

452 4020 827 4090 plangebant,
856 4019 1330 4075 lamentabantur
1364 4035 1517 4073 eum.
1549 4020 1868 4074 Conversus
1899 4022 2095 4074 autem
2196 4015 2372 4084 enim,
2404 4016 2540 4089 quia
2569 4017 2673 4072 Dei
2704 4018 2874 4073 Filius
2904 4036 3051 4074 sum.

453 4114 526 4169 ad
567 4115 694 4167 illas
736 4112 1016 4167 Dominus
1043 4112 1246 4166 Jhesus
1282 4110 1422 4165 dixit
1463 4128 1476 4165 :
1525 4111 1676 4165 Filiae
1713 4112 2090 4179 Hierusalem,

2264 4109 2519 4181 Idipsum
2546 4114 2741 4166 autem
2768 4111 2944 4183 (Luc.)
2972 4130 3119 4168 unus
3159 4114 3230 4169 de
3266 4114 3356 4169 his
3383 4113 3478 4186 qui
3498 4114 3839 4187 pendebant

452 4206 630 4260 nolite
674 4205 814 4259 ﬂere
846 4220 1020 4275 super
1064 4220 1179 4271 me,
1214 4203 1317 4257 sed
1362 4220 1534 4274 super
1565 4220 1665 4259 vos
1695 4203 1847 4275 ipsas
1873 4205 2008 4259 ﬂete
2035 4207 2095 4259 et
2193 4204 2513 4259 latronibus
2559 4205 3002 4278 blasphemabat
3049 4224 3182 4262 eum
3241 4207 3436 4262 dicens
3481 4224 3495 4262 :
3547 4207 3607 4263 Si
3666 4212 3733 4264 tu
3780 4225 3835 4264 es

452 4315 624 4369 super
654 4297 800 4353 ﬁlios
824 4300 1044 4352 vestros
1074 4314 1087 4352 :
1121 4295 1400 4368 quoniam
1430 4313 1561 4352 ecce
1592 4296 1829 4352 venient
1853 4297 1995 4365 dies,
2032 4297 2092 4352 in

453 4391 661 4463 quibus
691 4391 928 4446 dicent:
979 4391 1171 4445 Beata:
1215 4390 1422 4445 sterilis
1466 4394 1526 4445 et
1572 4390 1787 4446 ventris
1827 4390 1926 4462 qui
1974 4408 2093 4446 non

451 4488 799 4555 genuerunt,
828 4487 886 4539 et
907 4483 1087 4539 ubera
1115 4501 1241 4555 qua:
1268 4501 1386 4539 non
1416 4485 1791 4540 lactaverunt.
1820 4485 1976 4539 Tunc
2003 4483 2090 4559 in;

2194 4296 2469 4365 Christus,
2501 4299 2721 4355 salvum
2759 4299 2850 4355 fac
2879 4302 3061 4354 temet
3088 4300 3275 4373 ipsum
3312 4303 3370 4354 et
3409 4316 3535 4354 nos.
3569 4300 3833 4375 Respon-

2194 4389 2337 4444 dens
2376 4394 2571 4446 autem
2603 4394 2749 4447 alter
2788 4392 3124 4463 increpabat
3165 4393 3326 4447 illum
3371 4392 3569 4448 dicens
3599 4411 3615 4450 :
3645 4396 3832 4462 Miser,

2193 4500 2381 4556 neque
2410 4488 2471 4539 tu
2503 4484 2671 4540 times
2700 4487 2902 4552 Deum,
2934 4484 3089 4557 quod
3120 4485 3181 4541 in
3212 4486 3419 4542 eadem
3454 4488 3835 4546 damnatione

449 4579 666 4651 cipient
689 4578 879 4634 dicere
903 4578 1241 4633 montebus:
1264 4578 1476 4633 Cadete
1505 4595 1678 4650 super
1704 4595 1828 4646 nos,
1853 4581 1912 4634 et
1932 4577 2090 4634 colli-
2110 4594 2170 4667 D
2195 4576 2293 4632 es?
2317 4579 2387 4633 Et
2423 4594 2529 4633 nos
2573 4578 2807 4650 quidem
2832 4578 3008 4648 juste,
3041 4595 3178 4633 nam
3218 4580 3398 4651 digna
3431 4581 3598 4637 factis
3633 4582 3834 4655 recipi-

449 4673 555 4727 bus
588 4690 603 4727 :
636 4670 867 4744 Operite
914 4668 1039 4741 nos,
1083 4670 1220 4744 quia
1250 4672 1298 4726 si
1342 4671 1401 4726 in
1433 4672 1613 4727 viride
1658 4671 1816 4744 ligno
1851 4673 1975 4728 haec
2013 4673 2094 4727 fa-

450 4766 637 4833 ciunt,
660 4765 720 4820 in
761 4766 922 4822 arido
956 4765 1097 4837 quid
1129 4766 1269 4821 ﬁet?
1293 4766 1665 4822 Ducebantur
1689 4769 1884 4821 autem
1915 4769 1974 4820 et
1997 4765 2093 4820 alii

2192 4688 2321 4726 mus
2355 4688 2368 4725 :
2398 4670 2490 4726 hic
2517 4688 2650 4726 vero
2681 4670 2821 4727 nihil
2866 4671 3005 4726 mali
3033 4673 3228 4744 gessit.
3256 4675 3327 4729 Et
3352 4674 3583 4731 dicebat
3618 4676 3693 4732 ad
3720 4678 3830 4732 Do-

2193 4764 2417 4819 minum
2445 4765 2681 4820 lhesum
2712 4782 2726 4820 :
2772 4765 3038 4833 Domine,
3068 4771 3366 4823 memento
3398 4769 3534 4837 mei,
3571 4785 3705 4824 cum
3737 4786 3827 4823 ve-

451 4860 564 4914 duo
588 4876 843 4930 nequam
866 4876 997 4914 cum
1016 4876 1108 4927 eo,
1131 4862 1191 4914 ut
1214 4859 1695 4915 interﬁcerentur.
1723 4861 1792 4914 Et
1810 4861 2094 4914 venerunt
2193 4858 2348 4912 neris
2379 4858 2437 4912 in
2480 4874 2663 4929 regno
2706 4861 2826 4913 tuo.
2860 4860 2929 4912 Et
2962 4858 3105 4914 dixit
3141 4860 3221 4915 illi
3265 4862 3543 4918 Dominus
3580 4863 3784 4937 Jhesus
3815 4879 3828 4917 :

450 4952 509 5007 in
554 4953 745 5007 locum
795 4951 893 5023 qui
937 4952 1146 5007 dicitur
1189 4953 1474 5023 Golgotha
1501 4952 1763 5024 (Matth),
1797 4953 1952 5024 quod
1984 4955 2088 5020 est,

451 5046 723 5103 Calvariaa
758 5046 935 5101 locus.
973 5047 1044 5099 Et
1073 5044 1361 5099 dederunt
1399 5046 1452 5099 ei
1496 5046 1697 5101 vinum
1730 5046 1929 5101 bibere
1961 5062 2091 5100 cum

448 5140 581 5195 felle
612 5139 856 5195 mixtum
885 5156 898 5194 :
931 5142 989 5194 et
1018 5154 1149 5194 cum
1180 5141 1483 5209 gustasset,
1514 5139 1700 5196 noluit
1721 5139 1942 5194 bibere.

611 5253 820 5307 XXXIX.
859 5268 1111 5307 LEGENDA
1148 5268 1218 5307 an
1258 5269 1425 5308 sexu
1464 5269 1520 5307 1N
1560 5266 1923 5307 PARASCEVEN.

1028 5347 1188 5396 Amos
1212 5345 1502 5412 prophetas.

516 5429 723 5485 Audite
753 5432 863 5487 hoc
895 5433 995 5504 qui
1024 5431 1336 5487 conteretis
1367 5445 1704 5501 pauperem,
1742 5432 1800 5485 et
1839 5428 2086 5484 deﬁcere

448 5521 632 5576 facitis
664 5539 898 5594 egenos,
943 5527 1075 5592 etc.,
1119 5540 1290 5594 usque
1329 5524 1526 5593 Neque
1571 5522 1723 5578 sitim
1758 5539 1942 5595 aquas,
1985 5521 2085 5577 sed

447 5614 722 5671 audiendi
750 5617 986 5673 verbum
1013 5617 1136 5671 Dei.
1166 5616 1354 5685 (Amos
1384 5631 1505 5683 vm,
1539 5616 1709 5687 4-11.)

937 5708 1236 5759 Secundum
1270 5706 1591 5760 Matthmum.

516 5794 831 5866 Postquam
845 5794 1249 5850 cruciﬁxerunt
1274 5794 1588 5850 Dominum
1604 5794 1860 5862 Jhcsum,
1889 5792 2091 5848 divise-

446 5890 584 5943 runt
610 5888 718 5945 sibi
762 5886 1105 5945 vestimenta
1136 5888 1260 5962 ejus
1291 5891 1446 5948 sorte
1490 5888 1807 5949 mittentes.
1855 5886 2092 5946 Scribsit

2191 4953 2374 5007 Amen
2404 4951 2531 5006 dico
2560 4951 2682 5019 tibi,
2699 4951 2835 5022 quia
2849 4952 3023 5007 hodie
3050 4970 3283 5009 mecum
3301 4955 3412 5010 eris
3443 4957 3501 5010 in
3523 4957 3827 5030 paradyso.

2568 5056 2751 5102 ΝΟΤΕ
2793 5059 2871 5102 ΕΤ
2914 5060 3429 5107 OBSERVATIONES
3439 5092 3452 5105 .

2262 5140 2360 5192 Die
2385 5142 2571 5193 sancto
2596 5139 2897 5193 ‘Paraceves
2937 5141 3013 5194 ad
3054 5157 3234 5198 omnes
3268 5144 3431 5199 horas
3454 5146 3830 5215 prescribitur

2184 5245 2323 5301 pars
2350 5231 2540 5300 aliqua
2580 5233 2861 5301 passionis
2905 5233 3110 5290 Christi
3136 5238 3371 5300 Domini,
3412 5238 3647 5307 singulis
3688 5239 3828 5295 horis

2192 5326 2533 5388 conveniens,
2552 5327 2842 5395 praemissa
2868 5327 2943 5381 ad
2966 5330 3216 5397 singulas
3236 5332 3362 5386 item
3395 5330 3558 5385 horas
3587 5332 3829 5388 Lectione

2192 5434 2261 5474 ea:
2299 5419 2470 5473 veteri
2510 5420 2866 5476 Testamento.
2907 5422 3133 5479 Emcidit
3173 5439 3199 5478 e
3243 5423 3433 5479 Codice
3474 5428 3661 5480 nostro
3697 5438 3827 5496 pars

2190 5512 2363 5583 ofﬁcii
2385 5512 2461 5568 ad
2489 5513 2810 5578 Matutinos,
2842 5515 2905 5569 id
2932 5520 3014 5571 est
3034 5518 3221 5587 prima
3246 5517 3398 5572 lectio
3421 5533 3490 5573 ea:
3525 5519 3709 5575 Veteri
3744 5521 3826 5575 Te-

2190 5610 2476 5670 stamento,
2505 5622 2626 5662 cum
2653 5608 2813 5662 initio
2841 5610 3096 5665 secundae
3124 5612 3390 5666 Lectionis
3420 5626 3488 5666 ea:
3511 5613 3823 5682 Evangelia.

2190 5701 2349 5756 Deest
2382 5702 2546 5757 etiam
2589 5701 2666 5755 ad
2705 5702 2921 5758 Nonam
2956 5719 3158 5773 magna
3179 5719 3319 5774 pars
3358 5705 3602 5761 lectionis
3631 5721 3701 5761 ea:
3737 5706 3826 5762 Za-

2192 5794 2402 5857 charia,
2441 5798 2492 5849 et
2538 5798 2651 5849 tota
2688 5795 2841 5851 lectio
2878 5810 2946 5851 ea:
2984 5798 3302 5867 Evangelia.
3329 5800 3610 5855 Passionis
3653 5803 3822 5855 autem

2190 5889 2354 5948 series
2385 5902 2496 5945 non
2539 5888 2738 5959 legitur
2767 5891 3021 5949 continue
3045 5907 3114 5949 ea:
3142 5907 3250 5951 uno
3279 5893 3464 5968 aliqua
3498 5894 3821 5966 evangelista
