3968 6224
147 332 234 390 193

1201 326 1293 390 DE
1327 332 1642 391 LITURGIA
1676 330 2050 391 GALLICANA
2087 330 2287 390 LIBER
2323 330 2390 390 ῐῐ.

3399 341 3502 400 194
3544 342 3549 349 ’

143 440 227 497 sed
260 454 324 493 ea:
365 437 624 493 omnibus
665 438 830 494 simul
866 440 927 494 in
965 443 1169 496 catena:
1210 442 1429 497 modum
1466 444 1765 513 dispositis.
1790 460 1848 532 Α
1872 439 2058 513 137
2079 443 2182 497 Hic
2195 443 2878 513 ritusetiamprtescﬁptus
2900 445 3051 500 estin
3066 443 3505 505 Sacramentario

146 536 297 602 Quam
320 534 384 587 ob
412 549 531 588 rem
565 536 840 601 integram
874 534 977 589 huc
1000 537 1208 603 referre
1236 538 1414 591 uisum
1443 542 1522 591 est
1554 538 1630 591 ad
1651 540 1767 591 sin-

144 628 282 696 gzdas
306 627 487 681 horas.
521 628 652 683 Non
676 628 909 682 multum
944 628 1192 682 diversus
1218 634 1297 683 est
1320 631 1483 691 ritus,
1507 633 1604 699 qui
1621 646 1766 699 pra-

142 722 379 777 seribitur
418 721 481 772 in
523 722 867 775 vetustisimo
907 720 1108 776 Ordine
1139 722 1478 785 Germanico,
1509 728 1646 779 tomo
1687 725 1774 779 IV

143 814 509 868 Analectorum
528 830 670 883 pag.
695 815 798 868 495
829 831 842 868 ;
877 817 939 868 In
967 817 1128 869 sexta
1166 815 1311 870 feria
1346 817 1668 871 Parasceves
1694 815 1768 870 ad

144 907 367 962 Tertiam
398 907 611 977 legunt
644 907 976 978 passionem
1012 908 1242 963 Domini
1277 908 1594 963 secundum
1630 910 1766 964 Mat-

145 1001 372 1066 thaeum;
406 999 482 1054 ad
520 1000 759 1055 Sextam
801 1001 1121 1056 secundum
1151 1003 1420 1057 Marcum.
1456 1004 1607 1058 Hora
1630 1019 1766 1057 vero

145 1110 278 1148 nona
304 1093 507 1164 legunt
540 1094 855 1148 lectionem
878 1094 951 1149 de
982 1095 1126 1150 Osee
1148 1097 1431 1167 propheta
1463 1114 1476 1151 ε
1510 1096 1769 1168 sequitur

145 1184 314 1259 136
340 1186 602 1257 gradalis
630 1204 763 1241 cum
794 1188 1050 1259 quinque
1076 1189 1385 1257 versiculis,
1406 1192 1649 1252 Domine,
1673 1207 1767 1245 au-

144 1281 257 1333 divi.
289 1279 507 1334 Deinde
540 1280 738 1335 Lectio
771 1280 843 1335 de
876 1282 1092 1350 Exodo,
1126 1286 1185 1336 et
1209 1285 1459 1351 Tractus,
1489 1284 1594 1349 Qui
1617 1284 1767 1338 habi-

143 1378 211 1426 tat
233 1375 286 1426 in
310 1373 617 1441 adjutorio.
649 1376 785 1429 Post
814 1374 937 1429 haec
959 1376 1147 1445 passio
1185 1375 1417 1431 Domini
1447 1376 1763 1431 secundum

143 1465 443 1521 Johannem
462 1470 777 1539 sequatur.

199 1561 404 1630 Duplar
422 1560 508 1629 (ut
516 1562 645 1629 jam
682 1564 886 1631 notavi)
898 1563 1224 1630 marginalis
1244 1578 1501 1618 numerus
1531 1564 1677 1618 deest
1695 1564 1764 1617 ab

142 1655 295 1723 ofﬁcio
312 1656 720 1709 Matutinarum
739 1673 842 1726 pro
862 1655 1023 1711 Coena
1044 1658 1260 1712 Domini
1276 1657 1353 1711 ad
1372 1659 1611 1727 ofﬁcium
1642 1660 1765 1712 Ter-

143 1749 218 1802 tie
224 1763 322 1819 pro
349 1748 675 1803 Parascece.
707 1751 865 1804 Prior
891 1766 959 1805 ea:
982 1750 1067 1804 his
1092 1750 1371 1819 aptandus
1395 1751 1612 1806 videtur
1637 1752 1759 1821 ofﬁ-

1868 534 2222 602 Gregoriano,
2252 538 2314 590 in
2342 535 2503 590 Cana
2532 537 2752 606 quidem
2778 540 2997 593 Domini
3024 544 3075 594 et
3112 542 3171 595 in
3210 542 3505 599 Parasceue

1867 628 2137 690 omnibus,
2170 631 2230 682 in
2251 630 2445 696 vigilia
2468 630 2690 685 Pascha:
2714 646 2895 686 recens
2923 632 3232 702 baptizatis.
3258 635 3352 690 An
3380 652 3504 691 vero

1868 721 1953 775 hic
1982 736 2095 774 mos
2121 723 2179 775 in
2205 721 2402 776 Galliis
2428 727 2555 776 ante
2579 723 2829 792 Gregorii
2845 727 3040 793 Magni
3063 732 3303 796 tempora
3327 727 3507 784 serua:

1866 818 2040 875 retur,
2076 830 2184 868 non
2222 817 2304 869 ita
2342 816 2529 885 liquet.
2567 817 2635 870 Id
2671 821 2849 871 tamen
2885 819 3161 886 colligitur
3207 836 3276 875 ea:
3313 823 3505 891 regula

1866 908 2123 973 Magistri
2146 909 2205 961 in
2233 923 2352 977 cap.
2379 912 2466 975 53,
2494 910 2592 963 ubi
2616 910 2681 963 de
2699 912 2846 978 feria
2871 917 3025 966 sea-ta
3043 915 3338 969 Dominica:
3368 917 3499 971 Pas-

1865 1001 2056 1062 sionis,
2084 1017 2249 1070 quam
2277 1003 2393 1055 sine
2417 1004 2705 1069 refectione
2744 1007 2982 1072 transigi
2999 1008 3270 1076 praecipit.
3296 1010 3386 1065 Sic
3407 1025 3505 1063 αυε-

1868 1097 1972 1147 tem
2001 1093 2189 1147 subdit
2223 1112 2240 1147 :
2285 1115 2312 1141 ‹‹
2358 1094 2732 1149 Sacramenta
2771 1112 2905 1150 vero
2946 1098 3142 1152 altaris
3186 1099 3243 1153 in
3288 1103 3503 1171 patena

1867 1186 2089 1256 majore
2116 1186 2298 1240 vitrea
2318 1186 2625 1242 finiantur:
2650 1191 2713 1242 ut
2735 1206 2864 1244 cum
2886 1194 3044 1245 sexta
3062 1191 3209 1246 feria
3224 1192 3404 1248 Judaei
3427 1194 3502 1248 ad

1867 1278 2195 1349 passionem
2216 1278 2507 1334 Christum
2529 1279 2879 1350 quaesierint,
2899 1282 2971 1336 sit
2989 1282 3113 1353 ipso
3139 1283 3231 1338 die
3253 1284 3312 1337 in
3333 1302 3497 1340 men-

1864 1371 2017 1425 tibus
2047 1372 2258 1426 nostris
2286 1373 2561 1439 reclusus,
2599 1376 2661 1427 ut
2690 1373 2941 1428 Sabbato
2972 1375 3137 1429 nobis
3167 1393 3272 1447 per
3308 1395 3498 1432 resur-

1864 1464 2181 1519 rectionem
2225 1466 2283 1519 in
2325 1482 2475 1521 novo
2511 1469 2874 1522 sacramento
2907 1472 3201 1538 appareat.
3241 1472 3366 1525 lam
3401 1472 3499 1542 qui

1864 1561 2021 1611 sexta
2073 1558 2218 1612 feria
2258 1558 2530 1613 refecturi
2570 1562 2720 1627 sunt,
2750 1560 2872 1613 sine
2924 1562 3331 1617 communione
3374 1564 3499 1617 refi-

1863 1649 2018 1703 ciant
2047 1667 2060 1704 :
2089 1654 2153 1704 ut
2188 1654 2537 1721 agnoscatur
2581 1651 2789 1722 injuste
2830 1653 2985 1708 refici
3024 1654 3146 1708 sine
3190 1654 3433 1710 Christo.
3466 1678 3494 1706 »

1932 1745 2021 1797 Ita
2051 1743 2231 1798 Codex
2246 1744 2598 1799 Corbeiensis.
2633 1745 2766 1799 Cum
2791 1762 2915 1813 ergo
2936 1749 2995 1801 in
3013 1763 3235 1816 pamam
3257 1752 3504 1818 percepti

144 1842 210 1895 cio
240 1842 411 1896 missae
451 1844 515 1895 in
558 1842 723 1896 Cama
755 1845 1002 1909 Domni;
1032 1845 1303 1913 posterior
1346 1845 1421 1898 ad
1462 1846 1761 1899 Ματαιεηοε
1781 1829 1838 1902 Β
1861 1835 1970 1889 cibi
1989 1837 2252 1903 Magister
2276 1837 2548 1892 abstinere
2577 1854 2611 1891 a
2641 1841 3011 1894 communione
3036 1841 3137 1895 hac
3170 1842 3259 1896 die
3271 1842 3498 1910 jubeat;

142 1933 238 1988 diei
260 1937 553 2004 sequentis.
584 1935 797 2005 Quippe
823 1937 1202 2004 Evangelium,
1231 1937 1379 2006 quod
1412 1953 1479 1991 ea:
1503 1938 1760 1992 Matthzo

144 2027 318 2095 legitur
340 2029 416 2081 ad
447 2028 672 2083 Canam
708 2031 945 2091 Domini,
973 2031 1219 2084 existimo
1248 2032 1524 2101 pertinere
1548 2030 1623 2085 ad
1644 2032 1763 2086 Ma-

144 2123 341 2185 tutinos,
370 2127 561 2192 utpote
611 2123 760 2192 quod
792 2125 908 2190 agit
952 2124 1018 2177 de
1055 2123 1257 2178 Christi
1296 2124 1761 2194 comprehensione

142 2216 271 2282 facta
294 2230 395 2285 per
436 2215 682 2269 Judzos.
719 2216 896 2270 Aliud
929 2217 1288 2285 Evangelium
1324 2218 1400 2271 ad
1442 2220 1663 2272 missam
1695 2234 1763 2272 em

144 2310 407 2376 Evangelio
434 2310 675 2363 Joannis
700 2310 768 2364 de
796 2309 957 2364 Ccena
984 2312 1158 2378 magis
1188 2311 1447 2380 quadrat.
1477 2313 1683 2367 Deinde
1712 2314 1762 2366 si

144 2401 268 2471 quod
287 2402 443 2457 aliud
456 2404 709 2473 ofﬁcium
734 2419 958 2458 numero
977 2405 1276 2472 marginali
1299 2409 1435 2459 esset
1458 2406 1760 2460 notandum

139 2510 223 2563 pro
247 2496 327 2550 die
351 2498 682 2552 Parasceves
698 2502 825 2567 post
851 2499 1172 2562 Matutinos,
1205 2514 1315 2553 non
1343 2499 1501 2553 aliud
1525 2501 1759 2553 occurrit

143 2603 283 2657 quam
311 2592 555 2658 ofﬁcium
597 2592 814 2652 Primae,
854 2593 1002 2661 quod
1032 2594 1091 2646 in
1125 2592 1223 2646 hoc
1251 2594 1591 2647 Lectionario
1625 2607 1754 2647 nus-

144 2698 281 2751 quam
318 2690 642 2754 comparet:
688 2687 905 2739 tametsi
947 2688 1233 2756 aptissima
1275 2687 1394 2754 ejus
1436 2687 1761 2754 assignandi

144 2778 319 2831 occasio
343 2784 483 2839 erat,
504 2780 817 2848 prasertim
841 2781 901 2833 in
929 2780 1112 2833 triduo
1141 2781 1518 2847 Rogationum,
1546 2782 1605 2834 in
1634 2782 1757 2849 qui-

148 2869 227 2925 bus
241 2878 362 2940 post
379 2874 627 2942 ofﬁcium
643 2872 713 2926 ad
734 2872 1032 2927 Matutinos
1045 2875 1230 2927 statim
1243 2874 1501 2928 subditur
1520 2875 1760 2942 ofﬁcium

143 2962 201 3017 ad
224 2964 478 3019 Tertiam.
508 2967 706 3035 Itaque
734 2968 975 3035 ofﬁcium
1011 2968 1411 3022 Matutinarum
1444 2968 1761 3035 assignatur

138 3072 225 3126 pro
246 3058 371 3113 hora
395 3059 619 3122 Primae,
646 3074 767 3114 cum
791 3060 878 3114 hic
901 3060 1267 3130 subsequatur
1288 3062 1529 3130 ofﬁcium
1557 3060 1628 3116 ad
1654 3060 1755 3116 Se-

142 3152 384 3207 cundam.

1860 1943 2186 1998 consequens
2216 1934 2295 1984 est
2323 1933 2745 1986 communionem
2770 1934 2840 1986 iis
2858 1936 2960 2001 qui
2983 1939 3153 1988 totum
3183 1934 3325 1989 diem
3343 1936 3497 2004 jeju-

1861 2022 2072 2075 nabant
2121 2024 2453 2092 impertitum
2503 2026 2696 2091 fuisse.
2730 2027 2797 2079 In
2844 2027 3121 2095 Hispania
3166 2032 3346 2083 tamen
3391 2029 3501 2084 haec

1861 2116 2160 2169 communio
2184 2119 2245 2170 in
2281 2116 2368 2170 die
2396 2118 2717 2171 Parasceves
2752 2122 2803 2171 et
2835 2118 3073 2173 Sabbato
3111 2123 3359 2190 sequenti
3390 2137 3500 2176 non

1858 2208 2078 2262 videtur
2098 2210 2273 2276 fuisse
2301 2211 2361 2263 in
2386 2225 2489 2263 usu
2523 2214 2759 2279 tempore
2789 2213 3005 2265 concilii
3031 2229 3083 2265 ιν
3113 2214 3375 2281 Toletani,
3404 2215 3500 2269 hoc

1861 2306 1939 2355 est
1961 2303 2154 2356 seculo
2184 2318 2280 2365 vn,
2309 2307 2371 2356 ut
2397 2304 2673 2370 colligitur
2702 2320 2770 2357 ea:
2792 2306 2969 2360 verbis
2997 2309 3221 2362 canonis
3260 2310 3495 2378 septimi,

1860 2411 1980 2464 qua:
2014 2397 2304 2465 prtemissa
2345 2396 2773 2465 subsequuntur.
2810 2399 2958 2461 Ideo,
2992 2402 3255 2469 inquiunt
3285 2403 3495 2467 Patres,

1860 2493 2066 2557 oportet
2089 2490 2270 2543 eodem
2304 2490 2393 2544 die
2426 2492 2751 2545 Parasceves
2781 2494 3099 2560 mysterium
3127 2496 3321 2558 crucis,
3351 2496 3499 2565 quod

1859 2582 1975 2651 ipse
2000 2584 2261 2636 Dominus
2297 2585 2504 2638 cunctis
2544 2585 2915 2639 nuntiandum
2950 2586 3142 2650 uoluit,
3176 2587 3496 2657 pradicari,

1860 2680 2023 2744 atque
2050 2676 2450 2744 indulgentiam
2481 2679 2768 2733 criminum
2810 2678 2963 2733 clara
2990 2695 3115 2734 voce
3149 2697 3354 2736 omnem
3394 2696 3495 2752 po-

1851 2769 2049 2839 pulum
2079 2770 2408 2840 postulare:
2446 2775 2507 2826 ut
2535 2773 2872 2840 paenitentiae
2905 2777 3308 2843 compunctione
3346 2789 3501 2830 mun-

1860 2862 2000 2925 dati,
2046 2863 2407 2918 venerabilem
2452 2865 2590 2918 diem
2632 2865 2915 2920 dominica:
2951 2870 3382 2932 resurrectionis,
3419 2883 3501 2924 re-

1859 2957 2038 3009 missis
2064 2956 2474 3025 iniquitatibus,
2501 2959 2770 3026 suscipere
2793 2974 3125 3027 mereamur;
3152 2963 3498 3031 corporisque

1859 3048 1978 3117 ejus
2014 3053 2065 3103 et
2102 3051 2390 3117 sanguinis
2424 3055 2820 3105 sacramentum
2859 3052 3056 3107 mundi
3079 3069 3114 3107 a
3136 3056 3372 3123 peccatis
3409 3070 3498 3109 su-

1857 3157 2089 3196 mamus.
2122 3142 2295 3197 Iidem
2338 3158 2541 3198 canone
2578 3147 2826 3213 sequenti
2868 3150 3111 3213 arguunt
3145 3162 3252 3210 eos,
3292 3149 3391 3217 qui
3423 3148 3499 3203 ad

200 3203 614 3301 InM—osarabico
634 3249 693 3301 in
711 3247 801 3301 die
819 3246 992 3302 Cerne
1003 3246 1379 3316 praescribitur
1401 3249 1759 3317 Evangelium
1779 3203 1836 3279 Ο
1859 3236 2049 3292 horam
2087 3252 2288 3291 ηοηαηι
2330 3239 2454 3306 ipsa
2504 3238 2591 3291 ἀῖε
2631 3238 2913 3307 jejunium
2959 3241 3196 3304 εοιυυητο
3234 3256 3425 3311 εοεααε
3462 3257 3498 3295 α

144 3353 201 3391 ατ
226 3340 373 3394 Lucae
400 3357 524 3411 cap.
559 3356 690 3403 χχιι,
720 3340 1031 3410 incipiendo
1060 3357 1095 3393 a
1128 3341 1483 3396 celebratione
1508 3357 1687 3404 cernae,
1710 3347 1760 3397 et

145 3432 410 3488 desinendo
434 3437 494 3488 in
545 3436 816 3504 lacrymas
841 3436 1031 3489 Petri:
1064 3437 1123 3488 in
1149 3434 1348 3504 quibus
1380 3436 1635 3504 lacrymis
1673 3437 1760 3490 de-

143 3527 257 3581 sinit
276 3529 608 3584 Lectionarii
631 3530 806 3584 nostri
830 3530 1071 3598 ofﬁcium
1101 3528 1175 3582 ad
1203 3528 1508 3584 Matutinos
1536 3530 1647 3584 diei
1675 3546 1756 3585 se-

146 3624 349 3689 quentis.
385 3622 543 3678 Idem
567 3623 973 3677 Mozarabicum
1016 3622 1104 3676 die
1146 3623 1471 3677 Parasceves
1512 3625 1760 3691 assignat

144 3714 475 3783 anngelium
500 3733 573 3772 ea:
596 3717 843 3772 Matthxi
879 3733 1000 3786 cap.
1039 3732 1188 3770 xxvn
1219 3733 1254 3770 a
1281 3731 1440 3771 versu
1471 3720 1491 3771 l
1540 3733 1554 3771 :
1598 3719 1760 3772 Mane

145 3813 300 3863 autent
334 3813 502 3879 facto,
537 3813 757 3866 insertis
789 3810 1119 3881 quibusdam
1152 3811 1330 3865 verbis
1370 3811 1445 3865 ad
1485 3812 1567 3865 rei
1599 3816 1761 3878 geste

146 3902 361 3957 ordinem
384 3904 724 3972 signandum
754 3920 769 3958 :
792 3905 955 3959 Mane
972 3906 1120 3971 facto
1141 3919 1289 3958 caena
1324 3920 1468 3974 pura
1499 3903 1653 3974 quod
1675 3907 1761 3957 est

148 3998 261 4049 ante
286 3997 600 4053 Sabbatum
625 3997 764 4068 (quae
794 3998 961 4052 verba
984 3999 1171 4067 utique
1205 4014 1241 4052 a
1274 3998 1514 4065 Vulgata
1542 3998 1758 4068 absunt)

147 4090 423 4147 concilium
473 4092 745 4147 fecerunt
771 4090 985 4146 summi
1031 4090 1357 4146 sacerdotes
1402 4093 1461 4145 et
1505 4090 1761 4146 seniores

148 4184 318 4255 populi
348 4184 417 4240 de
440 4187 601 4249 Jesu,
632 4189 694 4239 ut
718 4184 1115 4240 interﬁcerent
1142 4199 1295 4251 eum,
1332 4187 1464 4254 etc.,
1492 4200 1663 4255 usque
1688 4185 1762 4239 ad

146 4278 281 4344 ﬁnem
305 4282 523 4350 capitis,
550 4282 829 4347 signantes
869 4280 1110 4349 lapidem
1133 4295 1254 4333 cum
1279 4279 1611 4334 custodibus.
1640 4281 1761 4335 Non

148 4370 243 4426 alia
258 4377 437 4442 passio
463 4375 570 4429 hac
602 4374 690 4428 die
721 4376 780 4428 in
801 4373 1164 4429 Mozarabico.

205 4466 264 4519 In
285 4468 479 4535 Africa
500 4473 738 4537 tempore
761 4470 940 4523 sancti
963 4466 1269 4535 Augustini
1290 4468 1455 4522 unica
1483 4466 1762 4535 legebatur

144 4561 327 4627 passio,
358 4567 408 4617 et
436 4562 659 4632 quidem
688 4577 756 4615 ea:
783 4562 1056 4617 Matthaeo.
1091 4560 1180 4615 Sic
1214 4562 1355 4615 enim
1390 4561 1551 4615 habet
1584 4561 1677 4615 ille
1702 4562 1761 4655 in
1779 4578 1840 4655 D

151 4665 361 4709 sermone
395 4658 502 4710 232
537 4670 689 4710 novae
724 4656 979 4710 editionis
1010 4673 1027 4708 :
1070 4673 1098 4705 «
1137 4653 1331 4709 Passio
1370 4656 1584 4721 autem,
1628 4653 1764 4725 quia

154 4760 250 4801 uno
279 4747 366 4802 die
395 4749 629 4820 legitur,
662 4765 779 4804 non
808 4750 955 4804 solet
984 4748 1120 4819 legi,
1150 4747 1260 4802 nisi
1291 4748 1608 4802 secundum
1632 4747 1766 4802 Mat-

153 4838 359 4896 thaum.
390 4843 698 4898 Volueram
726 4841 1040 4914 aliquando
1072 4845 1135 4896 ut
1164 4858 1269 4913 per
1297 4841 1554 4912 singulos
1581 4858 1765 4896 annos

154 4936 439 4991 secundm
474 4953 682 4992 omnes
702 4937 1096 5007 Evangelistas
1127 4936 1303 4990 etiam
1331 4934 1521 5007 passio
1547 4936 1766 5007 legere-

154 5028 246 5082 tur.
273 5029 501 5086 Factum
528 5033 633 5086 est.
661 5031 787 5085 Non
814 5029 1123 5085 audierunt
1153 5029 1420 5084 homines
1450 5028 1606 5100 quod
1636 5045 1766 5083 con-

157 5128 447 5193 moverant,
479 5128 541 5179 et
579 5124 897 5196 perturbati
932 5127 1134 5178 sunt.»
1162 5126 1353 5180 Patres
1370 5123 1585 5178 concilii
1613 5124 1761 5178 Tole-

156 5218 261 5271 tani
286 5234 355 5287 iv,
383 5234 588 5274 canone
616 5221 670 5289 6,
708 5219 1003 5273 nonnullas
1037 5219 1306 5275 Ecclesias
1341 5217 1764 5287 reprehendunt,

158 5308 238 5364 ubi
251 5313 305 5365 in
327 5313 414 5368 die
437 5318 603 5368 sextae
627 5314 785 5381 feria
810 5315 1092 5369 Passionis
1112 5313 1352 5375 Domini,
1380 5312 1582 5366 clausis
1619 5312 1763 5365 basi-

159 5396 361 5456 licarum
396 5404 634 5471 foribus,
672 5418 768 5458 nec
810 5402 1116 5458 celebratur
1157 5404 1419 5472 ofﬁcium,
1456 5416 1550 5456 nec
1578 5401 1766 5472 passio

161 5496 350 5554 Domini
372 5502 594 5573 populis
620 5502 979 5572 pradicatur.

218 5592 276 5646 In
307 5594 397 5650 hoc
435 5596 620 5651 triduo
660 5595 964 5666 aliquando
1000 5596 1151 5663 facta
1185 5599 1264 5649 est
1302 5595 1622 5657 communio,
1658 5609 1769 5649 non

162 5685 311 5741 solum
345 5691 405 5744 in
430 5692 771 5746 monasteriis
797 5689 966 5760 (quod
993 5704 1061 5744 ea:
1094 5688 1536 5744 Cluniacensium
1569 5689 1768 5743 ritibus

163 5778 369 5853 aliisque
390 5785 615 5856 constat)
633 5785 730 5840 sed
749 5786 914 5840 etiam
933 5786 996 5839 in
1021 5784 1149 5839 aliis
1166 5783 1422 5846 ecclesiis,
1446 5787 1576 5838 teste
1601 5782 1765 5838 Theo-

165 5871 544 5951 dulfoepiscopo
558 5879 972 5944 Aurelianensi,
985 5882 1044 5935 in
1055 5877 1414 5950 Capitularis,
1429 5878 1663 5934 articulo
1674 5877 1735 5933 41
1751 5919 1764 5934 .

1850 3331 2110 3401 paschali
2137 3333 2505 3386 communione
2529 3338 2820 3387 removent.

2135 3433 2281 3506 [LX].
2324 3452 2572 3491 LEGENDA
2614 3453 2667 3491 nv
2708 3453 2944 3493 sasns'ro
2984 3439 3229 3510 suarm]

1862 3585 2290 3640 inundaverunt
2328 3590 2543 3642 terram
2571 3604 2726 3642 anno
2758 3591 3172 3646 sexcentesimo
3212 3590 3316 3645 via:
3358 3609 3494 3662 sum,

1861 3681 1993 3746 etc.,
2026 3695 2196 3749 usque
2226 3679 2625 3752 Odoratusque
2654 3685 2741 3735 est
2769 3683 3047 3738 Dominus
3088 3683 3327 3741 odorem
3366 3703 3493 3741 sua-

1860 3772 2067 3827 vitatis.
2099 3772 2308 3844 (Genes.
2336 3789 2435 3841 vn,
2466 3778 2551 3841 10,
2585 3791 2755 3845 usque
2780 3792 2900 3843 vm,
2932 3779 3042 3847 2t.)

2357 3870 2404 3916 Ii.
2432 3866 2607 3917 Lectio
2634 3867 2755 3917 libri
2787 3869 3021 3919 Genesis.

1932 3947 2212 4019 Tempore
2245 3947 2364 4016 illo,
2393 3946 2704 4019 temptavit
2724 3950 2874 4003 Deus
2902 3950 3217 4019 Abraham,
3260 3955 3319 4008 et
3357 3951 3497 4009 dixit

1862 4040 1935 4095 ad
1959 4057 2092 4095 eum
2127 4058 2140 4095 :
2172 4041 2485 4109 Abraham,
2520 4045 2652 4110 etc.,
2686 4059 2855 4114 usque
2879 4044 3273 4118 Abieruntque
3304 4047 3498 4103 Bersa-

1861 4134 1969 4189 bee
2002 4134 2191 4203 simul,
2220 4139 2279 4190 et
2303 4135 2583 4191 habitavit
2614 4136 2691 4191 ibi
2721 4137 2930 4208 (Genes.
2965 4155 3099 4206 xm,
3139 4141 3304 4212 H9.)

2355 4235 2403 4280 5.
2435 4229 2607 4280 Lectio
2640 4230 2760 4280 libri
2783 4232 3015 4282 Genesis.

1934 4308 1984 4383 1
2000 4308 2127 4385 38
2153 4312 2433 4383 Tempore
2465 4311 2584 4378 illo,
2609 4312 2798 4366 senuit
2821 4314 2997 4381 Isaac,
3022 4317 3081 4368 et
3105 4315 3499 4387 caligaverunt

1862 4405 2009 4459 oculi
2058 4405 2200 4476 ejus,
2234 4408 2366 4473 etc.,
2399 4421 2570 4475 usque
2599 4405 2828 4461 Solvam
2864 4406 3073 4477 jugum
3115 4408 3238 4479 ejus
3271 4407 3343 4464 de
3373 4426 3496 4464 cer-

1860 4498 2075 4552 vicibus
2115 4498 2246 4553 tuis.
2281 4498 2490 4570 (Genes.
2520 4515 2690 4567 xxvii,
2726 4499 2899 4570 1-40.)

2390 4596 2438 4640 6.
2464 4590 2638 4642 Lectio
2665 4591 2787 4641 libri
2813 4591 2999 4642 Exodi.

1933 4677 2214 4747 Tempore
2256 4673 2375 4742 illo,
2410 4674 2549 4729 dixit
2586 4691 2816 4746 quoque
2853 4674 3131 4730 Dominus
3160 4675 3234 4731 ad
3267 4676 3497 4750 Moysen

1865 4773 1924 4824 et
1952 4771 2145 4824 Aaron
2175 4768 2235 4823 in
2265 4771 2422 4822 terra
2458 4768 2686 4839 Egypti
2718 4785 2731 4822 ε
2761 4768 2966 4823 Mensis
3005 4769 3111 4825 iste
3149 4772 3308 4826 vobis
3338 4773 3495 4843 prin-

1866 4863 2079 4935 cipium
2122 4863 2429 4931 mensium,
2465 4866 2596 4930 etc.,
2639 4878 2809 4933 usque
2840 4863 3122 4919 Fecerunt
3151 4882 3355 4922 omnes
3399 4866 3499 4921 ﬁlii

1865 4958 2100 5027 Israhel,
2134 4958 2277 5013 sicut
2302 4960 2656 5029 praeceperat
2693 4957 2971 5013 Dominus
2998 4959 3172 5032 Moysi
3199 4963 3259 5015 et
3285 4963 3496 5017 Aaron.

1868 5052 2062 5122 (Exod.
2094 5068 2193 5119 xu,
2231 5051 2393 5123 l-50.)
2454 5090 2457 5093 »

2385 5133 2434 5181 7.
2461 5130 2638 5182 Lectio
2662 5130 2783 5181 libri
2815 5132 3000 5183 Exodi.

1938 5214 2219 5284 Tempore
2251 5212 2369 5279 illo,
2398 5213 2605 5267 armati
2638 5214 3025 5270 ascenderunt
3051 5215 3151 5271 ﬁlii
3181 5216 3394 5270 Israhel
3425 5215 3496 5269 de

1868 5310 2022 5362 terra
2051 5306 2297 5379 Egypti,
2326 5306 2456 5361 tulit
2487 5324 2719 5380 quoque
2751 5309 2970 5381 Moyses
3013 5326 3141 5366 ossa
3170 5310 3381 5380 Ioseph
3409 5323 3497 5363 se-

1869 5417 2021 5469 cum,
2049 5403 2377 5477 etc.,.usque
2414 5403 2475 5455 In
2507 5402 2706 5457 castris
2743 5419 2916 5475 super
2945 5419 3106 5459 mare
3139 5419 3499 5459 omnes.......

1870 5495 2064 5567 (Εωοὰ.
2097 5511 2217 5562 χιιι,
2251 5498 2335 5563 l8,
2366 5510 2537 5566 usque
2560 5513 2672 5563 xxv,
2700 5497 2775 5567 9.)

1939 5590 2242 5645 Exortatus
2265 5577 2329 5643 es
2350 5587 2409 5643 in
2431 5589 2637 5644 virtute
2664 5592 2782 5655 tua,
2817 5592 2875 5643 et
2896 5589 2954 5644 in
2979 5590 3282 5663 refrigerio
3304 5594 3500 5647 sancto

1870 5688 1988 5741 tuo.
2024 5683 2346 5739 Audierant
2377 5686 2601 5755 gentes,
2625 5685 2680 5735 et
2710 5682 2869 5737 iratte
2895 5687 3029 5738 sunt
3062 5702 3075 5738 :
3110 5684 3325 5739 doloris
3352 5699 3502 5740 com-

1869 5778 2322 5851 praehenderunt
2347 5777 2739 5832 inhabitantes
2756 5776 3073 5848 Philistym.
3096 5778 3250 5832 Tunc
3264 5776 3502 5831 festina-

1869 5876 2076 5929 verunt
2095 5872 2269 5927 duces
2286 5870 2469 5927 Edom
2489 5874 2547 5925 et
2557 5868 2845 5941 principes
2858 5869 3253 5926 Moabitarum.
3270 5868 3505 5939 Adpre-
