3968 6224
436 292 538 352 198

1223 284 1573 348 ΑΡΡΕΝΒΙΧ
1590 286 1681 343 Μ)
1715 284 1938 342 OPERA
1976 283 2076 342 ΞΑ]

2188 282 2208 341 ἰ
2244 283 2545 341 GERMANI
2580 283 3010 342 PARISIENSIS.

3708 278 3820 337 196

439 404 642 461 hendit
666 419 765 459 eos
781 402 974 470 timor,
992 402 1280 457 ﬂuxerunt
1299 416 1501 455 omnes
1517 396 1907 452 inhabitantes
1933 395 2072 451 Cha-
2093 409 2152 480 Α
2173 414 2334 452 num.
2352 396 2677 451 Benedicite
2694 397 3003 453 Israhelitae
3016 394 3348 452 Dominum.
3364 394 3700 451 Benedicite
3715 394 3824 448 filii

436 498 855 554 naan.Decidat
872 514 1045 569 super
1057 513 1155 551 eos
1176 495 1350 549 timor
1361 496 1420 548 et
1438 492 1643 546 trimor
1655 488 2071 561 magnitudinis

438 592 656 648 brachii
674 592 775 646 tui.
802 591 964 645 Fiant
984 594 1280 660 tamquam
1307 586 1470 657 lapis,
1500 585 1685 639 donec
1714 584 1956 639 transiat
1975 600 2072 654 po-

438 687 607 758 pulus
630 689 758 739 tuus
792 684 1054 747 Domine,
1084 680 1405 751 usquedum
1436 680 1800 750 pertranseat
1828 676 2071 748 populus

437 782 570 834 tuus
585 779 678 832 hic
700 794 871 849 quem
895 774 1164 830 liherasti.
1183 772 1462 827 lnducens
1478 773 1704 843 plantas
1718 788 1816 825 eos
1833 770 1892 824 in
1910 785 2072 823 mon-

437 875 559 927 tem
590 871 925 926 hereditatis
946 872 1076 935 tuse,
1106 867 1163 921 in
1186 869 1512 938 praeparata
1538 863 1909 920 habitationis
1935 866 2068 928 tum,

441 982 615 1038 quam
637 963 969 1036 praeparasti
1002 961 1265 1027 Domine,
1298 958 1742 1014 sanctimonium
1774 962 1936 1012 tuum
1959 957 2069 1011 Do-

439 1060 597 1113 mine
629 1057 785 1128 quod
820 1057 1292 1128 praeparaverunt
1320 1070 1527 1107 manus
1564 1055 1695 1106 tua}.
1730 1052 1973 1106 Domine
2010 1053 2071 1103 tu

441 1167 652 1222 regnas
678 1150 736 1204 in
758 1153 1043 1203 aeternum
1067 1152 1125 1202 et
1144 1148 1202 1201 in
1230 1147 1501 1200 saeculum
1533 1145 1742 1211 saeculi,
1767 1148 1825 1198 et
1845 1144 2032 1197 adhuc
2054 1158 2068 1195 :

443 1244 718 1315 quoniam
744 1242 978 1296 intravit
1003 1241 1290 1312 equitatus
1316 1239 1631 1294 Pharaonis
1657 1254 1784 1291 cum
1816 1236 2073 1291 curribus

441 1340 499 1392 et
528 1336 925 1391 ascensoribus
946 1335 1005 1388 in
1036 1350 1218 1399 mare,
1257 1336 1314 1386 et
1345 1332 1567 1386 induxit
1593 1330 1873 1385 Dominus
1902 1343 2074 1399 super

440 1447 539 1487 eos
568 1447 746 1501 aquas
790 1428 967 1483 maris
1000 1444 1013 1481 :
1053 1427 1153 1481 ﬁlii
1191 1429 1385 1480 autem
1432 1426 1643 1479 lsrahel
1676 1424 1943 1478 abierunt
1972 1437 2076 1493 per

440 1524 652 1579 siccum
684 1537 789 1594 per
818 1521 1011 1575 medio
1042 1536 1221 1574 mare.
1246 1519 1498 1590 Sumpsit
1529 1522 1724 1572 autem
1744 1516 1917 1573 Maria
1937 1517 2071 1569 Pro-

438 1617 647 1689 phetis,
675 1631 839 1670 soror
853 1618 1066 1681 Aaron,
1084 1615 1463 1685 tymphanum
1486 1613 1543 1666 in
1566 1628 1743 1666 manu
1766 1627 1779 1664 :
1801 1623 2074 1680 egressae-

2168 492 2475 547 hominum
2520 491 2853 559 Dominum,
2906 493 3187 563 hymnum
3244 489 3433 546 dicite.
3481 489 3825 544 Benedicite

2172 585 2512 641 Sacerdotes
2557 584 2786 639 Domini
2829 585 3094 640 Domino.
3148 584 3476 639 Benedicite
3517 583 3666 637 servi
3702 582 3823 636 Do-

2172 679 2314 733 mini
2355 678 2620 733 Domino.
2661 678 2986 733 Benedicite
3029 677 3267 749 spiritus
3294 682 3352 731 et
3388 677 3601 732 animae
3624 677 3823 747 justo-

2170 789 2298 827 rum
2356 764 2956 842 Domino,‘hymnum
3002 771 3194 825 dicite.
3248 769 3572 825 Benedicite
3627 768 3826 823 sancti

2172 870 2231 920 et
2262 865 2512 919 humiles
2554 864 2728 919 corde
2758 863 3087 919 Dominum.
3124 863 3451 918 Benedicite
3488 861 3821 927 Annanias,

2170 960 2419 1025 Azarias,
2451 959 2681 1013 Misahel
2723 958 3057 1012 Dominum.
3102 957 3519 1011 Benedicamus
3551 958 3819 1021 Patrem,

2174 1058 2231 1107 et
2250 1055 2476 1119 Filium,
2497 1056 2553 1106 et
2574 1052 2848 1123 Spiritum
2872 1054 3135 1106 sanctum
3157 1051 3490 1116 Dominum,
3520 1050 3821 1121 hymnum

2174 1150 2452 1214 dicamus,
2487 1149 2546 1199 et
2585 1146 3076 1216 superexaltemus
3119 1160 3255 1198 eum
3291 1144 3350 1197 in
3395 1144 3623 1198 saecula.
3667 1141 3824 1206 Quia

2175 1242 2384 1314 eripuit
2410 1256 2514 1295 nos
2536 1241 2684 1293 Deus
2709 1238 2767 1292 in
2790 1239 3040 1305 inferno,
3066 1242 3381 1306 etc.,usque
3405 1238 3667 1291 Potestas
3689 1235 3822 1306 ejus

2172 1337 2233 1390 in
2261 1333 2698 1408 generationem
2730 1336 2788 1385 et
2807 1331 3269 1402 generationem.
3303 1331 3464 1402 (Dan.
3492 1332 3600 1401 ιιι.)

2477 1436 2707 1501 Epistota
2732 1435 2873 1485 Pauli
2896 1435 3116 1498 apostoli
3141 1434 3204 1483 ad
3234 1434 3508 1483 Romanos.

2248 1524 2490 1590 Fratres,
2539 1539 2612 1577 an
2643 1521 2940 1591 ignoratis,
2976 1518 3111 1591 quia
3154 1519 3501 1590 quicumque
3537 1515 3824 1588 baptizati

2177 1634 2394 1684 sumus,
2429 1620 2559 1682 etc.,
2587 1631 2758 1684 usque
2785 1615 3049 1668 Viventes
3093 1616 3289 1667 autem
3326 1614 3443 1667 Deo
3487 1611 3547 1665 in
3586 1609 3822 1665 Christo

441 1727 553 1782 que
581 1712 714 1763 sunt
742 1724 944 1764 omnes
974 1708 1245 1761 mulieres
1266 1710 1395 1778 post
1425 1723 1554 1760 eam
1586 1722 1716 1759 cum
1748 1702 2077 1774 tymphanis
2175 1714 2305 1767 Jesu
2333 1708 2582 1765 Domino
2610 1713 2825 1763 nostro,
2857 1710 3024 1779 (Rom.
3055 1723 3130 1773 γι,
3171 1706 3346 1777 3-12.)

442 1781 502 1858 et
530 1803 737 1871 choris,
768 1802 972 1873 quibus
1001 1801 1352 1872 praecinebat
1373 1800 1569 1854 dicens
1593 1816 1606 1853 :
1629 1799 1941 1853 Cantemus
1962 1796 2072 1849 Do-
2094 1781 2150 1856 B

442 1896 626 1963 mino,
675 1895 923 1967 gloriose
966 1894 1123 1948 enim
1165 1894 1566 1964 magnificatus
1614 1895 1719 1959 est,
1766 1905 1977 1961 equum
2022 1892 2081 1942 et

444 2005 807 2045 ascensorem
837 1989 958 2059 ejus
989 1987 1199 2058 dejecit
1228 1987 1285 2041 in
1307 2004 1487 2041 mare.
1524 1986 1717 2058 (Exod.
1751 2000 1847 2051 xv,
1880 1984 2077 2052 14-21.)

817 2095 864 2139 8.
892 2090 1070 2141 Lectio
1096 2089 1373 2138 Ezechihel
1412 2088 1699 2153 prophetae.

512 2177 793 2248 Tempore
824 2176 942 2242 illo,
975 2176 1126 2229 facta
1163 2178 1248 2228 est
1277 2190 1452 2245 super
1468 2191 1562 2228 me
1599 2190 1806 2228 manus
1824 2171 2074 2238 Domini,

436 2274 502 2325 et
540 2270 737 2325 eduxit
779 2286 871 2323 me
917 2266 1108 2341 139
1144 2268 1202 2322 in
1249 2268 1449 2339 spiritu
1488 2268 1737 2334 Domini,
1771 2271 1830 2321 et
1865 2265 2079 2321 dimisit

443 2379 537 2419 me
565 2364 623 2418 in
655 2362 846 2419 medio
873 2362 1082 2433 campi,
1119 2366 1251 2429 etc.,
1282 2378 1453 2432 usque
1485 2363 1551 2416 Et
1585 2361 1773 2415 scietis
1810 2360 1943 2431 quia
1969 2370 2077 2430 ego

443 2457 722 2515 Dominus
764 2458 1033 2528 loquutus
1075 2474 1201 2512 sum
1241 2460 1298 2511 et
1331 2456 1460 2524 feci,
1490 2456 1570 2510 ait
1599 2455 1876 2510 Dominus
1907 2454 2073 2508 Deus.

436 2552 655 2624 (Ezech.
684 2567 889 2619 xxxvn,
925 2551 1091 2623 1-14.)

882 2657 928 2701 9.
960 2653 1133 2703 Lectio
1159 2651 1320 2702 Esaia:
1352 2650 1640 2716 prophetas.

515 2738 664 2794 Visio
706 2738 882 2793 Esaiae
924 2737 1022 2793 filii
1052 2741 1245 2806 Amos,
1290 2754 1466 2809 quam
1498 2737 1638 2791 vidit
1679 2753 1850 2809 super
1872 2736 2079 2792 Judam

447 2837 505 2889 et
524 2834 877 2888 Hierusalem
905 2832 962 2887 in
1010 2831 1210 2886 diebus
1253 2830 1419 2899 02in},
1451 2832 1582 2899 etc.,
1607 2846 1778 2901 usque
1802 2832 1873 2885 Ut
1899 2830 2080 2902 pulvis

447 2927 738 2995 ascendet,
770 2925 849 2981 ait
879 2924 1156 2981 Dominus
1186 2926 1355 2979 Deus.
1388 2926 1518 2995 (Isa.
1550 2942 1589 2992 ι,
1627 2925 1699 2996 1.)

838 3033 914 3077 ιο.
943 3027 1117 3077 Lectio
1143 3027 1265 3077 libri
1289 3026 1501 3076 Hiesum
1528 3029 1685 3077 Nave.

517 3116 797 3186 Tempore
843 3114 959 3181 illo,
988 3114 1157 3167 Josue
1187 3113 1258 3166 de
1301 3115 1467 3167 nocte
1498 3128 1872 3183 consurgens,
1901 3110 2100 3177 movit,

445 3212 651 3276 castra,
686 3207 1165 3278 egredientcsque
1200 3206 1269 3259 de
1299 3207 1499 3275 Setim,
1530 3210 1816 3261 venerunt
1845 3206 1919 3260 ad
1954 3207 2075 3261 Jor-

447 3302 680 3367 danem,
733 3304 864 3377 etc.,
909 3316 1079 3370 usque
1125 3301 1196 3355 Ut
1239 3303 1297 3355 et
1344 3317 1442 3355 vos
1478 3300 1728 3355 timeatis
1769 3299 2081 3355 Dominum

445 3395 629 3449 Deum
654 3397 906 3449 vestrum
935 3394 1094 3449 omni
1126 3397 1407 3466 tempore.
1443 3394 1623 3467 (Iosue
1652 3410 1734 3463 ιιι,
1768 3395 1865 3467 1v.)

882 3499 962 3546 11.
989 3497 1164 3547 Lectio
1192 3498 1329 3547 Iona:
1354 3497 1640 3561 prephetaa.

517 3582 796 3654 Tempore
827 3582 944 3651 illo,
974 3583 1188 3638 factum
1217 3586 1303 3636 est
1340 3583 1580 3638 verbum
1623 3582 1851 3638 Domini
1881 3582 1955 3637 ad
1984 3583 2076 3638 J0-

447 3693 603 3744 nam,
638 3676 817 3730 ﬁlium
846 3676 1097 3743 Amathi,
1122 3676 1318 3730 dicens
1348 3694 1359 3731 :
1401 3678 1604 3748 Surge,
1634 3677 1776 3731 vade
1796 3676 1868 3732 -in
1907 3675 2078 3731 Neni-

445 3784 553 3824 ven
584 3771 749 3841 (Jonas
794 3770 852 3841 ι),
897 3772 1028 3837 etc.,
1062 3785 1229 3841 usque
1256 3771 1325 3824 Et
1355 3768 1538 3824 oravit
1572 3771 1719 3825 Jona
1763 3769 1835 3824 ad
1881 3770 2077 3824 Domi-

444 3879 587 3920 num
618 3864 801 3941 Deum
840 3881 1008 3919 suum
1038 3864 1108 3918 de
1141 3867 1305 3918 utero
1333 3859 1520 3934 piscis,
1554 3865 1612 3918 et
1637 3863 1794 3919 dixit.
1825 3862 2081 3920 Clamavi

447 3958 520 4015 ad
551 3957 862 4013 Dominum
909 3959 1093 4011 Deum
1125 3973 1345 4024 meum,
1379 3960 1485 4011 etc.
1529 3958 1599 4011 Et
1629 3957 1769 4012 dixit
1802 3958 2081 4012 Dominus

445 4053 605 4126 pisci,
639 4056 771 4120 etc.,
803 4068 973 4121 usque
1003 4052 1296 4121 Loquutus
1325 4051 1516 4105 fuerat
1551 4054 1614 4105 ut
1642 4052 1859 4107 faceret
1891 4051 1993 4123 eis,
2026 4055 2083 4107 et

447 4163 564 4203 non
592 4146 746 4212 fecit,
780 4145 860 4199 ait
890 4144 1168 4199 Dominus
1192 4145 1360 4198 Deus.

843 4250 918 4295 12.
948 4244 1122 4295 Lectio
1148 4245 1365 4295 Danihel
1392 4245 1680 4310 prophetis.

515 4338 701 4391 Anno,
724 4331 929 4388 octabo
969 4330 1191 4387 decimo
1238 4331 1773 4388 Nabuchodonozor
1808 4350 1907 4389 rex
1944 4334 2084 4389 fecit

447 4431 719 4496 statuam,
752 4431 883 4494 etc.,
912 4442 1082 4496 usque
1102 4427 1164 4481 In
1197 4429 1506 4498 conspectu
1538 4430 1636 4482 tuo
1668 4427 1839 4482 hodie
1873 4432 1935 4483 ut
1958 4430 2081 4500 pla-

2094 3160 2153 3235 C

2335 1811 2507 1862 Lectio
2532 1810 2696 1860 sancti
2724 1809 2994 1872 Evangelii
3029 1807 3315 1858 secundum
3344 1805 3658 1856 Mattbmnm.

2247 1899 2494 1969 Vespere
2544 1899 2739 1951 autem
2786 1894 3042 1959 Sabbati,
3087 1910 3202 1964 qua
3245 1890 3461 1947 luciscit
3504 1892 3563 1945 in
3621 1888 3823 1962 prima

2178 1990 2432 2055 Sabbati,
2466 1994 2596 2057 etc.,
2624 2004 2797 2059 usque
2817 1987 3095 2043 Omnibus
3126 1986 3329 2041 diebus
3357 2001 3535 2057 usque
3572 1983 3647 2039 ad
3685 1999 3825 2040 cono

2178 2085 2630 2143 summationem
2662 2082 2871 2137 saeculi.
2907 2082 3098 2153 (Math.
3130 2081 3345 2151 xxvm.)

2551 2189 2732 2235 NOTAE
2783 2189 2861 2233 ET
2917 2187 3445 2234 OBSERVATIONES.

2249 2272 2333 2326 Ab
2359 2272 2467 2326 hoc
2504 2270 2695 2325 ofﬁcio
2722 2270 2955 2325 Sabbati
2987 2270 3168 2324 sancti
3192 2269 3464 2324 inseritur
3493 2269 3680 2323 altera
3711 2285 3819 2323 nu-

2179 2378 2477 2420 merorum
2521 2364 2935 2435 marginalium
2986 2363 3044 2417 in
3093 2362 3453 2418 Lectionario
3496 2362 3679 2417 series
3738 2362 3825 2433 (ut

2179 2476 2352 2531 supra
2404 2457 2747 2529 notavimus)
2795 2457 2867 2511 ad
2911 2456 3302 2528 designandas
3359 2457 3679 2511 Lectiones.
3745 2456 3824 2509 Ex

2181 2553 2486 2608 duodecim
2516 2552 2853 2607 lectionibus
2880 2568 3008 2622 quae
3040 2552 3383 2622 legebantur
3411 2554 3547 2605 ante
3572 2549 3821 2605 missam

2179 2646 2238 2701 in
2295 2647 2541 2717 gratiam
2603 2644 3105 2716 baptizandorum,
3160 2648 3276 2699 tres
3328 2645 3532 2715 prima:
3582 2645 3819 2698 desunt.

2179 2740 2412 2794 Easdem
2443 2740 2629 2794 ferme
2655 2741 2787 2794 sunt
2814 2738 2870 2792 in
2902 2737 3270 2804 Mozarabico,
3306 2754 3411 2792 nec
3438 2739 3690 2792 multum
3719 2737 3826 2791 dif-

2180 2834 2375 2889 ferunt
2395 2851 2429 2888 a
2448 2834 2625 2888 modo
2656 2831 2877 2886 usitatis
2897 2832 2955 2885 in
2983 2831 3185 2886 Missali
3216 2832 3479 2886 Romano
3506 2830 3817 2886 hodierno.

2178 2928 2307 2981 Tria
2354 2927 2576 2981 cantica
2614 2927 2965 2993 inseruntur,
3013 2942 3224 2995 nempe
3268 2924 3432 2979 Mosis
3476 2928 3607 2996 post
3650 2924 3824 2996 septis

2180 3037 2361 3087 mam,
2382 3023 2541 3075 JOnIB
2571 3024 2701 3091 post
2726 3019 3112 3085 undecimam,
3135 3019 3313 3072 trium
3346 3034 3660 3089 puerorum
3690 3021 3823 3090 post

2181 3113 2609 3182 duodecimam,
2641 3116 2703 3167 ut
2726 3114 2848 3167 fere
2871 3113 2928 3166 in
2953 3111 3303 3167 Mozarabico
3332 3129 3345 3166 :
3372 3111 3479 3166 nisi
3507 3111 3664 3182 quod
3692 3112 3820 3166 loco

2179 3207 2387 3263 cantici
2409 3208 2569 3261 Jonas
2599 3209 2685 3261 est
2710 3205 2997 3261 canticum
3028 3202 3291 3261 Habacuc
3324 3208 3453 3277 post
3482 3203 3819 3261 Lectionem

2181 3317 2249 3355 ex
2273 3301 2480 3355 eodem
2506 3300 2809 3371 propheta.

2251 3397 2313 3448 1n
2343 3394 2695 3449 Mozarabico
2724 3393 3086 3449 Lectionibus
3116 3392 3238 3448 istis
3266 3392 3635 3466 prtemittitur
3666 3392 3820 3449 cerei

2180 3486 2527 3554 benedictio,
2564 3488 2724 3559 cujus
2766 3488 3017 3543 formula
3062 3487 3284 3542 diversa
3330 3492 3417 3542 est
3458 3504 3493 3542 a
3530 3488 3818 3554 Romana,

2181 3598 2310 3653 quae
2360 3582 2566 3636 eadem
2610 3585 2697 3636 est
2738 3598 2869 3637 cum
2913 3585 3105 3636 vetere
3158 3582 3467 3637 Gallicana.
3509 3580 3707 3637 Primo
3759 3580 3823 3634 ﬁt

2179 3676 2507 3731 benedictio
2524 3676 2800 3731 lucernae:
2827 3693 2955 3747 quae
2972 3674 3299 3731 benedictio
3329 3680 3625 3731 auctorem
3640 3675 3822 3730 habet

2180 3769 2483 3836 Isidorum,
2513 3774 2656 3825 teste
2689 3770 2970 3841 Elipando
3004 3770 3271 3841 episcopo
3298 3772 3592 3838 Toletano,
3625 3770 3727 3841 qui
3756 3787 3821 3824 ex

2181 3880 2251 3919 eo
2291 3864 2414 3919 haec
2456 3864 2630 3918 verba
2673 3866 2854 3919 refert
2894 3864 2953 3918 in
2992 3862 3177 3935 141
3234 3865 3475 3935 epistola
3515 3864 3587 3918 ad
3627 3865 3819 3920 Alcai-

2182 3975 2344 4013 num.
2389 3979 2417 4007 ‹‹
2465 3960 2609 4013 Nam
2656 3962 2715 4013 et
2759 3958 2865 4029 ipsi
2915 3957 3176 4013 canimus
3228 3958 3286 4012 in
3330 3958 3522 4029 vigilia
3561 3959 3817 4026 Paschae,

2180 4053 2353 4107 beato
2397 4052 2612 4107 Isidoro
2658 4048 2885 4107 dicente
2941 4069 2954 4107 :
3002 4052 3195 4106 Induit
3246 4069 3504 4120 carnem,
3552 4052 3654 4131 sed
3702 4069 3819 4109 non

2181 4147 2335 4201 exuit
2372 4147 2767 4218 majestatem;
2797 4150 3054 4202 nostram
3096 4146 3475 4211 substantiam
3521 4151 3818 4217 expetens,

2181 4240 2282 4294 sed
2312 4240 2608 4312 propriam
2638 4257 2757 4296 non
2787 4241 3138 4313 relinquens.
3172 4262 3199 4290 »
3234 4240 3371 4303 Qum
3411 4239 3655 4293 totidem
3701 4257 3820 4296 ver-

2181 4334 2267 4388 bis
2308 4335 2367 4388 in
2397 4335 2748 4390 Mozarabico
2782 4337 3056 4407 leguntur
3096 4334 3169 4388 ad
3212 4332 3681 4389 benedictionem
3736 4336 3817 4390 lu-

2182 4444 2391 4483 cernae.
2431 4429 2557 4483 Alia
2584 4429 2915 4484 testimonia
2946 4428 3160 4483 ibidem
3198 4443 3265 4481 ex
3291 4426 3497 4482 Missali
3539 4428 3817 4483 Toletano

449 4521 734 4578 ceattibi.
779 4563 792 4577 .
839 4562 851 4576 .
896 4562 908 4575 .
955 4561 969 4575 .
1013 4559 1027 4574 .
1072 4560 1085 4574 .
1130 4561 1143 4574 .
1189 4559 1201 4575 .
1247 4560 1260 4575 .
1306 4561 1319 4575 .
1364 4562 1376 4576 .
1414 4562 1436 4575 ..
1483 4563 1495 4575 .
1541 4562 1553 4575 .
1600 4561 1612 4575 .
1658 4562 1670 4575 .
1715 4562 1728 4576 .
1775 4563 1787 4576 .
1833 4564 1845 4576 .
1891 4562 1907 4577 .
1949 4564 1962 4577 .
2006 4563 2019 4577 .
2064 4523 2402 4611 .Dprofert
2445 4521 2601 4577 idem
2646 4523 2957 4594 Elipandus
2994 4521 3065 4576 ad
3098 4519 3367 4575 haeresim
3413 4534 3576 4577 suam
3606 4524 3817 4577 conﬁr-

448 4616 773 4674 Benedicite
799 4615 986 4670 imber
1001 4617 1162 4670 etros
1173 4615 1509 4671 Dominum.
1531 4615 1857 4671 Benedicite
1877 4632 2080 4671 omnes

446 4712 677 4783 spiritus
704 4709 1036 4766 Dominum.
1076 4708 1401 4765 Benedicite
1430 4704 1580 4781 ignis
1610 4712 1667 4764 et
1694 4711 1852 4765 calor
1881 4711 2075 4766 Domi‘

448 4822 609 4873 num,
638 4806 920 4876 hymnum
947 4802 1137 4858 dicite.
1171 4803 1496 4859 Benedicite
1515 4806 1714 4859 noctes
1744 4808 1801 4860 et
1827 4804 1948 4859 dies
1973 4806 2080 4859 Do-

448 4898 694 4957 minum.
710 4897 1037 4953 Benedicite
1061 4898 1315 4952 tenebrae
1333 4900 1600 4954 etlumen
1618 4899 1887 4955 Domino.
1905 4899 2080 4954 Bene-

449 4993 619 5049 dicite
658 4991 837 5063 frigus
876 4995 933 5045 et
976 4994 1145 5045 (estus
1189 4990 1520 5061 Dominum,
1558 4994 1844 5064 hymnum
1885 4992 2073 5047 dicite.

447 5084 775 5144 Benedicite
800 5084 1008 5158 pruina
1036 5084 1094 5139 et
1121 5083 1261 5139 nivis
1280 5086 1614 5141 Dominum.
1633 5085 1958 5140 Benedicite
1976 5087 2078 5141 ful-

447 5197 592 5254 gnra
603 5183 662 5235 et
680 5179 848 5256 nubis
869 5179 1198 5235 Dominum.
1222 5180 1546 5236 Benedicite
1572 5184 1723 5235 terra
1739 5180 2074 5248 Dominum,

445 5274 731 5348 hymnum
762 5274 950 5330 dicite.
982 5273 1307 5330 Benedicite
1339 5278 1569 5330 montes
1596 5276 1653 5329 et
1686 5274 1857 5331 colles
1879 5275 2074 5331 Domi-

426 5386 611 5425 -num.
639 5368 966 5424 Benedicite
994 5368 1193 5425 omnia
1219 5368 1515 5423 nascentia
1541 5370 1709 5424 terrae
1739 5369 2073 5426 Dominum.

446 5461 772 5517 Benedicite
795 5462 980 5518 maria
1001 5466 1059 5517 et
1073 5461 1316 5517 ﬂumina
1336 5461 1669 5529 Dominum,
1684 5463 1967 5535 hymnum
1990 5462 2075 5518 di-

444 5555 574 5611 cite.
591 5556 640 5629 1
657 5555 782 5629 4ο
796 5557 1121 5612 Benedicite
1136 5556 1324 5609 fontes
1337 5571 1618 5626 aquarum
1633 5557 1964 5612 Dominum.
1981 5558 2078 5611 Be-

446 5650 693 5708 nedicite
712 5651 901 5723 byluae
924 5653 982 5705 et
1003 5648 1201 5704 omnia
1223 5664 1349 5720 qua:
1369 5654 1675 5706 morantur
1693 5651 1751 5707 in
1781 5652 1945 5724 aquis
1962 5652 2074 5706 Do-

418 5744 689 5802 ‘minum.
736 5743 1028 5799 Bendicite
1057 5759 1261 5799 omnes
1298 5744 1541 5800 volucris
1579 5746 1701 5801 caeli
1741 5746 2074 5813 Dominum,

416 5861 425 5866 -
443 5839 727 5914 hymnum
752 5837 940 5894 dicite.
972 5837 1298 5894 Benedicite
1313 5838 1511 5911 bestia:
1530 5844 1588 5897 et
1601 5840 1868 5913 jumenta
1888 5839 2079 5897 Domi-

2182 4617 2483 4684 mandam,
2508 4633 2755 4688 quorum
2781 4617 2971 4687 aliqua
2990 4615 3047 4668 in
3064 4615 3415 4671 Mozarabico
3430 4632 3546 4670 non
3571 4620 3813 4683 exstant,

2180 4728 2390 4783 nempe
2420 4726 2549 4782 quae
2581 4728 2649 4765 ex
2676 4707 2851 4764 m'issa
2881 4710 2939 4763 in
2984 4711 3160 4765 C(ena
3190 4709 3442 4778 Domini,
3484 4714 3542 4764 et
3582 4727 3713 4781 quae
3751 4727 3817 4764 ex

2178 4805 2323 4860 feria
2354 4806 2524 4860 tertia
2550 4804 2801 4870 Paschm,
2831 4804 3086 4874 itemque
3127 4822 3195 4858 ex
3237 4804 3412 4858 missa
3448 4805 3628 4858 sancti
3670 4806 3810 4876 Spe-

2177 4900 2308 4967 rati,
2339 4903 2396 4953 et
2416 4916 2544 4969 quae
2575 4916 2641 4954 ex
2667 4896 2841 4952 missa
2866 4897 3291 4953 defunctorum.
3319 4899 3444 4952 Alia
3475 4898 3713 4969 quidem
3745 4898 3814 4953 ab

2177 4991 2300 5064 ipso
2327 4994 2547 5063 prolata
2577 4990 2944 5062 reperiuntur
2969 4991 3028 5046 in
3060 4992 3167 5047 isto
3194 4992 3416 5059 Missali,
3447 4991 3686 5063 utquod
3718 4992 3814 5047 ha-

2177 5086 2277 5142 bet
2306 5103 2371 5141 ex
2400 5086 2544 5140 feria
2575 5084 2777 5157 quinta
2802 5086 3064 5153 Paschae;
3094 5089 3152 5141 at
3176 5086 3233 5140 in
3261 5085 3521 5141 lllatione
3549 5087 3809 5157 ejusdem

2177 5179 2473 5235 ferimloco
2490 5180 2753 5250 adoptivi,
2769 5179 2827 5236 in
2842 5180 3010 5237 editis
3022 5181 3231 5253 legitur
3241 5184 3537 5253 assumpti;
3556 5182 3808 5256 itemque

2176 5273 2236 5329 in
2268 5273 2445 5329 missa
2468 5272 2542 5329 de
2566 5273 2918 5332 Asce'nsione
2949 5278 3389 5347 assumptionem,
3424 5292 3541 5331 non
3568 5276 3654 5347 (ut
3691 5275 3808 5349 ipse

2177 5367 2339 5441 legit)
2384 5368 2745 5441 adeptionem.
2785 5370 2897 5426 Has
2927 5369 3166 5426 omnino
3199 5368 3638 5425 emendationes
3677 5384 3804 5440 sug-

2179 5466 2482 5534 gesserunt
2512 5463 2570 5517 in
2610 5463 2754 5518 libro
2802 5481 2840 5518 ιι
2887 5463 3158 5519 adversus
3199 5463 3546 5535 Elipandum
3585 5464 3810 5519 Leidra-

2178 5556 2303 5625 dus,
2340 5556 2644 5625 Nefridius,
2689 5557 2961 5629 episcopi,
3001 5561 3060 5613 et
3098 5557 3438 5613 Benedictus
3473 5557 3669 5626 abbas,
3710 5572 3807 5613 seu

2176 5649 2367 5723 potius
2395 5651 2668 5708 Alcuinus
2698 5651 2937 5724 duplicis
2963 5650 3123 5707 istius
3152 5650 3279 5707 libri
3311 5652 3570 5724 scriptor.

2247 5746 2383 5802 Post
2408 5746 2875 5802 benedictionem
2903 5747 3154 5802 lucernae
3180 5746 3443 5819 sequitur
3464 5745 3612 5802 cerci
3638 5745 3805 5802 bene-

2180 5838 2350 5895 dictio
2386 5843 2516 5912 post
2548 5840 2769 5913 aliquas
2795 5841 3105 5912 orationes,
3134 5842 3244 5901 hoc
3273 5842 3448 5900 modo
3482 5840 3763 5915 incipiens
3788 5856 3801 5899 :
