3968 6224
138 320 238 380 197

1233 316 1321 383 De
1358 324 1674 385 munem
1710 322 2084 384 GALLICANA
2122 327 2327 385 LIBER
2360 314 2425 384 Ii.

3423 322 3522 387 me

140 435 292 494 Vere,
315 432 562 496 Domine,
592 434 735 489 satis
762 433 994 503 dignum
1021 440 1071 492 et
1086 438 1381 506 pulchrum
1407 444 1506 501 est,
1536 441 1592 493 in
1619 455 1788 509 quan—
1810 455 1868 524 Α
1892 439 2152 509 gustinus
2172 439 2292 510 ipse
2314 438 2373 492 in
2397 437 2494 492 lib.
2517 452 2590 492 xv
2616 437 2688 491 de
2705 435 2944 493 Civitate
2972 436 3073 493 Dei
3099 438 3226 510 cap.
3253 439 3320 495 32
3350 457 3518 512 quos-

132 532 247 582 tum
267 542 363 582 nos
375 543 605 583 munere
618 534 715 584 tuo
740 530 1011 594 illustras,
1036 532 1140 585 tibi
1155 548 1364 602 semper
1376 535 1585 601 gratias
1606 550 1783 600 agerc,

137 621 291 693 apud
321 638 481 691 quem
514 629 596 678 est
626 627 756 692 fons
795 628 940 688 vita),
971 627 1031 680 in
1065 626 1224 695 cujus
1251 627 1453 681 lumine
1485 629 1786 682 videbimus

1889 532 2025 587 dam
2049 549 2245 587 versus
2279 533 2476 598 refert,
2508 548 2652 603 quos
2677 553 2704 581 ‹‹
2735 532 2794 587 in
2824 532 2997 587 laude
3033 533 3284 605 quadam
3318 536 3517 591 cerei»

1888 627 2131 698 scripsit,
2163 631 2225 681 ut
2250 630 2409 697 patet
2444 643 2511 681 ex
2543 642 2692 681 nova
2716 625 2993 694 editione,
3022 626 3119 681 ubi
3143 628 3300 682 locus
3327 628 3432 684 iste
3454 647 3523 685 ex

134 717 334 777 lumen,
367 720 480 770 etc.
508 717 594 770 De
626 717 1032 772 benedictione
1056 720 1305 773 lucerna!
1338 724 1395 773 et
1424 721 1573 774 cerei
1606 724 1788 775 exstat
1884 718 2012 772 Mss.
2042 719 2336 773 restitutus
2363 721 2451 773 est
2478 735 2510 772 a
2538 718 2765 773 nostris.
2794 721 2857 773 In
2889 722 3134 789 utraque
3163 720 3314 775 cerei
3342 721 3519 777 bene-

132 830 321 868 canon
348 830 546 868 nonus
578 815 807 869 concilii
838 833 892 869 1v
916 818 1175 872 Toletani
1211 834 1224 871 :
1259 819 1503 873 Lucerna
1532 823 1583 873 ct
1606 835 1785 873 cereus

128 910 190 961 in
210 909 545 977 praeuigiliis
568 909 794 963 Pascha:
819 911 971 979 apud
997 912 1263 980 quasdam
1286 913 1549 967 Ecclesias
1572 928 1679 967 non
1706 914 1786 967 bc-

131 1000 503 1062 nedicuntur:
553 1008 605 1056 et
649 1018 747 1056 cur
785 1020 819 1056 α
861 1005 1016 1058 nobis
1057 1005 1445 1060 benedicuntur
1472 1008 1780 1075 inquirunt.

128 1095 364 1164 Propter
391 1097 695 1163 gloriosum
725 1100 863 1151 enim
890 1101 1059 1152 noctis
1090 1101 1263 1168 ipsius
1285 1105 1681 1154 sacramentum
1706 1116 1786 1154 so-

129 1189 383 1242 lemniter
404 1189 519 1244 haec
550 1189 933 1252 benedicimus,
951 1195 1010 1245 ut
1025 1208 1193 1245 sacrae
1208 1195 1619 1247 resurrectionis
1636 1193 1786 1248 Chri-

128 1284 201 1336 sti
215 1285 569 1349 mysterium,
597 1284 744 1353 quod
765 1289 997 1352 tempore
1022 1284 1188 1352 hujus
1213 1287 1404 1338 votiva?
1432 1287 1602 1339 noctis
1627 1286 1785 1340 adve-

130 1377 231 1436 nit,
285 1375 664 1430 benedictione
705 1379 1030 1445 sanctificati
1075 1379 1296 1431 luminis
1327 1380 1677 1448 accipiamus.
1714 1382 1784 1435 Et

130 1470 265 1537 quia
290 1469 407 1522 haec
428 1469 734 1523 observatio
753 1470 1159 1538 permultarum
1180 1471 1295 1524 loca
1318 1476 1587 1527 terrarum
1612 1474 1780 1540 regio-

127 1577 333 1632 nesque
354 1564 648 1631 Hispania:
662 1564 720 1616 in
739 1564 988 1617 Ecclesiis
1013 1565 1437 1627 commendatur,
1457 1567 1684 1633 dignum
1706 1571 1785 1620 est

128 1663 187 1709 ut
207 1661 444 1725 propter
474 1659 741 1710 unitatem
764 1659 918 1725 pacis
953 1659 1011 1709 in
1046 1657 1348 1711 Gallicanis
1370 1660 1629 1729 .Ecclcsiis
1657 1676 1781 1714 con-

126 1756 396 1803 servetur.
434 1748 542 1803 Ubi
573 1749 809 1820 quidam
831 1750 982 1803 male
1014 1750 1314 1805 Gallicanis
1344 1752 1655 1823 legendum
1677 1770 1781 1824 pu-

1887 812 2140 867 dictione
2173 812 2467 866 Ennodius
2494 814 2753 877 testatur,
2789 828 2854 865 ex
2885 829 3052 868 cereo
3082 813 3388 869 benedicto
3420 815 3521 871 de-

1886 910 2112 977 cerptas
2153 922 2187 960 a
2213 905 2478 959 fidelibus
2513 906 2684 960 fuisse
2726 905 3035 977 particulas
3062 910 3266 962 contra
3297 910 3519 978 procel-

1885 999 1987 1053 las.
2024 998 2161 1052 Inde
2184 1000 2481 1068 Agnorum
2511 998 2614 1052 Dei
2644 1015 2945 1054 cereorum
2976 999 3160 1071 origo.

1954 1093 2158 1147 Postea
2199 1091 2257 1146 in
2290 1090 2566 1162 praedicto
2594 1091 2800 1147 Missali
2825 1093 3063 1148 Gothico
3091 1093 3522 1166 subsequuntur

1882 1185 2053 1239 varia!
2084 1184 2465 1240 Collectiones
2495 1201 2594 1239 seu
2626 1185 2916 1239 Orationes
2941 1185 3179 1241 omnino
3214 1186 3520 1243 duodecim

1885 1295 2015 1333 cum
2059 1278 2299 1333 totidem
2344 1278 2801 1348 praefationibus,
2839 1294 3082 1349 quarum
3114 1280 3354 1351 singulae
3390 1283 3521 1351 post

1885 1372 2139 1442 singulas
2183 1372 2461 1426 lectiones
2497 1371 2822 1442 praemissas
2860 1372 3088 1427 recitari
3123 1373 3356 1428 debent.
3395 1376 3518 1430 Una

1884 1469 1971 1519 est
2010 1482 2113 1535 pro
2164 1465 2456 1536 spiritibus
2510 1464 2879 1535 pausantium‘
2930 1481 3030 1519 seu
3091 1466 3513 1523 defunctorum.

1882 1557 2103 1612 Deinde
2129 1558 2447 1613 succedunt
2465 1558 2768 1613 Orationes
2795 1556 2869 1612 ad
2894 1557 3281 1613 Christianum
3309 1559 3519 1615 facien-

1884 1650 2044 1719 dum,
2077 1651 2151 1705 ad
2189 1652 2380 1706 fontes
2417 1651 2869 1717 benedicendos,
2904 1655 3077 1722 atque
3111 1652 3184 1706 ad
3221 1652 3516 1723 baptizan-

1885 1744 2043 1809 dum,
2072 1761 2215 1815 quas
2248 1745 2509 1816 sequitur
2540 1744 2718 1799 missa
2742 1745 2800 1798 in
2826 1744 3043 1814 Vigiliis
3070 1745 3321 1813 Paschae,
3359 1746 3519 1817 cujus

125 1844 273 1895 tant.
306 1843 370 1895 In
406 1841 696 1912 Hispaniis
730 1842 1032 1912 antiquum
1064 1860 1185 1897 esse
1222 1820 1603 1900 benedicendi
1630 1820 1780 1901 cerei
1801 1820 1858 1894 B
1882 1838 2055 1892 missa
2084 1838 2398 1909 Epistulam
2431 1842 2490 1893 et
2515 1840 2890 1909 Evangelium
2920 1839 3182 1909 superius
3210 1857 3277 1893 ex
3298 1839 3516 1895 Lectio-

124 1950 465 1999 morem,ex
481 1935 797 1989 Prudentio
825 1935 1087 1990 nonnulli
1115 1937 1409 2008 colligunt,
1434 1939 1594 2008 cujus
1623 1940 1781 2011 hym-

124 2045 267 2083 num
306 2028 409 2082 Ad
443 2029 725 2083 incensum
759 2030 897 2083 cerei
929 2030 1209 2099 paschalis
1245 2032 1626 2101 compositum
1657 2033 1778 2086 lau-

128 2120 292 2175 dant.
325 2122 399 2175 Et
434 2122 591 2175 hunc
618 2120 852 2192 quidem
885 2122 1166 2193 hymnum
1206 2123 1279 2177 ad
1312 2124 1777 2179 benedictionem

128 2214 279 2269 cerei
292 2213 587 2285 paschalis
604 2213 835 2269 exhibet
848 2219 1010 2270 vetus
1028 2215 1181 2271 Ordo
1200 2216 1513 2283 Romanus,
1539 2221 1595 2272 et
1616 2220 1781 2289 Hym-

125 2307 359 2362 narium
393 2308 724 2379 antiquum,
764 2309 963 2363 Romae
1008 2327 1162 2364 anno
1202 2310 1496 2382 superiore
1538 2311 1778 2383 impres-

124 2416 277 2456 sum.
300 2404 374 2456 At
394 2400 534 2473 quia
562 2402 812 2471 hymnus
836 2401 962 2467 iste,
984 2402 1155 2474 quiin
1183 2404 1591 2459 Cathemerino
1620 2405 1780 2475 quin-

126 2499 216 2549 tus
243 2500 354 2561 est,
386 2494 722 2549 inscribitur
748 2496 805 2549 in
830 2496 1219 2551 membraneis
1241 2496 1418 2564 libris,
1442 2500 1685 2567 Hymnus
1707 2499 1781 2552 ad

125 2589 413 2644 incensum
436 2589 691 2649 lucernze,
722 2604 839 2643 non
872 2589 1011 2643 cerei
1026 2591 1338 2660 paschalis;
1370 2591 1505 2645 hinc
1527 2591 1781 2646 Sirmun-

126 2682 231 2737 dus
262 2682 325 2736 in
359 2682 516 2736 notis
543 2682 616 2735 ad
648 2681 997 2748 Ennodium,
1022 2687 1080 2736 et
1102 2684 1407 2737 Menardus
1441 2684 1500 2738 in
1528 2685 1777 2739 Concor-

125 2775 286 2830 diam
315 2776 656 2846 regularum
688 2775 966 2843 inferunt,
992 2776 1262 2831 eumdem
1286 2777 1565 2847 hymnum
1594 2778 1667 2832 ad
1685 2795 1776 2832 ac-

124 2868 466 2923 cendendas
507 2868 566 2923 in
598 2868 947 2923 Lucernario
986 2885 1087 2924 seu
1128 2870 1390 2941 Vesperis
1429 2868 1780 2941 quotidianis

122 2963 398 3018 lucernas
442 2963 830 3033 compositum
885 2963 1077 3017 fuisse.
1126 2966 1187 3017 In
1237 2963 1443 3017 eadem
1491 2964 1781 3019 sententia

131 3060 213 3110 est
242 3055 516 3110 Nicolaus
554 3056 818 3110 Heinsius
860 3055 919 3109 in
968 3070 1115 3111 nova
1158 3056 1454 3112 Prudentii
1501 3055 1775 3125 editione,

130 3147 326 3222 142
355 3149 454 3203 ubi
483 3149 632 3204 cerei
650 3148 932 3220 paschalis
953 3150 1125 3203 ritum
1150 3149 1448 3203 Prudentii
1469 3166 1589 3205 sivo
1618 3151 1778 3221 igno-
1798 3191 1851 3265 Ο

130 3244 247 3265 ι.....
286 3242 460 3265 ι’.-2---
495 3244 683 3265 ,Α---ι
723 3240 906 3265 --ιιεηε
934 3259 996 3265 __.
1028 3241 1461 3265 -_AZ..--!A..A2L_-_
1486 3243 1744 3265 ,-,ι--ξ--

130 3244 253 3296 tum
285 3242 463 3296 fuisse
490 3244 689 3296 censet
719 3240 910 3312 colligi
931 3259 996 3296 ex
1026 3241 1464 3313 antiquitatibus
1481 3243 1771 3297 ecclesias-

129 3333 272 3390 ticis.
302 3335 522 3389 Verum
545 3337 778 3390 lucernae
802 3335 1141 3389 vocabulum
1164 3334 1222 3389 in
1244 3334 1409 3390 titulo
1435 3335 1637 3407 hymni
1659 3353 1775 3390 non

128 3427 341 3484 sufﬁcit
387 3428 695 3500 probando
722 3427 781 3482 id
813 3428 968 3499 quod
1001 3429 1060 3481 hi
1089 3428 1193 3482 viri
1230 3428 1381 3483 docti
1422 3428 1774 3484 intendunt:

132 3522 615 3594 quandoquidem
633 3522 689 3577 in
704 3519 765 3575 Vi
772 3518 1149 3592 giliaPaschze
1162 3520 1491 3578 benedictio
1509 3524 1683 3578 etiam
1702 3525 1780 3577 lu-

131 3634 317 3672 cernae
335 3616 541 3684 ﬁebat,
567 3633 633 3670 cx
652 3615 837 3670 dictis.
859 3615 1078 3671 Deinde
1094 3614 1150 3669 in
1173 3616 1269 3672 illo
1284 3616 1502 3688 hymno
1525 3618 1589 3672 fit
1613 3635 1776 3672 men-

130 3710 206 3765 tio
229 3710 301 3765 de
319 3709 537 3766 Christi
559 3709 789 3764 Domini
805 3709 1248 3778 resurrectione,
1267 3709 1422 3781 quod
1448 3710 1626 3782 priori
1646 3728 1776 3765 sen-

130 3804 325 3858 tentias
354 3801 777 3858 confirmandae
804 3801 1097 3873 quoddam
1123 3803 1299 3857 robur
1325 3801 1541 3857 addere
1568 3804 1775 3875 potest.

128 3896 239 3952 Sed
261 3899 379 3952 alia
412 3896 584 3964 ratio,
611 3913 786 3967 quam
806 3879 1110 3951 Menardus
1136 3899 1333 3950 noster
1362 3896 1548 3964 affert,
1570 3897 1779 3952 melius

130 3992 337 4063 probat
370 3991 658 4062 hymnum
680 3988 831 4045 hunc
854 3986 926 4044 de
958 3990 1305 4045 Lucernario
1330 3989 1670 4062 quotidiano
1698 3990 1780 4045 in-

130 4085 601 4157 terpretandum,
621 4100 829 4155 nempe
846 4083 967 4155 ipse
987 4083 1182 4138 titulus
1196 4082 1322 4139 libri
1345 4083 1775 4148 Cathemerinon,

128 4196 242 4252 quo
275 4178 689 4250 signiﬁcantur
711 4194 781 4232 ea
820 4194 947 4249 quae
987 4194 1092 4248 per
1122 4176 1275 4232 diem
1318 4181 1586 4248 aguntur.
1619 4178 1779 4233 Idem

126 4271 335 4327 suadet
352 4269 536 4326 etiam
564 4271 691 4325 libri
707 4270 883 4342 ipsius
905 4270 1069 4338 ordo,
1089 4270 1147 4323 in
1167 4286 1279 4341 quo
1292 4270 1511 4341 primus
1531 4271 1779 4343 hymnus

127 4369 214 4421 est
258 4364 361 4421 Ad
402 4366 545 4434 galli
587 4366 825 4426 cantum,
872 4360 1157 4418 secundus
1204 4365 1535 4428 Matutinus,
1576 4364 1779 4419 tertius

127 4461 274 4515 Ante
299 4458 508 4520 cibum,
547 4460 785 4530 quartus
814 4460 941 4513 Post
964 4458 1161 4519 cibum,
1195 4456 1429 4528 quintus
1468 4458 1563 4512 Ad
1593 4458 1775 4513 incen-

132 4568 252 4608 sum
277 4553 542 4616 lucernae,
570 4554 760 4606 sextus
795 4552 942 4607 Ante
982 4567 1246 4606 somnum.
1282 4549 1388 4606 Ubi
1430 4550 1664 4622 quintus
1707 4551 1856 4639 deD

134 4645 404 4719 Vesperis
444 4644 682 4700 indubie
731 4640 1143 4717 intelligendus
1186 4648 1291 4711 est,
1337 4644 1397 4698 in
1438 4645 1643 4715 quibus
1686 4661 1776 4700 so-

134 4740 317 4797 lemni
347 4756 515 4794 more
549 4739 607 4793 in
629 4738 751 4794 dies
771 4738 1009 4794 accendi
1030 4740 1296 4793 lucernas
1317 4741 1452 4794 tunc
1484 4755 1608 4794 mos
1636 4741 1779 4805 erat,

136 4840 196 4890 ut
224 4838 389 4889 recte
430 4833 735 4889 Mcnardus
767 4832 982 4887 ibidem
1015 4832 1243 4903 probat,
1281 4832 1554 4887 nimirum
1584 4832 1643 4888 in
1687 4848 1778 4887 ca-

134 4933 234 5001 put
274 4929 352 4983 Zi
395 4926 735 4982 Concordiae
781 4925 1199 4998 regularum,§
1246 4930 1299 4980 2.
1345 4927 1539 4997 Neque
1584 4930 1781 4981 tamen

134 5026 455 5095 pmpterea
479 5023 596 5075 tam
624 5037 804 5076 novus
824 5022 909 5074 est
932 5019 1083 5075 cerei
1113 5016 1172 5074 in
1190 5017 1407 5089 Vigiliis
1422 5019 1783 5090 paschalibus

135 5115 530 5173 benedicendi
567 5114 729 5183 ritus,
763 5115 843 5170 uti
873 5112 1103 5170 Heinsio
1133 5113 1316 5168 visum
1357 5117 1444 5168 est
1473 5129 1486 5168 :
1521 5130 1652 5168 cum
1678 5113 1784 5168 En-

138 5211 371 5277 nodius,
398 5208 714 5266 Ticinensis
745 5211 880 5263 ante
924 5224 1143 5263 annum
1181 5211 1285 5264 520
1330 5206 1648 5279 episcopus,
1682 5224 1781 5279 ge-

137 5305 365 5360 minam
393 5302 551 5359 cerei
576 5301 857 5376 paschalis
885 5301 1355 5359 benedictionem
1383 5300 1690 5374 scripserit.

206 5401 269 5455 In
299 5396 513 5454 Missali
531 5397 671 5453 item
696 5395 1222 5467 Gothicogallicano
1245 5395 1462 5453 occurit
1479 5395 1783 5451 Benedictio

138 5509 270 5551 cerae
296 5493 453 5549 beati
485 5493 791 5561 Augustini
814 5492 1073 5561 episcopi,
1100 5508 1265 5562 quam
1302 5491 1483 5545 adhuc
1521 5490 1783 5545 diaconus

138 5605 255 5645 cum
282 5592 444 5650 esset,
475 5585 649 5641 edidit
673 5590 724 5640 et
748 5587 958 5648 cecinit,
987 5584 1091 5638 sub
1115 5568 1509 5640 hociexordio:
1533 5583 1785 5639 Easultet

130 5684 249 5753 jam
284 5681 544 5751 angelica
586 5679 749 5737 turba
783 5680 1055 5745 calorum,
1098 5681 1231 5747 etc.,
1277 5681 1340 5733 ut
1382 5677 1559 5734 modo
1589 5677 1649 5732 in
1679 5693 1785 5732 usu

139 5776 408 5834 habetur.
437 5776 503 5831 In
528 5773 654 5830 Mss.
678 5773 990 5841 nonnullis,
1014 5775 1153 5845 puta
1172 5772 1232 5828 in
1253 5771 1620 5833 Noviomensi
1640 5768 1785 5826 aliis-

144 5887 273 5944 que,
294 5870 466 5929 idem
505 5868 671 5926 istius
703 5864 1127 5931 benedictionis
1152 5867 1353 5923 titulus
1390 5865 1637 5940 legitur;
1667 5867 1784 5922 Au-

1881 1931 2043 1985 nario
2064 1931 2459 1986 indicavimus.
2486 1932 2759 2003 Baptismi
2787 1933 3046 1987 solemne
3066 1936 3292 2003 tempus
3309 1937 3434 1987 erat
3459 1932 3519 1987 in

1877 2024 2094 2095 Vigiliis
2125 2025 2358 2079 Pascha:
2392 2028 2452 2079 et
2476 2026 2863 2092 Pentecostes,
2902 2025 3214 2095 aliquando
3254 2025 3429 2080 etiam
3458 2025 3517 2079 in

1877 2117 2081 2188 Vigilia
2107 2117 2320 2171 Natalis
2346 2116 2595 2183 Domini,
2630 2122 2686 2171 et
2726 2118 2783 2171 in
2826 2118 3003 2171 natali
3039 2117 3220 2171 sancti
3257 2118 3513 2173 Joannis.

1878 2210 2017 2264 Huic
2046 2211 2128 2264 rei
2158 2210 2473 2282 probandae
2506 2227 2653 2265 unus
2678 2211 2798 2264 fere
2836 2209 3044 2264 sufficit
3069 2209 3329 2281 Gregorii
3360 2212 3517 2266 locus

1880 2319 1945 2357 ex
1978 2303 2073 2358 lib.
2113 2319 2232 2371 vm,
2278 2320 2402 2375 cap.
2445 2308 2497 2370 9,
2534 2303 2631 2358 ubi
2677 2304 3141 2359 Guntchramnus
3182 2320 3281 2358 rex
3321 2303 3399 2358 ita
3429 2306 3515 2360 lo-

1880 2396 2074 2468 quitur
2106 2414 2119 2452 :
2159 2420 2186 2446 «
2218 2398 2537 2452 Germanus
2568 2414 2733 2452 meus
2768 2396 3120 2468 Chilpericus
3146 2395 3401 2452 moriens
3429 2396 3515 2452 di-

1879 2489 2026 2544 citur
2044 2487 2093 2561 1
2110 2489 2235 2563 43
2258 2490 2443 2553 ﬁlium
2458 2491 2776 2562 reliquisse,
2809 2491 2968 2562 cujus
2995 2490 3306 2545 nutritores
3330 2496 3514 2553 matre

1881 2583 2229 2654 deprecante
2260 2584 2568 2655 petierunt,
2604 2587 2665 2637 ut
2697 2601 2829 2639 eum
2861 2583 2931 2637 de
2964 2585 3161 2638 sancto
3192 2584 3417 2639 lavacro
3457 2584 3516 2643 in

1880 2681 2162 2735 Dominici
2189 2682 2403 2735 Natalis
2435 2681 2799 2739 solemnitate
2823 2682 3097 2736 deberem
3122 2682 3381 2753 excipere
3413 2699 3425 2739 :
3461 2687 3518 2737 et

1881 2791 1997 2828 non
2030 2778 2330 2828 venerunt.
2366 2776 2737 2846 Rogaverunt
2766 2775 3038 2847 deinceps
3070 2779 3133 2829 ut
3155 2774 3228 2829 ad
3254 2778 3516 2831 sanctum

1877 2867 2096 2923 Pascha
2138 2867 2559 2937 baptizaretur;
2608 2869 2709 2922 sed
2750 2885 2854 2923 nec
2900 2870 3034 2923 tunc
3076 2869 3281 2924 allatus
3317 2872 3403 2923 est
3434 2869 3518 2923 in-

1877 2961 2026 3015 fans.
2055 2960 2356 3031 Deprecati
2402 2963 2535 3014 sunt
2565 2963 2759 3015 autem
2801 2962 2991 3029 tertio,
3027 2965 3090 3016 ut
3125 2962 3199 3017 ad
3239 2962 3514 3017 festivita-

1878 3058 1997 3109 tem
2028 3054 2211 3107 sancti
2244 3053 2481 3108 Joannis
2512 3053 2914 3121 exhiberetur;
2950 3054 3050 3109 sed
3090 3071 3198 3109 nec
3245 3058 3378 3111 tunc
3417 3071 3512 3111 ve-

1878 3148 1980 3202 nit.
2015 3169 2044 3197 »
2087 3146 2484 3202 Chilbebertus
2527 3158 2682 3213 Vero,
2717 3147 3000 3217 Sigeberti
3036 3148 3205 3216 filius,
3244 3171 3271 3199 «
3296 3149 3517 3220 baptis‘

1876 3257 2039 3295 mum
2063 3240 2122 3295 in
2157 3240 2476 3296 diesancto
2502 3242 2867 3295 Pentecostes
2894 3240 3132 3312 accepit,
3161 3260 3229 3296 ex
3254 3241 3515 3312 ejusdem

1875 3332 2007 3388 libri
2052 3350 2177 3405 cap.
2215 3335 2268 3387 4.
2321 3334 2533 3388 Verum
2577 3334 2775 3387 Patres
2822 3333 3027 3404 synodi
3065 3333 3511 3403 Matisconensis,

1879 3442 2104 3482 canone
2122 3430 2173 3495 2,
2191 3428 2644 3498 conquerantur,
2671 3425 2826 3498 quod
2838 3443 2980 3497 pene
3006 3443 3111 3497 per
3126 3430 3369 3497 singulos
3399 3430 3514 3485 dies

1878 3537 1942 3576 ac
1968 3522 2177 3577 natales
2216 3526 2525 3590 martyrum
2560 3520 2882 3592 baptismus
2921 3521 3312 3589 conferretur;
3356 3526 3513 3577 vete-

1878 3630 2119 3685 remque
2149 3630 2315 3668 usum
2346 3613 2421 3668 ad
2444 3613 2665 3669 Pascha
2678 3616 2971 3668 revocant.

1881 3708 2061 3780 [XLIL
2102 3724 2349 3763 LEGENDA
2388 3723 2444 3763 IN
2483 3724 2574 3762 me
2622 3723 2825 3763 smcro
2874 3722 3115 3776 ΡΑεεωε,
3154 3724 3225 3764 AD
3271 3707 3511 3780 uisqu

1882 3842 1895 3856 ο
1941 3842 1954 3855 ο
2000 3842 2012 3855 ο
2059 3842 2071 3854 0
2116 3842 2127 3855 α
2175 3842 2187 3855 ο
2233 3843 2245 3855 ο
2292 3842 2305 3855 ο
2351 3843 2363 3855 I
2409 3842 2422 3856 ο
2468 3843 2480 3855 ο
2528 3842 2540 3855 ⁸
2587 3842 2600 3855 ο
2646 3841 2659 3854 ο
2717 3842 2729 3855 ο
2775 3840 2787 3854 ο
2834 3841 2846 3854 ι
2893 3836 2906 3853 δ
2952 3841 2965 3854 ο
3020 3840 3033 3854 ι
3088 3841 3101 3854 α
3146 3842 3159 3855 ο
3205 3842 3218 3856 ο
3263 3842 3276 3855 ο
3321 3842 3334 3856 ο
3379 3840 3392 3856 ⁸
3436 3841 3451 3856 ο
3495 3840 3509 3857 ο

2152 3893 2381 3957 Epistola
2403 3893 2547 3943 Pauli
2573 3893 2796 3957 apostoli
2829 3893 2894 3943 ad
2919 3893 3230 3944 Corinthios.

1949 3979 2159 4034 Notum
2219 3977 2413 4033 autem
2458 3974 2618 4033 vobis
2652 3976 2827 4046 facio,
2869 3978 3096 4048 fratres,
3137 3976 3512 4051 Evangelium

1881 4072 2036 4144 quod
2053 4070 2356 4143 prmdicavi
2379 4071 2558 4139 vobis,
2588 4072 2743 4143 quod
2770 4076 2829 4127 et
2855 4073 3317 4145 accepistis,etc.,
3345 4088 3515 4144 usque

1876 4165 2311 4223 Miserabiliores
2331 4182 2527 4221 sumus
2544 4166 2813 4221 omnibus
2828 4166 3177 4223 hominibus.
3198 4167 3382 4240 (LCor.
3399 4168 3512 4240 xv.)

2099 4267 2275 4318 Lectio
2299 4267 2466 4318 sancti
2492 4266 2761 4331 Evangelii
2784 4268 3074 4319 secundum
3098 4272 3308 4320 Lucam.

1950 4353 2160 4410 Diebus
2192 4354 2322 4422 illis,
2351 4371 2467 4409 una
2494 4352 2731 4409 Sabbati
2757 4353 2922 4410 valde
2949 4344 3201 4410 diluculo
3228 4356 3514 4417 venerunt

1878 4446 2150 4501 mulieres
2182 4446 2254 4502 ad
2294 4450 2856 4503 monumentum.....
2899 4448 3084 4520 ipsum
3122 4465 3256 4504 vero
3284 4466 3402 4504 non
3431 4447 3514 4502 vi-

1880 4540 2201 4597 derunt.....
2233 4541 2365 4613 (Luc
2388 4554 2537 4609 xxxv,
2572 4540 2644 4612 1.)

2266 4653 2446 4697 ΝΟΤΕ
2488 4653 2566 4696 ΕΤ
2607 4652 3134 4698 OBSERVATIONES.

1950 4738 2159 4793 Avulso
2182 4754 2297 4792 uno
2322 4732 2463 4791 item
2486 4737 2645 4805 folio,
2671 4737 2834 4791 deest
2853 4731 3041 4809 prima
3070 4735 3262 4794 Lectio
3285 4740 3358 4796 ad
3377 4741 3517 4797 mis-

1883 4848 2027 4899 sam,
2050 4848 2178 4903 quae
2206 4830 2374 4885 lectio
2407 4829 2645 4885 indubie
2679 4834 2803 4885 erat
2828 4847 2895 4885 ex
2922 4832 3245 4905 Apocalysi,
3283 4835 3429 4890 sicut
3461 4841 3520 4891 et

1883 4926 2008 4980 alise
2037 4928 2362 4997 sequentes,
2398 4924 2571 4979 etiam
2611 4924 2671 4979 in
2699 4925 3071 4995 Mozarabico,
3106 4927 3163 4981 in
3202 4945 3315 5000 quo
3350 4929 3517 4986 lectio

1882 5020 2071 5091 prima
2092 5019 2150 5073 in
2169 5019 2260 5074 die
2280 5018 2733 5073 Resurrectionis
2757 5018 2983 5074 Domini
3004 5021 3249 5077 sumitur
3269 5039 3335 5077 ex
3360 5023 3516 5095 prin-

1883 5112 2030 5185 cipio
2052 5111 2442 5185 Apocalypsis,
2466 5110 2721 5167 secunda
2743 5130 2809 5169 ex
2837 5113 3024 5186 capite
3055 5131 3093 5169 ιι
3121 5117 3364 5171 Actuum
3386 5134 3520 5189 apo-

1884 5209 2191 5274 stolarum;
2219 5207 2596 5278 Evangelium
2624 5224 2691 5261 ex
2717 5208 2954 5264 Joannis
2978 5225 3102 5281 cap.
3136 5227 3224 5264 xx.
3257 5210 3334 5265 Ex
3368 5208 3519 5265 notis

1884 5300 2194 5357 numericis
2226 5303 2469 5373 apparet
2498 5300 2557 5355 in
2578 5301 2935 5357 Lectionario
2970 5304 3167 5358 nostro
3199 5301 3382 5357 nullas
3408 5318 3516 5376 pro

1883 5394 2183 5451 Dominica
2195 5394 2426 5450 Pascha:
2444 5390 2718 5450 lectiones
2731 5395 2804 5451 ad
2816 5395 3047 5468 Vigilias
3068 5411 3167 5450 seu
3178 5396 3518 5453 Matutinum

1885 5488 2205 5561 assignatas
2240 5488 2416 5543 fuisse
2442 5504 2456 5556 ;
2487 5505 2593 5543 nec
2622 5490 2864 5543 fortasse
2896 5492 3124 5559 tempus
3152 5488 3273 5543 istis
3302 5490 3519 5563 Vigiliis

1884 5582 2244 5638 celebrandis
2273 5582 2562 5655 reliquum
2585 5599 2707 5638 esse
2737 5584 2982 5654 poterat,
3007 5598 3137 5636 cum
3163 5583 3362 5639 omnia
3393 5598 3518 5656 quin

1885 5676 2145 5749 superius
2175 5676 2248 5731 de
2288 5677 2542 5733 Sabbato
2584 5679 2781 5731 sancto
2819 5674 3137 5744 retulimus,
3177 5677 3237 5731 in
3275 5679 3517 5733 multam

1887 5773 2117 5827 noctem
2143 5771 2638 5843 protraherentur.
2671 5769 2796 5824 Alia
2826 5769 2971 5824 ratio
3005 5771 3092 5825 est
3121 5769 3194 5825 de
3233 5773 3521 5827 monaste-

1885 5863 2003 5935 riis,
2037 5864 2095 5921 in
2123 5864 2328 5938 quibus
2355 5863 2673 5938 baptismus
2699 5878 2817 5919 non
2842 5862 3268 5919 conferebatur.
3302 5864 3368 5922 In
3392 5855 3518 5919 Mia-
