3968 6224
488 310 589 366 199

484 518 677 571 Postea
704 518 755 572 si
775 518 949 585 fuerit
972 516 1174 579 oblata,
1192 516 1414 584 agenda
1433 520 1562 569 sunt
1588 516 1784 578 missa,
1806 520 1857 569 et
1887 531 2115 569 commu-

485 613 635 665 nicat
651 629 669 677 ;
685 612 774 665 sin
797 615 997 673 autem,
1017 611 1174 664 dabis
1194 612 1243 663 ei
1262 614 1473 663 tantum
1500 608 1855 663 Sacramenta
1877 610 2115 678 corporis

485 708 537 757 et
581 705 871 771 sanguinis
922 703 1141 765 Christi,
1184 703 1366 756 dicens
1401 720 1418 755 :
1454 704 1658 771 Corpus
1686 704 1902 756 Domini
1943 705 2119 756 nostri

488 795 538 868 1
554 795 681 867 44
701 799 827 852 Jesu
838 796 1039 851 Christi
1056 798 1127 849 sit
1155 796 1255 849 tibi
1277 797 1336 850 in
1355 796 1523 849 vitam
1541 800 1816 849 atcrnam.
1839 794 1943 849 Ubi
1965 811 2117 849 com-

486 889 686 944 munio
716 889 819 943 sub
860 905 975 942 una
1008 888 1193 958 specie
1231 888 1569 943 Scramenta
1599 887 1855 958 corporis
1891 891 1949 941 et
1983 905 2110 942 san-

488 982 677 1052 guinis
702 980 908 1037 Christi
940 982 1279 1052 appellatur.
1301 980 1409 1046 Qui
1437 981 1592 1035 locus
1619 981 1906 1035 notandus
1931 983 2017 1035 est
2042 980 2117 1035 ad

487 1074 849 1146 probandam
889 1074 992 1128 sub
1034 1091 1149 1129 una
1180 1074 1368 1145 specie
1409 1074 1901 1141 communionem,
1943 1078 2001 1128 et
2044 1074 2117 1128 ad

488 1167 703 1222 similes
736 1168 891 1222 locos
922 1167 1307 1238 explicandos,
1340 1167 1440 1221 ubi
1494 1167 1824 1222 communio
1863 1167 2117 1238 corporis

488 1263 548 1313 et
570 1260 867 1331 sanguinis
893 1260 1099 1315 Christi
1130 1277 1247 1314 non
1279 1276 1411 1315 raro
1442 1276 1548 1331 pro
1578 1277 1694 1315 una
1731 1260 1896 1332 panis
1929 1261 2116 1331 specie

485 1353 749 1408 sumitur.

555 1447 902 1502 Praclarum
937 1448 1121 1500 exstat
1150 1446 1545 1517 fragmentum
1578 1463 1646 1501 ex
1675 1463 1944 1501 sermone
1971 1446 2116 1501 Aviti

487 1539 738 1611 episcopi
768 1539 1127 1606 Viennensis,
1155 1539 1214 1593 in
1243 1539 1336 1594 die
1364 1540 1616 1607 Pascha,
1649 1540 1745 1595 ubi
1782 1540 1906 1594 hac
1944 1540 2120 1594 verba

486 1632 693 1689 Christi
723 1632 960 1687 nomine
989 1632 1063 1686 ad
1092 1633 1410 1704 apostolos:
1430 1654 1457 1683 ‹‹
1475 1632 1759 1689 Universis
1783 1633 1959 1704 igitur
1972 1633 2118 1687 ferte

487 1740 615 1797 qua
636 1725 877 1780 sumitis.
894 1725 1059 1790 Quod
1071 1742 1289 1781 mensa
1309 1726 1794 1797 apposui,mundo
1806 1725 2116 1781 transmisi.

1270 306 1605 366 APPENDIX
1642 309 1731 366 AD
1766 307 1990 365 OPERA
2024 307 2257 365 SANCTI
2293 306 2592 364 GERMANI
2630 306 3056 364 PARISIENSIS.

485 416 589 474 sali
618 412 920 473 Gelasiauo
958 416 1220 473 notanda
1253 420 1341 471 est
1385 417 1614 472 rubrica
1653 417 1725 471 de
1765 416 2070 488 haptizatis
2100 433 2113 471 :
2139 432 2197 505 Α

2497 413 2729 479 Epistola
2749 413 2892 464 Pauli
2915 410 3139 477 apostoli
3165 409 3230 462 ad
3253 409 3570 462 Corinthios.

2292 498 2535 564 Fratres,
2570 497 2787 568 primus
2834 496 3011 551 homo
3057 494 3129 549 de
3187 497 3343 549 terra
3385 496 3677 559 terrenus,
3724 495 3861 557 etc.,

2214 606 2385 661 usque
2428 591 2615 645 Labor
2666 592 2854 643 vester
2919 605 3039 643 non
3096 591 3184 642 est
3231 586 3417 643 inanis
3474 586 3533 641 in
3582 585 3861 641 Domino.

2216 686 2266 757 (Ι
2290 686 2408 741 Cor.
2433 702 2523 751 xv,
2553 684 2757 755 47-58.)

2387 777 2561 828 Lectio
2585 776 2754 826 sancti
2779 774 3033 839 Evangilii
3054 775 3345 826 secundum
3368 774 3687 825 Johannem.

2288 858 2498 913 Diebus
2524 858 2653 924 illis,
2682 860 2809 910 erat
2829 860 3020 911 autem
3041 856 3275 927 quidam
3299 857 3581 927 languens
3612 856 3866 910 Lazarus

2218 969 2253 1007 a
2282 950 2580 1019 Bethania,
2606 954 2737 1018 etc.,
2758 965 2928 1020 usque
2952 950 3022 1003 Et
3038 948 3303 1003 viderant
3329 966 3455 1021 qua
3481 948 3639 1015 fecit,
3673 947 3863 1002 credi-

2218 1046 2429 1100 derunt
2455 1045 2513 1099 in
2545 1061 2697 1099 eum.
2724 1044 2899 1115 (Joan.
2930 1060 3005 1110 xx,
3044 1043 3216 1113 1-45.)

2596 1151 2778 1195 ΝΟΤΕ
2820 1152 2897 1194 ΕΤ
2940 1150 3472 1195 οΒεΕιινΑΤιοΝΕε.

2292 1229 2483 1303 146
2510 1233 2572 1284 In
2602 1230 2954 1286 Mozarabico
2991 1246 3195 1284 omnes
3223 1230 3423 1301 prima
3453 1230 3761 1286 Lectiones
3787 1230 3865 1284 ad

2219 1325 2455 1379 missam
2482 1343 2548 1379 ex
2575 1325 2938 1396 Apocalypsi,
2973 1323 3239 1379 secunda
3271 1342 3338 1378 ex
3364 1326 3598 1379 Actibus
3626 1328 3863 1396 aposto-

2217 1421 2427 1487 lorum,
2460 1438 2495 1474 a
2532 1421 2751 1475 Pascha
2782 1419 2856 1474 ad
2894 1420 3306 1474 Ascensionem
3342 1438 3354 1474 :
3396 1420 3455 1475 in
3494 1419 3863 1475 Lectionario

2221 1519 2417 1570 nostro
2445 1516 2525 1569 ita
2552 1515 2785 1586 passim,
2826 1531 2942 1569 non
2970 1518 3167 1569 tamen
3196 1532 3443 1586 semper.
3478 1516 3721 1571 Concilii
3755 1516 3863 1569 To-

2218 1608 2395 1661 letani
2428 1624 2481 1661 xv
2507 1625 2695 1662 canon
2730 1611 2793 1661 I6
2822 1608 2925 1663 sub
2957 1608 3115 1679 gravi
3152 1608 3625 1663 interminatione
3660 1607 3865 1662 deﬁnit

2221 1704 2285 1754 ut
2310 1701 2454 1755 liber
2481 1700 2852 1773 Apocalypsis
2890 1718 2924 1756 a
2949 1701 3159 1755 Pascha
3200 1717 3369 1771 usque
3407 1702 3481 1756 ad
3511 1703 3865 1757 Pentecosten

488 1794 663 1887 Calix,
696 1835 871 1891 quem
890 1835 990 1874 vos
1014 1819 1277 1890 gaudetis
1304 1794 1581 1891 gustasse,
1603 1823 1939 1875 cunctorum
1963 1822 2066 1873 est.
2090 1841 2118 1869 ω

2249 1796 2515 1849 nissan
2540 1801 2774 1864 tempore
2805 1794 2864 1848 in
2885 1794 3149 1848 Ecclesiis
3177 1794 3538 1865 praedicetur.

589 1929 798 2000 [XLIIL
841 1947 1089 1986 LEGENDA
1129 1948 1286 1987 FERIA
1326 1948 1365 1986 xx
1405 1948 1637 2000 pascua,
1677 1948 1747 1986 an
1787 1929 2027 2000 iusqu

698 2023 874 2073 Lectio
901 2023 1241 2088 Apocalypsis
1270 2024 1411 2075 beati
1434 2024 1643 2075 Ioannis
1664 2024 1904 2088 apostoli.

488 2164 719 2220 candidi
744 2168 1024 2237 tanquam
1048 2167 1183 2221 lana
1209 2167 1359 2233 alba,
1385 2170 1441 2220 et
1464 2170 1743 2238 tanquam
1764 2166 1879 2233 nix,
1901 2170 1957 2220 et
1977 2166 2122 2221 oculi

489 2258 612 2329 ejus
655 2260 809 2313 velut
846 2258 1084 2313 ﬂamma
1126 2258 1296 2331 ignis,
1345 2263 1478 2327 etc.,
1531 2275 1702 2330 usque
1738 2259 1903 2324 Quod
1947 2263 2033 2314 est
2065 2259 2122 2313 in

489 2346 756 2423 paradiso
788 2352 892 2406 Dei
918 2352 1055 2406 mei.
1090 2352 1283 2423 (Apoc.
1320 2369 1358 2419 I,
1390 2352 1533 2423 2-7.)

768 2498 773 2507 ι
889 2444 1064 2493 Lectio
1092 2447 1314 2494 Actuum
1348 2444 1723 2507 apostolorum.

560 2525 842 2595 Tempore
873 2523 989 2591 illo,
1024 2527 1181 2577 stans
1213 2528 1407 2578 autem
1437 2526 1639 2579 Petrus
1669 2541 1799 2579 cum
1833 2524 2121 2592 undecim,

489 2617 697 2673 levavit
726 2632 926 2671 vocem
953 2633 1137 2685 suam,
1171 2620 1301 2683 etc.,
1336 2634 1507 2688 usque
1542 2619 1895 2673 Testificatus
1930 2622 2035 2686 est,
2068 2622 2127 2672 et

494 2709 904 2765 exhortabatur
928 2727 1045 2764 eos.
1078 2711 1219 2781 (Act.
1257 2728 1316 2778 xx,
1352 2711 1559 2783 14-20.)

679 2802 855 2852 Lectio
879 2802 1048 2852 sancti
1070 2802 1341 2867 Evangelii
1363 2804 1654 2854 secundum
1688 2805 1937 2855 Marcum.

563 2886 625 2938 In
656 2883 753 2938 illo
780 2886 1063 2954 tempore,
1091 2884 1268 2939 Maria
1288 2888 1483 2939 autem
1507 2884 1843 2956 Magdalene
1872 2889 1930 2940 et
1952 2885 2126 2941 Maria

488 2977 701 3048 Ioseph
730 2976 1103 3047 aspiciebant,
1138 2976 1234 3031 ubi
1274 2980 1591 3048 poneretur
1629 2978 1907 3033 Dominus
1942 2981 2122 3047 Jesus,

491 3073 623 3138 etc.,
654 3085 825 3141 usque
848 3071 973 3125 Non
1002 3069 1374 3125 crediderunt
1398 3071 1470 3126 ei.
1495 3071 1685 3143 (Marc.
1721 3087 1810 3140 xv,
1844 3073 1933 3140 47,
1956 3088 2126 3143 usque

490 3178 602 3219 xvx.
637 3166 719 3219 Η.

637 3166 719 3219 Η.

590 3205 602 3232 ,
728 3162 745 3234 )
868 3250 1047 3297 NO‘NE
1099 3252 1177 3297 ET
1220 3252 1752 3300 OBSERVATIONES.

563 3334 633 3388 Et
665 3331 757 3387 hic
788 3332 1045 3387 avulsum
1087 3336 1174 3387 est
1213 3350 1393 3387 unum
1432 3334 1655 3401 folium,
1686 3335 1959 3406 deestque
1998 3333 2128 3388 ﬁnis

490 3424 784 3498 Evangelii
817 3425 973 3497 quod
991 3426 1295 3497 legebatur
1324 3427 1381 3481 in
1413 3427 1505 3481 die
1530 3428 1779 3495 Pascha,
1809 3445 1938 3482 cum
1963 3428 2126 3483 initio

491 3519 775 3576 Lectionis
797 3536 862 3573 ex
878 3520 1216 3591 Apocalypsi
1235 3537 1341 3591 pro
1378 3521 1523 3575 feria
1545 3522 1816 3575 secunda.
1838 3523 1900 3575 In
1922 3522 2125 3576 Missali

491 3613 730 3670 Gothico
769 3629 870 3673 seu
912 3611 1203 3668 Gallicano
1249 3613 1372 3668 hac
1417 3614 1593 3668 missa
1635 3615 1714 3668 ita
1754 3614 2122 3669 inscribitur:

489 3709 664 3765 Missa
687 3706 1035 3763 matutinalis
1060 3724 1165 3777 per
1198 3711 1364 3763 totam
1397 3708 1603 3762 Pascha
1629 3710 2001 3778 proparentis
2030 3711 2129 3779 qui

488 3804 674 3857 renati
699 3806 846 3857 sunt.

741 3904 914 3959 XLIV.
977 3918 1225 3958 LEGENDA
1296 3919 1454 3958 suam
1519 3919 1580 3958 III
1644 3921 1873 3960 pascua.

785 3994 962 4045 Lectio
991 3994 1293 4059 Apocalysis
1323 3995 1575 4046 Johannis
1598 3998 1837 4061 apostoli.

566 4076 615 4149 1
632 4074 757 4148 45
776 4077 896 4147 Ego
911 4075 1189 4130 Johannis
1203 4076 1283 4131 fui
1301 4075 1359 4130 in
1387 4076 1608 4147 spiritu,
1639 4082 1698 4132 et
1722 4078 1909 4133 audivi
1926 4094 2125 4134 vocem

493 4169 784 4226 dicentem
824 4168 966 4222 mihi
999 4184 1012 4221 ε
1044 4169 1267 4240 Angelo
1318 4168 1581 4225 Zimirna
1629 4171 1881 4226 ecclesia
1921 4171 2122 4241 scribe,

494 4266 812 4332 etc.,usque
840 4261 1133 4317 Calcolum
1160 4261 1568 4332 candidum,et
1587 4262 1644 4318 in
1673 4265 1887 4321 calcolo
1911 4282 2125 4321 nomen

493 4371 727 4412 novum.
761 4355 951 4427 (Apoc.
987 4370 1047 4422 xx,
1077 4354 1252 4427 8-17).
1284 4356 1488 4411 Eadem
1514 4358 1572 4412 in
1597 4359 1955 4415 Mozarabico.

896 4447 1071 4499 Lectio
1098 4451 1317 4499 Actuum
1344 4450 1721 4513 apostolorum.

2294 1890 2356 1942 In
2381 1888 2573 1942 Africa
2601 1891 2864 1959 tempore
2890 1888 3072 1942 sancti
3095 1888 3397 1959 Augustini
3426 1891 3675 1960 quatuor
3692 1904 3867 1943 evan-

2225 1982 2441 2053 gelista
2460 1999 2495 2035 a
2523 1980 2614 2035 die
2635 1980 2927 2035 Paschatis
2948 1981 3310 2052 legebantur,
3326 1998 3471 2036 unus
3490 1986 3623 2053 post
3642 1982 3827 2036 alium
3849 1998 3862 2035 :

2228 2074 2478 2129 «Prima
2518 2074 2676 2128 enim
2720 2073 2812 2128 die
2843 2074 2991 2128 lecta
3026 2077 3112 2128 est
3156 2075 3498 2129 resurrectio
3539 2073 3865 2129 secundum

2223 2167 2552 2222 Matthaum
2574 2184 2587 2233 ;
2612 2167 2722 2221 alio
2747 2165 2839 2220 die
2863 2165 3181 2221 secundum
3199 2167 3440 2234 Lucam;
3464 2168 3634 2222 tertio
3662 2183 3867 2221 secun-

2226 2260 2364 2314 dum
2392 2261 2681 2326 Marcum;
2719 2263 2945 2331 quarto,
2990 2259 3049 2313 id
3081 2263 3185 2327 est,
3213 2259 3505 2327 hesterno,
3537 2261 3863 2315 secundum

2222 2360 2526 2413 Joannem.
2562 2379 2589 2406 »
2624 2359 2707 2412 Ita
2748 2358 3100 2429 Augustinus
3130 2359 3190 2414 in
3232 2375 3498 2414 sermone
3542 2360 3644 2413 247
3695 2375 3867 2414 nova

2226 2450 2513 2519 editionis,
2556 2450 2652 2521 qui
2701 2455 2789 2505 est
2828 2455 2892 2506 18
2922 2452 2982 2506 in
3025 2452 3226 2507 diebus
3258 2453 3639 2523 paschalibus.
3682 2453 3867 2507 Paulo

2225 2544 2393 2598 aliter
2416 2544 2901 2614 evangelistarum
2923 2545 3065 2601 ordo
3084 2562 3143 2600 se
3170 2546 3345 2601 habet
3370 2547 3427 2600 in
3454 2545 3715 2616 ejusdem
3739 2562 3864 2600 ser-

2225 2653 2397 2691 mone
2428 2640 2552 2691 232.

2491 2749 2663 2804 XLVI.
2728 2766 2975 2806 LEGENDA
3036 2768 3194 2807 FEBIA
3248 2768 3282 2804 v
3346 2768 3576 2808 pascua.

2530 2842 2707 2892 Lectio
2732 2845 3071 2908 Apocalypsis
3094 2844 3301 2895 Ioannis
3319 2845 3557 2909 apostoli.

2294 2924 2577 2995 Tempore
2618 2924 2735 2991 illo,
2766 2940 2875 2995 ego
2918 2925 3196 2979 Johannis
3224 2925 3358 2994 vidi,
3389 2929 3447 2980 et
3490 2942 3621 2981 ecce
3662 2929 3870 3000 Agnus

2226 3016 2414 3072 stabat
2442 3033 2614 3088 super
2642 3021 2902 3073 montem
2932 3018 3091 3087 Sion,
3123 3023 3255 3087 etc.,
3288 3035 3457 3090 usque
3491 3021 3561 3074 Et
3596 3037 3764 3076 mare
3812 3028 3873 3076 et

2212 3111 2418 3169 Jontes
2446 3127 2748 3182 aquarum.
2784 3113 2971 3183 (Apoc.
3002 3129 3113 3180 xxv,
3150 3113 3279 3185 1-7.)

2629 3205 2804 3255 Lectio
2828 3208 3053 3256 Actuum
3071 3206 3444 3270 apostolorum.

2298 3285 2577 3357 Tempore
2609 3286 2728 3354 illo,
2758 3288 2960 3341 Petrus
2990 3290 3048 3341 et
3074 3287 3349 3343 Johannis
3377 3288 3777 3344 ascendebant
3808 3290 3867 3344 in

2227 3380 2528 3450 templum,
2562 3383 2693 3448 etc.,
2734 3396 2902 3450 usque
2932 3383 3001 3435 Et
3024 3382 3427 3436 convertimini
3466 3385 3530 3436 ut
3554 3381 3871 3438 deleantur

2225 3476 2463 3543 peccata
2491 3477 2699 3529 vestra.
2733 3473 2877 3546 (Act.
2914 3491 2996 3543 ιιι,
3028 3475 3192 3546 1-49.)

2384 3566 2560 3616 Lectio
2586 3567 2751 3616 sancti
2778 3567 3044 3631 Evangelii
3075 3568 3368 3619 secundum
3394 3568 3703 3619 Iohannem.

2298 3646 2508 3702 Diebus
2542 3647 2668 3714 illis,
2699 3665 2813 3702 una
2845 3647 3080 3703 Sabbati
3104 3649 3278 3705 Maria
3321 3650 3656 3722 Magdalene
3706 3651 3869 3706 venit

2227 3757 2400 3795 mane
2431 3757 2562 3795 cum
2592 3740 2778 3796 adhuc
2809 3743 3063 3797 tenebra
3103 3748 3314 3812 essent,
3347 3748 3480 3812 etc.,
3514 3760 3686 3815 usque
3716 3744 3871 3809 Quia

2228 3834 2505 3906 oporterit
2532 3851 2665 3889 eum
2696 3852 2730 3890 a
2768 3837 3010 3891 mortuis
3050 3854 3184 3892 eum
3213 3854 3537 3909 resurgere.
3566 3839 3745 3909 (Joan.
3773 3856 3868 3906 xx,

2231 3931 2336 3983 1-9.

2343 3927 2361 3999 )
2520 4000 2715 4055 XLVII.
2758 4017 3006 4057 LEGENDA
3044 4019 3201 4058 FERIA
3239 4019 3295 4057 vx
3334 4019 3563 4059 pascua.

2451 4094 2627 4144 Lectio
2686 4095 3027 4160 Apocalypsis
3092 4096 3344 4147 Iohannis
3399 4096 3640 4161 apostoli.

2295 4174 2575 4246 Tempore
2608 4175 2726 4244 illo,
2750 4193 2860 4248 ego
2888 4177 3166 4232 Johannis
3192 4178 3380 4233 audivi
3406 4194 3605 4233 vocem
3633 4178 3707 4234 de
3726 4180 3868 4236 sede

2229 4272 2444 4341 dicens,
2478 4276 2609 4343 etc.,
2638 4290 2810 4345 usque
2838 4276 2901 4329 In
2931 4276 3151 4330 femore
3177 4291 3279 4330 suo
3305 4275 3600 4343 scribtum,
3621 4278 3741 4333 Rex
3777 4296 3867 4334 re-

2230 4380 2388 4435 gum,
2429 4367 2487 4418 et
2514 4364 2794 4420 Dominus
2832 4365 3275 4421 dominantium.
3301 4365 3492 4436 (Apoc.
3535 4380 3647 4434 xxx,
3685 4369 3869 4439 5-I6.)

2636 4463 2808 4514 Lectio
2836 4466 3056 4514 Actunm
3078 4463 3451 4527 apostolorum.

564 4532 845 4603 Tempore
868 4529 985 4597 illo,
1014 4545 1327 4601 exsurgens
1351 4530 1553 4584 Petrus
1577 4531 1636 4585 in
1666 4533 1860 4589 medio
1881 4534 2205 4615 fratrumD
2300 4541 2487 4615 147
2528 4545 2808 4615 Tempore
2848 4544 2964 4610 illo,
3006 4560 3319 4615 exsurgens
3359 4548 3554 4601 autem
3592 4546 3872 4621 princeps

496 4626 654 4693 dixit,
688 4627 813 4679 erat
841 4627 1035 4678 autem
1055 4623 1222 4677 turba
1238 4623 1562 4693 hominum,
1591 4628 1722 4693 etc.,
1742 4642 1912 4697 usque
1928 4629 1995 4682 Et
2022 4646 2125 4683 an-

496 4720 832 4773 numeratus
852 4719 940 4771 est
954 4733 1086 4771 cum
1104 4716 1371 4771 undecim
1394 4718 1688 4789 apostulis.
1708 4719 1850 4789 (Act.
1868 4737 1906 4788 x,
1926 4723 2126 4793 15-26.)

684 4810 860 4861 Lectio
881 4809 1045 4859 sancti
1073 4809 1341 4873 Evangelii
1364 4810 1655 4861 secundum
1691 4813 1939 4863 Marcum.

566 4891 629 4945 In
652 4889 761 4943 illis
788 4888 1007 4957 diebus,
1042 4890 1264 4945 duobus
1295 4891 1585 4963 discipulis
1612 4893 1841 4947 Domini
1860 4896 1991 4949 Jesu
2012 4911 2130 4950 am-

493 4982 826 5039 bulantibus
857 4986 1120 5037 ostensus
1166 4987 1252 5037 est
1285 4984 1343 5038 in
1387 4985 1499 5039 alia
1541 4985 1755 5057 efﬁgie,
1793 4991 1924 5056 etc.,
1960 5004 2130 5059 usque

494 5077 839 5133 Sermonem
867 5078 1249 5132 conﬁrmante
1288 5078 1661 5148 sequentibus
1698 5079 1895 5151 signis.
1934 5081 2125 5152 (Marc.

491 5188 605 5241 xvx,
651 5170 862 5243 l2-20.)
891 5172 958 5226 In
1002 5170 1342 5225 Mozarabico
1380 5173 1736 5240 Evangelium
1769 5190 1836 5229 ea:
1874 5175 2023 5231 Luca
2063 5176 2129 5231 de

492 5266 700 5322 duobus
732 5265 1021 5334 discipulis
1050 5264 1302 5318 euntibus
1325 5265 1385 5318 in
1410 5266 1756 5322 Emmaunta.

815 5377 965 5432 XLV.
1006 5391 1254 5432 LEGENDA
1293 5393 1450 5432 PERIA
1490 5394 1546 5433 xv
1584 5394 1813 5436 pascas.

744 5465 919 5515 Lectio
964 5464 1307 5529 Apocalypsis
1346 5464 1594 5517 Iohannis
1637 5468 1877 5532 apostoli.

563 5544 845 5616 Tempore
888 5545 986 5600 illo
1018 5563 1128 5618 ego
1156 5545 1434 5601 Johannis
1470 5546 1583 5602 vidi
1615 5547 1675 5603 in
1714 5549 2009 5606 dexteram
2039 5568 2126 5607 se-

494 5638 683 5695 dentis
730 5654 903 5709 supra
952 5638 1229 5695 thronum
1273 5638 1505 5709 libram,
1560 5644 1693 5710 etc.,
1727 5658 1898 5715 usque
1938 5646 2129 5702 Gloria

494 5737 554 5790 et
576 5733 833 5808 potestas
863 5731 923 5787 in
948 5734 1156 5788 sacula
1190 5734 1552 5805 saculorum,
1582 5751 1772 5793 amen.
1811 5737 2003 5809 (Apoc.
2036 5756 2125 5807 xv,

496 5832 671 5907 4-13.)

2228 4637 2613 4705 sacerdotum,
2666 4641 2723 4692 et
2768 4653 2970 4691 omnes
3011 4638 3109 4709 qui
3152 4654 3285 4693 cum
3338 4639 3435 4694 illo
3483 4642 3671 4708 erant,
3726 4645 3868 4709 etc.,

2227 4746 2400 4801 usque
2445 4732 2553 4787 Pro
2598 4731 2833 4785 nomine
2884 4732 3017 4787 Jesu
3067 4731 3274 4787 Christi
3328 4732 3664 4790 contumilia
3718 4736 3867 4805 pati.

2230 4824 2373 4895 (Act.
2408 4841 2461 4892 v,
2492 4825 2692 4895 17-41.)

2386 4917 2561 4967 Lectio
2584 4917 2750 4969 sancti
2785 4917 3051 4982 Evangelii
3074 4921 3365 4973 secundum
3400 4922 3703 4973 Iohannem.

2300 4996 2511 5053 Diebus
2544 4998 2671 5066 illis,
2698 4999 2871 5053 Maria
2901 5000 3092 5056 stabat
3133 5003 3207 5058 ad
3247 5010 3692 5062 monumentum
3724 5008 3870 5065 foris

2229 5092 2482 5163 plorans,
2534 5094 2665 5160 etc.,
2705 5107 2876 5162 usque
2916 5093 3040 5148 Vidi
3083 5096 3416 5169 Dominum,
3454 5103 3512 5155 et
3558 5101 3683 5157 hac
3725 5102 3868 5158 dixit

2230 5184 2391 5240 mihi.
2426 5186 2601 5257 (Joan.
2624 5202 2714 5254 xx,
2746 5187 2949 5259 M48.)

2460 5299 2679 5355 XLVIII.
2722 5317 2970 5358 LEGENDA
3008 5320 3098 5359 me
3138 5323 3359 5362 sassarx
3399 5323 3631 5364 nscas.

2502 5393 2678 5444 Lectio
2702 5396 3043 5461 Apocalypsis
3063 5397 3308 5450 Iohannis
3344 5401 3584 5465 apostoli.

2298 5473 2580 5546 Tempore
2611 5475 2732 5546 illo,
2754 5494 2864 5549 ego
2890 5479 3168 5535 Johannis
3192 5481 3306 5536 vidi
3331 5483 3536 5538 calum
3562 5499 3781 5539 novum
3809 5485 3865 5540 et

2229 5569 2446 5623 terram
2491 5586 2721 5638 novam,
2755 5574 2887 5640 etc.,
2918 5589 3088 5644 usque
3119 5574 3360 5631 Ardenti
3389 5576 3511 5649 igni
3542 5580 3601 5633 et
3627 5578 3861 5647 soll‘ore,

2229 5662 2387 5733 quod
2410 5667 2497 5719 est
2523 5681 2681 5720 mors
2706 5666 2982 5727 secunda.
3007 5667 3198 5739 (Apoc.
3222 5685 3336 5740 xxx,
3367 5671 3505 5744 I-8.)

2501 5757 2729 5823 Epistola
2753 5760 2898 5811 Pauli
2922 5762 3143 5825 apostoli
3167 5762 3232 5812 ad
3257 5764 3571 5816 Corinthios.

2303 5840 2547 5908 Fratres,
2560 5841 2795 5897 cottidie
2816 5844 3036 5899 morior
3053 5862 3159 5917 per
3174 5851 3423 5904 vestram
3437 5850 3708 5921 gloriam,
3731 5855 3863 5921 etc.,
