  <div class='ocr_page' id='page_1' title='image "/cluster/home/n/w/nwhite01/storage/ocr_20150623/72/uva.x000827084/116.png"; bbox 0 0 3968 6224; ppageno 0'>
   <div class='ocr_carea' id='block_1_1' title="bbox 88 291 188 344">
    <p class='ocr_par' dir='ltr' id='par_1_1' title="bbox 88 291 188 344">
     <span class='ocr_line' id='line_1_1' title="bbox 88 291 188 344; baseline -0.01 0"><span class='ocrx_word' id='word_1_1' title='bbox 88 291 188 344; x_wconf 77' lang='lat' dir='ltr'>2m</span> 
     </span>
    </p>
   </div>
   <div class='ocr_carea' id='block_1_2' title="bbox 1205 288 2397 346">
    <p class='ocr_par' dir='ltr' id='par_1_2' title="bbox 1205 288 2397 346">
     <span class='ocr_line' id='line_1_2' title="bbox 1205 288 2397 346; baseline -0.003 -1"><span class='ocrx_word' id='word_1_2' title='bbox 1205 289 1292 346; x_wconf 84' lang='lat' dir='ltr'>DE</span> <span class='ocrx_word' id='word_1_3' title='bbox 1331 289 1643 346; x_wconf 82' lang='lat' dir='ltr'>LITURGIA</span> <span class='ocrx_word' id='word_1_4' title='bbox 1681 289 2057 346; x_wconf 74' lang='lat' dir='ltr'>GALLICANA</span> <span class='ocrx_word' id='word_1_5' title='bbox 2096 289 2293 345; x_wconf 84' lang='lat' dir='ltr'><strong>LIBER</strong></span> <span class='ocrx_word' id='word_1_6' title='bbox 2333 288 2397 344; x_wconf 92' lang='lat' dir='ltr'>II.</span> 
     </span>
    </p>
   </div>
   <div class='ocr_carea' id='block_1_3' title="bbox 3385 291 3488 344">
    <p class='ocr_par' dir='ltr' id='par_1_3' title="bbox 3385 291 3488 344">
     <span class='ocr_line' id='line_1_3' title="bbox 3385 291 3488 344; baseline 0.01 -1"><span class='ocrx_word' id='word_1_7' title='bbox 3385 291 3488 344; x_wconf 81' lang='lat'>202</span> 
     </span>
    </p>
   </div>
   <div class='ocr_carea' id='block_1_4' title="bbox 92 393 3485 495">
    <p class='ocr_par' dir='ltr' id='par_1_4' title="bbox 92 393 3485 495">
     <span class='ocr_line' id='line_1_4' title="bbox 92 393 3485 495; baseline 0 -42"><span class='ocrx_word' id='word_1_8' title='bbox 92 411 260 468; x_wconf 82' lang='lat' dir='ltr'>usque</span> <span class='ocrx_word' id='word_1_9' title='bbox 283 393 643 452; x_wconf 77' lang='lat' dir='ltr'>Novissimus</span> <span class='ocrx_word' id='word_1_10' title='bbox 674 397 860 454; x_wconf 88' lang='lat' dir='ltr'>Adam</span> <span class='ocrx_word' id='word_1_11' title='bbox 888 399 948 454; x_wconf 91' lang='lat' dir='ltr'>in</span> <span class='ocrx_word' id='word_1_12' title='bbox 975 397 1240 471; x_wconf 83' lang='lat' dir='ltr'>spiritum</span> <span class='ocrx_word' id='word_1_13' title='bbox 1266 399 1666 455; x_wconf 85' lang='lat' dir='ltr'>viviﬁcantem.</span> <span class='ocrx_word' id='word_1_14' title='bbox 1708 397 1760 470; x_wconf 90' lang='grc' dir='ltr'>(Ι</span> <span class='ocrx_word' id='word_1_15' title='bbox 1775 423 1832 495; x_wconf 80' lang='grc' dir='ltr'><strong>Α</strong></span> <span class='ocrx_word' id='word_1_16' title='bbox 1852 399 2193 454; x_wconf 85' lang='lat' dir='ltr'>Mozarabico</span> <span class='ocrx_word' id='word_1_17' title='bbox 2221 413 2319 453; x_wconf 87' lang='lat' dir='ltr'>sex</span> <span class='ocrx_word' id='word_1_18' title='bbox 2347 395 2658 452; x_wconf 57' lang='lat' dir='ltr'>Dominica</span> <span class='ocrx_word' id='word_1_19' title='bbox 2686 401 2813 468; x_wconf 89' lang='lat' dir='ltr'>post</span> <span class='ocrx_word' id='word_1_20' title='bbox 2848 395 3060 452; x_wconf 82' lang='lat' dir='ltr'>Pascha</span> <span class='ocrx_word' id='word_1_21' title='bbox 3101 402 3485 454; x_wconf 85' lang='lat' dir='ltr'>recensentur.</span> 
     </span>
    </p>
   </div>
   <div class='ocr_carea' id='block_1_5' title="bbox 101 496 595 566">
    <p class='ocr_par' dir='ltr' id='par_1_5' title="bbox 101 496 595 566">
     <span class='ocr_line' id='line_1_5' title="bbox 101 496 595 566; baseline -0.01 -11"><span class='ocrx_word' id='word_1_22' title='bbox 101 499 219 555; x_wconf 81' lang='lat' dir='ltr'>Cor.</span> <span class='ocrx_word' id='word_1_23' title='bbox 250 512 337 563; x_wconf 84' lang='lat' dir='ltr'>xv,</span> <span class='ocrx_word' id='word_1_24' title='bbox 369 496 595 566; x_wconf 75' lang='grc'>31-45.)</span> 
     </span>
    </p>
   </div>
   <div class='ocr_carea' id='block_1_6' title="bbox 245 602 1603 668">
    <p class='ocr_par' dir='ltr' id='par_1_6' title="bbox 245 602 1603 668">
     <span class='ocr_line' id='line_1_6' title="bbox 245 602 1603 668; baseline 0.001 -16"><span class='ocrx_word' id='word_1_25' title='bbox 245 602 416 653; x_wconf 84' lang='lat' dir='ltr'>Lectio</span> <span class='ocrx_word' id='word_1_26' title='bbox 452 602 626 653; x_wconf 79' lang='lat' dir='ltr'>sancti</span> <span class='ocrx_word' id='word_1_27' title='bbox 659 603 937 668; x_wconf 81' lang='lat' dir='ltr'>Evangelii</span> <span class='ocrx_word' id='word_1_28' title='bbox 969 604 1261 655; x_wconf 89' lang='lat' dir='ltr'>secundum</span> <span class='ocrx_word' id='word_1_29' title='bbox 1295 605 1603 656; x_wconf 84' lang='lat' dir='ltr'><strong>Iohannem.</strong></span> 
     </span>
    </p>
   </div>
   <div class='ocr_carea' id='block_1_7' title="bbox 171 693 1755 766">
    <p class='ocr_par' dir='ltr' id='par_1_7' title="bbox 171 693 1755 766">
     <span class='ocr_line' id='line_1_7' title="bbox 171 693 1755 766; baseline 0.001 -18"><span class='ocrx_word' id='word_1_30' title='bbox 171 695 233 748; x_wconf 89' lang='lat' dir='ltr'>lu</span> <span class='ocrx_word' id='word_1_31' title='bbox 262 693 358 749; x_wconf 90' lang='lat' dir='ltr'>illo</span> <span class='ocrx_word' id='word_1_32' title='bbox 385 698 677 766; x_wconf 88' lang='lat' dir='ltr'>tempore,</span> <span class='ocrx_word' id='word_1_33' title='bbox 709 695 1096 751; x_wconf 85' lang='lat' dir='ltr'>manifestavit</span> <span class='ocrx_word' id='word_1_34' title='bbox 1138 713 1196 750; x_wconf 91' lang='lat' dir='ltr'>se</span> <span class='ocrx_word' id='word_1_35' title='bbox 1235 697 1446 751; x_wconf 91' lang='lat' dir='ltr'>iterum</span> <span class='ocrx_word' id='word_1_36' title='bbox 1481 695 1755 750; x_wconf 83' lang='lat' dir='ltr'>Dominus</span> 
     </span>
    </p>
   </div>
   <div class='ocr_carea' id='block_1_8' title="bbox 101 784 1755 857">
    <p class='ocr_par' dir='ltr' id='par_1_8' title="bbox 101 784 1755 857">
     <span class='ocr_line' id='line_1_8' title="bbox 101 784 1755 857; baseline 0.001 -19"><span class='ocrx_word' id='word_1_37' title='bbox 101 785 260 838; x_wconf 89' lang='lat' dir='ltr'>Iesus</span> <span class='ocrx_word' id='word_1_38' title='bbox 286 784 587 857; x_wconf 85' lang='lat' dir='ltr'>discipulis</span> <span class='ocrx_word' id='word_1_39' title='bbox 617 785 756 852; x_wconf 88' lang='lat' dir='ltr'>suis,</span> <span class='ocrx_word' id='word_1_40' title='bbox 787 789 918 854; x_wconf 88' lang='lat' dir='ltr'>etc.,</span> <span class='ocrx_word' id='word_1_41' title='bbox 967 802 1136 856; x_wconf 89' lang='lat' dir='ltr'>usque</span> <span class='ocrx_word' id='word_1_42' title='bbox 1173 788 1314 841; x_wconf 89' lang='lat' dir='ltr'>Cum</span> <span class='ocrx_word' id='word_1_43' title='bbox 1355 786 1755 841; x_wconf 89' lang='lat' dir='ltr'>resurrexisset</span> 
     </span>
    </p>
   </div>
   <div class='ocr_carea' id='block_1_9' title="bbox 101 879 998 950">
    <p class='ocr_par' dir='ltr' id='par_1_9' title="bbox 101 879 998 950">
     <span class='ocr_line' id='line_1_9' title="bbox 101 879 998 950; baseline 0.001 -17"><span class='ocrx_word' id='word_1_44' title='bbox 101 895 132 932; x_wconf 84' lang='lat' dir='ltr'>a</span> <span class='ocrx_word' id='word_1_45' title='bbox 157 879 426 934; x_wconf 83' lang='lat' dir='ltr'>mortuis.</span> <span class='ocrx_word' id='word_1_46' title='bbox 463 880 641 949; x_wconf 81' lang='lat' dir='ltr'>(Joan.</span> <span class='ocrx_word' id='word_1_47' title='bbox 671 896 786 947; x_wconf 63' lang='grc' dir='ltr'>ιιι,</span> <span class='ocrx_word' id='word_1_48' title='bbox 821 881 998 950; x_wconf 78' lang='grc'>1-14.)</span> 
     </span>
    </p>
   </div>
   <div class='ocr_carea' id='block_1_10' title="bbox 418 992 1432 1047">
    <p class='ocr_par' dir='ltr' id='par_1_10' title="bbox 418 992 1432 1047">
     <span class='ocr_line' id='line_1_10' title="bbox 418 992 1432 1047; baseline 0 -1"><span class='ocrx_word' id='word_1_49' title='bbox 418 992 590 1046; x_wconf 80' lang='lat' dir='ltr'>XLIX.</span> <span class='ocrx_word' id='word_1_50' title='bbox 631 1007 877 1047; x_wconf 80' lang='lat' dir='ltr'>LEGENDA</span> <span class='ocrx_word' id='word_1_51' title='bbox 915 1007 1161 1047; x_wconf 70' lang='lat' dir='ltr'>cuusun</span> <span class='ocrx_word' id='word_1_52' title='bbox 1200 1008 1432 1047; x_wconf 61' lang='lat' dir='ltr'>pascam.</span> 
     </span>
    </p>
   </div>
   <div class='ocr_carea' id='block_1_11' title="bbox 571 1085 1268 1149">
    <p class='ocr_par' dir='ltr' id='par_1_11' title="bbox 571 1085 1268 1149">
     <span class='ocr_line' id='line_1_11' title="bbox 571 1085 1268 1149; baseline 0.003 -16"><span class='ocrx_word' id='word_1_53' title='bbox 571 1085 750 1135; x_wconf 83' lang='lat' dir='ltr'>Lectio</span> <span class='ocrx_word' id='word_1_54' title='bbox 782 1085 946 1136; x_wconf 74' lang='lat' dir='ltr'>Esaia:</span> <span class='ocrx_word' id='word_1_55' title='bbox 979 1085 1268 1149; x_wconf 69' lang='lat' dir='ltr'>prOphetaa.</span> 
     </span>
    </p>
   </div>
   <div class='ocr_carea' id='block_1_12' title="bbox 171 1170 1757 1248">
    <p class='ocr_par' dir='ltr' id='par_1_12' title="bbox 171 1170 1757 1248">
     <span class='ocr_line' id='line_1_12' title="bbox 171 1170 1757 1248; baseline -0.001 -22"><span class='ocrx_word' id='word_1_56' title='bbox 171 1171 424 1242; x_wconf 88' lang='lat' dir='ltr'>Spiritus</span> <span class='ocrx_word' id='word_1_57' title='bbox 448 1171 676 1225; x_wconf 88' lang='lat' dir='ltr'>Domini</span> <span class='ocrx_word' id='word_1_58' title='bbox 707 1187 881 1242; x_wconf 88' lang='lat' dir='ltr'>super</span> <span class='ocrx_word' id='word_1_59' title='bbox 897 1187 1019 1248; x_wconf 81' lang='lat' dir='ltr'>_me,</span> <span class='ocrx_word' id='word_1_60' title='bbox 1051 1187 1118 1226; x_wconf 89' lang='lat' dir='ltr'>eo</span> <span class='ocrx_word' id='word_1_61' title='bbox 1144 1170 1298 1243; x_wconf 90' lang='lat' dir='ltr'>quod</span> <span class='ocrx_word' id='word_1_62' title='bbox 1340 1171 1570 1226; x_wconf 88' lang='lat' dir='ltr'>unxerit</span> <span class='ocrx_word' id='word_1_63' title='bbox 1612 1171 1757 1225; x_wconf 85' lang='lat' dir='ltr'>Deus</span> 
     </span>
    </p>
   </div>
   <div class='ocr_carea' id='block_1_13' title="bbox 105 1264 1757 1337">
    <p class='ocr_par' dir='ltr' id='par_1_13' title="bbox 105 1264 1757 1337">
     <span class='ocr_line' id='line_1_13' title="bbox 105 1264 1757 1337; baseline 0 -19"><span class='ocrx_word' id='word_1_64' title='bbox 105 1280 215 1332; x_wconf 90' lang='lat' dir='ltr'>me,</span> <span class='ocrx_word' id='word_1_65' title='bbox 250 1269 388 1332; x_wconf 88' lang='lat' dir='ltr'>etc.,</span> <span class='ocrx_word' id='word_1_66' title='bbox 416 1280 587 1336; x_wconf 86' lang='lat' dir='ltr'>usque</span> <span class='ocrx_word' id='word_1_67' title='bbox 617 1265 834 1320; x_wconf 68' lang='lat' dir='ltr'>Laztitia</span> <span class='ocrx_word' id='word_1_68' title='bbox 876 1264 1220 1337; x_wconf 85' lang='lat' dir='ltr'>sempiterna</span> <span class='ocrx_word' id='word_1_69' title='bbox 1255 1264 1363 1320; x_wconf 91' lang='lat' dir='ltr'>erit</span> <span class='ocrx_word' id='word_1_70' title='bbox 1403 1264 1502 1332; x_wconf 88' lang='lat' dir='ltr'>eis,</span> <span class='ocrx_word' id='word_1_71' title='bbox 1541 1264 1620 1318; x_wconf 88' lang='lat' dir='ltr'>ait</span> <span class='ocrx_word' id='word_1_72' title='bbox 1652 1264 1757 1318; x_wconf 90' lang='lat' dir='ltr'>Do-</span> 
     </span>
    </p>
   </div>
   <div class='ocr_carea' id='block_1_14' title="bbox 105 1358 970 1429">
    <p class='ocr_par' dir='ltr' id='par_1_14' title="bbox 105 1358 970 1429">
     <span class='ocr_line' id='line_1_14' title="bbox 105 1358 970 1429; baseline 0.001 -16"><span class='ocrx_word' id='word_1_73' title='bbox 105 1358 300 1414; x_wconf 89' lang='lat' dir='ltr'>minus</span> <span class='ocrx_word' id='word_1_74' title='bbox 327 1359 485 1414; x_wconf 89' lang='lat' dir='ltr'>Deus</span> <span class='ocrx_word' id='word_1_75' title='bbox 517 1360 646 1429; x_wconf 90' lang='lat' dir='ltr'>(Isa.</span> <span class='ocrx_word' id='word_1_76' title='bbox 678 1375 788 1426; x_wconf 76' lang='lat' dir='ltr'>LXI,</span> <span class='ocrx_word' id='word_1_77' title='bbox 826 1359 970 1429; x_wconf 80' lang='lat' dir='ltr'>l-7.)</span> 
     </span>
    </p>
   </div>
   <div class='ocr_carea' id='block_1_15' title="bbox 377 1461 1493 1526">
    <p class='ocr_par' dir='ltr' id='par_1_15' title="bbox 377 1461 1493 1526">
     <span class='ocr_line' id='line_1_15' title="bbox 377 1461 1493 1526; baseline 0.001 -16"><span class='ocrx_word' id='word_1_78' title='bbox 377 1461 614 1526; x_wconf 88' lang='lat' dir='ltr'>Epistola</span> <span class='ocrx_word' id='word_1_79' title='bbox 647 1461 789 1512; x_wconf 86' lang='lat' dir='ltr'>Pauli</span> <span class='ocrx_word' id='word_1_80' title='bbox 821 1461 1046 1526; x_wconf 82' lang='lat' dir='ltr'>apostoli</span> <span class='ocrx_word' id='word_1_81' title='bbox 1077 1462 1144 1512; x_wconf 87' lang='lat' dir='ltr'>ad</span> <span class='ocrx_word' id='word_1_82' title='bbox 1177 1462 1493 1513; x_wconf 79' lang='lat' dir='ltr'>Corinthios.</span> 
     </span>
    </p>
   </div>
   <div class='ocr_carea' id='block_1_16' title="bbox 177 1546 1762 1620">
    <p class='ocr_par' dir='ltr' id='par_1_16' title="bbox 177 1546 1762 1620">
     <span class='ocr_line' id='line_1_16' title="bbox 177 1546 1762 1620; baseline 0.001 -20"><span class='ocrx_word' id='word_1_83' title='bbox 177 1546 427 1620; x_wconf 66' lang='lat' dir='ltr'>Fratres,</span> <span class='ocrx_word' id='word_1_84' title='bbox 463 1547 512 1601; x_wconf 90' lang='lat' dir='ltr'>si</span> <span class='ocrx_word' id='word_1_85' title='bbox 539 1552 732 1620; x_wconf 87' lang='lat' dir='ltr'>autem</span> <span class='ocrx_word' id='word_1_86' title='bbox 759 1548 1016 1603; x_wconf 87' lang='lat' dir='ltr'>Christus</span> <span class='ocrx_word' id='word_1_87' title='bbox 1044 1549 1387 1620; x_wconf 58' lang='lat' dir='ltr'>praedicatur</span> <span class='ocrx_word' id='word_1_88' title='bbox 1405 1548 1557 1620; x_wconf 91' lang='lat' dir='ltr'>quod</span> <span class='ocrx_word' id='word_1_89' title='bbox 1576 1563 1762 1620; x_wconf 85' lang='lat' dir='ltr'>resur—</span> 
     </span>
    </p>
   </div>
   <div class='ocr_carea' id='block_1_17' title="bbox 109 1618 1762 1690">
    <p class='ocr_par' dir='ltr' id='par_1_17' title="bbox 109 1618 1762 1690">
     <span class='ocr_line' id='line_1_17' title="bbox 109 1618 1762 1690; baseline 0.001 -19"><span class='ocrx_word' id='word_1_90' title='bbox 109 1618 257 1672; x_wconf 88' lang='lat' dir='ltr'>rexit</span> <span class='ocrx_word' id='word_1_91' title='bbox 300 1634 334 1670; x_wconf 90' lang='lat' dir='ltr'>a</span> <span class='ocrx_word' id='word_1_92' title='bbox 375 1619 641 1684; x_wconf 89' lang='lat' dir='ltr'>mortuis,</span> <span class='ocrx_word' id='word_1_93' title='bbox 686 1625 816 1686; x_wconf 90' lang='lat' dir='ltr'>etc.,</span> <span class='ocrx_word' id='word_1_94' title='bbox 861 1618 1137 1690; x_wconf 41' lang='lat' dir='ltr'>usque—Ut</span> <span class='ocrx_word' id='word_1_95' title='bbox 1179 1620 1251 1675; x_wconf 87' lang='lat' dir='ltr'>sit</span> <span class='ocrx_word' id='word_1_96' title='bbox 1291 1618 1443 1675; x_wconf 75' lang='lat' dir='ltr'>Deus</span> <span class='ocrx_word' id='word_1_97' title='bbox 1474 1619 1666 1675; x_wconf 89' lang='lat' dir='ltr'>omnia</span> <span class='ocrx_word' id='word_1_98' title='bbox 1700 1619 1762 1673; x_wconf 89' lang='lat' dir='ltr'>iu</span> 
     </span>
    </p>
   </div>
   <div class='ocr_carea' id='block_1_18' title="bbox 109 1711 992 1784">
    <p class='ocr_par' dir='ltr' id='par_1_18' title="bbox 109 1711 992 1784">
     <span class='ocr_line' id='line_1_18' title="bbox 109 1711 992 1784; baseline 0.003 -19"><span class='ocrx_word' id='word_1_99' title='bbox 109 1711 399 1766; x_wconf 83' lang='lat' dir='ltr'>omnibus.</span> <span class='ocrx_word' id='word_1_100' title='bbox 434 1711 486 1781; x_wconf 89' lang='grc' dir='ltr'>(Ι</span> <span class='ocrx_word' id='word_1_101' title='bbox 513 1715 630 1770; x_wconf 85' lang='lat' dir='ltr'>Cor.</span> <span class='ocrx_word' id='word_1_102' title='bbox 659 1729 750 1782; x_wconf 84' lang='lat' dir='ltr'>xv,</span> <span class='ocrx_word' id='word_1_103' title='bbox 783 1715 992 1784; x_wconf 74' lang='lat'>12-28.)</span> 
     </span>
    </p>
   </div>
   <div class='ocr_carea' id='block_1_19' title="bbox 169 1801 1876 1884">
    <p class='ocr_par' dir='ltr' id='par_1_19' title="bbox 169 1801 1876 1884">
     <span class='ocr_line' id='line_1_19' title="bbox 169 1801 1876 1884; baseline 0 -12"><span class='ocrx_word' id='word_1_104' title='bbox 169 1833 409 1873; x_wconf 68' lang='lat' dir='ltr'>DANIHEL</span> <span class='ocrx_word' id='word_1_105' title='bbox 439 1833 547 1873; x_wconf 69' lang='lat' dir='ltr'>CUI</span> <span class='ocrx_word' id='word_1_106' title='bbox 579 1835 976 1884; x_wconf 82' lang='lat' dir='ltr'>BENEDICTIONE,</span> <span class='ocrx_word' id='word_1_107' title='bbox 1011 1836 1156 1876; x_wconf 83' lang='lat' dir='ltr'>SICUT</span> <span class='ocrx_word' id='word_1_108' title='bbox 1187 1835 1348 1876; x_wconf 58' lang='lat' dir='ltr'>PRIMO</span> <span class='ocrx_word' id='word_1_109' title='bbox 1382 1836 1470 1876; x_wconf 85' lang='lat' dir='ltr'>DIE</span> <span class='ocrx_word' id='word_1_110' title='bbox 1502 1836 1699 1879; x_wconf 81' lang='lat' dir='ltr'>SANCTO</span> <span class='ocrx_word' id='word_1_111' title='bbox 1781 1801 1838 1872; x_wconf 86' lang='lat' dir='ltr'><strong>B</strong></span> <span class='ocrx_word' id='word_1_112' title='bbox 1863 1850 1876 1884; x_wconf 78' lang='grc'>;</span> 
     </span>
    </p>
   </div>
   <div class='ocr_carea' id='block_1_20' title="bbox 824 1899 1052 1938">
    <p class='ocr_par' dir='ltr' id='par_1_20' title="bbox 824 1899 1052 1938">
     <span class='ocr_line' id='line_1_20' title="bbox 824 1899 1052 1938; baseline -0.004 -1"><span class='ocrx_word' id='word_1_113' title='bbox 824 1899 1052 1938; x_wconf 73' lang='lat' dir='ltr'>PASCILE.</span> 
     </span>
    </p>
   </div>
   <div class='ocr_carea' id='block_1_21' title="bbox 256 1969 1612 2035">
    <p class='ocr_par' dir='ltr' id='par_1_21' title="bbox 256 1969 1612 2035">
     <span class='ocr_line' id='line_1_21' title="bbox 256 1969 1612 2035; baseline 0.001 -15"><span class='ocrx_word' id='word_1_114' title='bbox 256 1969 440 2020; x_wconf 85' lang='lat' dir='ltr'>Lectio</span> <span class='ocrx_word' id='word_1_115' title='bbox 475 1971 643 2020; x_wconf 86' lang='lat' dir='ltr'>sancti</span> <span class='ocrx_word' id='word_1_116' title='bbox 674 1971 942 2035; x_wconf 85' lang='lat' dir='ltr'>Evangelii</span> <span class='ocrx_word' id='word_1_117' title='bbox 973 1972 1262 2023; x_wconf 90' lang='lat' dir='ltr'>secundum</span> <span class='ocrx_word' id='word_1_118' title='bbox 1306 1972 1612 2023; x_wconf 87' lang='lat' dir='ltr'>Iohannem.</span> 
     </span>
    </p>
   </div>
   <div class='ocr_carea' id='block_1_22' title="bbox 183 2054 1766 2128">
    <p class='ocr_par' dir='ltr' id='par_1_22' title="bbox 183 2054 1766 2128">
     <span class='ocr_line' id='line_1_22' title="bbox 183 2054 1766 2128; baseline 0.001 -16"><span class='ocrx_word' id='word_1_119' title='bbox 183 2054 384 2128; x_wconf 82' lang='grc'>148</span> <span class='ocrx_word' id='word_1_120' title='bbox 412 2056 623 2112; x_wconf 88' lang='lat' dir='ltr'>Diebus</span> <span class='ocrx_word' id='word_1_121' title='bbox 661 2057 796 2125; x_wconf 87' lang='lat' dir='ltr'>illis,</span> <span class='ocrx_word' id='word_1_122' title='bbox 831 2075 964 2113; x_wconf 90' lang='lat' dir='ltr'>cum</span> <span class='ocrx_word' id='word_1_123' title='bbox 1007 2064 1152 2115; x_wconf 90' lang='lat' dir='ltr'>esset</span> <span class='ocrx_word' id='word_1_124' title='bbox 1194 2076 1319 2114; x_wconf 89' lang='lat' dir='ltr'>sero</span> <span class='ocrx_word' id='word_1_125' title='bbox 1363 2059 1452 2114; x_wconf 90' lang='lat' dir='ltr'>die</span> <span class='ocrx_word' id='word_1_126' title='bbox 1488 2059 1610 2128; x_wconf 90' lang='lat' dir='ltr'>illo,</span> <span class='ocrx_word' id='word_1_127' title='bbox 1654 2074 1766 2113; x_wconf 86' lang='lat' dir='ltr'>una</span> 
     </span>
    </p>
   </div>
   <div class='ocr_carea' id='block_1_23' title="bbox 116 2149 1564 2224">
    <p class='ocr_par' dir='ltr' id='par_1_23' title="bbox 116 2149 1564 2224">
     <span class='ocr_line' id='line_1_23' title="bbox 116 2149 1564 2224; baseline 0.002 -19"><span class='ocrx_word' id='word_1_128' title='bbox 116 2149 606 2206; x_wconf 60' lang='lat' dir='ltr'>sabbatorum...&quot;</span> <span class='ocrx_word' id='word_1_129' title='bbox 636 2151 748 2206; x_wconf 89' lang='lat' dir='ltr'>nisi</span> <span class='ocrx_word' id='word_1_130' title='bbox 777 2152 1085 2208; x_wconf 81' lang='lat' dir='ltr'>videro.....</span> <span class='ocrx_word' id='word_1_131' title='bbox 1121 2153 1295 2224; x_wconf 83' lang='lat' dir='ltr'>(Joan.</span> <span class='ocrx_word' id='word_1_132' title='bbox 1328 2170 1422 2224; x_wconf 83' lang='lat' dir='ltr'>xx,</span> <span class='ocrx_word' id='word_1_133' title='bbox 1456 2154 1564 2223; x_wconf 84' lang='grc'>19.)</span> 
     </span>
    </p>
   </div>
   <div class='ocr_carea' id='block_1_24' title="bbox 506 2263 1381 2310">
    <p class='ocr_par' dir='ltr' id='par_1_24' title="bbox 506 2263 1381 2310">
     <span class='ocr_line' id='line_1_24' title="bbox 506 2263 1381 2310; baseline 0.003 -3"><span class='ocrx_word' id='word_1_134' title='bbox 506 2263 689 2308; x_wconf 61' lang='grc' dir='ltr'>ΝΟΤᾸΕ</span> <span class='ocrx_word' id='word_1_135' title='bbox 731 2265 808 2308; x_wconf 86' lang='grc' dir='ltr'>ΕΤ</span> <span class='ocrx_word' id='word_1_136' title='bbox 850 2264 1381 2310; x_wconf 82' lang='lat' dir='ltr'>OBSERVATIONES.</span> 
     </span>
    </p>
   </div>
   <div class='ocr_carea' id='block_1_25' title="bbox 183 2343 1767 2416">
    <p class='ocr_par' dir='ltr' id='par_1_25' title="bbox 183 2343 1767 2416">
     <span class='ocr_line' id='line_1_25' title="bbox 183 2343 1767 2416; baseline 0.001 -18"><span class='ocrx_word' id='word_1_137' title='bbox 183 2343 509 2398; x_wconf 87' lang='lat' dir='ltr'>Concilium</span> <span class='ocrx_word' id='word_1_138' title='bbox 535 2344 943 2401; x_wconf 79' lang='lat' dir='ltr'>Matisconense</span> <span class='ocrx_word' id='word_1_139' title='bbox 970 2363 1011 2400; x_wconf 97' lang='grc' dir='ltr'>ιι</span> <span class='ocrx_word' id='word_1_140' title='bbox 1039 2346 1238 2402; x_wconf 81' lang='lat' dir='ltr'>statuit</span> <span class='ocrx_word' id='word_1_141' title='bbox 1255 2362 1467 2401; x_wconf 88' lang='lat' dir='ltr'>canone</span> <span class='ocrx_word' id='word_1_142' title='bbox 1487 2348 1542 2416; x_wconf 91' lang='lat'>2,</span> <span class='ocrx_word' id='word_1_143' title='bbox 1567 2349 1631 2400; x_wconf 91' lang='lat' dir='ltr'>ut</span> <span class='ocrx_word' id='word_1_144' title='bbox 1652 2346 1767 2400; x_wconf 88' lang='lat' dir='ltr'>illis</span> 
     </span>
    </p>
   </div>
   <div class='ocr_carea' id='block_1_26' title="bbox 116 2438 1769 2510">
    <p class='ocr_par' dir='ltr' id='par_1_26' title="bbox 116 2438 1769 2510">
     <span class='ocr_line' id='line_1_26' title="bbox 116 2438 1769 2510; baseline 0.001 -19"><span class='ocrx_word' id='word_1_145' title='bbox 116 2439 473 2492; x_wconf 75' lang='lat' dir='ltr'>sanctissimis</span> <span class='ocrx_word' id='word_1_146' title='bbox 512 2452 610 2492; x_wconf 75' lang='lat' dir='ltr'>sea:</span> <span class='ocrx_word' id='word_1_147' title='bbox 641 2438 849 2502; x_wconf 86' lang='lat' dir='ltr'>diebus,</span> <span class='ocrx_word' id='word_1_148' title='bbox 871 2439 970 2510; x_wconf 89' lang='lat' dir='ltr'>qui</span> <span class='ocrx_word' id='word_1_149' title='bbox 988 2439 1212 2494; x_wconf 82' lang='lat' dir='ltr'>Paschae</span> <span class='ocrx_word' id='word_1_150' title='bbox 1234 2438 1388 2494; x_wconf 90' lang='lat' dir='ltr'>diem</span> <span class='ocrx_word' id='word_1_151' title='bbox 1416 2438 1769 2510; x_wconf 85' lang='lat' dir='ltr'>subsequun-</span> 
     </span>
    </p>
   </div>
   <div class='ocr_carea' id='block_1_27' title="bbox 117 2531 1764 2603">
    <p class='ocr_par' dir='ltr' id='par_1_27' title="bbox 117 2531 1764 2603">
     <span class='ocr_line' id='line_1_27' title="bbox 117 2531 1764 2603; baseline 0.002 -20"><span class='ocrx_word' id='word_1_152' title='bbox 117 2534 225 2598; x_wconf 87' lang='lat' dir='ltr'>tur,</span> <span class='ocrx_word' id='word_1_153' title='bbox 255 2531 447 2586; x_wconf 86' lang='lat' dir='ltr'>nullus</span> <span class='ocrx_word' id='word_1_154' title='bbox 473 2533 668 2587; x_wconf 79' lang='lat' dir='ltr'>servile</span> <span class='ocrx_word' id='word_1_155' title='bbox 697 2548 829 2603; x_wconf 86' lang='lat' dir='ltr'>opus</span> <span class='ocrx_word' id='word_1_156' title='bbox 857 2533 1060 2588; x_wconf 85' lang='lat' dir='ltr'>audeat</span> <span class='ocrx_word' id='word_1_157' title='bbox 1098 2534 1309 2600; x_wconf 85' lang='lat' dir='ltr'>facere;</span> <span class='ocrx_word' id='word_1_158' title='bbox 1348 2532 1441 2588; x_wconf 89' lang='lat' dir='ltr'>sed</span> <span class='ocrx_word' id='word_1_159' title='bbox 1477 2547 1654 2587; x_wconf 86' lang='lat' dir='ltr'>omnes</span> <span class='ocrx_word' id='word_1_160' title='bbox 1688 2534 1764 2588; x_wconf 86' lang='lat' dir='ltr'>si-</span> 
     </span>
    </p>
   </div>
   <div class='ocr_carea' id='block_1_28' title="bbox 117 2625 1770 2698">
    <p class='ocr_par' dir='ltr' id='par_1_28' title="bbox 117 2625 1770 2698">
     <span class='ocr_line' id='line_1_28' title="bbox 117 2625 1770 2698; baseline 0.003 -21"><span class='ocrx_word' id='word_1_161' title='bbox 117 2625 228 2678; x_wconf 83' lang='lat' dir='ltr'>mul</span> <span class='ocrx_word' id='word_1_162' title='bbox 252 2625 583 2688; x_wconf 88' lang='lat' dir='ltr'>coadunati,</span> <span class='ocrx_word' id='word_1_163' title='bbox 612 2626 826 2695; x_wconf 79' lang='lat' dir='ltr'>hymnis</span> <span class='ocrx_word' id='word_1_164' title='bbox 847 2627 1194 2698; x_wconf 79' lang='lat' dir='ltr'>paschalibus</span> <span class='ocrx_word' id='word_1_165' title='bbox 1219 2626 1578 2696; x_wconf 80' lang='lat' dir='ltr'>indulgentes,</span> <span class='ocrx_word' id='word_1_166' title='bbox 1593 2640 1770 2697; x_wconf 84' lang='lat' dir='ltr'>perse-</span> 
     </span>
    </p>
   </div>
   <div class='ocr_carea' id='block_1_29' title="bbox 117 2721 1770 2792">
    <p class='ocr_par' dir='ltr' id='par_1_29' title="bbox 117 2721 1770 2792">
     <span class='ocr_line' id='line_1_29' title="bbox 117 2721 1770 2792; baseline 0.002 -20"><span class='ocrx_word' id='word_1_167' title='bbox 117 2721 414 2773; x_wconf 79' lang='lat' dir='ltr'>rerationis</span> <span class='ocrx_word' id='word_1_168' title='bbox 460 2723 660 2775; x_wconf 64' lang='lat' dir='ltr'>nostra?</span> <span class='ocrx_word' id='word_1_169' title='bbox 698 2723 1049 2792; x_wconf 71' lang='lat' dir='ltr'>praesentiam</span> <span class='ocrx_word' id='word_1_170' title='bbox 1108 2721 1442 2791; x_wconf 85' lang='lat' dir='ltr'>quotidianis</span> <span class='ocrx_word' id='word_1_171' title='bbox 1493 2722 1770 2790; x_wconf 82' lang='lat' dir='ltr'>sacriﬁciis</span> 
     </span>
    </p>
   </div>
   <div class='ocr_carea' id='block_1_30' title="bbox 117 2813 1771 2886">
    <p class='ocr_par' dir='ltr' id='par_1_30' title="bbox 117 2813 1771 2886">
     <span class='ocr_line' id='line_1_30' title="bbox 117 2813 1771 2886; baseline 0.002 -20"><span class='ocrx_word' id='word_1_172' title='bbox 117 2813 488 2876; x_wconf 76' lang='lat' dir='ltr'>ostendamus,</span> <span class='ocrx_word' id='word_1_173' title='bbox 524 2815 811 2870; x_wconf 84' lang='lat' dir='ltr'>laudantes</span> <span class='ocrx_word' id='word_1_174' title='bbox 841 2820 1132 2871; x_wconf 81' lang='lat' dir='ltr'>creatorem</span> <span class='ocrx_word' id='word_1_175' title='bbox 1158 2820 1209 2870; x_wconf 90' lang='lat' dir='ltr'>et</span> <span class='ocrx_word' id='word_1_176' title='bbox 1238 2818 1662 2886; x_wconf 86' lang='lat' dir='ltr'>regeneratorem</span> <span class='ocrx_word' id='word_1_177' title='bbox 1680 2829 1771 2869; x_wconf 89' lang='lat' dir='ltr'>no-</span> 
     </span>
    </p>
   </div>
   <div class='ocr_carea' id='block_1_31' title="bbox 115 2907 1772 2980">
    <p class='ocr_par' dir='ltr' id='par_1_31' title="bbox 115 2907 1772 2980">
     <span class='ocr_line' id='line_1_31' title="bbox 115 2907 1772 2980; baseline 0.001 -20"><span class='ocrx_word' id='word_1_178' title='bbox 115 2912 542 2976; x_wconf 76' lang='lat' dir='ltr'>strumcespere,</span> <span class='ocrx_word' id='word_1_179' title='bbox 564 2924 723 2964; x_wconf 88' lang='lat' dir='ltr'>mane</span> <span class='ocrx_word' id='word_1_180' title='bbox 751 2913 801 2964; x_wconf 89' lang='lat' dir='ltr'>et</span> <span class='ocrx_word' id='word_1_181' title='bbox 821 2909 1066 2964; x_wconf 82' lang='lat' dir='ltr'>meridie.</span> <span class='ocrx_word' id='word_1_182' title='bbox 1090 2908 1285 2964; x_wconf 88' lang='lat' dir='ltr'>Avitus</span> <span class='ocrx_word' id='word_1_183' title='bbox 1306 2908 1637 2964; x_wconf 88' lang='lat' dir='ltr'>Viennensis</span> <span class='ocrx_word' id='word_1_184' title='bbox 1657 2907 1772 2980; x_wconf 91' lang='lat' dir='ltr'>epi-</span> 
     </span>
    </p>
   </div>
   <div class='ocr_carea' id='block_1_32' title="bbox 116 3001 1768 3074">
    <p class='ocr_par' dir='ltr' id='par_1_32' title="bbox 116 3001 1768 3074">
     <span class='ocr_line' id='line_1_32' title="bbox 116 3001 1768 3074; baseline 0.002 -19"><span class='ocrx_word' id='word_1_185' title='bbox 116 3018 313 3074; x_wconf 89' lang='lat' dir='ltr'>scopus</span> <span class='ocrx_word' id='word_1_186' title='bbox 335 3002 402 3056; x_wconf 90' lang='lat' dir='ltr'>in</span> <span class='ocrx_word' id='word_1_187' title='bbox 431 3001 577 3056; x_wconf 83' lang='lat' dir='ltr'>feria</span> <span class='ocrx_word' id='word_1_188' title='bbox 609 3007 766 3058; x_wconf 84' lang='lat' dir='ltr'>sexta</span> <span class='ocrx_word' id='word_1_189' title='bbox 803 3003 1030 3058; x_wconf 61' lang='lat' dir='ltr'>Pascha</span> <span class='ocrx_word' id='word_1_190' title='bbox 1067 3019 1390 3058; x_wconf 76' lang='lat' dir='ltr'>sermonem</span> <span class='ocrx_word' id='word_1_191' title='bbox 1429 3003 1629 3058; x_wconf 89' lang='lat' dir='ltr'>habuit</span> <span class='ocrx_word' id='word_1_192' title='bbox 1668 3018 1768 3058; x_wconf 92' lang='lat' dir='ltr'>cu-</span> 
     </span>
    </p>
   </div>
   <div class='ocr_carea' id='block_1_33' title="bbox 109 3096 1771 3169">
    <p class='ocr_par' dir='ltr' id='par_1_33' title="bbox 109 3096 1771 3169">
     <span class='ocr_line' id='line_1_33' title="bbox 109 3096 1771 3169; baseline 0.001 -19"><span class='ocrx_word' id='word_1_193' title='bbox 109 3096 203 3166; x_wconf 84' lang='lat' dir='ltr'>jus</span> <span class='ocrx_word' id='word_1_194' title='bbox 239 3096 577 3168; x_wconf 83' lang='lat' dir='ltr'>fragmenta</span> <span class='ocrx_word' id='word_1_195' title='bbox 614 3100 858 3152; x_wconf 83' lang='lat' dir='ltr'>exstant.</span> <span class='ocrx_word' id='word_1_196' title='bbox 897 3096 1192 3152; x_wconf 90' lang='lat' dir='ltr'>Dominica</span> <span class='ocrx_word' id='word_1_197' title='bbox 1229 3113 1472 3169; x_wconf 89' lang='lat' dir='ltr'>sequens</span> <span class='ocrx_word' id='word_1_198' title='bbox 1515 3097 1771 3155; x_wconf 86' lang='lat' dir='ltr'>Clausum</span> 
     </span>
    </p>
   </div>
   <div class='ocr_carea' id='block_1_34' title="bbox 1923 521 3417 582">
    <p class='ocr_par' dir='ltr' id='par_1_34' title="bbox 1923 521 3417 582">
     <span class='ocr_line' id='line_1_34' title="bbox 1923 521 3417 582; baseline -0.001 -7"><span class='ocrx_word' id='word_1_199' title='bbox 1923 521 2028 576; x_wconf 76' lang='lat' dir='ltr'>LV.</span> <span class='ocrx_word' id='word_1_200' title='bbox 2067 536 2350 575; x_wconf 83' lang='lat' dir='ltr'>LECTIONES</span> <span class='ocrx_word' id='word_1_201' title='bbox 2387 535 2508 582; x_wconf 68' lang='grc' dir='ltr'>ΟΠΞ</span> <span class='ocrx_word' id='word_1_202' title='bbox 2545 535 2802 574; x_wconf 74' lang='grc' dir='ltr'>ιεϐΕΝῡΔῑ</span> <span class='ocrx_word' id='word_1_203' title='bbox 2841 535 2959 574; x_wconf 81' lang='lat' dir='ltr'>SINT</span> <span class='ocrx_word' id='word_1_204' title='bbox 2992 535 3052 574; x_wconf 87' lang='lat' dir='ltr'>IN</span> <span class='ocrx_word' id='word_1_205' title='bbox 3102 534 3417 574; x_wconf 78' lang='lat' dir='ltr'>EOGATIONIS</span> 
     </span>
    </p>
   </div>
   <div class='ocr_carea' id='block_1_35' title="bbox 2244 606 3091 658">
    <p class='ocr_par' dir='ltr' id='par_1_35' title="bbox 2244 606 3091 658">
     <span class='ocr_line' id='line_1_35' title="bbox 2244 606 3091 658; baseline -0.001 -12"><span class='ocrx_word' id='word_1_206' title='bbox 2244 608 2404 646; x_wconf 64' lang='lat' dir='ltr'>PRIMO</span> <span class='ocrx_word' id='word_1_207' title='bbox 2462 607 2578 658; x_wconf 81' lang='lat' dir='ltr'>DIE,</span> <span class='ocrx_word' id='word_1_208' title='bbox 2639 606 2708 644; x_wconf 84' lang='lat' dir='ltr'>AD</span> <span class='ocrx_word' id='word_1_209' title='bbox 2771 607 3091 646; x_wconf 71' lang='lat' dir='ltr'>NATUTINOS.</span> 
     </span>
    </p>
   </div>
   <div class='ocr_carea' id='block_1_36' title="bbox 2287 693 3039 759">
    <p class='ocr_par' dir='ltr' id='par_1_36' title="bbox 2287 693 3039 759">
     <span class='ocr_line' id='line_1_36' title="bbox 2287 693 3039 759; baseline -0.001 -15"><span class='ocrx_word' id='word_1_210' title='bbox 2287 694 2464 745; x_wconf 87' lang='lat' dir='ltr'>Lectio</span> <span class='ocrx_word' id='word_1_211' title='bbox 2499 694 2716 744; x_wconf 84' lang='lat' dir='ltr'>Danihel</span> <span class='ocrx_word' id='word_1_212' title='bbox 2751 693 3039 759; x_wconf 75' lang='lat' dir='ltr'>prOpheItD.</span> 
     </span>
    </p>
   </div>
   <div class='ocr_carea' id='block_1_37' title="bbox 1925 787 3491 861">
    <p class='ocr_par' dir='ltr' id='par_1_37' title="bbox 1925 787 3491 861">
     <span class='ocr_line' id='line_1_37' title="bbox 1925 787 3491 861; baseline 0.002 -20"><span class='ocrx_word' id='word_1_213' title='bbox 1925 788 2202 858; x_wconf 88' lang='lat' dir='ltr'>Tempore</span> <span class='ocrx_word' id='word_1_214' title='bbox 2231 789 2348 858; x_wconf 89' lang='lat' dir='ltr'>illo,</span> <span class='ocrx_word' id='word_1_215' title='bbox 2380 806 2484 861; x_wconf 88' lang='lat' dir='ltr'>ego</span> <span class='ocrx_word' id='word_1_216' title='bbox 2505 789 2742 844; x_wconf 89' lang='lat' dir='ltr'>Danihel</span> <span class='ocrx_word' id='word_1_217' title='bbox 2762 789 3017 844; x_wconf 83' lang='lat' dir='ltr'>intellexi</span> <span class='ocrx_word' id='word_1_218' title='bbox 3036 788 3095 842; x_wconf 91' lang='lat' dir='ltr'>in</span> <span class='ocrx_word' id='word_1_219' title='bbox 3119 787 3279 843; x_wconf 87' lang='lat' dir='ltr'>libris</span> <span class='ocrx_word' id='word_1_220' title='bbox 3294 804 3491 844; x_wconf 90' lang='lat' dir='ltr'>nume-</span> 
     </span>
    </p>
   </div>
   <div class='ocr_carea' id='block_1_38' title="bbox 1854 882 3488 955">
    <p class='ocr_par' dir='ltr' id='par_1_38' title="bbox 1854 882 3488 955">
     <span class='ocr_line' id='line_1_38' title="bbox 1854 882 3488 955; baseline -0.001 -15"><span class='ocrx_word' id='word_1_221' title='bbox 1854 899 1985 940; x_wconf 86' lang='lat' dir='ltr'>rum</span> <span class='ocrx_word' id='word_1_222' title='bbox 2011 900 2312 954; x_wconf 90' lang='lat' dir='ltr'>annorum,</span> <span class='ocrx_word' id='word_1_223' title='bbox 2343 884 2412 939; x_wconf 90' lang='lat' dir='ltr'>de</span> <span class='ocrx_word' id='word_1_224' title='bbox 2438 900 2552 955; x_wconf 91' lang='lat' dir='ltr'>quo</span> <span class='ocrx_word' id='word_1_225' title='bbox 2587 884 2768 939; x_wconf 83' lang='lat' dir='ltr'>factus</span> <span class='ocrx_word' id='word_1_226' title='bbox 2815 888 2901 940; x_wconf 90' lang='lat' dir='ltr'>est</span> <span class='ocrx_word' id='word_1_227' title='bbox 2937 899 3124 938; x_wconf 89' lang='lat' dir='ltr'>sermo</span> <span class='ocrx_word' id='word_1_228' title='bbox 3158 882 3383 938; x_wconf 90' lang='lat' dir='ltr'>Domini</span> <span class='ocrx_word' id='word_1_229' title='bbox 3418 883 3488 939; x_wconf 88' lang='lat' dir='ltr'>ad</span> 
     </span>
    </p>
   </div>
   <div class='ocr_carea' id='block_1_39' title="bbox 1857 977 3484 1051">
    <p class='ocr_par' dir='ltr' id='par_1_39' title="bbox 1857 977 3484 1051">
     <span class='ocr_line' id='line_1_39' title="bbox 1857 977 3484 1051; baseline -0.001 -17"><span class='ocrx_word' id='word_1_230' title='bbox 1857 978 2207 1048; x_wconf 82' lang='lat' dir='ltr'>Hierimiam,</span> <span class='ocrx_word' id='word_1_231' title='bbox 2239 982 2368 1046; x_wconf 91' lang='lat' dir='ltr'>etc.,</span> <span class='ocrx_word' id='word_1_232' title='bbox 2397 992 2565 1048; x_wconf 85' lang='lat' dir='ltr'>usque</span> <span class='ocrx_word' id='word_1_233' title='bbox 2589 978 2769 1049; x_wconf 90' lang='lat' dir='ltr'>Super</span> <span class='ocrx_word' id='word_1_234' title='bbox 2798 977 3079 1034; x_wconf 88' lang='lat' dir='ltr'>civitatem</span> <span class='ocrx_word' id='word_1_235' title='bbox 3105 982 3161 1034; x_wconf 89' lang='lat' dir='ltr'>et</span> <span class='ocrx_word' id='word_1_236' title='bbox 3185 993 3356 1051; x_wconf 86' lang='lat' dir='ltr'>super</span> <span class='ocrx_word' id='word_1_237' title='bbox 3383 993 3484 1050; x_wconf 93' lang='lat' dir='ltr'>po-</span> 
     </span>
    </p>
   </div>
   <div class='ocr_carea' id='block_1_40' title="bbox 1856 1073 2844 1144">
    <p class='ocr_par' dir='ltr' id='par_1_40' title="bbox 1856 1073 2844 1144">
     <span class='ocr_line' id='line_1_40' title="bbox 1856 1073 2844 1144; baseline -0.001 -16"><span class='ocrx_word' id='word_1_238' title='bbox 1856 1073 2056 1144; x_wconf 89' lang='lat' dir='ltr'>pulum</span> <span class='ocrx_word' id='word_1_239' title='bbox 2082 1077 2268 1129; x_wconf 90' lang='lat' dir='ltr'>tuum.</span> <span class='ocrx_word' id='word_1_240' title='bbox 2301 1073 2530 1144; x_wconf 85' lang='lat' dir='ltr'>(Daniel.</span> <span class='ocrx_word' id='word_1_241' title='bbox 2561 1089 2635 1142; x_wconf 80' lang='lat' dir='ltr'>ix,</span> <span class='ocrx_word' id='word_1_242' title='bbox 2663 1074 2844 1143; x_wconf 82' lang='lat' dir='ltr'>2-l9.)</span> 
     </span>
    </p>
   </div>
   <div class='ocr_carea' id='block_1_41' title="bbox 2045 1199 3302 1243">
    <p class='ocr_par' dir='ltr' id='par_1_41' title="bbox 2045 1199 3302 1243">
     <span class='ocr_line' id='line_1_41' title="bbox 2045 1199 3302 1243; baseline 0 -3"><span class='ocrx_word' id='word_1_243' title='bbox 2045 1201 2281 1240; x_wconf 84' lang='lat' dir='ltr'>LEGENDA</span> <span class='ocrx_word' id='word_1_244' title='bbox 2313 1199 2473 1239; x_wconf 60' lang='lat' dir='ltr'>PRIMA</span> <span class='ocrx_word' id='word_1_245' title='bbox 2506 1199 2592 1238; x_wconf 86' lang='lat' dir='ltr'>DIE</span> <span class='ocrx_word' id='word_1_246' title='bbox 2627 1200 2694 1239; x_wconf 89' lang='lat' dir='ltr'>AD</span> <span class='ocrx_word' id='word_1_247' title='bbox 2725 1200 2910 1240; x_wconf 72' lang='lat' dir='ltr'>TERTIA</span> <span class='ocrx_word' id='word_1_248' title='bbox 2942 1200 2997 1239; x_wconf 87' lang='lat' dir='ltr'><strong>IN</strong></span> <span class='ocrx_word' id='word_1_249' title='bbox 3033 1200 3302 1243; x_wconf 68' lang='lat' dir='ltr'>LETANIIS.</span> 
     </span>
    </p>
   </div>
   <div class='ocr_carea' id='block_1_42' title="bbox 2095 1267 3266 1334">
    <p class='ocr_par' dir='ltr' id='par_1_42' title="bbox 2095 1267 3266 1334">
     <span class='ocr_line' id='line_1_42' title="bbox 2095 1267 3266 1334; baseline 0.003 -16"><span class='ocrx_word' id='word_1_250' title='bbox 2095 1269 2326 1333; x_wconf 84' lang='lat' dir='ltr'>Epistula</span> <span class='ocrx_word' id='word_1_251' title='bbox 2358 1267 2525 1319; x_wconf 87' lang='lat' dir='ltr'>sancti</span> <span class='ocrx_word' id='word_1_252' title='bbox 2557 1283 2617 1318; x_wconf 88' lang='lat' dir='ltr'>ac</span> <span class='ocrx_word' id='word_1_253' title='bbox 2651 1268 2790 1318; x_wconf 90' lang='lat' dir='ltr'>beati</span> <span class='ocrx_word' id='word_1_254' title='bbox 2820 1270 2994 1320; x_wconf 90' lang='lat' dir='ltr'>Iacobi</span> <span class='ocrx_word' id='word_1_255' title='bbox 3026 1270 3266 1334; x_wconf 88' lang='lat' dir='ltr'>apostoli.</span> 
     </span>
    </p>
   </div>
   <div class='ocr_carea' id='block_1_43' title="bbox 1928 1363 3489 1436">
    <p class='ocr_par' dir='ltr' id='par_1_43' title="bbox 1928 1363 3489 1436">
     <span class='ocr_line' id='line_1_43' title="bbox 1928 1363 3489 1436; baseline 0.001 -16"><span class='ocrx_word' id='word_1_256' title='bbox 1928 1364 2162 1420; x_wconf 80' lang='lat' dir='ltr'>Iacobus</span> <span class='ocrx_word' id='word_1_257' title='bbox 2192 1364 2290 1419; x_wconf 90' lang='lat' dir='ltr'>Dei</span> <span class='ocrx_word' id='word_1_258' title='bbox 2319 1369 2374 1419; x_wconf 89' lang='lat' dir='ltr'>et</span> <span class='ocrx_word' id='word_1_259' title='bbox 2406 1363 2627 1418; x_wconf 91' lang='lat' dir='ltr'>Domini</span> <span class='ocrx_word' id='word_1_260' title='bbox 2656 1364 2838 1419; x_wconf 90' lang='lat' dir='ltr'>nostri</span> <span class='ocrx_word' id='word_1_261' title='bbox 2863 1365 2991 1420; x_wconf 85' lang='lat' dir='ltr'>Iesu</span> <span class='ocrx_word' id='word_1_262' title='bbox 3032 1365 3237 1421; x_wconf 88' lang='lat' dir='ltr'>Christi</span> <span class='ocrx_word' id='word_1_263' title='bbox 3275 1382 3489 1436; x_wconf 90' lang='lat' dir='ltr'>servus,</span> 
     </span>
    </p>
   </div>
   <div class='ocr_carea' id='block_1_44' title="bbox 1860 1459 3496 1530">
    <p class='ocr_par' dir='ltr' id='par_1_44' title="bbox 1860 1459 3496 1530">
     <span class='ocr_line' id='line_1_44' title="bbox 1860 1459 3496 1530; baseline 0.002 -16"><span class='ocrx_word' id='word_1_264' title='bbox 1860 1462 1990 1527; x_wconf 92' lang='lat' dir='ltr'>etc.,</span> <span class='ocrx_word' id='word_1_265' title='bbox 2019 1475 2190 1529; x_wconf 89' lang='lat' dir='ltr'>usque</span> <span class='ocrx_word' id='word_1_266' title='bbox 2215 1462 2272 1514; x_wconf 90' lang='lat' dir='ltr'>in</span> <span class='ocrx_word' id='word_1_267' title='bbox 2301 1462 2481 1528; x_wconf 81' lang='lat' dir='ltr'>ﬁnem,</span> <span class='ocrx_word' id='word_1_268' title='bbox 2509 1475 2629 1514; x_wconf 90' lang='lat' dir='ltr'>cum</span> <span class='ocrx_word' id='word_1_269' title='bbox 2663 1459 2841 1514; x_wconf 84' lang='lat' dir='ltr'>decem</span> <span class='ocrx_word' id='word_1_270' title='bbox 2862 1459 3220 1516; x_wconf 83' lang='lat' dir='ltr'>divisionibus</span> <span class='ocrx_word' id='word_1_271' title='bbox 3235 1475 3338 1530; x_wconf 81' lang='lat' dir='ltr'>per</span> <span class='ocrx_word' id='word_1_272' title='bbox 3359 1462 3496 1517; x_wconf 88' lang='lat' dir='ltr'>litte-</span> 
     </span>
    </p>
   </div>
   <div class='ocr_carea' id='block_1_45' title="bbox 1861 1554 2242 1608">
    <p class='ocr_par' dir='ltr' id='par_1_45' title="bbox 1861 1554 2242 1608">
     <span class='ocr_line' id='line_1_45' title="bbox 1861 1554 2242 1608; baseline 0.005 -2"><span class='ocrx_word' id='word_1_273' title='bbox 1861 1569 1980 1608; x_wconf 85' lang='lat' dir='ltr'>ram</span> <span class='ocrx_word' id='word_1_274' title='bbox 2000 1554 2242 1608; x_wconf 82' lang='lat' dir='ltr'>rubeam.</span> 
     </span>
    </p>
   </div>
   <div class='ocr_carea' id='block_1_46' title="bbox 2115 1669 3246 1735">
    <p class='ocr_par' dir='ltr' id='par_1_46' title="bbox 2115 1669 3246 1735">
     <span class='ocr_line' id='line_1_46' title="bbox 2115 1669 3246 1735; baseline 0 -15"><span class='ocrx_word' id='word_1_275' title='bbox 2115 1670 2288 1720; x_wconf 87' lang='lat' dir='ltr'>Lectio</span> <span class='ocrx_word' id='word_1_276' title='bbox 2323 1671 2490 1721; x_wconf 87' lang='lat' dir='ltr'>sancti</span> <span class='ocrx_word' id='word_1_277' title='bbox 2523 1683 2586 1720; x_wconf 89' lang='lat' dir='ltr'>ac</span> <span class='ocrx_word' id='word_1_278' title='bbox 2619 1669 2758 1721; x_wconf 87' lang='lat' dir='ltr'>beati</span> <span class='ocrx_word' id='word_1_279' title='bbox 2792 1669 2973 1720; x_wconf 89' lang='lat' dir='ltr'>Iacobi</span> <span class='ocrx_word' id='word_1_280' title='bbox 3003 1670 3246 1735; x_wconf 80' lang='lat' dir='ltr'>apostoli.</span> 
     </span>
    </p>
   </div>
   <div class='ocr_carea' id='block_1_47' title="bbox 1933 1755 3498 1827">
    <p class='ocr_par' dir='ltr' id='par_1_47' title="bbox 1933 1755 3498 1827">
     <span class='ocr_line' id='line_1_47' title="bbox 1933 1755 3498 1827; baseline 0.001 -17"><span class='ocrx_word' id='word_1_281' title='bbox 1933 1757 2206 1827; x_wconf 80' lang='lat' dir='ltr'>Tempore</span> <span class='ocrx_word' id='word_1_282' title='bbox 2227 1756 2345 1824; x_wconf 92' lang='lat' dir='ltr'>illo,</span> <span class='ocrx_word' id='word_1_283' title='bbox 2376 1773 2508 1811; x_wconf 92' lang='lat' dir='ltr'>cum</span> <span class='ocrx_word' id='word_1_284' title='bbox 2529 1756 2816 1827; x_wconf 88' lang='lat' dir='ltr'>ingressus</span> <span class='ocrx_word' id='word_1_285' title='bbox 2834 1756 3034 1812; x_wconf 87' lang='lat' dir='ltr'>fuisset</span> <span class='ocrx_word' id='word_1_286' title='bbox 3053 1755 3321 1812; x_wconf 83' lang='lat' dir='ltr'>Dominus</span> <span class='ocrx_word' id='word_1_287' title='bbox 3339 1757 3498 1813; x_wconf 91' lang='lat' dir='ltr'>Iesus</span> 
     </span>
    </p>
   </div>
   <div class='ocr_carea' id='block_1_48' title="bbox 1861 1846 3500 1924">
    <p class='ocr_par' dir='ltr' id='par_1_48' title="bbox 1861 1846 3500 1924">
     <span class='ocr_line' id='line_1_48' title="bbox 1861 1846 3500 1924; baseline 0.001 -19"><span class='ocrx_word' id='word_1_288' title='bbox 1861 1850 1922 1906; x_wconf 91' lang='lat' dir='ltr'>in</span> <span class='ocrx_word' id='word_1_289' title='bbox 1948 1849 2162 1920; x_wconf 91' lang='lat' dir='ltr'>templo</span> <span class='ocrx_word' id='word_1_290' title='bbox 2195 1846 2317 1921; x_wconf 85' lang='lat' dir='ltr'>[imo</span> <span class='ocrx_word' id='word_1_291' title='bbox 2345 1851 2406 1905; x_wconf 93' lang='lat' dir='ltr'>in</span> <span class='ocrx_word' id='word_1_292' title='bbox 2432 1849 2644 1924; x_wconf 87' lang='lat' dir='ltr'>monte]</span> <span class='ocrx_word' id='word_1_293' title='bbox 2676 1856 2742 1906; x_wconf 91' lang='lat' dir='ltr'>ut</span> <span class='ocrx_word' id='word_1_294' title='bbox 2769 1850 2998 1906; x_wconf 87' lang='lat' dir='ltr'>doceret</span> <span class='ocrx_word' id='word_1_295' title='bbox 3023 1850 3235 1919; x_wconf 88' lang='lat' dir='ltr'>turbas,</span> <span class='ocrx_word' id='word_1_296' title='bbox 3281 1850 3500 1906; x_wconf 88' lang='lat' dir='ltr'>dicebat</span> 
     </span>
    </p>
   </div>
   <div class='ocr_carea' id='block_1_49' title="bbox 1863 1943 3497 2017">
    <p class='ocr_par' dir='ltr' id='par_1_49' title="bbox 1863 1943 3497 2017">
     <span class='ocr_line' id='line_1_49' title="bbox 1863 1943 3497 2017; baseline 0.001 -19"><span class='ocrx_word' id='word_1_297' title='bbox 1863 1943 1972 1999; x_wconf 90' lang='lat' dir='ltr'>illis</span> <span class='ocrx_word' id='word_1_298' title='bbox 2003 1961 2016 1998; x_wconf 89' lang='lat'>:</span> <span class='ocrx_word' id='word_1_299' title='bbox 2040 1944 2221 2000; x_wconf 89' lang='lat' dir='ltr'>Nolite</span> <span class='ocrx_word' id='word_1_300' title='bbox 2237 1950 2462 2016; x_wconf 87' lang='lat' dir='ltr'>putare,</span> <span class='ocrx_word' id='word_1_301' title='bbox 2476 1944 2750 2017; x_wconf 89' lang='lat' dir='ltr'>quoniam</span> <span class='ocrx_word' id='word_1_302' title='bbox 2770 1945 2900 2000; x_wconf 86' lang='lat' dir='ltr'>veni</span> <span class='ocrx_word' id='word_1_303' title='bbox 2915 1945 3130 2000; x_wconf 89' lang='lat' dir='ltr'>solvere</span> <span class='ocrx_word' id='word_1_304' title='bbox 3145 1945 3348 2016; x_wconf 82' lang='lat' dir='ltr'>legem,</span> <span class='ocrx_word' id='word_1_305' title='bbox 3366 1949 3497 2012; x_wconf 87' lang='lat' dir='ltr'>etc.,</span> 
     </span>
    </p>
   </div>
   <div class='ocr_carea' id='block_1_50' title="bbox 1864 2038 3498 2111">
    <p class='ocr_par' dir='ltr' id='par_1_50' title="bbox 1864 2038 3498 2111">
     <span class='ocr_line' id='line_1_50' title="bbox 1864 2038 3498 2111; baseline 0.001 -19"><span class='ocrx_word' id='word_1_306' title='bbox 1864 2053 2034 2108; x_wconf 89' lang='lat' dir='ltr'>usque</span> <span class='ocrx_word' id='word_1_307' title='bbox 2054 2039 2241 2094; x_wconf 92' lang='lat' dir='ltr'>Donec</span> <span class='ocrx_word' id='word_1_308' title='bbox 2261 2039 2461 2094; x_wconf 88' lang='lat' dir='ltr'>reddas</span> <span class='ocrx_word' id='word_1_309' title='bbox 2481 2038 2854 2094; x_wconf 91' lang='lat' dir='ltr'>novissimum</span> <span class='ocrx_word' id='word_1_310' title='bbox 2870 2039 3264 2111; x_wconf 87' lang='lat' dir='ltr'>quadrantem.</span> <span class='ocrx_word' id='word_1_311' title='bbox 3283 2039 3498 2110; x_wconf 82' lang='lat' dir='ltr'>(Matth.</span> 
     </span>
    </p>
   </div>
   <div class='ocr_carea' id='block_1_51' title="bbox 1866 2134 2163 2204">
    <p class='ocr_par' dir='ltr' id='par_1_51' title="bbox 1866 2134 2163 2204">
     <span class='ocr_line' id='line_1_51' title="bbox 1866 2134 2163 2204; baseline 0.01 -20"><span class='ocrx_word' id='word_1_312' title='bbox 1866 2149 1917 2202; x_wconf 87' lang='lat' dir='ltr'>v,</span> <span class='ocrx_word' id='word_1_313' title='bbox 1953 2134 2163 2204; x_wconf 69' lang='lat'>17-26.)</span> 
     </span>
    </p>
   </div>
   <div class='ocr_carea' id='block_1_52' title="bbox 2010 2248 3352 2314">
    <p class='ocr_par' dir='ltr' id='par_1_52' title="bbox 2010 2248 3352 2314">
     <span class='ocr_line' id='line_1_52' title="bbox 2010 2248 3352 2314; baseline -0.001 -14"><span class='ocrx_word' id='word_1_314' title='bbox 2010 2250 2184 2300; x_wconf 90' lang='lat' dir='ltr'>Lectio</span> <span class='ocrx_word' id='word_1_315' title='bbox 2219 2251 2385 2301; x_wconf 87' lang='lat' dir='ltr'>sancti</span> <span class='ocrx_word' id='word_1_316' title='bbox 2416 2249 2684 2314; x_wconf 82' lang='lat' dir='ltr'>Evangelii</span> <span class='ocrx_word' id='word_1_317' title='bbox 2713 2249 3003 2300; x_wconf 89' lang='lat' dir='ltr'>secundum</span> <span class='ocrx_word' id='word_1_318' title='bbox 3033 2248 3352 2301; x_wconf 66' lang='lat' dir='ltr'>Matthmum.</span> 
     </span>
    </p>
   </div>
   <div class='ocr_carea' id='block_1_53' title="bbox 1938 2343 3500 2417">
    <p class='ocr_par' dir='ltr' id='par_1_53' title="bbox 1938 2343 3500 2417">
     <span class='ocr_line' id='line_1_53' title="bbox 1938 2343 3500 2417; baseline 0.001 -19"><span class='ocrx_word' id='word_1_319' title='bbox 1938 2346 2134 2400; x_wconf 88' lang='lat' dir='ltr'>Petrus</span> <span class='ocrx_word' id='word_1_320' title='bbox 2162 2345 2463 2417; x_wconf 89' lang='lat' dir='ltr'>Apostolus</span> <span class='ocrx_word' id='word_1_321' title='bbox 2486 2347 2617 2400; x_wconf 90' lang='lat' dir='ltr'>Iesu</span> <span class='ocrx_word' id='word_1_322' title='bbox 2642 2344 2852 2400; x_wconf 90' lang='lat' dir='ltr'>Christi</span> <span class='ocrx_word' id='word_1_323' title='bbox 2877 2343 3064 2400; x_wconf 90' lang='lat' dir='ltr'>electis</span> <span class='ocrx_word' id='word_1_324' title='bbox 3090 2344 3320 2400; x_wconf 85' lang='lat' dir='ltr'>advenis</span> <span class='ocrx_word' id='word_1_325' title='bbox 3353 2345 3500 2400; x_wconf 89' lang='lat' dir='ltr'>Pon-</span> 
     </span>
    </p>
   </div>
   <div class='ocr_carea' id='block_1_54' title="bbox 1866 2438 3500 2510">
    <p class='ocr_par' dir='ltr' id='par_1_54' title="bbox 1866 2438 3500 2510">
     <span class='ocr_line' id='line_1_54' title="bbox 1866 2438 3500 2510; baseline 0 -16"><span class='ocrx_word' id='word_1_326' title='bbox 1866 2438 1930 2506; x_wconf 91' lang='lat' dir='ltr'>ti,</span> <span class='ocrx_word' id='word_1_327' title='bbox 1962 2442 2093 2508; x_wconf 87' lang='lat' dir='ltr'>etc.,</span> <span class='ocrx_word' id='word_1_328' title='bbox 2122 2455 2290 2510; x_wconf 89' lang='lat' dir='ltr'>usque</span> <span class='ocrx_word' id='word_1_329' title='bbox 2321 2440 2396 2494; x_wconf 87' lang='lat' dir='ltr'>ad</span> <span class='ocrx_word' id='word_1_330' title='bbox 2419 2443 2598 2509; x_wconf 81' lang='lat' dir='ltr'>ﬁnem,</span> <span class='ocrx_word' id='word_1_331' title='bbox 2632 2440 2868 2509; x_wconf 69' lang='lat' dir='ltr'>exceptis</span> <span class='ocrx_word' id='word_1_332' title='bbox 2897 2439 3073 2495; x_wconf 80' lang='lat' dir='ltr'>tribus</span> <span class='ocrx_word' id='word_1_333' title='bbox 3098 2440 3305 2494; x_wconf 86' lang='lat' dir='ltr'>ultimis</span> <span class='ocrx_word' id='word_1_334' title='bbox 3332 2443 3500 2494; x_wconf 79' lang='lat' dir='ltr'>versi-</span> 
     </span>
    </p>
   </div>
   <div class='ocr_carea' id='block_1_55' title="bbox 1871 2533 2792 2603">
    <p class='ocr_par' dir='ltr' id='par_1_55' title="bbox 1871 2533 2792 2603">
     <span class='ocr_line' id='line_1_55' title="bbox 1871 2533 2792 2603; baseline 0 -17"><span class='ocrx_word' id='word_1_335' title='bbox 1871 2533 1990 2598; x_wconf 88' lang='lat' dir='ltr'>bus,</span> <span class='ocrx_word' id='word_1_336' title='bbox 2018 2533 2198 2588; x_wconf 80' lang='lat' dir='ltr'>divisa</span> <span class='ocrx_word' id='word_1_337' title='bbox 2224 2535 2282 2587; x_wconf 84' lang='lat' dir='ltr'>in</span> <span class='ocrx_word' id='word_1_338' title='bbox 2311 2534 2563 2588; x_wconf 88' lang='lat' dir='ltr'>undecim</span> <span class='ocrx_word' id='word_1_339' title='bbox 2582 2539 2792 2603; x_wconf 84' lang='lat' dir='ltr'>partes.</span> 
     </span>
    </p>
   </div>
   <div class='ocr_carea' id='block_1_56' title="bbox 2255 2655 3132 2696">
    <p class='ocr_par' dir='ltr' id='par_1_56' title="bbox 2255 2655 3132 2696">
     <span class='ocr_line' id='line_1_56' title="bbox 2255 2655 3132 2696; baseline 0.001 -2"><span class='ocrx_word' id='word_1_340' title='bbox 2255 2655 2492 2696; x_wconf 85' lang='lat' dir='ltr'>LEGENDA</span> <span class='ocrx_word' id='word_1_341' title='bbox 2525 2656 2700 2696; x_wconf 74' lang='lat' dir='ltr'>EADEM</span> <span class='ocrx_word' id='word_1_342' title='bbox 2731 2656 2817 2695; x_wconf 86' lang='lat' dir='ltr'>DIE</span> <span class='ocrx_word' id='word_1_343' title='bbox 2849 2657 2918 2696; x_wconf 91' lang='lat' dir='ltr'>AD</span> <span class='ocrx_word' id='word_1_344' title='bbox 2950 2657 3132 2695; x_wconf 72' lang='lat' dir='ltr'>SEXTA.</span> 
     </span>
    </p>
   </div>
   <div class='ocr_carea' id='block_1_57' title="bbox 2035 2729 3324 2795">
    <p class='ocr_par' dir='ltr' id='par_1_57' title="bbox 2035 2729 3324 2795">
     <span class='ocr_line' id='line_1_57' title="bbox 2035 2729 3324 2795; baseline 0.001 -16"><span class='ocrx_word' id='word_1_345' title='bbox 2035 2729 2267 2795; x_wconf 84' lang='lat' dir='ltr'>Epistola</span> <span class='ocrx_word' id='word_1_346' title='bbox 2299 2730 2466 2780; x_wconf 86' lang='lat' dir='ltr'>sancti</span> <span class='ocrx_word' id='word_1_347' title='bbox 2499 2745 2560 2781; x_wconf 90' lang='lat' dir='ltr'>ac</span> <span class='ocrx_word' id='word_1_348' title='bbox 2594 2729 2880 2780; x_wconf 85' lang='lat' dir='ltr'>beatissimi</span> <span class='ocrx_word' id='word_1_349' title='bbox 2913 2731 3053 2781; x_wconf 88' lang='lat' dir='ltr'>Petri</span> <span class='ocrx_word' id='word_1_350' title='bbox 3086 2731 3324 2794; x_wconf 89' lang='lat' dir='ltr'>apostoli.</span> 
     </span>
    </p>
   </div>
   <div class='ocr_carea' id='block_1_58' title="bbox 1945 2823 3513 2898">
    <p class='ocr_par' dir='ltr' id='par_1_58' title="bbox 1945 2823 3513 2898">
     <span class='ocr_line' id='line_1_58' title="bbox 1945 2823 3513 2898; baseline -0.001 -16"><span class='ocrx_word' id='word_1_351' title='bbox 1945 2824 1994 2897; x_wconf 92' lang='lat'>1</span> <span class='ocrx_word' id='word_1_352' title='bbox 2012 2823 2138 2898; x_wconf 85' lang='lat' dir='ltr'>5O</span> <span class='ocrx_word' id='word_1_353' title='bbox 2169 2827 2446 2898; x_wconf 88' lang='lat' dir='ltr'>Tempore</span> <span class='ocrx_word' id='word_1_354' title='bbox 2473 2826 2596 2895; x_wconf 91' lang='lat' dir='ltr'>illo,</span> <span class='ocrx_word' id='word_1_355' title='bbox 2625 2826 2848 2882; x_wconf 90' lang='lat' dir='ltr'>dicebat</span> <span class='ocrx_word' id='word_1_356' title='bbox 2877 2826 3150 2880; x_wconf 91' lang='lat' dir='ltr'>Dominus</span> <span class='ocrx_word' id='word_1_357' title='bbox 3166 2827 3324 2882; x_wconf 85' lang='lat' dir='ltr'>Iesus</span> <span class='ocrx_word' id='word_1_358' title='bbox 3351 2825 3513 2881; x_wconf 91' lang='lat' dir='ltr'>disci-</span> 
     </span>
    </p>
   </div>
   <div class='ocr_carea' id='block_1_59' title="bbox 1870 2919 3506 2990">
    <p class='ocr_par' dir='ltr' id='par_1_59' title="bbox 1870 2919 3506 2990">
     <span class='ocr_line' id='line_1_59' title="bbox 1870 2919 3506 2990; baseline 0 -16"><span class='ocrx_word' id='word_1_359' title='bbox 1870 2919 2017 2990; x_wconf 90' lang='lat' dir='ltr'>pulis</span> <span class='ocrx_word' id='word_1_360' title='bbox 2047 2936 2060 2972; x_wconf 89' lang='lat'><strong>:</strong></span> <span class='ocrx_word' id='word_1_361' title='bbox 2089 2919 2266 2973; x_wconf 89' lang='lat' dir='ltr'>Nolite</span> <span class='ocrx_word' id='word_1_362' title='bbox 2285 2920 2565 2990; x_wconf 87' lang='lat' dir='ltr'>judicare,</span> <span class='ocrx_word' id='word_1_363' title='bbox 2599 2925 2805 2974; x_wconf 89' lang='lat' dir='ltr'>utnon</span> <span class='ocrx_word' id='word_1_364' title='bbox 2841 2919 3200 2990; x_wconf 90' lang='lat' dir='ltr'>judicemini,</span> <span class='ocrx_word' id='word_1_365' title='bbox 3237 2924 3369 2987; x_wconf 91' lang='lat' dir='ltr'>etc.,</span> <span class='ocrx_word' id='word_1_366' title='bbox 3412 2935 3506 2975; x_wconf 91' lang='lat' dir='ltr'>us-</span> 
     </span>
    </p>
   </div>
   <div class='ocr_carea' id='block_1_60' title="bbox 1871 3013 3511 3086">
    <p class='ocr_par' dir='ltr' id='par_1_60' title="bbox 1871 3013 3511 3086">
     <span class='ocr_line' id='line_1_60' title="bbox 1871 3013 3511 3086; baseline 0.002 -20"><span class='ocrx_word' id='word_1_367' title='bbox 1871 3029 1973 3083; x_wconf 88' lang='lat' dir='ltr'>que</span> <span class='ocrx_word' id='word_1_368' title='bbox 1998 3013 2123 3068; x_wconf 75' lang='lat' dir='ltr'>Haec</span> <span class='ocrx_word' id='word_1_369' title='bbox 2151 3019 2234 3068; x_wconf 88' lang='lat' dir='ltr'>est</span> <span class='ocrx_word' id='word_1_370' title='bbox 2261 3013 2413 3067; x_wconf 91' lang='lat' dir='ltr'>enim</span> <span class='ocrx_word' id='word_1_371' title='bbox 2434 3014 2526 3068; x_wconf 92' lang='lat' dir='ltr'>lex</span> <span class='ocrx_word' id='word_1_372' title='bbox 2553 3018 2610 3068; x_wconf 92' lang='lat' dir='ltr'>et</span> <span class='ocrx_word' id='word_1_373' title='bbox 2629 3013 2949 3086; x_wconf 82' lang='lat' dir='ltr'>prophetae.</span> <span class='ocrx_word' id='word_1_374' title='bbox 2977 3013 3190 3084; x_wconf 83' lang='lat' dir='ltr'>(Matth.</span> <span class='ocrx_word' id='word_1_375' title='bbox 3215 3029 3309 3084; x_wconf 86' lang='lat' dir='ltr'>vn,</span> <span class='ocrx_word' id='word_1_376' title='bbox 3345 3014 3511 3084; x_wconf 80' lang='lat' dir='ltr'>H2.)</span> 
     </span>
    </p>
   </div>
   <div class='ocr_carea' id='block_1_61' title="bbox 2036 3132 3364 3198">
    <p class='ocr_par' dir='ltr' id='par_1_61' title="bbox 2036 3132 3364 3198">
     <span class='ocr_line' id='line_1_61' title="bbox 2036 3132 3364 3198; baseline -0.002 -14"><span class='ocrx_word' id='word_1_377' title='bbox 2036 3135 2191 3184; x_wconf 90' lang='lat' dir='ltr'>Lecto</span> <span class='ocrx_word' id='word_1_378' title='bbox 2226 3133 2393 3184; x_wconf 90' lang='lat' dir='ltr'>sancti</span> <span class='ocrx_word' id='word_1_379' title='bbox 2417 3133 2688 3198; x_wconf 83' lang='lat' dir='ltr'>Evangelii</span> <span class='ocrx_word' id='word_1_380' title='bbox 2719 3132 3009 3184; x_wconf 86' lang='lat' dir='ltr'>secundum</span> <span class='ocrx_word' id='word_1_381' title='bbox 3043 3133 3364 3194; x_wconf 67' lang='lat' dir='ltr'>Matthaaum,</span> 
     </span>
    </p>
   </div>
   <div class='ocr_carea' id='block_1_62' title="bbox 115 3179 3362 3290">
    <p class='ocr_par' dir='ltr' id='par_1_62' title="bbox 115 3179 3362 3290">
     <span class='ocr_line' id='line_1_62' title="bbox 115 3179 3362 3290; baseline -0.004 -4"><span class='ocrx_word' id='word_1_382' title='bbox 115 3191 337 3290; x_wconf 48' lang='lat' dir='ltr'>&quot;ﬁt&quot;?</span> <span class='ocrx_word' id='word_1_383' title='bbox 363 3190 834 3290; x_wconf 54' lang='grc' dir='ltr'>δίοέρῐξθυίλίιέτν</span> <span class='ocrx_word' id='word_1_384' title='bbox 864 3190 1134 3290; x_wconf 46' lang='lat' dir='ltr'>“tm”?</span> <span class='ocrx_word' id='word_1_385' title='bbox 1159 3190 1219 3244; x_wconf 73' lang='grc' dir='ltr'>ίο</span> <span class='ocrx_word' id='word_1_386' title='bbox 1259 3190 1466 3290; x_wconf 54' lang='grc' dir='ltr'>Μίδεφέ</span> <span class='ocrx_word' id='word_1_387' title='bbox 1505 3190 1766 3290; x_wconf 63' lang='grc' dir='ltr'>θουιξοο·</span> <span class='ocrx_word' id='word_1_388' title='bbox 1791 3179 1845 3253; x_wconf 80' lang='lat' dir='ltr'>C</span> <span class='ocrx_word' id='word_1_389' title='bbox 1941 3179 3362 3290; x_wconf 45' lang='lat' dir='ltr'>ab;ait};assis};faseliimgaa;2</span> 
     </span>
    </p>
   </div>
   <div class='ocr_carea' id='block_1_63' title="bbox 118 3283 1768 3356">
    <p class='ocr_par' dir='ltr' id='par_1_63' title="bbox 118 3283 1768 3356">
     <span class='ocr_line' id='line_1_63' title="bbox 118 3283 1768 3356; baseline 0 -18"><span class='ocrx_word' id='word_1_390' title='bbox 118 3285 428 3356; x_wconf 86' lang='lat' dir='ltr'>gallicano.</span> <span class='ocrx_word' id='word_1_391' title='bbox 469 3284 537 3338; x_wconf 85' lang='lat' dir='ltr'>Et</span> <span class='ocrx_word' id='word_1_392' title='bbox 563 3283 642 3338; x_wconf 89' lang='lat' dir='ltr'>sic</span> <span class='ocrx_word' id='word_1_393' title='bbox 667 3283 902 3340; x_wconf 78' lang='lat' dir='ltr'>fortasse</span> <span class='ocrx_word' id='word_1_394' title='bbox 932 3284 1243 3356; x_wconf 88' lang='lat' dir='ltr'>legendum</span> <span class='ocrx_word' id='word_1_395' title='bbox 1261 3284 1414 3356; x_wconf 91' lang='lat' dir='ltr'>apud</span> <span class='ocrx_word' id='word_1_396' title='bbox 1429 3283 1768 3355; x_wconf 86' lang='lat' dir='ltr'>Gregorium</span> 
     </span>
    </p>
   </div>
   <div class='ocr_carea' id='block_1_64' title="bbox 116 3377 1770 3449">
    <p class='ocr_par' dir='ltr' id='par_1_64' title="bbox 116 3377 1770 3449">
     <span class='ocr_line' id='line_1_64' title="bbox 116 3377 1770 3449; baseline 0.001 -17"><span class='ocrx_word' id='word_1_397' title='bbox 116 3379 175 3432; x_wconf 90' lang='lat' dir='ltr'>in</span> <span class='ocrx_word' id='word_1_398' title='bbox 202 3378 470 3433; x_wconf 72' lang='lat' dir='ltr'>Historia:</span> <span class='ocrx_word' id='word_1_399' title='bbox 499 3377 599 3432; x_wconf 90' lang='lat' dir='ltr'>lib.</span> <span class='ocrx_word' id='word_1_400' title='bbox 630 3394 662 3431; x_wconf 89' lang='lat' dir='ltr'>x</span> <span class='ocrx_word' id='word_1_401' title='bbox 704 3395 829 3449; x_wconf 90' lang='lat' dir='ltr'>cap.</span> <span class='ocrx_word' id='word_1_402' title='bbox 864 3377 1093 3445; x_wconf 87' lang='lat' dir='ltr'>ultimo,</span> <span class='ocrx_word' id='word_1_403' title='bbox 1135 3377 1233 3432; x_wconf 90' lang='lat' dir='ltr'>ubi</span> <span class='ocrx_word' id='word_1_404' title='bbox 1272 3378 1526 3436; x_wconf 87' lang='lat' dir='ltr'>Clausum</span> <span class='ocrx_word' id='word_1_405' title='bbox 1564 3379 1770 3434; x_wconf 85' lang='lat' dir='ltr'>Pascha</span> 
     </span>
    </p>
   </div>
   <div class='ocr_carea' id='block_1_65' title="bbox 117 3472 357 3545">
    <p class='ocr_par' dir='ltr' id='par_1_65' title="bbox 117 3472 357 3545">
     <span class='ocr_line' id='line_1_65' title="bbox 117 3472 357 3545; baseline 0.004 -19"><span class='ocrx_word' id='word_1_406' title='bbox 117 3472 357 3545; x_wconf 84' lang='lat' dir='ltr'>legitur.</span> 
     </span>
    </p>
   </div>
   <div class='ocr_carea' id='block_1_66' title="bbox 171 3586 1713 3643">
    <p class='ocr_par' dir='ltr' id='par_1_66' title="bbox 171 3586 1713 3643">
     <span class='ocr_line' id='line_1_66' title="bbox 171 3586 1713 3643; baseline -0.001 -2"><span class='ocrx_word' id='word_1_407' title='bbox 171 3586 310 3642; x_wconf 76' lang='lat' dir='ltr'>LIII.</span> <span class='ocrx_word' id='word_1_408' title='bbox 353 3601 605 3641; x_wconf 76' lang='lat' dir='ltr'>LEGENDA</span> <span class='ocrx_word' id='word_1_409' title='bbox 643 3601 903 3640; x_wconf 66' lang='lat' dir='ltr'>DOXINICA</span> <span class='ocrx_word' id='word_1_410' title='bbox 943 3601 995 3639; x_wconf 82' lang='grc' dir='ltr'>ιν</span> <span class='ocrx_word' id='word_1_411' title='bbox 1032 3601 1163 3640; x_wconf 85' lang='lat' dir='ltr'>POST</span> <span class='ocrx_word' id='word_1_412' title='bbox 1199 3602 1442 3643; x_wconf 73' lang='lat' dir='ltr'>CLAUSUII</span> <span class='ocrx_word' id='word_1_413' title='bbox 1483 3601 1713 3641; x_wconf 61' lang='lat' dir='ltr'>PASCIIE.</span> 
     </span>
    </p>
   </div>
   <div class='ocr_carea' id='block_1_67' title="bbox 334 3819 1584 3886">
    <p class='ocr_par' dir='ltr' id='par_1_67' title="bbox 334 3819 1584 3886">
     <span class='ocr_line' id='line_1_67' title="bbox 334 3819 1584 3886; baseline 0 -16"><span class='ocrx_word' id='word_1_414' title='bbox 334 3819 516 3871; x_wconf 88' lang='lat' dir='ltr'>Lectio</span> <span class='ocrx_word' id='word_1_415' title='bbox 550 3819 717 3871; x_wconf 88' lang='lat' dir='ltr'>sancti</span> <span class='ocrx_word' id='word_1_416' title='bbox 750 3819 1021 3886; x_wconf 84' lang='lat' dir='ltr'>Evangelii</span> <span class='ocrx_word' id='word_1_417' title='bbox 1054 3821 1343 3873; x_wconf 90' lang='lat' dir='ltr'>secundum</span> <span class='ocrx_word' id='word_1_418' title='bbox 1376 3824 1584 3872; x_wconf 89' lang='lat' dir='ltr'>Lucam.</span> 
     </span>
    </p>
   </div>
   <div class='ocr_carea' id='block_1_68' title="bbox 123 3965 1773 4036">
    <p class='ocr_par' dir='ltr' id='par_1_68' title="bbox 123 3965 1773 4036">
     <span class='ocr_line' id='line_1_68' title="bbox 123 3965 1773 4036; baseline 0 -15"><span class='ocrx_word' id='word_1_419' title='bbox 123 3967 360 4022; x_wconf 84' lang='lat' dir='ltr'>Factum</span> <span class='ocrx_word' id='word_1_420' title='bbox 409 3969 498 4020; x_wconf 88' lang='lat' dir='ltr'>est</span> <span class='ocrx_word' id='word_1_421' title='bbox 543 3968 738 4020; x_wconf 90' lang='lat' dir='ltr'>autem</span> <span class='ocrx_word' id='word_1_422' title='bbox 787 3969 853 4020; x_wconf 89' lang='lat' dir='ltr'>ut</span> <span class='ocrx_word' id='word_1_423' title='bbox 901 3971 1224 4022; x_wconf 90' lang='lat' dir='ltr'>moreretur</span> <span class='ocrx_word' id='word_1_424' title='bbox 1271 3965 1590 4036; x_wconf 87' lang='lat' dir='ltr'>mendicus,</span> <span class='ocrx_word' id='word_1_425' title='bbox 1641 3970 1773 4030; x_wconf 85' lang='lat' dir='ltr'>etc.,</span> 
     </span>
    </p>
   </div>
   <div class='ocr_carea' id='block_1_69' title="bbox 116 4058 1772 4132">
    <p class='ocr_par' dir='ltr' id='par_1_69' title="bbox 116 4058 1772 4132">
     <span class='ocr_line' id='line_1_69' title="bbox 116 4058 1772 4132; baseline 0.001 -16"><span class='ocrx_word' id='word_1_426' title='bbox 116 4077 280 4132; x_wconf 81' lang='lat' dir='ltr'>usque</span> <span class='ocrx_word' id='word_1_427' title='bbox 305 4059 370 4116; x_wconf 89' lang='lat' dir='ltr'>Si</span> <span class='ocrx_word' id='word_1_428' title='bbox 398 4058 528 4132; x_wconf 86' lang='lat' dir='ltr'>quis</span> <span class='ocrx_word' id='word_1_429' title='bbox 555 4075 626 4115; x_wconf 87' lang='lat' dir='ltr'>ex</span> <span class='ocrx_word' id='word_1_430' title='bbox 651 4059 898 4115; x_wconf 90' lang='lat' dir='ltr'>mortuis</span> <span class='ocrx_word' id='word_1_431' title='bbox 942 4059 1320 4117; x_wconf 86' lang='lat' dir='ltr'>resurrexerit</span> <span class='ocrx_word' id='word_1_432' title='bbox 1340 4060 1590 4116; x_wconf 90' lang='lat' dir='ltr'>credent.</span> <span class='ocrx_word' id='word_1_433' title='bbox 1618 4059 1772 4132; x_wconf 89' lang='lat' dir='ltr'>(Luc.</span> 
     </span>
    </p>
   </div>
   <div class='ocr_carea' id='block_1_70' title="bbox 126 4157 256 4228">
    <p class='ocr_par' dir='ltr' id='par_1_70' title="bbox 126 4157 256 4228">
     <span class='ocr_line' id='line_1_70' title="bbox 126 4157 256 4228; baseline 0 -18"><span class='ocrx_word' id='word_1_434' title='bbox 126 4157 256 4228; x_wconf 78' lang='lat' dir='ltr'>xvi.)</span> 
     </span>
    </p>
   </div>
   <div class='ocr_carea' id='block_1_71' title="bbox 182 4267 1699 4325">
    <p class='ocr_par' dir='ltr' id='par_1_71' title="bbox 182 4267 1699 4325">
     <span class='ocr_line' id='line_1_71' title="bbox 182 4267 1699 4325; baseline 0.001 -3"><span class='ocrx_word' id='word_1_435' title='bbox 182 4267 316 4323; x_wconf 85' lang='lat' dir='ltr'>LIV.</span> <span class='ocrx_word' id='word_1_436' title='bbox 362 4282 614 4322; x_wconf 78' lang='lat' dir='ltr'>LEGENDA</span> <span class='ocrx_word' id='word_1_437' title='bbox 649 4283 908 4323; x_wconf 66' lang='lat' dir='ltr'>noumca</span> <span class='ocrx_word' id='word_1_438' title='bbox 946 4285 981 4322; x_wconf 91' lang='lat' dir='ltr'>v</span> <span class='ocrx_word' id='word_1_439' title='bbox 1019 4285 1143 4323; x_wconf 83' lang='lat' dir='ltr'>posr</span> <span class='ocrx_word' id='word_1_440' title='bbox 1181 4284 1424 4325; x_wconf 69' lang='lat' dir='ltr'>cuusuu</span> <span class='ocrx_word' id='word_1_441' title='bbox 1465 4284 1699 4324; x_wconf 65' lang='lat' dir='ltr'>pascua.</span> 
     </span>
    </p>
   </div>
   <div class='ocr_carea' id='block_1_72' title="bbox 532 4359 1377 4426">
    <p class='ocr_par' dir='ltr' id='par_1_72' title="bbox 532 4359 1377 4426">
     <span class='ocr_line' id='line_1_72' title="bbox 532 4359 1377 4426; baseline 0.001 -17"><span class='ocrx_word' id='word_1_442' title='bbox 532 4359 710 4410; x_wconf 90' lang='lat' dir='ltr'>Lectio</span> <span class='ocrx_word' id='word_1_443' title='bbox 743 4363 969 4411; x_wconf 84' lang='lat' dir='ltr'>Actuum</span> <span class='ocrx_word' id='word_1_444' title='bbox 1003 4362 1377 4426; x_wconf 73' lang='lat' dir='ltr'>apdstolorum.</span> 
     </span>
    </p>
   </div>
   <div class='ocr_carea' id='block_1_73' title="bbox 191 4445 1772 4520">
    <p class='ocr_par' dir='ltr' id='par_1_73' title="bbox 191 4445 1772 4520">
     <span class='ocr_line' id='line_1_73' title="bbox 191 4445 1772 4520; baseline 0 -18"><span class='ocrx_word' id='word_1_445' title='bbox 191 4447 480 4518; x_wconf 89' lang='lat' dir='ltr'>Tempore</span> <span class='ocrx_word' id='word_1_446' title='bbox 509 4445 632 4516; x_wconf 93' lang='lat' dir='ltr'>illo,</span> <span class='ocrx_word' id='word_1_447' title='bbox 663 4445 1173 4518; x_wconf 85' lang='lat' dir='ltr'>adpraehendentes</span> <span class='ocrx_word' id='word_1_448' title='bbox 1208 4447 1406 4520; x_wconf 88' lang='lat' dir='ltr'>populi</span> <span class='ocrx_word' id='word_1_449' title='bbox 1441 4446 1679 4501; x_wconf 90' lang='lat' dir='ltr'>Paulum</span> <span class='ocrx_word' id='word_1_450' title='bbox 1715 4451 1772 4502; x_wconf 89' lang='lat' dir='ltr'>et</span> 
     </span>
    </p>
   </div>
   <div class='ocr_carea' id='block_1_74' title="bbox 1965 3331 3414 3373">
    <p class='ocr_par' dir='ltr' id='par_1_74' title="bbox 1965 3331 3414 3373">
     <span class='ocr_line' id='line_1_74' title="bbox 1965 3331 3414 3373; baseline 0 -1"><span class='ocrx_word' id='word_1_451' title='bbox 1965 3333 2225 3373; x_wconf 85' lang='lat' dir='ltr'>LEGENDA&#39;</span> <span class='ocrx_word' id='word_1_452' title='bbox 2248 3335 2315 3372; x_wconf 82' lang='lat' dir='ltr'>AD</span> <span class='ocrx_word' id='word_1_453' title='bbox 2370 3333 2515 3372; x_wconf 86' lang='lat' dir='ltr'><strong>NONA</strong></span> <span class='ocrx_word' id='word_1_454' title='bbox 2559 3333 2734 3372; x_wconf 68' lang='lat' dir='ltr'>EODEM</span> <span class='ocrx_word' id='word_1_455' title='bbox 2777 3333 2861 3372; x_wconf 85' lang='lat' dir='ltr'>DIE</span> <span class='ocrx_word' id='word_1_456' title='bbox 2911 3332 2965 3371; x_wconf 88' lang='lat' dir='ltr'>IN</span> <span class='ocrx_word' id='word_1_457' title='bbox 3015 3331 3414 3372; x_wconf 75' lang='lat' dir='ltr'>ROGATIONIBUS.</span> 
     </span>
    </p>
   </div>
   <div class='ocr_carea' id='block_1_75' title="bbox 2028 3405 3350 3472">
    <p class='ocr_par' dir='ltr' id='par_1_75' title="bbox 2028 3405 3350 3472">
     <span class='ocr_line' id='line_1_75' title="bbox 2028 3405 3350 3472; baseline -0.002 -14"><span class='ocrx_word' id='word_1_458' title='bbox 2028 3409 2201 3459; x_wconf 87' lang='lat' dir='ltr'>Lectio</span> <span class='ocrx_word' id='word_1_459' title='bbox 2231 3407 2398 3458; x_wconf 88' lang='lat' dir='ltr'>sancti</span> <span class='ocrx_word' id='word_1_460' title='bbox 2420 3407 2688 3472; x_wconf 87' lang='lat' dir='ltr'>Evangelii</span> <span class='ocrx_word' id='word_1_461' title='bbox 2717 3405 3004 3458; x_wconf 91' lang='lat' dir='ltr'>secundum</span> <span class='ocrx_word' id='word_1_462' title='bbox 3033 3406 3350 3458; x_wconf 76' lang='lat' dir='ltr'>Matthzeum.</span> 
     </span>
    </p>
   </div>
   <div class='ocr_carea' id='block_1_76' title="bbox 1948 3501 3512 3571">
    <p class='ocr_par' dir='ltr' id='par_1_76' title="bbox 1948 3501 3512 3571">
     <span class='ocr_line' id='line_1_76' title="bbox 1948 3501 3512 3571; baseline 0.001 -16"><span class='ocrx_word' id='word_1_463' title='bbox 1948 3502 2155 3558; x_wconf 90' lang='lat' dir='ltr'>Diebus</span> <span class='ocrx_word' id='word_1_464' title='bbox 2169 3502 2302 3571; x_wconf 91' lang='lat' dir='ltr'>illis,</span> <span class='ocrx_word' id='word_1_465' title='bbox 2323 3502 2466 3558; x_wconf 90' lang='lat' dir='ltr'>dixit</span> <span class='ocrx_word' id='word_1_466' title='bbox 2481 3503 2758 3557; x_wconf 90' lang='lat' dir='ltr'>Dominus</span> <span class='ocrx_word' id='word_1_467' title='bbox 2773 3503 2933 3557; x_wconf 90' lang='lat' dir='ltr'>Iesus</span> <span class='ocrx_word' id='word_1_468' title='bbox 2952 3501 3135 3556; x_wconf 89' lang='lat' dir='ltr'>turbis</span> <span class='ocrx_word' id='word_1_469' title='bbox 3164 3518 3177 3556; x_wconf 90' lang='lat'><strong>:</strong></span> <span class='ocrx_word' id='word_1_470' title='bbox 3213 3501 3512 3558; x_wconf 86' lang='lat' dir='ltr'>Adtendite</span> 
     </span>
    </p>
   </div>
   <div class='ocr_carea' id='block_1_77' title="bbox 1874 3595 3508 3668">
    <p class='ocr_par' dir='ltr' id='par_1_77' title="bbox 1874 3595 3508 3668">
     <span class='ocr_line' id='line_1_77' title="bbox 1874 3595 3508 3668; baseline -0.001 -16"><span class='ocrx_word' id='word_1_471' title='bbox 1874 3612 1946 3652; x_wconf 91' lang='lat' dir='ltr'>ne</span> <span class='ocrx_word' id='word_1_472' title='bbox 1965 3597 2249 3668; x_wconf 90' lang='lat' dir='ltr'>justitiam</span> <span class='ocrx_word' id='word_1_473' title='bbox 2277 3601 2520 3652; x_wconf 89' lang='lat' dir='ltr'>vestram</span> <span class='ocrx_word' id='word_1_474' title='bbox 2547 3596 2760 3652; x_wconf 85' lang='lat' dir='ltr'>faciatis</span> <span class='ocrx_word' id='word_1_475' title='bbox 2789 3611 2979 3650; x_wconf 89' lang='lat' dir='ltr'>coram</span> <span class='ocrx_word' id='word_1_476' title='bbox 3005 3595 3355 3665; x_wconf 91' lang='lat' dir='ltr'>hominibus,</span> <span class='ocrx_word' id='word_1_477' title='bbox 3377 3601 3508 3662; x_wconf 90' lang='lat' dir='ltr'>etc.,</span> 
     </span>
    </p>
   </div>
   <div class='ocr_carea' id='block_1_78' title="bbox 1875 3688 3330 3762">
    <p class='ocr_par' dir='ltr' id='par_1_78' title="bbox 1875 3688 3330 3762">
     <span class='ocr_line' id='line_1_78' title="bbox 1875 3688 3330 3762; baseline -0.002 -16"><span class='ocrx_word' id='word_1_478' title='bbox 1875 3707 2045 3762; x_wconf 86' lang='lat' dir='ltr'>usque</span> <span class='ocrx_word' id='word_1_479' title='bbox 2074 3692 2181 3747; x_wconf 91' lang='lat' dir='ltr'>Sed</span> <span class='ocrx_word' id='word_1_480' title='bbox 2207 3691 2386 3748; x_wconf 90' lang='lat' dir='ltr'>libera</span> <span class='ocrx_word' id='word_1_481' title='bbox 2409 3707 2514 3746; x_wconf 92' lang='lat' dir='ltr'>nos</span> <span class='ocrx_word' id='word_1_482' title='bbox 2542 3707 2574 3744; x_wconf 89' lang='lat' dir='ltr'>a</span> <span class='ocrx_word' id='word_1_483' title='bbox 2598 3689 2770 3744; x_wconf 89' lang='lat' dir='ltr'>malo.</span> <span class='ocrx_word' id='word_1_484' title='bbox 2805 3689 3022 3760; x_wconf 85' lang='lat' dir='ltr'>(Matth.</span> <span class='ocrx_word' id='word_1_485' title='bbox 3056 3705 3132 3756; x_wconf 67' lang='grc' dir='ltr'>γι,</span> <span class='ocrx_word' id='word_1_486' title='bbox 3163 3688 3330 3759; x_wconf 79' lang='lat' dir='ltr'>H3.)</span> 
     </span>
    </p>
   </div>
   <div class='ocr_carea' id='block_1_79' title="bbox 1876 3813 3507 3876">
    <p class='ocr_par' dir='ltr' id='par_1_79' title="bbox 1876 3813 3507 3876">
     <span class='ocr_line' id='line_1_79' title="bbox 1876 3813 3507 3876; baseline -0.003 -8"><span class='ocrx_word' id='word_1_487' title='bbox 1876 3813 2005 3869; x_wconf 86' lang='lat' dir='ltr'>LVI.</span> <span class='ocrx_word' id='word_1_488' title='bbox 2044 3829 2322 3868; x_wconf 77' lang='lat' dir='ltr'>LEGENDDA</span> <span class='ocrx_word' id='word_1_489' title='bbox 2361 3829 2448 3866; x_wconf 76' lang='lat' dir='ltr'>me</span> <span class='ocrx_word' id='word_1_490' title='bbox 2484 3829 2525 3866; x_wconf 91' lang='grc' dir='ltr'>ιι</span> <span class='ocrx_word' id='word_1_491' title='bbox 2559 3827 2615 3865; x_wconf 81' lang='lat' dir='ltr'><strong>IN</strong></span> <span class='ocrx_word' id='word_1_492' title='bbox 2643 3825 3050 3876; x_wconf 79' lang='lat' dir='ltr'>ROGATIONIBUS,</span> <span class='ocrx_word' id='word_1_493' title='bbox 3084 3825 3154 3863; x_wconf 66' lang='lat' dir='ltr'>an</span> <span class='ocrx_word' id='word_1_494' title='bbox 3183 3823 3507 3864; x_wconf 73' lang='lat' dir='ltr'>u&#39;rU&#39;rINos.</span> 
     </span>
    </p>
   </div>
   <div class='ocr_carea' id='block_1_80' title="bbox 2345 3901 3024 3967">
    <p class='ocr_par' dir='ltr' id='par_1_80' title="bbox 2345 3901 3024 3967">
     <span class='ocr_line' id='line_1_80' title="bbox 2345 3901 3024 3967; baseline -0.006 -12"><span class='ocrx_word' id='word_1_495' title='bbox 2345 3905 2518 3955; x_wconf 87' lang='lat' dir='ltr'>Lectio</span> <span class='ocrx_word' id='word_1_496' title='bbox 2555 3904 2701 3954; x_wconf 90' lang='lat' dir='ltr'>lohel</span> <span class='ocrx_word' id='word_1_497' title='bbox 2736 3901 3024 3967; x_wconf 68' lang='lat' dir='ltr'>prOphetm.</span> 
     </span>
    </p>
   </div>
   <div class='ocr_carea' id='block_1_81' title="bbox 1949 3987 3512 4060">
    <p class='ocr_par' dir='ltr' id='par_1_81' title="bbox 1949 3987 3512 4060">
     <span class='ocr_line' id='line_1_81' title="bbox 1949 3987 3512 4060; baseline -0.002 -14"><span class='ocrx_word' id='word_1_498' title='bbox 1949 3995 2074 4048; x_wconf 68' lang='lat' dir='ltr'>Haec</span> <span class='ocrx_word' id='word_1_499' title='bbox 2100 3992 2234 4047; x_wconf 90' lang='lat' dir='ltr'>dicit</span> <span class='ocrx_word' id='word_1_500' title='bbox 2263 3990 2535 4046; x_wconf 90' lang='lat' dir='ltr'>Dominus</span> <span class='ocrx_word' id='word_1_501' title='bbox 2568 4008 2582 4044; x_wconf 88' lang='lat'><strong>:</strong></span> <span class='ocrx_word' id='word_1_502' title='bbox 2613 3988 2900 4059; x_wconf 88' lang='lat' dir='ltr'>Accingite</span> <span class='ocrx_word' id='word_1_503' title='bbox 2927 4004 3044 4057; x_wconf 90' lang='lat' dir='ltr'>vos,</span> <span class='ocrx_word' id='word_1_504' title='bbox 3069 3993 3126 4044; x_wconf 91' lang='lat' dir='ltr'>et</span> <span class='ocrx_word' id='word_1_505' title='bbox 3148 3987 3403 4060; x_wconf 89' lang='lat' dir='ltr'>plangite</span> <span class='ocrx_word' id='word_1_506' title='bbox 3431 4004 3512 4043; x_wconf 86' lang='lat' dir='ltr'>sa-</span> 
     </span>
    </p>
   </div>
   <div class='ocr_carea' id='block_1_82' title="bbox 1876 4081 3508 4156">
    <p class='ocr_par' dir='ltr' id='par_1_82' title="bbox 1876 4081 3508 4156">
     <span class='ocr_line' id='line_1_82' title="bbox 1876 4081 3508 4156; baseline -0.003 -14"><span class='ocrx_word' id='word_1_507' title='bbox 1876 4087 2148 4154; x_wconf 88' lang='lat' dir='ltr'>cerdotes,</span> <span class='ocrx_word' id='word_1_508' title='bbox 2173 4090 2303 4156; x_wconf 91' lang='lat' dir='ltr'>etc.,</span> <span class='ocrx_word' id='word_1_509' title='bbox 2333 4101 2503 4156; x_wconf 84' lang='lat' dir='ltr'>usque</span> <span class='ocrx_word' id='word_1_510' title='bbox 2529 4085 2598 4140; x_wconf 90' lang='lat' dir='ltr'>Et</span> <span class='ocrx_word' id='word_1_511' title='bbox 2625 4082 2897 4139; x_wconf 88' lang='lat' dir='ltr'>terribilis</span> <span class='ocrx_word' id='word_1_512' title='bbox 2915 4082 3098 4153; x_wconf 89' lang='lat' dir='ltr'>valde,</span> <span class='ocrx_word' id='word_1_513' title='bbox 3122 4087 3178 4138; x_wconf 90' lang='lat' dir='ltr'>et</span> <span class='ocrx_word' id='word_1_514' title='bbox 3197 4082 3324 4155; x_wconf 87' lang='lat' dir='ltr'>quis</span> <span class='ocrx_word' id='word_1_515' title='bbox 3345 4081 3508 4138; x_wconf 88' lang='lat' dir='ltr'>susti-</span> 
     </span>
    </p>
   </div>
   <div class='ocr_carea' id='block_1_83' title="bbox 1876 4169 3291 4251">
    <p class='ocr_par' dir='ltr' id='par_1_83' title="bbox 1876 4169 3291 4251">
     <span class='ocr_line' id='line_1_83' title="bbox 1876 4169 3291 4251; baseline -0.006 -13"><span class='ocrx_word' id='word_1_516' title='bbox 1876 4181 2035 4239; x_wconf 89' lang='lat' dir='ltr'>nebit</span> <span class='ocrx_word' id='word_1_517' title='bbox 2058 4181 2229 4237; x_wconf 85' lang='lat' dir='ltr'>eum?</span> <span class='ocrx_word' id='word_1_518' title='bbox 2257 4180 2407 4251; x_wconf 86' lang='lat' dir='ltr'>(Joel.</span> <span class='ocrx_word' id='word_1_519' title='bbox 2441 4196 2480 4250; x_wconf 89' lang='grc' dir='ltr'>ι,</span> <span class='ocrx_word' id='word_1_520' title='bbox 2512 4182 2598 4249; x_wconf 83' lang='lat' dir='ltr'>l3,</span> <span class='ocrx_word' id='word_1_521' title='bbox 2627 4194 2798 4249; x_wconf 89' lang='lat' dir='ltr'>usque</span> <span class='ocrx_word' id='word_1_522' title='bbox 2823 4193 2884 4248; x_wconf 88' lang='grc' dir='ltr'>ιι,</span> <span class='ocrx_word' id='word_1_523' title='bbox 2924 4178 3030 4247; x_wconf 83' lang='grc' dir='ltr'>Η.)</span> <span class='ocrx_word' id='word_1_524' title='bbox 3278 4169 3291 4182; x_wconf 66' lang='grc'><strong>⁸</strong></span> 
     </span>
    </p>
   </div>
   <div class='ocr_carea' id='block_1_84' title="bbox 2239 4299 3142 4343">
    <p class='ocr_par' dir='ltr' id='par_1_84' title="bbox 2239 4299 3142 4343">
     <span class='ocr_line' id='line_1_84' title="bbox 2239 4299 3142 4343; baseline -0.006 0"><span class='ocrx_word' id='word_1_525' title='bbox 2239 4303 2479 4343; x_wconf 85' lang='lat' dir='ltr'>LEGENDA</span> <span class='ocrx_word' id='word_1_526' title='bbox 2511 4301 2686 4341; x_wconf 67' lang='lat' dir='ltr'>EODEM</span> <span class='ocrx_word' id='word_1_527' title='bbox 2718 4300 2805 4339; x_wconf 90' lang='lat' dir='ltr'>DIE</span> <span class='ocrx_word' id='word_1_528' title='bbox 2837 4301 2904 4340; x_wconf 87' lang='lat' dir='ltr'>AD</span> <span class='ocrx_word' id='word_1_529' title='bbox 2937 4299 3142 4339; x_wconf 78' lang='lat' dir='ltr'>TERTIA.</span> 
     </span>
    </p>
   </div>
   <div class='ocr_carea' id='block_1_85' title="bbox 2047 4372 3330 4443">
    <p class='ocr_par' dir='ltr' id='par_1_85' title="bbox 2047 4372 3330 4443">
     <span class='ocr_line' id='line_1_85' title="bbox 2047 4372 3330 4443; baseline -0.005 -14"><span class='ocrx_word' id='word_1_530' title='bbox 2047 4377 2276 4443; x_wconf 88' lang='lat' dir='ltr'>Epistola</span> <span class='ocrx_word' id='word_1_531' title='bbox 2304 4376 2469 4428; x_wconf 91' lang='lat' dir='ltr'>sancti</span> <span class='ocrx_word' id='word_1_532' title='bbox 2501 4390 2562 4426; x_wconf 89' lang='lat' dir='ltr'>ac</span> <span class='ocrx_word' id='word_1_533' title='bbox 2596 4373 2887 4426; x_wconf 84' lang='lat' dir='ltr'>beatissimi</span> <span class='ocrx_word' id='word_1_534' title='bbox 2919 4373 3056 4424; x_wconf 87' lang='lat' dir='ltr'>Petri</span> <span class='ocrx_word' id='word_1_535' title='bbox 3089 4372 3330 4437; x_wconf 88' lang='lat' dir='ltr'>apostoli.</span> 
     </span>
    </p>
   </div>
   <div class='ocr_carea' id='block_1_86' title="bbox 1947 4467 3508 4544">
    <p class='ocr_par' dir='ltr' id='par_1_86' title="bbox 1947 4467 3508 4544">
     <span class='ocr_line' id='line_1_86' title="bbox 1947 4467 3508 4544; baseline -0.006 -13"><span class='ocrx_word' id='word_1_536' title='bbox 1947 4475 2141 4531; x_wconf 91' lang='lat' dir='ltr'>Simon</span> <span class='ocrx_word' id='word_1_537' title='bbox 2167 4477 2363 4530; x_wconf 89' lang='lat' dir='ltr'>Petrus</span> <span class='ocrx_word' id='word_1_538' title='bbox 2391 4489 2586 4530; x_wconf 87' lang='lat' dir='ltr'>servus</span> <span class='ocrx_word' id='word_1_539' title='bbox 2611 4476 2666 4528; x_wconf 91' lang='lat' dir='ltr'>et</span> <span class='ocrx_word' id='word_1_540' title='bbox 2696 4471 2996 4544; x_wconf 86' lang='lat' dir='ltr'>Apostolus</span> <span class='ocrx_word' id='word_1_541' title='bbox 3023 4471 3154 4524; x_wconf 89' lang='lat' dir='ltr'>Iesu</span> <span class='ocrx_word' id='word_1_542' title='bbox 3182 4468 3392 4526; x_wconf 89' lang='lat' dir='ltr'>Christi</span> <span class='ocrx_word' id='word_1_543' title='bbox 3417 4467 3508 4523; x_wconf 90' lang='lat' dir='ltr'>his</span> 
     </span>
    </p>
   </div>
   <div class='ocr_carea' id='block_1_87' title="bbox 128 4540 3513 4644">
    <p class='ocr_par' dir='ltr' id='par_1_87' title="bbox 128 4540 3513 4644">
     <span class='ocr_line' id='line_1_87' title="bbox 128 4540 3513 4644; baseline -0.009 0"><span class='ocrx_word' id='word_1_544' title='bbox 128 4540 326 4644; x_wconf 48' lang='lat'>$1311.&quot;.</span> <span class='ocrx_word' id='word_1_545' title='bbox 351 4544 486 4644; x_wconf 41' lang='lat' dir='ltr'>eff?</span> <span class='ocrx_word' id='word_1_546' title='bbox 514 4556 682 4612; x_wconf 70' lang='lat' dir='ltr'>usque</span> <span class='ocrx_word' id='word_1_547' title='bbox 707 4540 888 4613; x_wconf 60' lang='lat' dir='ltr'>Igitur</span> <span class='ocrx_word' id='word_1_548' title='bbox 909 4545 1182 4598; x_wconf 60' lang='lat' dir='ltr'>exeuntes</span> <span class='ocrx_word' id='word_1_549' title='bbox 1208 4542 1284 4597; x_wconf 68' lang='lat' dir='ltr'>ite</span> <span class='ocrx_word' id='word_1_550' title='bbox 1304 4558 1435 4596; x_wconf 72' lang='lat' dir='ltr'>cum</span> <span class='ocrx_word' id='word_1_551' title='bbox 1454 4557 1611 4613; x_wconf 67' lang='lat' dir='ltr'>pace&#39;</span> <span class='ocrx_word' id='word_1_552' title='bbox 1631 4541 1771 4612; x_wconf 57' lang='grc' dir='ltr'>(λίπ’</span> <span class='ocrx_word' id='word_1_553' title='bbox 1795 4558 1854 4630; x_wconf 88' lang='lat' dir='ltr'>D</span> <span class='ocrx_word' id='word_1_554' title='bbox 1876 4569 1975 4644; x_wconf 87' lang='lat' dir='ltr'>qui</span> <span class='ocrx_word' id='word_1_555' title='bbox 1997 4570 2342 4642; x_wconf 86' lang='lat' dir='ltr'>coaequalem</span> <span class='ocrx_word' id='word_1_556' title='bbox 2361 4567 2524 4624; x_wconf 92' lang='lat' dir='ltr'>nobis</span> <span class='ocrx_word' id='word_1_557' title='bbox 2554 4540 2899 4622; x_wconf 42' lang='lat' dir='ltr'>sortiti&#39;sunt</span> <span class='ocrx_word' id='word_1_558' title='bbox 2938 4563 3128 4632; x_wconf 83' lang='lat' dir='ltr'>ﬁdem,</span> <span class='ocrx_word' id='word_1_559' title='bbox 3169 4566 3298 4633; x_wconf 88' lang='lat' dir='ltr'>etc.,</span> <span class='ocrx_word' id='word_1_560' title='bbox 3341 4577 3513 4632; x_wconf 86' lang='lat' dir='ltr'>usque</span> 
     </span>
    </p>
   </div>
   <div class='ocr_carea' id='block_1_88' title="bbox 127 4637 489 4706">
    <p class='ocr_par' dir='ltr' id='par_1_88' title="bbox 127 4637 489 4706">
     <span class='ocr_line' id='line_1_88' title="bbox 127 4637 489 4706; baseline 0.003 -18"><span class='ocrx_word' id='word_1_561' title='bbox 127 4649 231 4706; x_wconf 72' lang='grc' dir='ltr'>ιη,</span> <span class='ocrx_word' id='word_1_562' title='bbox 265 4637 489 4704; x_wconf 76' lang='grc'>19-36.)</span> 
     </span>
    </p>
   </div>
   <div class='ocr_carea' id='block_1_89' title="bbox 305 4728 1598 4794">
    <p class='ocr_par' dir='ltr' id='par_1_89' title="bbox 305 4728 1598 4794">
     <span class='ocr_line' id='line_1_89' title="bbox 305 4728 1598 4794; baseline 0 -15"><span class='ocrx_word' id='word_1_563' title='bbox 305 4728 491 4779; x_wconf 86' lang='lat' dir='ltr'>Lectio</span> <span class='ocrx_word' id='word_1_564' title='bbox 526 4729 692 4780; x_wconf 89' lang='lat' dir='ltr'>sancti</span> <span class='ocrx_word' id='word_1_565' title='bbox 725 4729 996 4794; x_wconf 84' lang='lat' dir='ltr'>Evangelii</span> <span class='ocrx_word' id='word_1_566' title='bbox 1027 4729 1316 4780; x_wconf 86' lang='lat' dir='ltr'>secundum</span> <span class='ocrx_word' id='word_1_567' title='bbox 1350 4730 1598 4781; x_wconf 86' lang='lat' dir='ltr'>Marcum.</span> 
     </span>
    </p>
   </div>
   <div class='ocr_carea' id='block_1_90' title="bbox 198 4814 1776 4884">
    <p class='ocr_par' dir='ltr' id='par_1_90' title="bbox 198 4814 1776 4884">
     <span class='ocr_line' id='line_1_90' title="bbox 198 4814 1776 4884; baseline 0.001 -16"><span class='ocrx_word' id='word_1_568' title='bbox 198 4815 413 4870; x_wconf 88' lang='lat' dir='ltr'>Diebus</span> <span class='ocrx_word' id='word_1_569' title='bbox 449 4815 585 4884; x_wconf 90' lang='lat' dir='ltr'>illis,</span> <span class='ocrx_word' id='word_1_570' title='bbox 629 4816 908 4871; x_wconf 87' lang='lat' dir='ltr'>transiens</span> <span class='ocrx_word' id='word_1_571' title='bbox 952 4816 1223 4870; x_wconf 91' lang='lat' dir='ltr'>Dominus</span> <span class='ocrx_word' id='word_1_572' title='bbox 1259 4818 1415 4872; x_wconf 90' lang='lat' dir='ltr'>Iesus</span> <span class='ocrx_word' id='word_1_573' title='bbox 1457 4815 1526 4870; x_wconf 90' lang='lat' dir='ltr'>de</span> <span class='ocrx_word' id='word_1_574' title='bbox 1569 4814 1776 4870; x_wconf 85' lang='lat' dir='ltr'>ﬁnibus</span> 
     </span>
    </p>
   </div>
   <div class='ocr_carea' id='block_1_91' title="bbox 131 4909 1778 4980">
    <p class='ocr_par' dir='ltr' id='par_1_91' title="bbox 131 4909 1778 4980">
     <span class='ocr_line' id='line_1_91' title="bbox 131 4909 1778 4980; baseline 0.001 -18"><span class='ocrx_word' id='word_1_575' title='bbox 131 4909 169 4962; x_wconf 85' lang='grc' dir='ltr'>Τ</span> <span class='ocrx_word' id='word_1_576' title='bbox 169 4910 275 4979; x_wconf 76' lang='lat' dir='ltr'>yri,</span> <span class='ocrx_word' id='word_1_577' title='bbox 306 4909 472 4963; x_wconf 86' lang='lat' dir='ltr'>venit</span> <span class='ocrx_word' id='word_1_578' title='bbox 497 4925 602 4980; x_wconf 91' lang='lat' dir='ltr'>per</span> <span class='ocrx_word' id='word_1_579' title='bbox 627 4909 919 4980; x_wconf 90' lang='lat' dir='ltr'>Sidonem,</span> <span class='ocrx_word' id='word_1_580' title='bbox 948 4916 1080 4980; x_wconf 90' lang='lat' dir='ltr'>etc.,</span> <span class='ocrx_word' id='word_1_581' title='bbox 1109 4927 1275 4980; x_wconf 82' lang='lat' dir='ltr'>usque</span> <span class='ocrx_word' id='word_1_582' title='bbox 1300 4912 1369 4966; x_wconf 86' lang='lat' dir='ltr'>Et</span> <span class='ocrx_word' id='word_1_583' title='bbox 1407 4910 1609 4966; x_wconf 91' lang='lat' dir='ltr'>surdos</span> <span class='ocrx_word' id='word_1_584' title='bbox 1643 4909 1778 4964; x_wconf 87' lang='lat' dir='ltr'>facit</span> 
     </span>
    </p>
   </div>
   <div class='ocr_carea' id='block_1_92' title="bbox 133 5002 1444 5076">
    <p class='ocr_par' dir='ltr' id='par_1_92' title="bbox 133 5002 1444 5076">
     <span class='ocr_line' id='line_1_92' title="bbox 133 5002 1444 5076; baseline 0.004 -21"><span class='ocrx_word' id='word_1_585' title='bbox 133 5003 349 5072; x_wconf 84' lang='lat' dir='ltr'>audire,</span> <span class='ocrx_word' id='word_1_586' title='bbox 376 5007 433 5057; x_wconf 91' lang='lat' dir='ltr'>et</span> <span class='ocrx_word' id='word_1_587' title='bbox 455 5008 645 5058; x_wconf 89' lang='lat' dir='ltr'>mutos</span> <span class='ocrx_word' id='word_1_588' title='bbox 670 5002 850 5076; x_wconf 90' lang='lat' dir='ltr'>loqui.</span> <span class='ocrx_word' id='word_1_589' title='bbox 882 5004 1073 5074; x_wconf 87' lang='lat' dir='ltr'>(Marc.</span> <span class='ocrx_word' id='word_1_590' title='bbox 1103 5021 1199 5074; x_wconf 81' lang='lat' dir='ltr'>vn,</span> <span class='ocrx_word' id='word_1_591' title='bbox 1230 5005 1444 5076; x_wconf 72' lang='lat'>31—37.)</span> 
     </span>
    </p>
   </div>
   <div class='ocr_carea' id='block_1_93' title="bbox 515 5114 1400 5162">
    <p class='ocr_par' dir='ltr' id='par_1_93' title="bbox 515 5114 1400 5162">
     <span class='ocr_line' id='line_1_93' title="bbox 515 5114 1400 5162; baseline 0 -4"><span class='ocrx_word' id='word_1_592' title='bbox 515 5114 698 5159; x_wconf 73' lang='lat' dir='ltr'>NO&#39;LE</span> <span class='ocrx_word' id='word_1_593' title='bbox 744 5115 822 5159; x_wconf 89' lang='lat' dir='ltr'>ET</span> <span class='ocrx_word' id='word_1_594' title='bbox 866 5115 1400 5162; x_wconf 77' lang='lat' dir='ltr'>OBSERVATIONES.</span> 
     </span>
    </p>
   </div>
   <div class='ocr_carea' id='block_1_94' title="bbox 201 5191 1774 5269">
    <p class='ocr_par' dir='ltr' id='par_1_94' title="bbox 201 5191 1774 5269">
     <span class='ocr_line' id='line_1_94' title="bbox 201 5191 1774 5269; baseline -0.001 -17"><span class='ocrx_word' id='word_1_595' title='bbox 201 5191 402 5269; x_wconf 80' lang='grc'>149</span> <span class='ocrx_word' id='word_1_596' title='bbox 442 5197 507 5250; x_wconf 90' lang='lat' dir='ltr'>In</span> <span class='ocrx_word' id='word_1_597' title='bbox 544 5196 753 5251; x_wconf 85' lang='lat' dir='ltr'>Missali</span> <span class='ocrx_word' id='word_1_598' title='bbox 795 5196 1031 5251; x_wconf 90' lang='lat' dir='ltr'>Gothico</span> <span class='ocrx_word' id='word_1_599' title='bbox 1067 5201 1195 5268; x_wconf 89' lang='lat' dir='ltr'>post</span> <span class='ocrx_word' id='word_1_600' title='bbox 1227 5197 1488 5251; x_wconf 90' lang='lat' dir='ltr'>Clausum</span> <span class='ocrx_word' id='word_1_601' title='bbox 1528 5196 1774 5266; x_wconf 74' lang='lat' dir='ltr'>Paschae,</span> 
     </span>
    </p>
   </div>
   <div class='ocr_carea' id='block_1_95' title="bbox 135 5289 1778 5362">
    <p class='ocr_par' dir='ltr' id='par_1_95' title="bbox 135 5289 1778 5362">
     <span class='ocr_line' id='line_1_95' title="bbox 135 5289 1778 5362; baseline 0 -18"><span class='ocrx_word' id='word_1_602' title='bbox 135 5290 287 5345; x_wconf 88' lang='lat' dir='ltr'>nulla</span> <span class='ocrx_word' id='word_1_603' title='bbox 309 5290 488 5345; x_wconf 87' lang='lat' dir='ltr'>missa</span> <span class='ocrx_word' id='word_1_604' title='bbox 509 5289 579 5345; x_wconf 90' lang='lat' dir='ltr'>de</span> <span class='ocrx_word' id='word_1_605' title='bbox 602 5289 907 5344; x_wconf 86' lang='lat' dir='ltr'>Dominicis</span> <span class='ocrx_word' id='word_1_606' title='bbox 923 5290 1400 5362; x_wconf 87' lang='lat' dir='ltr'>consequentibus</span> <span class='ocrx_word' id='word_1_607' title='bbox 1411 5293 1675 5346; x_wconf 86' lang='lat' dir='ltr'>notatur:</span> <span class='ocrx_word' id='word_1_608' title='bbox 1699 5289 1778 5344; x_wconf 92' lang='lat' dir='ltr'>sic</span> 
     </span>
    </p>
   </div>
   <div class='ocr_carea' id='block_1_96' title="bbox 135 5384 1779 5457">
    <p class='ocr_par' dir='ltr' id='par_1_96' title="bbox 135 5384 1779 5457">
     <span class='ocr_line' id='line_1_96' title="bbox 135 5384 1779 5457; baseline 0 -19"><span class='ocrx_word' id='word_1_609' title='bbox 135 5399 259 5439; x_wconf 82' lang='lat' dir='ltr'>vero</span> <span class='ocrx_word' id='word_1_610' title='bbox 280 5385 345 5440; x_wconf 89' lang='lat' dir='ltr'>in</span> <span class='ocrx_word' id='word_1_611' title='bbox 364 5388 565 5439; x_wconf 91' lang='lat' dir='ltr'>nostro</span> <span class='ocrx_word' id='word_1_612' title='bbox 577 5384 947 5454; x_wconf 90' lang='lat' dir='ltr'>Lectionario,</span> <span class='ocrx_word' id='word_1_613' title='bbox 967 5385 1026 5439; x_wconf 93' lang='lat' dir='ltr'>in</span> <span class='ocrx_word' id='word_1_614' title='bbox 1039 5401 1153 5457; x_wconf 88' lang='lat' dir='ltr'>quo</span> <span class='ocrx_word' id='word_1_615' title='bbox 1187 5384 1495 5440; x_wconf 70' lang='lat' dir='ltr'>Dominica:</span> <span class='ocrx_word' id='word_1_616' title='bbox 1527 5384 1779 5456; x_wconf 90' lang='lat' dir='ltr'>quinque</span> 
     </span>
    </p>
   </div>
   <div class='ocr_carea' id='block_1_97' title="bbox 137 5478 1782 5550">
    <p class='ocr_par' dir='ltr' id='par_1_97' title="bbox 137 5478 1782 5550">
     <span class='ocr_line' id='line_1_97' title="bbox 137 5478 1782 5550; baseline 0.001 -20"><span class='ocrx_word' id='word_1_617' title='bbox 137 5483 518 5534; x_wconf 85' lang='lat' dir='ltr'>numerantur</span> <span class='ocrx_word' id='word_1_618' title='bbox 541 5483 673 5533; x_wconf 87' lang='lat' dir='ltr'>ante</span> <span class='ocrx_word' id='word_1_619' title='bbox 697 5479 1120 5550; x_wconf 89' lang='lat' dir='ltr'>Ascensionem,</span> <span class='ocrx_word' id='word_1_620' title='bbox 1169 5478 1251 5533; x_wconf 92' lang='lat' dir='ltr'>uti</span> <span class='ocrx_word' id='word_1_621' title='bbox 1273 5479 1562 5550; x_wconf 86' lang='lat' dir='ltr'>colligitur</span> <span class='ocrx_word' id='word_1_622' title='bbox 1580 5495 1650 5534; x_wconf 92' lang='lat' dir='ltr'>ex</span> <span class='ocrx_word' id='word_1_623' title='bbox 1678 5495 1782 5532; x_wconf 78' lang='lat' dir='ltr'>nu-</span> 
     </span>
    </p>
   </div>
   <div class='ocr_carea' id='block_1_98' title="bbox 137 5572 1783 5645">
    <p class='ocr_par' dir='ltr' id='par_1_98' title="bbox 137 5572 1783 5645">
     <span class='ocr_line' id='line_1_98' title="bbox 137 5572 1783 5645; baseline 0.002 -21"><span class='ocrx_word' id='word_1_624' title='bbox 137 5573 362 5628; x_wconf 88' lang='lat' dir='ltr'>mericis</span> <span class='ocrx_word' id='word_1_625' title='bbox 381 5572 536 5627; x_wconf 90' lang='lat' dir='ltr'>notis</span> <span class='ocrx_word' id='word_1_626' title='bbox 551 5590 569 5641; x_wconf 85' lang='lat'><strong>;</strong></span> <span class='ocrx_word' id='word_1_627' title='bbox 594 5572 818 5628; x_wconf 86' lang='lat' dir='ltr'>tametsi</span> <span class='ocrx_word' id='word_1_628' title='bbox 837 5573 1044 5628; x_wconf 90' lang='lat' dir='ltr'>amisso</span> <span class='ocrx_word' id='word_1_629' title='bbox 1063 5589 1180 5629; x_wconf 92' lang='lat' dir='ltr'>uno</span> <span class='ocrx_word' id='word_1_630' title='bbox 1191 5572 1563 5645; x_wconf 89' lang='lat' dir='ltr'>quaternione</span> <span class='ocrx_word' id='word_1_631' title='bbox 1580 5572 1783 5628; x_wconf 89' lang='lat' dir='ltr'>desunt</span> 
     </span>
    </p>
   </div>
   <div class='ocr_carea' id='block_1_99' title="bbox 141 5665 1779 5739">
    <p class='ocr_par' dir='ltr' id='par_1_99' title="bbox 141 5665 1779 5739">
     <span class='ocr_line' id='line_1_99' title="bbox 141 5665 1779 5739; baseline 0.001 -19"><span class='ocrx_word' id='word_1_632' title='bbox 141 5666 322 5721; x_wconf 70' lang='lat' dir='ltr'>missae</span> <span class='ocrx_word' id='word_1_633' title='bbox 352 5671 472 5722; x_wconf 87' lang='lat' dir='ltr'>tres</span> <span class='ocrx_word' id='word_1_634' title='bbox 499 5672 628 5739; x_wconf 92' lang='lat' dir='ltr'>post</span> <span class='ocrx_word' id='word_1_635' title='bbox 653 5667 920 5722; x_wconf 90' lang='lat' dir='ltr'>Clausum</span> <span class='ocrx_word' id='word_1_636' title='bbox 949 5667 1198 5738; x_wconf 87' lang='lat' dir='ltr'>Paschae,</span> <span class='ocrx_word' id='word_1_637' title='bbox 1225 5672 1282 5723; x_wconf 91' lang='lat' dir='ltr'>et</span> <span class='ocrx_word' id='word_1_638' title='bbox 1307 5667 1497 5725; x_wconf 88' lang='lat' dir='ltr'>media</span> <span class='ocrx_word' id='word_1_639' title='bbox 1531 5683 1661 5739; x_wconf 89' lang='lat' dir='ltr'>pars</span> <span class='ocrx_word' id='word_1_640' title='bbox 1696 5665 1779 5722; x_wconf 55' lang='lat' dir='ltr'>le.</span> 
     </span>
    </p>
   </div>
   <div class='ocr_carea' id='block_1_100' title="bbox 146 5756 1784 5830">
    <p class='ocr_par' dir='ltr' id='par_1_100' title="bbox 146 5756 1784 5830">
     <span class='ocr_line' id='line_1_100' title="bbox 146 5756 1784 5830; baseline 0.002 -21"><span class='ocrx_word' id='word_1_641' title='bbox 146 5757 395 5813; x_wconf 85' lang='lat' dir='ltr'>ctionum</span> <span class='ocrx_word' id='word_1_642' title='bbox 413 5774 520 5830; x_wconf 89' lang='lat' dir='ltr'>pro</span> <span class='ocrx_word' id='word_1_643' title='bbox 541 5756 836 5812; x_wconf 89' lang='lat' dir='ltr'>Dominica</span> <span class='ocrx_word' id='word_1_644' title='bbox 850 5763 1071 5830; x_wconf 87' lang='lat' dir='ltr'>quarta.</span> <span class='ocrx_word' id='word_1_645' title='bbox 1095 5758 1298 5814; x_wconf 87' lang='lat' dir='ltr'>Mirum</span> <span class='ocrx_word' id='word_1_646' title='bbox 1317 5762 1401 5814; x_wconf 91' lang='lat' dir='ltr'>est</span> <span class='ocrx_word' id='word_1_647' title='bbox 1413 5758 1475 5813; x_wconf 88' lang='lat' dir='ltr'>in</span> <span class='ocrx_word' id='word_1_648' title='bbox 1489 5757 1784 5813; x_wconf 85' lang='lat' dir='ltr'>Dominica</span> 
     </span>
    </p>
   </div>
   <div class='ocr_carea' id='block_1_101' title="bbox 1873 4663 2568 4736">
    <p class='ocr_par' dir='ltr' id='par_1_101' title="bbox 1873 4663 2568 4736">
     <span class='ocr_line' id='line_1_101' title="bbox 1873 4663 2568 4736; baseline -0.006 -17"><span class='ocrx_word' id='word_1_649' title='bbox 1873 4667 1934 4720; x_wconf 81' lang='lat' dir='ltr'>in</span> <span class='ocrx_word' id='word_1_650' title='bbox 1951 4669 2110 4736; x_wconf 78' lang='lat' dir='ltr'>ﬁnem</span> <span class='ocrx_word' id='word_1_651' title='bbox 2134 4663 2381 4718; x_wconf 69' lang='lat' dir='ltr'>secundae</span> <span class='ocrx_word' id='word_1_652' title='bbox 2402 4664 2568 4718; x_wconf 84' lang='lat' dir='ltr'>Petri.</span> 
     </span>
    </p>
   </div>
   <div class='ocr_carea' id='block_1_102' title="bbox 2014 4766 3350 4836">
    <p class='ocr_par' dir='ltr' id='par_1_102' title="bbox 2014 4766 3350 4836">
     <span class='ocr_line' id='line_1_102' title="bbox 2014 4766 3350 4836; baseline -0.007 -10"><span class='ocrx_word' id='word_1_653' title='bbox 2014 4775 2187 4827; x_wconf 92' lang='lat' dir='ltr'>Lectio</span> <span class='ocrx_word' id='word_1_654' title='bbox 2217 4774 2383 4824; x_wconf 83' lang='lat' dir='ltr'>sancti</span> <span class='ocrx_word' id='word_1_655' title='bbox 2411 4770 2678 4836; x_wconf 86' lang='lat' dir='ltr'>Evangelii</span> <span class='ocrx_word' id='word_1_656' title='bbox 2710 4769 2998 4821; x_wconf 88' lang='lat' dir='ltr'>secundum</span> <span class='ocrx_word' id='word_1_657' title='bbox 3032 4766 3350 4819; x_wconf 73' lang='lat' dir='ltr'>Matthmum.</span> 
     </span>
    </p>
   </div>
   <div class='ocr_carea' id='block_1_103' title="bbox 1948 4857 3518 4925">
    <p class='ocr_par' dir='ltr' id='par_1_103' title="bbox 1948 4857 3518 4925">
     <span class='ocr_line' id='line_1_103' title="bbox 1948 4857 3518 4925; baseline -0.005 -7"><span class='ocrx_word' id='word_1_658' title='bbox 1948 4862 2151 4918; x_wconf 87' lang='lat' dir='ltr'>Diebus</span> <span class='ocrx_word' id='word_1_659' title='bbox 2176 4861 2285 4915; x_wconf 91' lang='lat' dir='ltr'>illis</span> <span class='ocrx_word' id='word_1_660' title='bbox 2311 4859 2491 4915; x_wconf 85' lang='lat' dir='ltr'>stabat</span> <span class='ocrx_word' id='word_1_661' title='bbox 2532 4857 2803 4912; x_wconf 91' lang='lat' dir='ltr'>Dominus</span> <span class='ocrx_word' id='word_1_662' title='bbox 2840 4857 2998 4910; x_wconf 85' lang='lat' dir='ltr'>Iesus</span> <span class='ocrx_word' id='word_1_663' title='bbox 3040 4870 3202 4909; x_wconf 90' lang='lat' dir='ltr'>secus</span> <span class='ocrx_word' id='word_1_664' title='bbox 3238 4871 3416 4925; x_wconf 89' lang='lat' dir='ltr'>mare,</span> <span class='ocrx_word' id='word_1_665' title='bbox 3461 4859 3518 4910; x_wconf 91' lang='lat' dir='ltr'>et</span> 
     </span>
    </p>
   </div>
   <div class='ocr_carea' id='block_1_104' title="bbox 1875 4949 3518 5030">
    <p class='ocr_par' dir='ltr' id='par_1_104' title="bbox 1875 4949 3518 5030">
     <span class='ocr_line' id='line_1_104' title="bbox 1875 4949 3518 5030; baseline -0.007 -16"><span class='ocrx_word' id='word_1_666' title='bbox 1875 4961 2239 5030; x_wconf 70' lang='lat' dir='ltr'>congregata:</span> <span class='ocrx_word' id='word_1_667' title='bbox 2265 4958 2397 5010; x_wconf 91' lang='lat' dir='ltr'>sunt</span> <span class='ocrx_word' id='word_1_668' title='bbox 2425 4953 2497 5008; x_wconf 87' lang='lat' dir='ltr'>ad</span> <span class='ocrx_word' id='word_1_669' title='bbox 2521 4968 2654 5008; x_wconf 91' lang='lat' dir='ltr'>eum</span> <span class='ocrx_word' id='word_1_670' title='bbox 2691 4949 2874 5006; x_wconf 82' lang='lat' dir='ltr'>turbae</span> <span class='ocrx_word' id='word_1_671' title='bbox 2912 4949 3132 5019; x_wconf 80' lang='lat' dir='ltr'>multae,</span> <span class='ocrx_word' id='word_1_672' title='bbox 3171 4953 3302 5018; x_wconf 89' lang='lat' dir='ltr'>etc.,</span> <span class='ocrx_word' id='word_1_673' title='bbox 3345 4964 3518 5020; x_wconf 88' lang='lat' dir='ltr'>usque</span> 
     </span>
    </p>
   </div>
   <div class='ocr_carea' id='block_1_105' title="bbox 1876 5043 3518 5117">
    <p class='ocr_par' dir='ltr' id='par_1_105' title="bbox 1876 5043 3518 5117">
     <span class='ocr_line' id='line_1_105' title="bbox 1876 5043 3518 5117; baseline -0.005 -10"><span class='ocrx_word' id='word_1_674' title='bbox 1876 5051 1983 5117; x_wconf 87' lang='lat' dir='ltr'>Qui</span> <span class='ocrx_word' id='word_1_675' title='bbox 2011 5051 2184 5108; x_wconf 89' lang='lat' dir='ltr'>habet</span> <span class='ocrx_word' id='word_1_676' title='bbox 2198 5066 2362 5106; x_wconf 89' lang='lat' dir='ltr'>aures</span> <span class='ocrx_word' id='word_1_677' title='bbox 2382 5045 2649 5104; x_wconf 86' lang='lat' dir='ltr'>audiendi</span> <span class='ocrx_word' id='word_1_678' title='bbox 2675 5043 2886 5101; x_wconf 91' lang='lat' dir='ltr'>audiat.</span> <span class='ocrx_word' id='word_1_679' title='bbox 2921 5044 3134 5115; x_wconf 87' lang='lat' dir='ltr'>(Matth.</span> <span class='ocrx_word' id='word_1_680' title='bbox 3175 5060 3296 5112; x_wconf 83' lang='lat' dir='ltr'>xm,</span> <span class='ocrx_word' id='word_1_681' title='bbox 3336 5044 3518 5113; x_wconf 85' lang='lat'>2-23.)</span> 
     </span>
    </p>
   </div>
   <div class='ocr_carea' id='block_1_106' title="bbox 2261 5171 3137 5218">
    <p class='ocr_par' dir='ltr' id='par_1_106' title="bbox 2261 5171 3137 5218">
     <span class='ocr_line' id='line_1_106' title="bbox 2261 5171 3137 5218; baseline -0.011 -1"><span class='ocrx_word' id='word_1_682' title='bbox 2261 5177 2499 5218; x_wconf 87' lang='lat' dir='ltr'>LEGENDA</span> <span class='ocrx_word' id='word_1_683' title='bbox 2532 5174 2706 5214; x_wconf 73' lang='lat' dir='ltr'>EODEM</span> <span class='ocrx_word' id='word_1_684' title='bbox 2741 5173 2827 5212; x_wconf 88' lang='lat' dir='ltr'>DIE</span> <span class='ocrx_word' id='word_1_685' title='bbox 2859 5173 2927 5212; x_wconf 88' lang='lat' dir='ltr'>AD</span> <span class='ocrx_word' id='word_1_686' title='bbox 2957 5171 3137 5211; x_wconf 72' lang='lat' dir='ltr'>SEXTA.</span> 
     </span>
    </p>
   </div>
   <div class='ocr_carea' id='block_1_107' title="bbox 2025 5243 3393 5319">
    <p class='ocr_par' dir='ltr' id='par_1_107' title="bbox 2025 5243 3393 5319">
     <span class='ocr_line' id='line_1_107' title="bbox 2025 5243 3393 5319; baseline -0.009 -14"><span class='ocrx_word' id='word_1_687' title='bbox 2025 5254 2258 5319; x_wconf 89' lang='lat' dir='ltr'>Epistola</span> <span class='ocrx_word' id='word_1_688' title='bbox 2284 5250 2450 5302; x_wconf 90' lang='lat' dir='ltr'>sancti</span> <span class='ocrx_word' id='word_1_689' title='bbox 2472 5264 2533 5300; x_wconf 88' lang='lat' dir='ltr'>ac</span> <span class='ocrx_word' id='word_1_690' title='bbox 2561 5247 2852 5298; x_wconf 89' lang='lat' dir='ltr'>beatissimi</span> <span class='ocrx_word' id='word_1_691' title='bbox 2877 5245 3125 5297; x_wconf 88' lang='lat' dir='ltr'>Iohannis</span> <span class='ocrx_word' id='word_1_692' title='bbox 3149 5243 3393 5309; x_wconf 87' lang='lat' dir='ltr'>apostoli.</span> 
     </span>
    </p>
   </div>
   <div class='ocr_carea' id='block_1_108' title="bbox 1950 5337 3519 5416">
    <p class='ocr_par' dir='ltr' id='par_1_108' title="bbox 1950 5337 3519 5416">
     <span class='ocr_line' id='line_1_108' title="bbox 1950 5337 3519 5416; baseline -0.009 -11"><span class='ocrx_word' id='word_1_693' title='bbox 1950 5349 2109 5415; x_wconf 89' lang='lat' dir='ltr'>Quod</span> <span class='ocrx_word' id='word_1_694' title='bbox 2134 5348 2245 5404; x_wconf 91' lang='lat' dir='ltr'>fuit</span> <span class='ocrx_word' id='word_1_695' title='bbox 2260 5347 2329 5402; x_wconf 91' lang='lat' dir='ltr'>ab</span> <span class='ocrx_word' id='word_1_696' title='bbox 2350 5345 2538 5414; x_wconf 91' lang='lat' dir='ltr'>inicio,</span> <span class='ocrx_word' id='word_1_697' title='bbox 2563 5343 2717 5416; x_wconf 92' lang='lat' dir='ltr'>quod</span> <span class='ocrx_word' id='word_1_698' title='bbox 2734 5341 3073 5412; x_wconf 89' lang='lat' dir='ltr'>audivimus,</span> <span class='ocrx_word' id='word_1_699' title='bbox 3101 5339 3255 5412; x_wconf 86' lang='lat' dir='ltr'>quod</span> <span class='ocrx_word' id='word_1_700' title='bbox 3273 5337 3519 5393; x_wconf 87' lang='lat' dir='ltr'>vidimus</span> 
     </span>
    </p>
   </div>
   <div class='ocr_carea' id='block_1_109' title="bbox 1881 5433 3516 5512">
    <p class='ocr_par' dir='ltr' id='par_1_109' title="bbox 1881 5433 3516 5512">
     <span class='ocr_line' id='line_1_109' title="bbox 1881 5433 3516 5512; baseline -0.009 -11"><span class='ocrx_word' id='word_1_701' title='bbox 1881 5443 2059 5501; x_wconf 91' lang='lat' dir='ltr'>oculis</span> <span class='ocrx_word' id='word_1_702' title='bbox 2083 5441 2309 5512; x_wconf 90' lang='lat' dir='ltr'>nostris,</span> <span class='ocrx_word' id='word_1_703' title='bbox 2338 5445 2469 5511; x_wconf 90' lang='lat' dir='ltr'>etc.,</span> <span class='ocrx_word' id='word_1_704' title='bbox 2501 5455 2670 5509; x_wconf 85' lang='lat' dir='ltr'>usque</span> <span class='ocrx_word' id='word_1_705' title='bbox 2707 5441 2767 5492; x_wconf 86' lang='lat' dir='ltr'>in</span> <span class='ocrx_word' id='word_1_706' title='bbox 2805 5441 2964 5507; x_wconf 83' lang='lat' dir='ltr'>ﬁnem</span> <span class='ocrx_word' id='word_1_707' title='bbox 2995 5436 3191 5504; x_wconf 72' lang='lat' dir='ltr'>primas</span> <span class='ocrx_word' id='word_1_708' title='bbox 3234 5433 3516 5489; x_wconf 88' lang='lat' dir='ltr'>Iohannis.</span> 
     </span>
    </p>
   </div>
   <div class='ocr_carea' id='block_1_110' title="bbox 2080 5545 3322 5614">
    <p class='ocr_par' dir='ltr' id='par_1_110' title="bbox 2080 5545 3322 5614">
     <span class='ocr_line' id='line_1_110' title="bbox 2080 5545 3322 5614; baseline -0.01 -8"><span class='ocrx_word' id='word_1_709' title='bbox 2080 5553 2254 5606; x_wconf 89' lang='lat' dir='ltr'>Lectio</span> <span class='ocrx_word' id='word_1_710' title='bbox 2287 5551 2455 5603; x_wconf 87' lang='lat' dir='ltr'>sancti</span> <span class='ocrx_word' id='word_1_711' title='bbox 2487 5547 2758 5614; x_wconf 86' lang='lat' dir='ltr'>Evangelii</span> <span class='ocrx_word' id='word_1_712' title='bbox 2791 5545 3082 5597; x_wconf 89' lang='lat' dir='ltr'>secundum</span> <span class='ocrx_word' id='word_1_713' title='bbox 3111 5546 3322 5595; x_wconf 89' lang='lat' dir='ltr'>Lucam.</span> 
     </span>
    </p>
   </div>
   <div class='ocr_carea' id='block_1_111' title="bbox 1954 5639 3518 5726">
    <p class='ocr_par' dir='ltr' id='par_1_111' title="bbox 1954 5639 3518 5726">
     <span class='ocr_line' id='line_1_111' title="bbox 1954 5639 3518 5726; baseline -0.011 -16"><span class='ocrx_word' id='word_1_714' title='bbox 1954 5652 2004 5726; x_wconf 91' lang='lat'>1</span> <span class='ocrx_word' id='word_1_715' title='bbox 2021 5649 2138 5726; x_wconf 81' lang='lat'><strong>51</strong></span> <span class='ocrx_word' id='word_1_716' title='bbox 2177 5653 2240 5705; x_wconf 91' lang='lat' dir='ltr'>In</span> <span class='ocrx_word' id='word_1_717' title='bbox 2263 5649 2358 5704; x_wconf 92' lang='lat' dir='ltr'>illo</span> <span class='ocrx_word' id='word_1_718' title='bbox 2383 5652 2656 5719; x_wconf 90' lang='lat' dir='ltr'>tempore,</span> <span class='ocrx_word' id='word_1_719' title='bbox 2689 5640 2911 5698; x_wconf 89' lang='lat' dir='ltr'>dicebat</span> <span class='ocrx_word' id='word_1_720' title='bbox 2931 5639 3202 5696; x_wconf 90' lang='lat' dir='ltr'>Dominus</span> <span class='ocrx_word' id='word_1_721' title='bbox 3219 5640 3378 5696; x_wconf 84' lang='lat' dir='ltr'>Iesus</span> <span class='ocrx_word' id='word_1_722' title='bbox 3396 5642 3518 5695; x_wconf 90' lang='lat' dir='ltr'>tur-</span> 
     </span>
    </p>
   </div>
   <div class='ocr_carea' id='block_1_112' title="bbox 1882 5734 3523 5806">
    <p class='ocr_par' dir='ltr' id='par_1_112' title="bbox 1882 5734 3523 5806">
     <span class='ocr_line' id='line_1_112' title="bbox 1882 5734 3523 5806; baseline -0.013 0"><span class='ocrx_word' id='word_1_723' title='bbox 1882 5749 1968 5806; x_wconf 89' lang='lat' dir='ltr'>bis</span> <span class='ocrx_word' id='word_1_724' title='bbox 1996 5767 2010 5805; x_wconf 89' lang='lat'><strong>:</strong></span> <span class='ocrx_word' id='word_1_725' title='bbox 2042 5746 2236 5803; x_wconf 87' lang='lat' dir='ltr'>Videte</span> <span class='ocrx_word' id='word_1_726' title='bbox 2263 5748 2320 5799; x_wconf 88' lang='lat' dir='ltr'>et</span> <span class='ocrx_word' id='word_1_727' title='bbox 2360 5747 2550 5797; x_wconf 82' lang='lat' dir='ltr'>cavete</span> <span class='ocrx_word' id='word_1_728' title='bbox 2578 5739 2648 5794; x_wconf 91' lang='lat' dir='ltr'>ab</span> <span class='ocrx_word' id='word_1_729' title='bbox 2677 5735 2836 5793; x_wconf 92' lang='lat' dir='ltr'>omni</span> <span class='ocrx_word' id='word_1_730' title='bbox 2878 5734 3130 5805; x_wconf 87' lang='lat' dir='ltr'>avaritia,</span> <span class='ocrx_word' id='word_1_731' title='bbox 3175 5739 3306 5801; x_wconf 88' lang='lat' dir='ltr'>etc.,</span> <span class='ocrx_word' id='word_1_732' title='bbox 3354 5743 3523 5802; x_wconf 85' lang='lat' dir='ltr'>usque</span> 
     </span>
    </p>
   </div>
   <div class='ocr_carea' id='block_1_113' title="bbox 150 5824 3420 5927">
    <p class='ocr_par' dir='ltr' id='par_1_113' title="bbox 150 5824 3420 5927">
     <span class='ocr_line' id='line_1_113' title="bbox 150 5824 3420 5927; baseline -0.01 -17"><span class='ocrx_word' id='word_1_733' title='bbox 150 5852 345 5922; x_wconf 84' lang='lat' dir='ltr'>quinta</span> <span class='ocrx_word' id='word_1_734' title='bbox 375 5824 599 5910; x_wconf 69' lang='lat' dir='ltr'>nullam</span> <span class='ocrx_word' id='word_1_735' title='bbox 627 5824 908 5925; x_wconf 73' lang='lat' dir='ltr'>assignari</span> <span class='ocrx_word' id='word_1_736' title='bbox 936 5853 1242 5910; x_wconf 90' lang='lat' dir='ltr'>lectionem</span> <span class='ocrx_word' id='word_1_737' title='bbox 1261 5869 1333 5911; x_wconf 90' lang='lat' dir='ltr'>ex</span> <span class='ocrx_word' id='word_1_738' title='bbox 1349 5851 1703 5927; x_wconf 85' lang='lat' dir='ltr'>Apocalypsi.</span> <span class='ocrx_word' id='word_1_739' title='bbox 1726 5853 1786 5910; x_wconf 91' lang='lat' dir='ltr'>ln</span> <span class='ocrx_word' id='word_1_740' title='bbox 1885 5849 1952 5906; x_wconf 82' lang='lat' dir='ltr'>Et</span> <span class='ocrx_word' id='word_1_741' title='bbox 1973 5845 2096 5902; x_wconf 65' lang='lat' dir='ltr'>haec</span> <span class='ocrx_word' id='word_1_742' title='bbox 2124 5839 2316 5898; x_wconf 88' lang='lat' dir='ltr'>omnia</span> <span class='ocrx_word' id='word_1_743' title='bbox 2341 5836 2656 5894; x_wconf 85' lang='lat' dir='ltr'>adicientur</span> <span class='ocrx_word' id='word_1_744' title='bbox 2682 5830 2858 5888; x_wconf 87' lang='lat' dir='ltr'>vobis.</span> <span class='ocrx_word' id='word_1_745' title='bbox 2892 5830 3044 5902; x_wconf 91' lang='lat' dir='ltr'>(Luc.</span> <span class='ocrx_word' id='word_1_746' title='bbox 3072 5845 3173 5897; x_wconf 73' lang='grc' dir='ltr'>χιι,</span> <span class='ocrx_word' id='word_1_747' title='bbox 3211 5824 3420 5894; x_wconf 74' lang='lat'>15-3-1.)</span> 
     </span>
    </p>
   </div>
   <div class='ocr_carea' id='block_1_114' title="bbox 475 5951 1040 6019">
    <p class='ocr_par' dir='ltr' id='par_1_114' title="bbox 475 5951 1040 6019">
     <span class='ocr_line' id='line_1_114' title="bbox 475 5951 1040 6019; baseline -0.004 -1"><span class='ocrx_word' id='word_1_748' title='bbox 475 5952 757 6019; x_wconf 57' lang='lat' dir='ltr'>Parnm“</span> <span class='ocrx_word' id='word_1_749' title='bbox 803 5951 1040 6018; x_wconf 82' lang='lat' dir='ltr'>LXXII.</span> 
     </span>
    </p>
   </div>
   <div class='ocr_carea' id='block_1_115' title="bbox 3169 5933 3203 5988">
    <p class='ocr_par' dir='ltr' id='par_1_115' title="bbox 3169 5933 3203 5988">
     <span class='ocr_line' id='line_1_115' title="bbox 3169 5933 3203 5988; baseline 0 0"><span class='ocrx_word' id='word_1_750' title='bbox 3169 5933 3203 5988; x_wconf 85' lang='lat'><strong>7</strong></span> 
     </span>
    </p>
   </div>
  </div>
