3968 6224
467 270 568 324 203

596 383 836 425 LEGENDA
866 384 935 424 AD
967 383 1110 424 NONA
1143 385 1317 427 EODEM
1350 387 1438 425 DIE
1469 386 1526 423 IN
1555 384 1955 424 ROGA'I'IONIBUS.

539 462 701 517 Liber
736 461 929 516 Judith
966 477 1135 531 usque
1174 464 1366 531 ﬁnem,
1403 466 1593 530 postea
1650 460 2024 527 Evangelium.

624 554 800 603 Lectio
830 554 995 603 sancti
1021 554 1288 617 Evangelii
1317 552 1603 603 secundum
1626 552 1939 602 Mattbaaum.

539 635 745 689 Diebus
769 635 879 689 illis
903 635 1046 690 dixit
1086 635 1353 689 Dominus
1390 636 1549 689 Iesus
1593 634 1771 689 turbis
1801 651 1814 688 :
1853 634 2101 688 Audistis

467 735 604 806 quia
630 732 846 789 dictum
863 737 966 799 est,
988 733 1339 803 Quicumque
1360 731 1638 788 dimiserit
1658 748 1896 787 uxorem
1912 748 2097 801 suam,

465 833 561 888 det
587 833 669 887 illi
692 833 950 887 libellum
978 831 1219 903 repudii,
1275 835 1407 901 etc.,
1450 847 1619 901 usque
1656 831 1799 886 sicut
1842 836 1897 886 et
1938 833 2101 886 Pater

466 931 649 982 vester
677 925 915 981 caelestis
943 926 1228 996 perfectus
1249 929 1351 979 est.
1384 926 1597 995 (Matth.
1628 941 1680 993 ν,
1708 926 1921 997 31-48.)

649 1036 892 1075 LEGENDA
931 1036 1017 1072 DIE
1055 1036 1117 1074 IIl
1154 1036 1209 1073 IN
1249 1035 1635 1074 ROGA'I'IONIBUS
1660 1036 1729 1072 AD
1758 1035 2097 1074 HATUTINUII.

938 1112 1114 1166 Lectio
1148 1113 1293 1161 Osca;
1326 1111 1613 1176 prophetis.

538 1196 665 1249 Haec
710 1195 845 1250 dicit
886 1194 1202 1249 Dominus:
1252 1194 1454 1249 Audite
1493 1194 1619 1262 hoc,
1663 1194 2000 1265 sacerdotes,
2046 1201 2103 1249 et

465 1288 773 1357 adtendite,
801 1289 1001 1343 domus
1032 1288 1261 1356 Israhel,
1290 1293 1420 1355 etc.,
1449 1304 1619 1358 usque
1660 1288 1965 1343 Scientiam
2004 1289 2102 1343 Dei

462 1383 766 1457 plusquam
790 1382 1133 1453 holocausta,
1165 1381 1252 1437 ait.
1269 1381 1543 1436 Dominus
1572 1382 1914 1455 Deus.(Oseaz
1941 1399 1992 1451 ν,
2047 1386 2098 1451 1,

465 1493 635 1548 usque
660 1494 733 1547 vr,
765 1477 840 1547 6.)

832 1584 1072 1623 LEGENDA
1104 1584 1277 1622 EODEM
1310 1584 1396 1623 DIE
1430 1586 1499 1624 AD
1529 1587 1730 1626 TERCIA.

605 1652 839 1717 Epistula
865 1653 1031 1703 sancti
1060 1667 1120 1703 ac
1157 1653 1440 1703 beatissimi
1467 1655 1711 1705 Iohannis
1739 1654 1977 1719 apostoli.

1250 266 1581 322 APPENDIX
1620 264 1707 320 AD
1744 264 1966 319 OPERA
2004 263 2238 321 SANCTI
2276 265 2575 322 GERMANI
2616 266 3044 323 PARISIENSIS.

2122 388 2181 459 Α
2200 376 2461 446 quaedam
2488 377 2718 446 mulier,
2746 397 2773 425 «
2791 375 2931 431 dum
2945 380 3203 447 tempore
3223 373 3573 430 Litaniarum
3593 390 3716 445 prae
3745 390 3858 428 cie-

3741 268 3857 319 204

2199 470 2335 523 catis
2359 470 2534 524 oculis
2562 487 2678 524 non
2706 473 2895 541 posset
2918 470 3001 524 ire
3028 486 3158 524 cum
3189 469 3425 540 populo,
3448 467 3684 523 audiens
3709 468 3859 523 cho-

2200 580 2329 617 rum
2356 563 2738 634 psallentium,
2770 580 2901 618 cum
2929 562 3197 633 lacrymis
3222 562 3418 617 domui
3445 562 3715 616 Germani
3740 562 3853 616 im-

2196 658 2383 728 plorat
2420 657 2718 712 auxilium.
2751 679 2779 707 »
2811 657 2993 711 Tertia
3015 656 3126 723 die,
3148 659 3376 727 recepto
3401 656 3643 724 lumine,
3667 679 3695 705 «
3720 672 3858 710 mu-

2200 750 2273 806 Iie
2282 768 2307 805 r
2318 752 2655 807 clarescente
2671 752 2760 806 die
2772 750 2843 805 ad
2854 751 3085 805 missam
3099 767 3230 805 cum
3242 749 3457 822 p0pulo
3473 750 3854 822 progreditur

2199 849 2259 903 in
2298 863 2584 919 processu.
2633 868 2659 894 »
2701 848 2787 899 An
2836 844 3069 899 Litanize
3108 844 3273 899 dicta}
3315 844 3430 899 sint
3466 860 3538 899 ex
3572 860 3639 899 eo
3686 844 3850 916 quod

2202 945 2526 995 sanctorum
2550 940 2786 994 nomina
2810 939 2870 993 in
2907 938 2987 992 eis
3022 938 3546 1013 frequentarentur,
3592 955 3668 992 an
3705 955 3847 993 vero

2201 1033 2527 1105 hujusmodi
2541 1049 2734 1104 preces
2754 1031 2803 1104 1
2821 1031 2947 1106 53
2964 1050 3031 1087 ex
3048 1032 3162 1087 illis
3174 1030 3682 1103 supplicationibus
3696 1031 3849 1085 Lita-

2200 1128 2428 1183 niarum
2452 1144 2661 1182 nomen
2688 1127 3025 1197 acceperint,
3055 1142 3258 1198 parum
3288 1125 3543 1180 interest;
3590 1126 3737 1181 Illud
3775 1142 3846 1180 ex

2200 1221 2457 1293 Gregorii
2486 1221 2586 1276 lib.
2616 1238 2649 1275 x
2678 1237 2800 1293 cap.
2834 1225 2855 1275 1
2892 1224 3130 1287 constat,
3158 1220 3218 1274 in
3255 1218 3365 1273 illis
3404 1218 3843 1290 supplicationi-

2201 1315 2326 1385 bus,
2353 1332 2493 1386 quas
2517 1315 2826 1386 Gregorius
2845 1314 2988 1369 alter
3005 1330 3105 1368 seu
3122 1315 3356 1384 Magnus
3377 1314 3574 1369 Roma;
3594 1312 3848 1368 instituit

2200 1410 2271 1463 ad
2300 1414 2517 1480 pestem
2542 1408 2957 1480 depellendam,
2988 1410 3155 1476 Kyrie
3180 1408 3399 1469 eleison,
3429 1406 3583 1478 quod
3603 1406 3848 1460 Litania-

2203 1519 2333 1557 rum
2358 1506 2683 1557 nostrarum
2706 1502 2936 1557 initium
2966 1506 3070 1571 est,
3096 1516 3202 1573 per
3228 1501 3442 1572 plateas
3468 1500 3629 1555 urbis
3656 1505 3850 1555 canta-

2201 1601 2327 1652 tum
2349 1597 2544 1651 fuisse.

2274 1690 2379 1745 Sed
2403 1706 2523 1744 non
2550 1689 2612 1743 in
2652 1688 2782 1743 solis
2818 1688 3080 1760 precibus
3123 1694 3221 1744 aut
3240 1689 3461 1760 jejunio
3491 1687 3846 1743 consistebat

534 1740 732 1845 εειξίοι·
760 1740 960 1853 mea
990 1738 1255 1853 δοξηίηεεν
1290 1743 1345 1794 οι
1369 1740 1517 1853 natis
1889 1738 2103 1853 θείω·
2121 1764 2179 1837 B
2202 1738 2523 1839 6.11:“;
2540 1738 3077 1853 έῑριξιζξητ-ίιῖίξέξ
3119 1738 3845 1853 sanesanae;

465 1835 581 1907 ligo
621 1834 681 1888 in
725 1833 981 1902 veritate,
1025 1837 1156 1899 etc.,
1196 1849 1366 1903 usque
1407 1835 1801 1889 Communicat
1839 1835 2104 1906 operibus

464 1928 615 1984 illius
636 1927 917 1998 malignis.
949 1927 1153 1980 Deinde
1181 1933 1562 1996 consequenter
1589 1929 1817 1998 epistola
1840 1930 2103 1984 Johannis

464 2025 626 2077 tertia
649 2024 766 2077 sine
793 2021 951 2075 titulo
978 2038 994 2074 :
1023 2020 1223 2075 Senior
1260 2021 1393 2075 Gaio
1429 2021 1738 2091 carissimo,
1777 2039 1949 2094 quem
1996 2039 2102 2095 ego

464 2116 641 2187 diligo
667 2115 727 2169 in
751 2115 1004 2184 veritate,
1034 2118 1170 2184 etc.,
1198 2131 1369 2184 usque
1394 2116 1670 2180 Quoniam
1714 2117 2102 2172 testimonium

464 2214 723 2265 nostrum
749 2224 948 2263 verum
978 2213 1080 2277 est,
1114 2210 1325 2263 omissis
1354 2211 1597 2263 versibus
1630 2213 1690 2264 13
1721 2216 1771 2265 et
1803 2212 1885 2266 14.

608 2317 782 2368 Lectio
815 2316 981 2367 sancti
1014 2315 1280 2380 Evangelii
1314 2318 1604 2367 secundum
1638 2318 1951 2371 Matthmum.

538 2402 598 2454 In
624 2399 722 2453 illo
746 2402 1001 2468 tempore
1030 2397 1227 2452 relicta
1259 2398 1532 2453 Dominus
1555 2400 1713 2453 Jesus
1742 2399 1963 2455 civitate
1992 2400 2098 2454 Na-

464 2493 675 2561 zareth,
702 2491 857 2545 venit
873 2495 929 2544 et
947 2490 1221 2546 habitavit
1238 2490 1296 2545 in
1318 2492 1713 2563 Capharnaum
1733 2494 2097 2562 maritimam,

466 2592 574 2641 etc.
604 2586 820 2655 (Matth.
852 2600 926 2654 ιν,
960 2586 1169 2656 13-17.)
1209 2587 1342 2639 Tum
1362 2592 1778 2656 consequenter:
1811 2588 2004 2643 Venite
2031 2588 2101 2644 ad

465 2697 558 2735 me
578 2695 775 2767 omnes
790 2677 889 2750 qui
912 2677 1199 2749 laboratis,
1226 2684 1333 2734 etc.
1359 2682 1575 2750 (Matth.
1599 2698 1674 2750 x1,
1694 2683 1873 2754 28-30)
1889 2688 1943 2737 et
1958 2698 2101 2738 onus

465 2790 659 2831 meum
684 2774 826 2829 leve.

838 2877 1076 2917 LEGENDA
1109 2877 1282 2917 EODEM
1315 2878 1399 2917 DIE
1432 2880 1499 2917 AD
1532 2880 1709 2919 SEXTA.

642 2947 873 3012 Epistula
906 2947 1070 2998 sancti
1103 2962 1164 2997 ac
1198 2946 1482 2997 beatissimi
1512 2949 1653 2999 Iudas
1684 2949 1921 3014 apostoli.

538 3033 588 3106 1
605 3032 731 3107 52
757 3034 927 3089 Iudas
950 3035 1082 3088 Jesu
1111 3033 1319 3088 Christi
1344 3050 1557 3105 servus,
1588 3035 1765 3091 frater
1790 3038 1983 3091 autem
2007 3038 2097 3091 Ja-

462 3128 607 3197 cobi,
641 3132 771 3195 etc.,
802 3143 972 3197 usque
1002 3130 1059 3181 in
1084 3131 1264 3197 ﬁnem.

606 3225 783 3276 Lectio
817 3226 983 3275 sancti
1015 3224 1286 3288 Evangelii
1320 3227 1609 3277 secundum
1642 3229 1954 3281 Matthasum.

539 3309 600 3360 In
643 3305 740 3359 illo
785 3309 1043 3377 tempore
1082 3305 1348 3376 loquutus
1385 3312 1469 3362 est
1515 3298 1787 3364 Dominus
1831 3310 1988 3365 Iesus
2027 3310 2100 3365 ad

460 3405 747 3477 principes
789 3404 1145 3459 sacerdotum
1194 3407 1251 3457 et
1294 3404 1365 3459 ad
1411 3405 1724 3461 I’harisasos
1770 3408 2099 3478 parabolam

459 3505 607 3559 hanc
637 3520 650 3558 :
682 3504 859 3557 Homo
891 3502 1134 3557 habebat
1159 3503 1299 3558 duos
1330 3503 1489 3574 filios,
1520 3508 1652 3575 etc.,
1694 3522 1865 3574 usque
1900 3508 2117 3563 Postea

465 3602 527 3653 ut
554 3597 856 3652 crederetis
883 3596 955 3652 ei.
987 3597 1203 3667 (Matth.
1234 3614 1345 3667 xxx,
1378 3600 1593 3669 28-32.)

598 3711 837 3751 LEGENDA
870 3710 937 3749 AD
967 3709 1113 3750 NONA
1146 3709 1319 3749 EODEM
1352 3710 1438 3748 DIE
1470 3710 1526 3749 IN
1558 3711 1952 3753 ROGATIONIBUS.

540 3782 702 3837 Liber
740 3782 933 3835 Hester
970 3795 1139 3850 usque
1176 3784 1356 3849 ﬁnem,
1392 3786 1583 3849 postea
1621 3784 1998 3851 Evangelium.

600 3870 775 3921 Lectio
809 3868 974 3920 sancti
1005 3869 1276 3933 Evangelii
1307 3869 1597 3919 secundum
1631 3871 1947 3923 Mattheum.

530 3952 737 4007 Diebus
780 3952 912 4019 illis,
962 3951 1106 4006 dixit
1142 3951 1414 4006 Dominus
1461 3954 1622 4007 Jesus
1668 3953 1996 4026 discipulis:
2038 3956 2097 4011 Si

457 4047 631 4116 enim,
665 4044 993 4100 dimiseritis
1044 4045 1373 4101 hominibus
1420 4051 1645 4117 peccata
1675 4065 1894 4119 eorum,
1961 4054 2092 4120 etc.,

460 4159 631 4213 usque
675 4142 744 4197 Et
785 4141 977 4196 omnia
1014 4141 1135 4197 haec
1171 4143 1489 4199 adicientur
1531 4145 1705 4201 vobis.
1758 4149 1971 4215 (Matth.
2019 4167 2091 4222 vr,

463 4238 652 4293 14-33.

661 4237 675 4307 )
829 4324 1010 4369 NOTAE
1051 4325 1129 4368 ET
1172 4324 1678 4374 OBSERVA'I‘IONES
1689 4360 1702 4373 .

529 4396 688 4461 Quod
716 4396 776 4451 in
806 4412 920 4450 una
949 4396 1251 4451 Viennensi
1279 4398 1511 4453 ecclesia
1538 4417 1608 4455 ex
1639 4402 1918 4476 singulari
1942 4422 2094 4462 occa-

2204 1879 2375 1933 etiam
2390 1877 2468 1931 im
2475 1876 3060 1948 pendebaturlectioni
3077 1893 3367 1931 sacrarum
3379 1876 3809 1948 Scripturarum
3831 1893 3849 1945 ;

2201 1973 2433 2027 illarum
2459 1970 2707 2025 maxime
2732 1986 2861 2041 quae
2886 1970 2955 2025 ad
2981 1969 3490 2024 commendandam
3524 1969 3849 2024 orationem

2203 2071 2260 2121 et
2286 2067 2707 2134 eleemosynam
2734 2063 3040 2135 pertinent.
3072 2064 3282 2118 Harum
3307 2068 3501 2118 autem
3526 2062 3847 2118 lectionum

2202 2160 2440 2214 modum
2468 2157 2737 2212 discimus
2759 2174 2829 2212 ex
2856 2161 3049 2211 nostro
3079 2156 3449 2226 Lectionario,
3482 2156 3542 2210 in
3572 2173 3692 2228 quo
3719 2173 3845 2210 om-

2203 2270 2303 2308 nes
2322 2255 2579 2307 accurate
2599 2251 2944 2319 referuntur,
2968 2250 3209 2305 utmodo
3226 2250 3846 2321 vidimus..0ptandum

2202 2352 2347 2401 esset
2370 2350 2436 2400 ut
2462 2344 2592 2417 pius
2618 2344 2710 2398 hic
2735 2344 2878 2398 ritus
2906 2344 3105 2400 saltem
3131 2360 3198 2398 ex
3234 2349 3394 2415 parte
3420 2344 3845 2410 restitueretur,

2200 2441 2299 2495 ubi
2324 2440 2599 2494 hactenus
2622 2440 2943 2509 perseverat
2965 2438 3022 2491 in
3066 2438 3303 2493 ecclesia
3340 2436 3748 2492 Mediolancnsi
3787 2436 3847 2490 in

2201 2533 2393 2588 triduo
2438 2532 2805 2599 Litaniarum,
2846 2547 2975 2602 quas
3011 2536 3137 2601 post
3177 2531 3575 2586 Ascensionem
3614 2532 3849 2588 Domini

2203 2627 2579 2683 celebrantur.
2606 2625 2765 2690 Quod
2789 2624 2921 2697 quia
2947 2641 3060 2678 non
3087 2624 3352 2679 omnibus
3392 2630 3599 2680 notum
3643 2632 3754 2695 est,
3785 2628 3843 2683 id

2200 2721 2393 2793 paucis
2420 2734 2703 2791 exponere
2723 2718 2885 2789 juvat
2910 2734 2981 2772 ex
3004 2717 3197 2771 libello
3224 2718 3522 2789 singulari,
3552 2719 3720 2790 cujus
3750 2721 3846 2775 hic

2200 2815 2399 2870 titulus
2426 2818 2511 2867 est
2540 2832 2556 2867 :
2580 2814 2811 2868 Litaniav
2829 2812 3058 2880 majores
3080 2817 3131 2865 et
3151 2812 3424 2866 triduana:
3442 2813 3707 2868 solemnes
3730 2817 3846 2869 ritu

2200 2908 2594 2973 Amb-rosiano;
2643 2924 2678 2959 a
2712 2911 2898 2959 sancto
2940 2906 3131 2959 Carolo
3170 2907 3452 2960 cardinato
3500 2909 3585 2961 tit.
3638 2914 3847 2963 sancte

2201 3002 2466 3055 Pramedis
2507 3000 2906 3069 archiepiscopo
2946 3000 3123 3062 editae,
3162 3016 3307 3054 nunc
3342 3001 3518 3053 denuo
3554 3005 3850 3070 recognitae

2200 3096 2499 3150 Mediolani
2537 3109 2681 3148 anno
2736 3095 2890 3148 1667.
2939 3094 3016 3147 Ita
3055 3110 3186 3148 vero
3226 3093 3315 3149 ha
3359 3093 3595 3149 Litanize
3636 3112 3846 3167 proce-

2122 3139 2175 3213 C
2201 3188 2363 3243 dunt.

2270 3280 2461 3337 Primo
2487 3280 2576 3335 die
2616 3281 2822 3336 harum
2864 3276 3214 3336 Lita'niarum
3256 3280 3677 3350 triduanarum,
3710 3300 3847 3357 quae

2196 3374 2472 3447 proximis
2514 3378 2642 3445 post
2680 3373 3082 3429 Ascensionem
3118 3374 3341 3428 Domini
3376 3375 3533 3429 feriis
3561 3378 3844 3448 secunda,

2196 3468 2365 3523 tertia
2393 3473 2449 3523 et
2473 3471 2674 3540 quarta
2702 3467 3081 3536 celebrantur,
3110 3468 3258 3523 clero
3285 3473 3342 3523 et
3365 3469 3580 3540 populo
3608 3470 3672 3524 in
3712 3489 3843 3526 me-

2196 3562 2594 3634 tmpolitanam
2635 3560 2928 3616 ecclesiam
2967 3566 3333 3632 congregato,
3376 3561 3844 3635 archiepiscopus

2196 3657 2289 3711 vel
2302 3655 2753 3729 poenitentiarius
2770 3654 3020 3711 cinerem
3045 3671 3114 3709 ex
3135 3655 3410 3710 olivarum
3430 3656 3603 3710 ramis
3621 3657 3844 3714 factum

2196 3750 2507 3818 benedicit;
2538 3750 2740 3805 deinde
2768 3749 3131 3822 singulorum
3155 3749 3435 3822 capitibus
3456 3751 3721 3822 imponit,
3757 3752 3842 3807 di-

2190 3860 2327 3899 cens
2355 3861 2369 3899 :
2402 3847 2684 3906 Memento,
2716 3844 2889 3911 homo,
2916 3846 3049 3914 quia
3068 3846 3205 3899 cinis
3230 3859 3305 3907 es,
3338 3850 3389 3899 et
3418 3847 3477 3899 in
3502 3847 3739 3900 cinerem
3763 3863 3845 3901 re-

2194 3941 2441 3994 verteris.
2477 3937 2801 4009 Respondet
2840 3937 3164 4009 accipiens:
3226 3940 3429 3993 Memor
3466 3954 3576 3993 ero.
3621 3939 3843 3995 Deinde

2194 4030 2521 4103 proceditur
2542 4031 2613 4086 ad
2632 4030 2922 4085 basilicam
2943 4031 3123 4087 sancti
3143 4031 3515 4102 Simpliciani,
3544 4032 3647 4086 ubi
3673 4032 3845 4090 dictis

2196 4124 2424 4180 Litaniis
2464 4130 2519 4180 et
2569 4124 2846 4195 oratione,
2898 4125 3160 4181 subditur
3218 4128 3476 4180 Dominus
3537 4127 3838 4183 vobiscum.

2194 4219 2337 4273 Tum
2378 4218 2555 4273 lector
2587 4219 2772 4290 major
2815 4217 3232 4274 secundicerius
3269 4218 3468 4272 recitat
3510 4219 3841 4276 Lectionem

2194 4328 2265 4367 ex
2288 4312 2440 4367 loele
2466 4313 2746 4385 propheta
2777 4331 2792 4367 :
2824 4315 2948 4367 Haec
2990 4312 3122 4366 dicit
3159 4312 3419 4365 Dominus
3458 4313 3600 4367 Deus
3632 4333 3651 4367 :
3694 4314 3837 4369 Con-

2192 4408 2468 4461 vertimini
2491 4408 2567 4462 ad
2590 4423 2672 4462 me
2696 4409 2756 4462 in
2780 4411 2887 4461 toto
2913 4406 3070 4461 corde
3097 4410 3292 4475 vestro,
3323 4408 3431 4459 etc.
3459 4406 3525 4460 Et
3566 4412 3697 4478 post
3722 4424 3841 4464 res.

459 4490 616 4545 sione
668 4489 914 4544 instituit
957 4490 1260 4546 Mamertus
1304 4492 1597 4565 episcopus
1644 4499 1850 4554 saeculo
1895 4517 1949 4571 v,
1994 4500 2545 4588 quiDponsorium,
2575 4500 2732 4573 quod
2756 4499 2975 4572 primus
2999 4498 3255 4554 notarius
3280 4498 3561 4571 praecinit,
3606 4502 3838 4571 primus

459 4586 598 4640 dum
623 4584 761 4639 urbs
799 4584 920 4638 haec
964 4582 1207 4639 insolitis
1248 4590 1414 4642 terra:
1451 4588 1699 4646 motibus
1739 4598 2090 4668 quateretur,

464 4700 490 4728 «
519 4677 1015 4749 appropinquante
1044 4680 1404 4749 Ascensione,
1435 4681 1641 4739 indixit
1683 4688 1905 4758 populis
1937 4689 2089 4761 jeju-

456 4771 641 4839 nium,
670 4770 914 4826 instituit
939 4771 1137 4827 orandi
1168 4774 1422 4846 modum,
1453 4777 1657 4832 edendi
1698 4781 1921 4851 seriem,
1959 4799 2088 4839 ero-

458 4863 633 4936 gandi
656 4863 947 4920 liberalem
990 4865 1487 4940 dispensationem,
1528 4893 1556 4920 ››
1609 4874 1780 4944 quod,
1835 4875 2088 4951 inquam,

456 4963 680 5013 sanctus
730 4958 984 5030 pontifex
1034 4976 1104 5014 ex
1156 4961 1260 5016 hac
1302 4964 1574 5033 peculiari
1640 4982 1806 5022 causa
1866 4969 2090 5044 indixit,

461 5074 488 5104 ‹‹
512 5052 858 5108 cessantibus
882 5054 1086 5108 exinde
1120 5056 1450 5127 terroribus,
1479 5074 1583 5129 per
1603 5066 1829 5118 cunctas
1856 5068 2088 5136 provin-

455 5146 567 5202 cias
604 5147 855 5219 dispersa
896 5148 1028 5202 facti
1066 5148 1216 5202 fama
1254 5155 1487 5206 cunctos
1523 5155 1836 5213 sacerdotes
1878 5160 2092 5217 imitari

454 5242 829 5309 commonuit,
860 5241 1013 5312 quod
1039 5242 1300 5297 sacerdos
1325 5243 1459 5300 fecit
1483 5263 1553 5301 ex
1593 5248 1723 5321 ﬁde,
1768 5274 1795 5301 »
1839 5253 1917 5310 ait
1953 5257 2090 5313 Gre-

456 5335 648 5408 gorius
674 5335 736 5389 in
763 5333 1009 5388 Historia
1033 5334 1130 5389 lib.
1163 5351 1199 5389 11
1228 5353 1349 5408 cap.
1379 5341 1466 5395 34.
1497 5340 1653 5397 Idem
1679 5343 1739 5399 in
1767 5346 1867 5403 lib.
1892 5366 1946 5405 IX
1963 5367 2088 5425 cap.

454 5433 486 5483 6
515 5428 754 5483 modum
778 5428 950 5483 tradit
973 5445 1088 5501 quo
1118 5430 1463 5501 Rogationes
1490 5434 1604 5490 illa;
1625 5438 2046 5499 celebrarentur
2072 5462 2086 5499 :

453 5536 660 5592 nempe
686 5526 750 5575 ut
778 5543 807 5570 «
832 5523 1141 5593 procedens
1166 5526 1421 5595 pontifex
1441 5546 1571 5586 cum
1590 5535 1804 5606 populo
1824 5552 1945 5607 suo,
1969 5539 2090 5593 loca

451 5618 638 5669 sancta
666 5614 1010 5673 circumiret.
1041 5640 1068 5667 »
1101 5619 1441 5692 Rogationes
1470 5625 1579 5682 illa:
1605 5630 1714 5684 alio
1738 5632 1974 5687 nomine
2001 5635 2088 5688 Li-

448 5710 616 5763 taniz
639 5707 801 5765 dicte
825 5715 976 5779 sunt,
1006 5727 1120 5786 quo
1144 5714 1414 5773 vocabulo
1444 5720 1785 5781 Fortunatus
1812 5725 1995 5781 utitur
2026 5727 2087 5783 in

450 5800 573 5860 Vita
593 5803 772 5861 sancti
797 5805 1057 5861 Germani
1085 5808 1427 5869 Parisiorum
1457 5816 1707 5890 episcopi
1730 5835 1854 5891 cap.
1875 5821 1963 5887 33,
1986 5819 2086 5875 ubi

2194 4594 2461 4651 diaconus
2505 4594 2842 4663 ordinarius,
2895 4592 3187 4666 praemisso
3228 4596 3490 4649 Dominus
3532 4595 3836 4667 vobiscum,

2195 4688 2393 4745 recitat
2416 4688 2783 4759 Evangelium
2810 4703 2880 4742 ex
2904 4688 3168 4743 Matthan
3202 4704 3215 4741 :
3245 4688 3423 4742 Nolite
3446 4693 3668 4758 putare,
3694 4706 3836 4759 quo-

2194 4784 2345 4837 niam
2369 4784 2493 4838 veni
2515 4783 2717 4836 solvere
2737 4782 2920 4851 legem,
2943 4786 3049 4837 etc.
3080 4781 3234 4837 Idem
3255 4781 3319 4836 fit
3338 4782 3711 4853 proportione
3732 4800 3841 4854 per

2195 4877 2493 4933 duodecim
2510 4876 2631 4949 ipsa
2657 4876 2747 4931 die
2772 4875 3050 4945 ecclesias,
3082 4875 3144 4930 in
3172 4875 3379 4947 quibus
3405 4875 3607 4931 eodem
3629 4876 3836 4933 ordine

2195 4970 2427 5027 diversae
2452 4988 2522 5027 ex
2548 4970 2838 5041 Scriptura
2865 4969 3138 5027 lectiones
3166 4969 3336 5025 ﬁunt.

2265 5065 2520 5121 Secunda
2545 5065 2636 5119 die
2661 5064 2801 5120 item
2825 5064 2891 5120 iit
2934 5064 3222 5137 processio
3266 5081 3371 5136 per
3404 5080 3610 5120 novem
3653 5066 3833 5122 eccle-

2194 5159 2323 5230 sias,
2354 5159 2415 5213 in
2440 5159 2645 5231 quibus
2671 5159 2911 5231 singulis
2926 5159 3165 5231 singulae
3188 5159 3314 5214 duae
3334 5160 3606 5231 leguntur
3623 5159 3835 5215 Lectio-

2193 5269 2312 5323 nes,
2364 5268 2482 5307 una
2526 5252 2737 5325 passim
2775 5269 2846 5308 ex
2888 5254 3075 5310 Veteri
3123 5256 3501 5323 Testamento,
3544 5254 3720 5309 altera
3762 5270 3833 5310 ex

2194 5347 2515 5418 Evangelio.
2545 5348 2605 5402 111
2630 5348 2863 5403 ecclesia
2889 5350 3148 5421 septima,
3179 5365 3306 5421 quae
3332 5352 3417 5404 est
3445 5347 3623 5403 sancti
3649 5348 3828 5403 Naza-

2191 5441 2282 5510 rii,
2312 5441 2580 5498 diaconus
2598 5446 2727 5498 ante
2748 5442 3054 5499 lectionem
3074 5442 3365 5515 Evangelii
3384 5442 3532 5497 elata
3550 5458 3690 5496 voce
3710 5442 3792 5498 ait
3816 5459 3828 5497 :

2190 5537 2401 5592 Parcite
2426 5538 2658 5606 fabulis.
2685 5538 2883 5593 Custos
2912 5538 3084 5594 etiam
3114 5554 3127 5591 :
3157 5537 3447 5592 Silentium
3489 5536 3700 5592 habete.
3736 5536 3830 5591 AI-

2190 5630 2278 5686 ter
2300 5648 2433 5689 vero
2460 5633 2763 5707 respondet
2793 5650 2808 5689 :
2852 5633 3058 5688 Habete
3093 5633 3391 5687 silentium.
3437 5631 3584 5695 Tum
3621 5630 3834 5703 legitur

2190 5726 2560 5800 Evangelium
2604 5745 2675 5784 ex
2708 5729 2855 5783 Luca
2886 5744 2901 5783 :
2942 5727 3191 5783 Accessit
3224 5726 3300 5781 ad
3332 5726 3627 5781 Dominum
3649 5726 3831 5781 Iesum

2188 5822 2414 5890 quidam
2454 5821 2646 5896 154
2680 5824 2956 5893 Princeps,
3000 5828 3049 5876 et
3090 5822 3445 5890 interrogavit
3485 5835 3608 5874 eum
3646 5819 3831 5875 dicem
