3968 6224
102 393 191 446 205

1178 386 1265 445 DE
1302 387 1615 444 LITURGIA
1652 386 2025 444 GALLICANA
2063 385 2263 443 LIBER
2302 385 2366 442 ll.

3359 386 3462 440 206

102 499 337 565 Magister
368 497 525 559 bone,
568 496 709 567 quid
740 498 950 566 faciens
999 499 1167 554 vitam
1201 503 1455 553 aeternam
1480 496 1724 567 posside-
1750 496 2138 581 ATheophile
2192 500 2324 565 ctc.,
2371 510 2544 566 usque
2566 492 3055 560 Quemadmodum
3079 490 3295 549 vidistis
3330 508 3462 549 eum

109 593 201 646 bo?
225 594 328 646 etc.

161 684 328 739 Tertia
353 684 469 753 die,
492 685 841 757 supplicatio
862 684 1184 740 instituitur
1209 701 1313 756 per
1338 685 1608 741 undecim
1634 701 1727 740 ec-

105 778 304 847 clesias;
332 782 390 833 et
416 778 476 833 in
505 779 734 850 quinta,
779 796 906 851 quas
948 783 1032 834 est
1070 779 1141 834 ad
1178 784 1438 835 sanctum
1476 780 1725 834 Lauren-

106 872 249 937 tium,
277 871 485 927 dicitur
510 872 654 927 item
682 890 716 927 a
740 872 1011 928 diacono:
1036 875 1248 928 Parcite
1266 874 1499 941 fabulis,
1525 876 1583 928 et
1601 872 1730 927 reli-

107 984 201 1037 qua
222 970 281 1020 ut
303 982 505 1037 supra;
530 971 731 1037 postea
752 968 1123 1039 Evangelium
1152 967 1469 1022 secundum
1496 968 1725 1034 Lucam,

106 1060 251 1113 Homo
272 1060 497 1129 quidam
512 1061 709 1115 habuit
735 1062 871 1115 duos
895 1062 1059 1130 ﬁlios,
1086 1063 1194 1117 etc.
1224 1062 1351 1115 Haec
1376 1077 1492 1115 non
1521 1077 1726 1132 parum

107 1153 401 1208 conducunt
444 1153 519 1208 ad
564 1154 969 1210 illustrandum
1014 1155 1431 1210 Lectionarium
1467 1158 1727 1210 nostrum

106 1247 444 1309 Gallicanum.

166 1342 288 1397 Aliis
318 1342 492 1397 etiam
523 1342 728 1398 diebus
753 1343 968 1398 ﬁebant
994 1343 1055 1398 in
1077 1343 1267 1398 Galliis
1297 1342 1574 1414 ejusmodi
1589 1359 1723 1414 sup-

110 1430 431 1502 plicationes,
460 1432 526 1486 in
556 1432 898 1503 Epiphania,
930 1432 1289 1499 Ascensione,
1318 1438 1376 1487 et
1416 1432 1602 1503 prima
1636 1431 1727 1486 die

112 1523 432 1581 Novembris.
464 1526 545 1580 De
577 1525 899 1598 Epiphania
925 1527 1083 1582 testis
1103 1532 1187 1582 est
1206 1524 1516 1596 Gregorius
1542 1525 1603 1579 in
1626 1524 1723 1579 Hi-

112 1620 273 1673 storia:
298 1619 395 1674 lib.
429 1636 459 1670 v
486 1636 617 1691 cap.
648 1620 679 1673 4
710 1639 723 1674 :
759 1641 786 1670 α
818 1620 1048 1676 Interim
1085 1619 1313 1675 advenit
1349 1620 1469 1673 dies
1503 1623 1727 1673 sanctus

115 1711 432 1784 Epiphania,
464 1718 525 1767 et.
557 1714 653 1767 hic
683 1714 1072 1783 (Roccolenus)
1094 1714 1280 1784 magis
1308 1730 1370 1767 ac
1396 1713 1580 1783 magis
1605 1717 1725 1767 tor-

114 1806 252 1876 queri
302 1806 491 1879 cmpit.
534 1808 793 1879 Denique
842 1824 973 1862 cum
1026 1808 1329 1879 psallentes
1372 1807 1440 1861 de
1493 1806 1729 1861 ecclesia

1830 595 2060 646 euntem
2083 591 2141 645 in
2169 592 2395 645 coelum.
2428 589 2571 657 (Act.
2598 606 2635 655 ι,
2669 588 2845 659 1-11).

2128 692 2357 756 Epistola
2380 691 2525 742 Pauli
2548 689 2773 755 apostoli
2796 688 2862 739 ad
2889 688 3162 751 Ephesios.

1900 779 2140 847 Fratres,
2174 779 2406 834 obsecro
2431 794 2528 833 vos
2554 794 2661 849 ego
2686 776 2907 830 vinctus
2939 774 3000 828 in
3030 772 3293 842 Domino,
3323 777 3455 842 ctc.,

1829 888 1998 942 usque
2014 873 2072 927 In
2086 888 2412 927 mensuram
2425 871 2603 928 aetatis
2615 868 2987 943 plenitudinis
3001 866 3252 938 Christi.(
3264 868 3461 937 Ephes.

1830 982 1903 1035 Iv,
1934 967 2106 1038 1-13).

1993 1066 2169 1118 Lectio
2193 1067 2359 1118 sancti
2381 1065 2651 1131 Evangelii
2675 1066 2966 1117 secundum
2991 1066 3299 1116 Iohannem.

1900 1154 1961 1207 In
2004 1152 2101 1208 illo
2141 1158 2419 1225 tempore,
2471 1152 2614 1207 dixit
2657 1152 2932 1207 Dominus
2971 1153 3133 1208 Jesus
3179 1148 3466 1222 discipulis

1827 1248 1980 1303 suis:
2022 1247 2223 1313 Filioli,
2275 1246 2463 1301 adhuc
2498 1245 2791 1301 modicum
2836 1245 3127 1300 vobiscum
3162 1260 3311 1314 sum,
3357 1246 3465 1298 etc.

1830 1342 2007 1411 (Joan.
2055 1358 2175 1410 xm,
2224 1342 2436 1410 33-35.)
2494 1342 2628 1394 Tum
2680 1342 2836 1396 Joan.
2896 1355 3006 1407 xiv,
3056 1339 3219 1406 1-14;
3265 1353 3328 1392 ac
3372 1337 3463 1391 de-

1825 1452 1973 1491 mum
2010 1437 2139 1489 Luc.
2186 1451 2333 1504 xxiv,
2369 1434 2565 1499 49-53,
2613 1434 2864 1488 desinens
2903 1435 2980 1486 sic
3008 1450 3025 1485 :
3061 1431 3377 1486 Laudantes
3412 1435 3468 1484 et

1828 1529 2224 1585 benedicentes
2246 1528 2448 1583 Deum.

1939 1633 2066 1688 LIX.
2108 1647 2355 1686 LEGENDA
2387 1646 2475 1684 me
2514 1646 2778 1685 nonimco
2806 1646 2929 1684 posr
2954 1643 3344 1683 ascensronnu.

2234 1724 2409 1774 Lectio
2437 1726 2660 1773 Actuum
2685 1722 3062 1786 apostolorum.

1896 1813 2173 1883 Tempore
2195 1810 2315 1877 illo,
2346 1826 2478 1864 cum
2498 1808 2747 1864 venisset
2761 1808 2971 1863 Paulus
2999 1807 3309 1879 Ephesum,
3334 1812 3466 1876 ctc.,

114 1900 296 1971 egressi
319 1901 390 1955 ad
428 1901 730 1956 basilicam
772 1901 999 1973 (nempe
1038 1901 1108 1955 de
1146 1900 1381 1955 ecclesia
1420 1900 1725 1955 cathedrali
1748 1881 1804 1953 Β
1827 1921 1997 1975 usque
2037 1881 2281 1976 Spiritus
2333 1920 2581 1975 nequam
2623 1901 3066 1973 egrediebantur
3109 1918 3217 1972 per
3257 1917 3471 1956 nomen

115 1993 396 2048 'l‘uronensi
426 1995 499 2049 ad
529 1994 825 2049 basilicam
854 1993 1033 2048 sancti
1063 1976 1302 2066 Martini)
1333 1997 1725 2065 properarent,

116 2084 192 2141 hic
213 2092 327 2158 post
355 2104 608 2155 crucem,
634 2087 1089 2159 praecedentibus
1115 2086 1314 2159 signis,
1345 2104 1493 2159 equo
1528 2103 1726 2158 super-

118 2179 302 2249 positus
335 2181 650 2236 ferebatur.
686 2203 715 2229 »
756 2182 949 2253 Itaque
986 2180 1046 2235 in
1086 2180 1193 2235 illis
1227 2180 1731 2253 supplicationibus

118 2274 533 2345 praeferebantur
556 2291 701 2329 crux
732 2280 788 2329 et
815 2275 996 2346 signa,
1025 2274 1111 2329 uti
1137 2273 1310 2329 etiam
1341 2289 1514 2341 nunc,
1546 2274 1606 2328 id
1644 2278 1730 2328 est

121 2369 308 2423 vexilla.
339 2369 491 2423 Idem
517 2369 827 2440 Gregorius
852 2369 920 2423 de
961 2368 1297 2423 Ascensione
1333 2368 1393 2422 in
1435 2368 1567 2423 libri
1591 2368 1730 2422 item

125 2475 148 2511 ν
166 2476 271 2532 cap.
301 2465 355 2516 11
384 2480 399 2516 :
432 2481 461 2514 α
490 2460 597 2516 Die
624 2466 816 2516 autem
843 2461 1029 2529 beato,
1060 2461 1271 2532 inquit,
1299 2478 1412 2533 quo
1452 2462 1729 2517 Dominus

125 2555 180 2609 ad
200 2556 349 2610 caelos
376 2559 505 2629 post
532 2556 903 2627 redemptum
928 2555 1226 2610 hominem
1246 2555 1502 2610 ascendit
1529 2556 1732 2627 glorio-

125 2664 218 2720 sus,
260 2667 385 2706 eum
424 2651 696 2706 sacerdos
736 2649 802 2721 (ls
842 2652 925 2705 est
965 2649 1157 2704 Avitus
1191 2649 1490 2721 episcopus
1524 2653 1727 2705 Arver-

128 2744 298 2814 nensis)
324 2745 391 2800 de
417 2746 655 2800 ecclesia
699 2745 771 2800 ad
802 2744 1089 2799 basilicam
1126 2743 1420 2815 psallendo
1456 2744 1728 2816 procede-

130 2842 214 2903 ret,
253 2843 351 2894 etc.
394 2840 474 2894 Ex
510 2840 606 2894 his
659 2838 985 2909 colligimus
1025 2838 1082 2891 in
1121 2837 1418 2892 Gallicanis
1460 2838 1598 2892 olim
1640 2854 1728 2893 ec-

130 2932 278 2986 clesiis
297 2933 467 2988 moris
484 2934 663 2988 fuisse
684 2938 748 2988 ut
768 2932 983 2988 similes
1005 2931 1445 3002 supplicationes
1468 2931 1529 2986 in
1549 2932 1729 3003 majo-

130 3025 256 3081 ribus
278 3027 443 3097 festis,
473 3034 537 3083 ut
574 3028 769 3095 modo,
804 3026 1023 3082 ﬁerent.
1062 3028 1212 3083 Alias
1248 3026 1491 3081 Litanias
1528 3025 1736 3081 indixit

130 3121 391 3176 concilium
435 3123 819 3191 Lugdunense
862 3138 900 3175 ιι
955 3138 1169 3177 canone
1217 3124 1294 3175 6:
1343 3123 1409 3175 Ut
1450 3121 1508 3173 in
1552 3122 1736 3191 prima

1828 1998 2050 2055 Domini
2072 1999 2202 2053 Jesu
2231 1996 2457 2052 Christi.
2489 1997 2631 2066 (Act.
2661 2012 2817 2065 xvm,
2853 1998 2943 2065 22,
2974 2011 3145 2065 usque
3180 2012 3292 2065 xrx,
3324 1997 3429 2065 12).

1995 2099 2170 2150 Lectio
2199 2098 2364 2149 sancti
2384 2097 2657 2161 Evangelii
2681 2096 2972 2147 secundum
2999 2096 3303 2146 Iohannem.

1903 2188 1963 2240 ln
2017 2185 2111 2239 illo
2158 2189 2432 2256 tempore,
2478 2183 2713 2238 elevavit
2752 2181 3025 2236 Dominus
3070 2182 3228 2236 Jesus
3277 2181 3471 2236 oculos

1830 2296 1959 2335 suos
1989 2279 2047 2332 in
2072 2278 2276 2332 coelum
2305 2283 2359 2333 et
2401 2276 2587 2331 dixit:
2629 2278 2793 2331 Pater
2832 2275 2988 2330 venit
3026 2274 3188 2344 hora,
3231 2274 3472 2329 clariﬂca

1830 2373 2037 2428 Filium
2064 2377 2248 2439 tuum,
2279 2375 2411 2439 etc.,
2436 2386 2605 2440 usque
2626 2371 2694 2425 Ut
2715 2368 2941 2423 dilectio
2962 2384 3074 2440 qua
3092 2367 3338 2423 dilexisti
3355 2383 3469 2439 me,

1830 2466 1889 2521 in
1909 2466 2043 2538 ipsis
2064 2465 2154 2534 sit,
2177 2471 2233 2520 et
2260 2481 2367 2536 ego
2394 2465 2453 2519 in
2479 2463 2633 2535 ipsis.
2665 2462 2839 2533 (Joan.
2867 2479 3001 2532 xvn,
3029 2462 3205 2533 1-26.)

2212 2582 2390 2626 ΝΟΤᾸΞ
2433 2582 2511 2625 ΕΤ
2553 2578 3090 2625 OBSERVATIONES.

1906 2662 2097 2737 156
2130 2665 2191 2717 In
2228 2661 2401 2715 missa
2440 2659 2804 2715 Ascensionis
2836 2658 3025 2729 prima
3056 2657 3246 2712 Lectio
3286 2661 3373 2712 est
3407 2674 3474 2713 ex

1832 2759 1987 2813 Novo
2026 2758 2414 2822 Testamento,
2460 2753 2518 2808 id
2558 2756 2644 2807 est
2682 2769 2748 2807 ex
2778 2751 3013 2806 Actibus
3039 2751 3471 2822 apostolorum;

1834 2851 1891 2906 in
1921 2849 2272 2906 Mozarabico
2300 2866 2365 2901 ex
2392 2847 2579 2919 capite
2612 2861 2667 2900 ιν
2686 2844 3076 2917 Apocalypsis,
3104 2846 3217 2913 Ego
3239 2847 3475 2900 Joannes

1831 2947 1922 3015 fui
1940 2948 1999 2999 in
2028 2945 2251 3013 spiritu,
2275 2948 2325 2997 et
2349 2941 2485 3004 vidi,
2520 2943 2626 2993 etc.
2650 2938 2843 2993 Lectio
2867 2937 3120 2992 secunda
3143 2936 3201 2991 in
3228 2937 3474 2994 Mozara-

1833 3038 1962 3093 bico
1990 3037 2194 3091 eadem
2231 3038 2318 3089 est
2351 3050 2481 3088 cum
2519 3035 2715 3088 nostra
2742 3031 2961 3102 prima;
2995 3031 3366 3102 Evangelium
3408 3046 3474 3084 ex

1833 3131 2069 3187 Joannis
2089 3129 2275 3200 capite
2306 3144 2418 3194 xvr,
2452 3127 2605 3182 Vada
2623 3126 2697 3180 ad
2723 3141 2841 3180 eum
2858 3127 2955 3195 qui
2978 3126 3126 3179 misit
3150 3140 3249 3178 me.
3276 3122 3477 3178 Differt

131 3212 423 3270 hebdomada
464 3220 600 3271 noni
642 3218 863 3279 mensis,
901 3216 997 3270 hoc
1035 3222 1113 3271 est
1153 3220 1279 3270 ante
1313 3214 1456 3268 diem
1489 3216 1731 3268 Domini-

135 3322 221 3331 .-.μ
283 3326 385 3331 μμ..
427 3313 597 3331 ηδε---
658 3312 710 3331 3--
771 3312 882 3331 ἐξ---
938 3326 1111 3331 --------
1158 3311 1405 3331 311-...Α--3Δ
1485 3309 1712 3331 τέλ,.--.’...

1850 3226 2012 3279 etiam
2043 3224 2101 3278 in
2130 3221 2481 3278 Mozarabico
2519 3218 2773 3274 officium
2820 3218 3008 3273 missa:
3039 3234 3145 3288 pro
3177 3216 3476 3271 Dominica

1945 3323 1954 3331 .
2016 3320 2027 3331 Δ
2219 3316 2228 3327 ι
2485 3314 2495 3324 ·
2602 3328 2695 3331 κη-
2756 3311 2885 3331 J_A-_
2934 3313 3153 3331 A-_A-__.-
3201 3310 3474 3331 l__12._..-_

133 3322 243 3370 eam,
275 3326 385 3379 qua
419 3313 604 3381 primo
656 3312 715 3364 in
769 3312 886 3382 ipso
934 3326 1112 3364 mense
1156 3311 1425 3371 intererit,
1478 3309 1730 3371 Litaniac,

134 3403 243 3456 sicut
268 3409 383 3457 ante
406 3405 801 3459 Ascensionem
828 3406 1045 3458 Domini
1069 3405 1247 3458 sancti
1280 3403 1468 3456 Patres
1494 3404 1614 3472 ﬁeri
1640 3402 1731 3456 de-

135 3504 392 3560 creverunt,
424 3498 685 3568 deinceps
714 3497 782 3551 ab
810 3498 1059 3551 omnibus
1085 3497 1317 3551 ecclesiis
1348 3512 1442 3549 seu
1458 3496 1736 3565 parochiis

136 3589 444 3646 celebrentur.
478 3593 561 3647 ιω
590 3595 867 3646 statutum
904 3608 1054 3646 anno
1080 3594 1203 3646 567.
1232 3589 1483 3661 Denique
1512 3593 1736 3643 sanctus

138 3681 290 3738 Gallus
313 3689 697 3741 Arvernorum
737 3684 992 3755 antistes,
1023 3701 1155 3739 cum
1188 3704 1216 3735 «
1244 3684 1367 3738 lues
1411 3682 1737 3754 inguinaria

141 3773 235 3842 (suo
254 3782 515 3851 tempore)
547 3796 656 3851 per
680 3778 927 3833 diversas
956 3778 1299 3848 (Galliarum)
1339 3776 1605 3848 regiones
1636 3776 1731 3831 de-

142 3871 341 3941 sseviret,
364 3874 715 3945 Rogationes
748 3872 874 3927 illas
910 3871 1176 3941 instituit,
1202 3877 1264 3927 ut
1282 3870 1468 3925 media
1484 3869 1733 3934 Quadra-

143 3964 335 4034 gesima,
356 3967 651 4037 psallendo
670 3967 740 4020 ad
762 3965 1056 4020 basilicam
1078 3965 1225 4020 beati
1244 3963 1450 4019 Juliani
1472 3962 1736 4035 martyris

142 4054 305 4113 itinere
323 4060 565 4131 pedestri
594 4060 876 4115 venirent.
908 4060 1050 4115 Sunt
1074 4064 1267 4113 autem
1295 4058 1355 4113 in
1384 4058 1492 4112 hoc
1534 4056 1736 4112 itinere

143 4151 271 4218 quasi
291 4153 460 4209 stadia
489 4156 618 4210 300.
650 4176 676 4203 »
710 4154 875 4225 Apud
900 4151 1236 4225 Gregorium
1262 4152 1323 4207 in
1352 4151 1605 4206 Historiae
1633 4149 1729 4205 lib.

148 4257 186 4296 IV
208 4260 311 4317 cap.
331 4250 380 4302 5.
414 4248 572 4303 Idem
602 4248 660 4302 in
689 4247 789 4301 lib.
813 4246 881 4302 de
903 4246 1043 4301 Vitis
1062 4248 1316 4313 Patrum,
1337 4262 1460 4317 cap.
1491 4248 1543 4313 6,
1572 4260 1730 4298 men-

146 4335 323 4394 tionem
346 4342 469 4398 facit
497 4342 571 4397 de
604 4340 1017 4412 Rogationibus
1053 4340 1161 4394 illis
1197 4363 1223 4390 «
1257 4357 1385 4411 quae
1428 4337 1735 4411 quotannis

150 4428 319 4504 ubique
344 4435 399 4490 in
420 4435 690 4491 Paschate
711 4434 875 4490 ﬁunt.
908 4456 935 4484 ››
959 4433 1066 4490 Sed
1086 4434 1180 4488 hic
1200 4430 1484 4487 Paschalis
1501 4430 1735 4486 nomine

150 4521 534 4599 intelligendum
566 4534 653 4585 est
669 4534 894 4601 tempus
914 4528 1056 4583 illud
1078 4526 1230 4600 quod
1252 4542 1285 4581 a
1305 4525 1735 4581 Resurrectione

1834 3323 1965 3391 post
2000 3316 2431 3383 Ascensionem,
2484 3314 2539 3368 in
2592 3328 2705 3384 quo
2748 3311 2891 3365 duas
2934 3313 3159 3365 tantum
3201 3310 3477 3365 lectiones

1835 3412 2153 3485 praescribit
2200 3407 2625 3464 Lectionarium
2652 3410 2934 3462 nostrum.
2974 3404 3140 3476 Apud
3171 3404 3472 3459 Paulinum

1835 3508 1896 3562 in
1922 3506 2099 3561 natali
2130 3508 2161 3559 9
2191 3504 2261 3558 de
2293 3506 2492 3557 sancto
2526 3501 2707 3555 Felice
2737 3498 3008 3554 Ascensio
3046 3498 3198 3552 inter
3224 3497 3476 3569 majores

1835 3600 2169 3657 festivitates
2198 3614 2315 3651 non
2345 3599 2701 3661 numeratur,
2736 3593 2836 3647 sed
2868 3595 3095 3646 tantum
3126 3592 3324 3645 Natale
3360 3592 3473 3645 Do-

1835 3694 2011 3761 mini,
2054 3691 2404 3764 Epiphania,
2451 3689 2689 3755 Pascha,
2733 3690 2791 3741 et
2828 3687 3213 3740 Pentecostes.
3254 3685 3470 3740 Confer

1837 3806 1905 3844 ea
1932 3804 2059 3860 quae
2098 3785 2343 3841 diximus
2374 3783 2536 3837 initio
2568 3781 2738 3851 hujus
2767 3778 2916 3833 libri.
2948 3778 3141 3831 Exstat
3173 3777 3471 3848 fragmen-

1837 3886 1958 3936 tum
1992 3898 2059 3935 ex
2088 3894 2355 3933 sermone
2373 3874 2518 3930 Aviti
2541 3869 3143 3945 episcoiniennensis
3165 3869 3236 3924 de
3257 3871 3469 3925 Ascen-

1836 3976 1995 4031 sione
2013 3971 2340 4037 Domini,de
2358 3968 2659 4041 quactiam
2675 3967 2923 4038 hymnus
2935 3963 3183 4018 Ennodii
3205 3962 3469 4019 habetur.

2068 4081 2171 4136 XL.
2212 4093 2461 4134 LEGENDA
2503 4093 2556 4130 IN
2597 4090 2797 4129 emero
2844 4088 3232 4129 PENTECOSTEN.

2323 4169 2498 4221 Lectio
2529 4167 2675 4218 Iohel
2701 4166 2988 4231 prephetxe.

1907 4263 2035 4317 Ilaec
2073 4258 2212 4313 dicit
2237 4256 2553 4311 Dominus:
2587 4252 2713 4309 Noli
2744 4252 2948 4307 timere
2990 4255 3165 4320 terra,
3198 4250 3387 4306 exulta
3415 4254 3475 4305 et

1834 4356 2051 4421 laetare,
2081 4356 2213 4419 ctc.,
2251 4367 2421 4421 usque
2452 4347 2805 4405 lnvocaverit
2835 4362 3049 4401 nomen
3080 4343 3327 4413 Domini,
3360 4346 3471 4399 sal-

1833 4465 1934 4503 vus
1966 4447 2093 4514 erit,
2126 4446 2207 4501 ait
2231 4444 2509 4500 Dominus
2535 4444 2703 4497 Deus.
2737 4440 2887 4512 (1οεὶ.
2927 4456 2987 4506 ιι,
3019 4438 3230 4509 21-32).

2230 4546 2409 4598 Lectio
2438 4548 2659 4596 Actuum
2687 4542 3065 4608 apostolorum.

152 4616 204 4670 ad
252 4622 645 4694 Ascensionem,
680 4623 797 4677 imo
826 4627 881 4677 et
923 4623 1290 4677 Pentecosten
1320 4619 1589 4674 excurrit.
1627 4619 1731 4673 Ne-
1754 4633 1815 4705 D
1905 4638 2187 4707 Tempore
2232 4632 2349 4697 ίιιο,
2392 4647 2523 4685 cum
2563 4629 2993 4700 complerentur
3031 4624 3153 4679 die,
3189 4625 3468 4679 Ρθηιθοο-

154 4711 239 4765 scio
260 4730 321 4768 an
346 4716 409 4772 de
436 4716 525 4771 his
550 4715 964 4788 Rogationibus
989 4714 1393 4786 intelligendus
1414 4713 1485 4768 sit
1510 4713 1731 4768 Genna-

154 4801 213 4857 dii
231 4804 367 4863 locus
408 4827 472 4865 ex
518 4828 645 4884 cap.
693 4814 758 4865 99
804 4810 873 4864 de
909 4809 1289 4880 Scriptoribus
1324 4805 1734 4876 ecclesiasticis,

155 4896 228 4952 ubi
247 4900 304 4956 de
327 4904 603 4959 Honorato
627 4903 957 4959 Massiliensi
987 4903 1249 4975 episcopo
1285 4902 1457 4956 etiam
1479 4906 1615 4956 tunc
1642 4916 1733 4954 su-

158 4994 343 5059 perstite
382 5015 572 5070 agens.
619 5021 647 5045 ››
687 4998 949 5067 Litanias,
995 4996 1204 5069 inquit,
1254 4995 1323 5049 ad
1353 4994 1737 5049 inclinandam

160 5083 233 5138 Dei
256 5089 590 5147 clementiam
627 5109 757 5147 cum
791 5092 956 5165 plebe
998 5091 1105 5145 sibi
1142 5089 1353 5145 credita
1379 5106 1486 5160 pro
1526 5088 1739 5143 viribus

163 5178 267 5248 agit.
295 5206 317 5231 υ
338 5186 522 5241 Avitus
544 5186 849 5241 Viennensi
869 5185 929 5240 in
946 5185 1040 5241 illo
1060 5184 1251 5239 triduo
1280 5182 1328 5255 1
1346 5181 1469 5256 55
1503 5182 1738 5237 totidem

166 5286 398 5334 sermones
421 5280 650 5350 habuit;
679 5297 748 5336 ex
783 5279 988 5351 quibus
1026 5295 1179 5335 unus
1214 5278 1458 5349 integer,
1500 5276 1741 5330 aliorum

167 5379 264 5422 vero
285 5371 513 5430 duorum
540 5375 862 5446 fragmenta
885 5378 1126 5429 exstant.
1160 5374 1238 5428 De
1278 5370 1512 5427 Litaniis
1548 5373 1743 5425 contra

168 5456 481 5523 barbarorum
526 5467 880 5524 incursiones
930 5467 1268 5535 indicendis,
1323 5465 1607 5537 simulque
1672 5463 1743 5518 de

170 5557 370 5615 moribus
390 5563 736 5636 corrigendis
761 5566 941 5618 exstat
978 5561 1222 5634 insignis
1259 5558 1513 5631 Gregorii
1556 5555 1741 5629 Magni

175 5647 375 5723 epistola,
398 5673 601 5730 nempe
626 5658 696 5713 45
722 5657 821 5712 lib.
857 5672 931 5711 Ix.

262 5747 415 5811 LVllI.
453 5771 695 5813 LEGENDA
736 5772 794 5811 in
828 5769 1157 5811 ASCENSIONE
1184 5769 1377 5809 boum
1418 5767 1607 5807 nosrm

725 5843 848 5884 δεδι]
887 5842 1094 5883 CHRISTI
1103 5866 1115 5880 .

520 5898 695 5950 Lectio
718 5900 941 5950 Actuum
962 5896 1338 5963 apostolorum.

236 5958 452 6025 Primum
490 5971 716 6045 quidem
758 5958 1087 6027 sermonem
1123 5966 1229 6024 feci
1271 5968 1341 6023 de
1379 5965 1673 6033 omnibus,
1714 5981 1748 6020 ο

1836 4734 1983 4797 sten,
2007 4732 2139 4794 ctc.,
2163 4742 2333 4795 usque
2382 4721 2735 4777 lnvocaverit
2765 4735 2980 4774 nomen
3002 4718 3252 4786 Domini,
3286 4718 3471 4773 salvus

1839 4824 1965 4879 erit.
2002 4822 2145 4893 (Act.
2181 4836 2240 4887 ιι,
2277 4818 2450 4887 1-21.)

1996 4923 2169 4975 Lectio
2192 4920 2359 4972 sancti
2379 4916 2647 4981 Evangelii
2678 4915 2974 4966 secundum
3000 4914 3284 4965 Iohannem

1911 5010 2119 5066 Diebus
2145 5008 2273 5075 illis,
2308 5004 2448 5060 dixit
2480 5001 2758 5058 Dominus
2792 5003 2955 5057 Jesus
2996 5000 3285 5073 discipulis
3317 5000 3468 5055 suis:

1841 5106 1899 5161 Si
1939 5103 2172 5175 diligitis
2212 5118 2327 5169 me,
2360 5097 2637 5153 mandata
2680 5112 2813 5151 mea
2844 5099 3087 5163 servate,
3137 5099 3268 5161 ctc.,
3301 5110 3471 5165 usque

1841 5201 1913 5255 Ut
1959 5213 2087 5253 cum
2133 5197 2349 5251 factum
2389 5192 2581 5260 fuerit,
2614 5190 2881 5246 credatis.
2916 5191 3090 5263 (Joan.
3125 5206 3235 5252 XIV,
3272 5188 3469 5257 16-29.)

2213 5310 2395 5357 NOTzE
2436 5310 2513 5353 ET
2556 5308 3087 5354 OBSERVATIONES.

1913 5394 2140 5449 Nullum
2166 5390 2257 5446 hic
2277 5389 2530 5446 ofﬁcium
2561 5388 2951 5460 praescribitur
2970 5404 3073 5459 pro
3102 5385 3295 5456 vigilia
3322 5386 3466 5440 Pen-

1842 5490 2106 5543 tecostes.
2148 5487 2234 5541 An
2263 5483 2647 5555 repetendum
2683 5500 2748 5536 ex
2784 5481 2978 5553 vigilia
3002 5477 3279 5535 Paschaa?
3306 5479 3471 5535 Certe
3552 5474 3559 5483 ’

1841 5582 2048 5654 Vigilia
2085 5581 2451 5636 Pentecostes
2490 5577 2549 5631 in
2585 5575 2938 5632 Mozarabico
2971 5577 3205 5629 notatur
3244 5573 3317 5628 ad
3361 5574 3469 5628 No-

1844 5693 2001 5733 nam.
2021 5674 2187 5741 Quod
2200 5672 2405 5746 jejunii
2430 5670 2707 5727 indicium
2728 5673 2831 5737 est,
2856 5668 3016 5739 cujus
3042 5670 3239 5722 tamen
3253 5668 3472 5722 nullum

1846 5770 2000 5844 apud
2019 5769 2299 5825 lsidorum
2319 5764 2624 5836 vestigium
2648 5762 2900 5818 invenio.
2929 5762 3093 5817 Certe
3116 5777 3305 5832 neque
3322 5757 3473 5832 apud

1844 5864 2209 5921 Ambrosium
2236 5862 2296 5917 in
2328 5873 2597 5915 sermone
2643 5860 2730 5913 60.
2763 5857 2961 5928 Neque
2998 5852 3153 5909 enim
3193 5849 3474 5908 Ambrosii

1845 5959 2072 6016 videtur
2107 5972 2230 6012 esse
2267 5968 2457 6010 sermo
2487 5951 2603 6016 ille,
2641 5949 2801 6020 cuius
2841 5950 3196 6018 fragmntum
3233 5948 3478 6002 refertur
