3968 6224
469 370 572 421 207

1257 362 1587 418 APPENDIX
1626 362 1712 416 AD
1750 361 1971 416 OPERA
2010 360 2245 417 SANCTI
2280 360 2581 417 GERMANI
2620 356 3047 417 PARISIENSIS.

3738 358 3851 412 208

469 475 599 529 dist.
635 476 723 540 76,
758 488 882 544 cap.
912 474 963 539 9,
996 470 1092 527 ubi
1118 473 1319 527 auctor
1342 472 1551 525 festum
1576 471 1941 524 Pentecostes
1969 485 2099 523 cum
2120 482 2182 556 Α
2202 469 2289 524 nis
2314 469 2600 541 Baptistae,
2624 486 2729 524 nec
2751 469 2927 524 etiam
2948 484 3052 540 pro
3065 466 3267 539 Vigilia
3286 464 3416 521 festi
3441 464 3849 537 apostolorum

466 568 743 624 Paschate
765 566 1179 639 comparando,
1206 566 1285 620 ait
1303 565 1361 619 in
1384 564 1589 635 vigiliis
1610 562 1906 634 utriusque
1930 563 2099 635 fuisse
2201 563 2351 619 Petri
2374 566 2433 618 et
2454 563 2641 630 Pauli;
2671 580 2859 635 neque
2889 563 3030 617 item
3056 562 3117 617 in
3142 561 3379 617 Gothico
3399 577 3499 615 seu
3522 560 3848 625 Gallicana,

458 663 790 734 jejunatum
824 679 837 715 :
889 683 916 709 «
947 662 1100 715 Tunc
1134 658 1310 725 enim,
1346 656 1535 729 157
1580 656 1725 712 sicut
1751 657 1926 712 modo
1962 657 2097 711 feci-

464 772 613 823 mus,
657 753 1046 826 jejunavimus
1089 752 1361 817 Sabbato,
1394 750 1628 821 Vigilias
1663 750 2097 817 celebravimus,

466 849 820 905 orationibus
866 848 1273 918 pernoctantes
1312 843 1640 899 institimus.
1693 866 1721 894 ››
1757 847 1819 898 In
1857 845 2102 899 Mozara—

462 939 590 993 bico
630 937 820 1019 Lectio
854 936 1041 1008 prima
1083 951 1187 1005 pro
1237 933 1329 987 die
1369 935 1735 988 Pentecostes
1772 950 1837 988 ex
1885 935 2101 1005 Apoca-

462 1031 635 1103 Iypsis
656 1048 780 1101 cap.
817 1046 947 1083 xxxi.
982 1028 1173 1083 Lectio
1201 1026 1455 1081 secunda
1482 1027 1688 1081 eadem
1718 1043 1848 1081 cum
1879 1030 2096 1094 nostra,

462 1125 543 1179 uti
587 1128 644 1178 et
673 1123 862 1190 tertia,
903 1138 1031 1194 quae
1076 1121 1135 1175 in
1157 1120 1509 1176 Mozarabico
1540 1120 1768 1175 brevior
1811 1123 1916 1188 est,
1947 1120 2097 1174 desi-

460 1218 659 1288 nitque
696 1216 755 1270 in
784 1216 907 1269 haec
936 1215 1111 1269 verba
1142 1230 1156 1269 :
1182 1216 1304 1270 Non
1330 1214 1577 1269 turbetur
1601 1229 1690 1270 cor
1716 1218 1971 1277 vestrum,
2003 1229 2097 1268 ne-

459 1327 563 1382 que
598 1311 875 1379 formidet.
918 1310 980 1361 In
1011 1306 1370 1361 Lectionario
1415 1310 1611 1362 nostro
1655 1308 1967 1362 Paraclitus
2010 1306 2096 1361 di-

458 1420 622 1459 verso
663 1402 839 1458 modo
871 1400 1154 1467 scribitur,
1187 1399 1374 1471 primo
1406 1399 1642 1471 quidem
1680 1400 1959 1455 mendose
1987 1402 2095 1455 Pa-

456 1498 723 1566 raclytus,
747 1494 958 1549 deinde
990 1494 1201 1548 rectius
1229 1495 1565 1550 Paracletus.
1590 1494 1819 1549 Nullum
1841 1493 2094 1548 ofﬁcium

454 1589 847 1661 praescribitur
895 1605 1000 1660 pro
1048 1586 1421 1658 sequentibus
1464 1587 1685 1655 diebus,
1729 1587 1884 1659 quod
1939 1588 2094 1642 nulla

454 1686 593 1738 tunc
624 1686 824 1739 octava
852 1684 1219 1738 Pentecostes
1253 1681 1661 1736 celebraretur.

579 1796 703 1850 LXI.
745 1811 990 1849 LEGENDA
1030 1809 1263 1849 pnoxma
1301 1809 1558 1847 DOMINICA
1600 1809 1727 1847 posr
1767 1809 1959 1847 rama-

1157 1881 1377 1920 COSTEN.

790 1957 1021 2023 Epistola
1043 1956 1189 2007 Pauli
1208 1956 1430 2021 apostoli
1454 1956 1521 2006 ad
1543 1956 1763 2007 Galatas.

527 2045 770 2110 Fratres,
813 2058 1191 2115 quaecumque
1241 2041 1611 2096 seminaverit
1636 2042 1834 2110 homo,
1867 2041 1989 2095 haec
2037 2045 2095 2096 et

453 2142 654 2206 metet,
708 2141 840 2205 etc.,
885 2152 1054 2207 usque
1091 2135 1402 2191 Cruciﬁxus
1443 2139 1548 2204 est,
1598 2139 1657 2191 et
1696 2153 1804 2207 ego
1848 2136 2089 2191 mundo.

452 2232 659 2311 (Galat.
692 2248 768 2299 VI,
804 2230 979 2303 8-14.)

609 2327 783 2380 Lectio
809 2327 975 2378 sancti
1002 2326 1272 2392 Evangelii
1296 2327 1586 2379 secundum
1617 2327 1933 2377 Matthaaum.

524 2417 587 2469 In
617 2415 713 2469 illo
742 2417 1022 2484 tempore,
1053 2412 1360 2483 assumpsit
1384 2413 1660 2467 Dominus
1685 2414 1845 2467 .lesus
1870 2411 2087 2466 duode-

452 2504 564 2558 cim
589 2503 897 2574 discipulos
928 2518 1059 2556 suos
1080 2504 1322 2569 secreto,
1349 2505 1407 2555 et
1434 2501 1513 2555 ait
1544 2501 1654 2555 illis
1684 2518 1696 2555 :
1721 2501 1779 2556 Si
1817 2501 1943 2572 quis
1972 2502 2092 2555 vult

449 2601 582 2669 post
619 2614 712 2651 me
756 2596 971 2663 venire,
1014 2598 1146 2663 etc.,
1198 2611 1368 2665 usque
1425 2594 1741 2667 Unicuique
1772 2595 2085 2649 secundum

450 2707 629 2763 opera
660 2689 801 2761 ejus.
833 2690 1047 2759 (Matth.
1076 2705 1189 2755 xvi,
1224 2688 1429 2757 24-27.)

828 2805 1009 2850 ΝΟΤᾸΞ
1050 2805 1129 2848 ΕΤ
1171 2803 1702 2848 OBSERVATIONES.

517 2891 719 2948 Mirum
742 2894 829 2944 est
859 2906 1037 2945 unam
1064 2889 1155 2943 hic
1178 2888 1541 2943 Dominicam
1563 2892 1694 2960 post
1708 2890 2087 2943 Pentecosten

446 2987 637 3041 locum
681 2985 919 3051 habere,
948 2999 1079 3037 cum
1118 2981 1369 3054 plurium
1423 2986 1553 3053 post
1599 2982 1980 3054 Epiphaniam
2031 2987 2089 3038 et

444 3083 576 3153 post
616 3078 836 3133 Pascha
877 3076 1307 3132 Dominicarum
1356 3076 1547 3131 ofﬁcia
1587 3077 1970 3147 assignentur.
1999 3080 2086 3131 An

446 3174 559 3228 alio
584 3172 642 3226 in
669 3172 815 3226 libro
844 3188 947 3242 pro
980 3170 1104 3224 aliis
1125 3168 1435 3224 Dominicis
1456 3170 1788 3241 praescripta
1817 3174 1985 3224 erant
2006 3172 2085 3226 0f-

2202 658 2301 712 sed
2336 660 2557 712 tantum
2585 674 2688 728 pro
2716 657 2836 728 ipso
2866 657 2957 711 die
2984 657 3151 711 festo.
3181 658 3243 710 In
3273 655 3480 711 Codice
3508 654 3696 725 regio,
3720 653 3850 724 qui,

2203 768 2267 805 ex
2299 751 2599 806 Gelasiano
2634 754 2693 804 et
2735 750 3091 821 Gregoriano
3140 749 3421 804 conflatus
3456 752 3561 813 est,
3596 751 3712 801 tres
3755 764 3852 801 ex-

2201 846 2357 899 stant
2383 844 2592 912 missaz,
2620 861 2830 915 nempe
2862 844 3035 898 missa
3072 843 3131 897 in
3155 842 3379 913 Vigilia,
3404 842 3545 895 item
3575 840 3755 895 missa
3785 840 3847 894 in

2199 938 2394 993 media
2428 941 2615 1004 nocte,
2653 941 2711 991 et
2752 937 2926 992 missa
2949 937 3009 991 in
3050 936 3162 990 die.
3200 936 3446 991 Consule
3474 934 3842 990 Menardum.

2198 1034 2260 1086 In
2290 1032 2566 1103 praedicto
2585 1031 2791 1086 Missali
2814 1030 3054 1087 Gothico
3073 1032 3208 1084 ante
3234 1029 3447 1084 festum
3468 1027 3652 1083 sancti
3669 1029 3848 1082 Joan-

2198 1125 2287 1179 nis
2317 1125 2563 1179 habetur
2591 1125 2765 1180 missa
2785 1125 2843 1179 in
2876 1124 3211 1179 lnventione
3236 1125 3449 1177 sancta:
3477 1121 3682 1189 crucis,
3714 1125 3841 1175 tum

2199 1219 2374 1273 missa
2411 1219 2593 1273 sancti
2619 1219 2856 1274 Joannis
2892 1216 3137 1289 apostoli
3177 1220 3236 1271 et
3274 1215 3662 1286 evangelistae,
3702 1218 3845 1268 ante

2200 1312 2568 1383 Rogationes,
2619 1330 2691 1367 ne
2732 1312 2870 1384 quid
2928 1312 3118 1366 dicam
3156 1310 3228 1364 de
3280 1310 3456 1365 missa
3500 1312 3843 1364 sanctorum

2198 1406 2447 1461 Ferreoli
2470 1410 2528 1460 et
2566 1405 2945 1474 Ferrucionis,
2982 1422 3111 1477 qua:
3135 1406 3265 1476 post
3287 1405 3690 1459 Pentecosten.

2313 1514 2485 1569 LXIII.
2529 1530 2775 1568 LEGENDA
2814 1531 2870 1570 1N
2909 1528 3071 1567 FESTO
3112 1527 3424 1567 sucronem
3464 1528 3614 1567 parm
3666 1528 3733 1565 ET

2928 1601 3102 1640 PAULI.

2348 1673 2522 1724 Passio
2550 1676 2850 1723 sanctorum
2884 1674 3242 1737 apostulorum
3266 1673 3404 1724 Petri
3430 1676 3483 1723 et
3509 1670 3678 1722 Pauli.

2268 1753 2459 1828 159
2486 1756 2769 1826 Tempore
2798 1754 2893 1808 illo
2934 1770 3067 1809 cum
3110 1754 3362 1809 venisset
3394 1753 3602 1808 Paulus
3644 1752 3711 1806 in
3742 1768 3837 1807 nr-

2115 1869 2171 1942 B
2194 1848 2330 1902 bem
2358 1849 2623 1917 Romam,
2653 1851 3050 1903 convenerunt
3093 1848 3166 1902 ad
3205 1865 3339 1902 eum
3382 1864 3585 1902 omnes
3624 1846 3839 1909 Judaei,

2195 1942 2451 1997 dicentes
2481 1960 2493 1997 :
2523 1944 2789 1996 Nostram
2820 1942 3016 2010 ﬁdem,
3060 1941 3118 1996 in
3159 1958 3274 2013 qua
3305 1945 3472 1996 natus
3517 1957 3597 2007 es,
3647 1940 3840 2011 ipsam

2194 2035 2462 2091 defende.
2492 2037 2616 2090 Non
2649 2038 2735 2089 est
2756 2035 2911 2090 enim
2925 2036 3167 2106 justum,
3198 2038 3261 2089 ut
3290 2052 3419 2090 cum
3459 2034 3533 2088 sis
3559 2034 3841 2089 Hebraeus

2194 2146 2261 2184 ex
2281 2129 2533 2183 Hebraeis
2557 2129 2813 2197 veniens,
2849 2129 3111 2199 gentium
3147 2132 3199 2182 te
3219 2128 3565 2199 magistrum
3584 2128 3837 2199 judices,

2193 2225 2300 2277 etc.
2325 2225 2565 2278 Desinit:
2587 2223 2655 2276 Et
2674 2221 3245 2294 comprehenderunt
3264 2238 3362 2276 eos
3389 2221 3447 2275 in
3476 2223 3600 2276 loco
3627 2222 3731 2293 qui
3761 2221 3843 2275 di-

2192 2316 2339 2370 citur
2366 2317 2765 2385 Catacumbas,
2803 2316 2894 2370 via
2917 2316 3123 2387 Appia,
3147 2314 3415 2370 milliaria
3440 2315 3643 2383 tertio;
3680 2320 3742 2369 et
3761 2317 3839 2370 ibi

2191 2410 2473 2465 custodita
2484 2414 2618 2465 sunt
2630 2426 2875 2481 corpora
2888 2427 3042 2465 anno
3063 2426 3178 2465 uno
3198 2412 3256 2464 et
3270 2409 3566 2464 mensibus
3583 2414 3836 2481 septem,

2192 2520 2489 2576 quousque
2520 2504 2956 2559 fabrecarentur
2979 2505 3106 2559 loca
3136 2503 3196 2558 in
3227 2503 3433 2574 quibus
3463 2504 3703 2558 fuerunt
3735 2521 3837 2575 po-

2191 2598 2299 2653 sita
2329 2615 2573 2669 corpora
2594 2615 2827 2665 eorum;
2854 2601 2911 2652 et
2938 2598 3016 2652 ibi
3042 2600 3307 2653 revocata
3328 2601 3462 2651 sunt
3490 2614 3622 2651 cum
3647 2598 3839 2669 gloria

2190 2696 2248 2747 et
2274 2693 2624 2763 hymnorum
2650 2691 2893 2761 cantica,
2927 2694 2984 2746 et
3017 2692 3201 2763 posita
3231 2691 3413 2745 sancti
3439 2691 3591 2747 Petri
3629 2692 3695 2745 in
3726 2693 3835 2746 Va-

2188 2786 2400 2852 ticano,
2433 2786 2521 2840 via
2539 2786 2880 2853 Neumacia;
2905 2788 2964 2839 et
2989 2785 3169 2840 sancti
3195 2785 3348 2839 Petri
3379 2785 3438 2839 in
3460 2786 3551 2840 via
3579 2785 3836 2853 Ostensi,

2189 2879 2260 2933 ab
2304 2879 2442 2933 urbe
2491 2880 2674 2935 Roma
2704 2879 2971 2935 milliario
3017 2879 3269 2935 secundo
3307 2896 3319 2934 :
3354 2880 3451 2934 ubi
3479 2882 3841 2951 praastantur

2185 2971 2470 3028 beneﬁcia
2509 2974 2716 3029 Christi
2758 2991 2865 3045 per
2907 2973 3232 3029 orationem
3277 2989 3479 3028 eorum
3510 2974 3571 3027 in
3619 2974 3838 3029 saecula

2187 3068 2552 3123 saeculorum.

2479 3160 2710 3225 Epistola
2732 3160 2877 3211 Pauli
2903 3160 3127 3225 apostoli
3159 3160 3226 3211 ad
3248 3162 3523 3211 Romanos.

443 3266 574 3320 ﬁcia
594 3266 621 3319 ‘2
662 3282 736 3319 an
766 3280 901 3319 vero
949 3280 1127 3317 unum
1167 3263 1419 3318 ofﬁcium
1454 3280 1559 3335 per
1587 3264 1726 3319 alias
1759 3242 2194 3335 DominicasCr
2257 3241 2501 3311 Fratres:
2546 3259 2662 3296 Ποη
2707 3242 2865 3297 enim
2914 3242 3211 3313 accePiStiS
3239 3242 3502 3314 Spiritum
3542 3243 3841 3301 SeWitUtiS

444 3357 856 3429 repetebatur?
881 3358 954 3411 At
989 3357 1201 3411 frustra
1226 3357 1552 3429 appositum
1582 3357 1781 3412 fuisset
1810 3359 1868 3413 in
1895 3359 2079 3428 titulo,

436 3454 698 3524 proxima
738 3452 1021 3506 Dominica
1053 3456 1180 3520 post
1223 3453 1583 3507 Pentecosten.
1629 3454 1689 3506 In
1733 3453 1937 3508 Missali
1980 3454 2084 3509 Go-

442 3544 888 3617 thicogallicano
935 3544 1303 3623 assignantur
1334 3562 1429 3598 sex
1458 3545 1645 3600 missas
1679 3547 2079 3601 Dominicales.

443 3640 595 3710 Ergo
628 3655 725 3692 eas
756 3637 939 3709 repeti
966 3655 1198 3693 necesse
1233 3641 1375 3693 erat.
1419 3638 1577 3693 Idem
1617 3640 1677 3693 in
1708 3640 2080 3708 Mozarabico,

444 3733 502 3787 in
534 3748 647 3804 quo
683 3735 905 3803 septem
936 3732 1216 3786 duntaxat
1247 3732 1432 3787 missas
1462 3733 1750 3787 habentur
1778 3736 1909 3805 post
1935 3735 2082 3788 Pen-

443 3829 702 3881 tecosten
744 3842 922 3898 usque
971 3826 1044 3881 ad
1084 3825 1445 3881 Dominicam
1490 3830 1623 3881 ante
1650 3827 1938 3898 jejunium
1970 3828 2082 3882 Ka-

442 3920 748 3975 lendarum
802 3918 1229 3975 Novembrium.
1270 3921 1466 3991 Itaque
1516 3921 1929 3991 repetebantur
1971 3921 2083 3976 illa:

442 4012 654 4081 missas,
690 4012 923 4084 quando
963 4013 1111 4066 festa
1142 4015 1473 4067 sanctorum
1504 4013 1562 4067 in
1605 4014 1934 4068 Dominicas
1963 4032 2081 4069 non

443 4105 837 4162 incurrebant.

544 4213 692 4268 LXII.
735 4227 983 4266 LEGENDA
1021 4228 1077 4266 IN
1117 4228 1458 4267 FESTIVITATE
1498 4230 1683 4268 SANCTI
1723 4230 1983 4270 JOHANNIS

1131 4300 1408 4337 BAPTISTJ‘I.

930 4370 1104 4421 Lectio
1131 4371 1280 4420 Esaie
1315 4371 1602 4436 prophetae.

515 4452 709 4528 158
744 4454 874 4509 Haec
903 4452 1040 4508 dicit
1078 4453 1356 4509 Dominus
1385 4471 1398 4509 :
1433 4456 1843 4526 Consolamini,
1876 4475 2079 4514 conso-

2183 3334 2394 3391 iterum
2420 3335 2480 3390 in
2511 3335 2741 3403 timore,
2774 3339 2905 3404 etc.,
2928 3350 3094 3406 usque
3122 3335 3267 3401 Quia
3292 3336 3611 3392 secundum
3642 3338 3836 3395 Deum

2184 3430 2437 3500 postulat
2460 3446 2563 3501 pro
2597 3430 2824 3484 sanctis.
2852 3430 3021 3501 (Rom.
3055 3447 3171 3498 vui,
3208 3430 3408 3502 15-27.)

2342 3522 2516 3572 Lectio
2544 3521 2710 3572 sancti
2736 3522 3002 3585 Evangelii
3026 3522 3318 3573 secundum
3350 3523 3671 3575 Matthaaum.

2256 3604 2319 3657 In
2362 3603 2457 3658 illo
2502 3606 2784 3676 tempore,
2833 3604 3033 3659 videns
3083 3605 3363 3660 Dominus
3401 3607 3564 3661 Jesus
3611 3609 3840 3675 turbas,

2186 3697 2445 3752 ascendit
2484 3698 2543 3753 in
2573 3702 2867 3766 montem;
2900 3703 2959 3753 et
3004 3716 3135 3754 cum
3178 3699 3436 3767 sedisset,
3466 3706 3845 3757 accesserunt

2185 3788 2258 3845 ad
2286 3808 2420 3846 eum
2441 3791 2701 3864 discipuli
2724 3793 2865 3864 ejus,
2897 3796 3029 3861 etc.,
3049 3810 3219 3864 usque
3240 3793 3574 3849 Gloriﬁcent
3599 3796 3841 3853 Patrem

2184 3887 2437 3941 vestrum
2470 3887 2566 3959 qui
2592 3885 2652 3941 in
2680 3885 2831 3941 caelis
2859 3890 2963 3942 est.
2993 3888 3212 3958 (Matth.
3243 3905 3297 3956 v,
3331 3887 3494 3960 H6.)

2564 4000 2746 4044 ΝΟΤΕ
2787 4000 2866 4044 ΕΤ
2908 4000 3419 4047 OBSERVATIONES
3430 4029 3444 4043 .

2255 4075 2491 4133 Videtur
2514 4079 2640 4135 loco
2662 4079 2865 4151 primas
2890 4079 3155 4135 tectionis
3176 4080 3416 4134 recitata
3442 4078 3618 4134 fuisse
3640 4079 3840 4152 passio

2186 4174 2599 4243 apostolorum,
2640 4173 2749 4228 nisi
2794 4174 3016 4229 dicatur
3059 4174 3299 4228 recitata
3343 4172 3417 4226 ad
3461 4172 3837 4231 Matutinum.

2185 4266 2351 4330 Quod
2396 4270 2598 4321 tamen
2642 4266 2699 4321 in
2741 4266 3100 4321 Lectionario
3133 4269 3330 4320 nostro
3373 4265 3529 4320 haud
3572 4273 3839 4325 notatur.

2182 4360 2248 4413 In
2290 4358 2379 4413 his
2412 4360 2567 4414 Actis
2598 4363 2867 4415 narratur
2908 4359 3206 4414 conﬂictus
3235 4358 3387 4413 Petri
3419 4376 3551 4414 cum
3592 4361 3838 4419 Simone

2185 4470 2379 4525 mago,
2415 4455 2779 4526 referturque
2806 4453 2947 4508 falsa
2985 4452 3148 4508 Pilati
3191 4453 3262 4508 de
3291 4453 3515 4510 Christo
3544 4455 3619 4509 ad
3661 4457 3842 4514 Nero-

438 4548 662 4617 lamini,
698 4548 941 4620 populus
962 4564 1143 4615 meus,
1166 4546 1303 4601 dicit
1327 4548 1478 4602 Deus
1504 4553 1709 4618 vester,
1744 4554 1875 4620 etc.,
1915 4569 2141 4624 usque_
2186 4564 2323 4601 nem
2362 4548 2632 4619 epistola;
2664 4547 2985 4619 eodemque
3014 4564 3169 4602 anno
3201 4550 3259 4602 et
3285 4547 3378 4602 die
3409 4548 3561 4602 Petri
3582 4552 3643 4603 et
3672 4552 3839 4607 Pauli

440 4643 510 4697 Et
541 4659 684 4714 opus
710 4642 859 4696 illius
892 4658 1088 4697 coram
1115 4657 1204 4708 eo,
1229 4641 1309 4695 ait
1339 4642 1617 4699 Dominus
1642 4646 1811 4700 Deus.
1841 4646 1969 4717 (Isa.
1988 4621 2079 4715 in,
2103 4621 2162 4693 D
2185 4641 2393 4712 passio.
2424 4642 2619 4697 Altero
2664 4644 2795 4713 post
2831 4641 3067 4696 Petrum
3099 4628 3253 4697 anno
3283 4640 3444 4696 Pauli
3482 4645 3838 4715 martyrium

446 4736 614 4806 1-20,)
854 4806 871 4809 _
980 4805 990 4809 _
1070 4807 1075 4809 _
1486 4806 1498 4809 Α
2185 4734 2455 4790 accidisse
2483 4735 2563 4789 ait
2588 4734 2897 4807 Gregorius
2924 4733 2983 4790 in
3015 4736 3112 4790 lib.
3145 4753 3163 4791 1
3192 4735 3262 4790 de
3290 4735 3482 4791 Gloria
3512 4737 3837 4809 Martyrum

564 4890 631 4901 η
764 4805 1027 4901 ""Lectio
1052 4807 1275 4901 Acm‘im
1301 4806 1674 4901 ἦβοδίθιξπηωσ
1821 4897 1851 4901 __
1946 4897 1976 4901 7_
2184 4845 2308 4901 cap.
2342 4832 2430 4896 29,
2462 4826 2559 4900 qui
2590 4805 2835 4901 proinde
2867 4829 2992 4884 aliis
3024 4830 3163 4884 actis
3189 4847 3322 4883 usus
3348 4832 3452 4884 est.
3481 4805 3839 4889 Fortunatus

511 4890 724 4945 Diebus
761 4891 893 4958 illis,
925 4907 1168 4963 surgens
1200 4893 1427 4961 Paulus,
1472 4897 1531 4948 et
1557 4904 1744 4950 manu
1791 4897 2082 4952 silentium
2185 4890 2303 4976 [1οἠ
2335 4890 2519 4978 δοιύπῇ
2564 4890 2772 4979 οόἀθω
2804 4924 2918 4991 die,
2961 4923 3063 4977 sed
3093 4927 3150 4977 et
3190 4923 3398 4979 eodem
3438 4941 3591 4979 anno
3626 4942 3836 4997 passos

442 5081 765 5133 extremum
796 5080 984 5132 terrae.
1016 5078 1157 5150 (Act.
1190 5095 1308 5148 xui,
1343 5082 1543 5155 16-47.)

652 5175 826 5226 Lectio
851 5175 1018 5226 sancti
1042 5177 1311 5243 Evangelii
1333 5179 1626 5230 secundum
1652 5183 1862 5232 Lucam.

511 5264 573 5316 In
607 5260 809 5317 diebus
834 5262 1075 5317 Herodis
1098 5264 1251 5337 regis
1281 5265 1494 5321 Iudaeae
1528 5266 1635 5320 fuit
1666 5268 1932 5323 sacerdos
1953 5268 2079 5341 qui-

441 5355 598 5423 dam,
628 5356 865 5411 nomine
896 5357 1218 5428 Zacharias,
1260 5359 1331 5413 de
1358 5359 1479 5414 vice
1513 5359 1676 5428 Abia,
1710 5363 1819 5417 etc,
1849 5363 1999 5433 (Luc,
2039 5382 2077 5433 ι,
2184 5352 2377 5427 160
2390 5355 2590 5411 Nescio
2611 5356 2748 5427 quid
2763 5357 2870 5412 sibi
2891 5358 3280 5414 velitCathulﬁ
3295 5358 3539 5431 epistola
3562 5360 3637 5415 ad
3659 5361 3834 5417 Caro-

441 5447 609 5517 5-25.)
652 5451 853 5506 Deinde
893 5453 1018 5508 Luc.
1069 5470 1107 5520 ι,
1169 5454 1371 5521 39-47;
1424 5457 1539 5508 tum
1600 5457 1726 5511 Luc,
1779 5473 1817 5525 ι,
1871 5460 2077 5528 56-67;
2181 5449 2301 5503 lum
2320 5448 2589 5520 Magnum
2620 5450 2871 5521 petentis
2894 5452 2952 5507 id
2988 5454 3059 5509 ab
3093 5469 3165 5508 eo
3192 5453 3481 5521 constitui,
3506 5456 3571 5508 ut
3594 5458 3829 5512 «sancti

435 5544 692 5613 Denique,
726 5544 1067 5601 Benedictus
1108 5544 1386 5600 Dominus
1423 5547 1574 5601 Deus
1603 5550 1837 5619 Israhel,
1859 5556 1909 5607 et
1933 5568 2077 5622 mox,
2180 5541 2333 5597 Petri
2347 5543 2679 5614 passionem
2696 5545 2756 5599 in
2768 5548 2891 5601 toto
2905 5546 3115 5618 (ipsius)
3130 5562 3311 5617 regno
3330 5547 3610 5602 celebrari
3628 5565 3834 5604 scura-

435 5635 586 5691 Puer
627 5640 822 5693 autem
852 5639 1166 5706 crescebat,
1216 5641 1347 5709 etc.,
1388 5643 1486 5711 qui
1527 5646 1606 5698 est
1644 5644 1870 5701 ultimus
1895 5661 2081 5703 versus
2180 5640 2289 5706 ret,
2314 5654 2447 5692 cum
2470 5655 2538 5693 ex
2558 5638 2667 5694 hoc
2690 5639 3050 5695 Lectionario
3080 5639 3319 5711 aliisque
3342 5639 3691 5695 testimoniis
3702 5642 3827 5714 jam

437 5747 558 5803 cap.
593 5749 630 5788 1.
2181 5730 2891 5805 subMeroveadisregibus
2901 5734 3024 5788 haec
3046 5733 3626 5790 celebritasinstituta
3638 5719 3830 5791 videa-

2178 5827 2290 5881 tur.
2314 5827 2510 5881 Exstat
2530 5827 2678 5883 Aviti
2700 5828 3038 5883 Viennensis
3061 5827 3314 5900 episcopi
3342 5828 3747 5900 fragmentum
3762 5847 3830 5888 ex

2178 5917 2418 5975 homilia
2445 5919 2598 5975 dicta
2623 5919 2683 5976 in
2704 5921 2940 5978 basilica
2971 5921 3151 5978 sancti
3176 5922 3351 5992 Petri,
3385 5939 3562 5995 quam
3592 5930 3829 5982 sanctus

2184 5110 2363 5165 sancti
2393 5109 2640 5165 Martini.

2400 5204 2511 5279 Qua
2535 5215 2726 5277 nempe
2752 5203 2837 5253 die
2860 5217 2995 5278 quos
3016 5206 3393 5279 passiohsancta
3409 5204 3609 5266 beavit.

2398 5266 2463 5315 Et
2479 5279 2628 5316 sacra
2641 5266 2716 5316 sic
2736 5266 2977 5330 geminus
2996 5266 3221 5333 signavit
3233 5273 3471 5333 tempora
3496 5271 3700 5320 consul.

820 5819 1001 5864 NOTE
1042 5821 1119 5865 ET
1162 5822 1672 5872 OBSERVATIONES
1682 5857 1696 5872 .

509 5905 671 5965 Nulla
698 5903 785 5961 hic
806 5902 980 5959 missa
1010 5921 1113 5977 pro
1134 5907 1337 5979 Vigilia
1362 5911 1675 5970 nativitatis
1695 5912 1879 5971 sancti
1904 5916 2074 5971 Joan-
