3968 6224
115 410 200 461 209
1191 402 1278 459 DE
1317 402 1628 459 LI'I‘L’RGIA
1667 400 2039 457 GALLICANA
2080 363 2278 456 LIBER
2316 399 2380 454 ιι.

3367 399 3471 452 2I0

116 519 379 593 cpiscopus
427 519 775 576 Tarantasiae
824 519 1092 576 condidit.
1139 519 1298 584 Quod
1346 519 1730 592 fragmentum
1752 527 1810 601 Α
1830 518 2042 586 laetare,
2079 523 2210 585 etc.,
2238 534 2405 589 usque
2425 520 2545 574 Non
2561 518 2940 577 confundetur
2957 519 3203 594 populus
3222 536 3384 579 meus
3407 520 3468 578 in

115 615 336 688 primum
369 619 454 668 est
479 614 544 668 in
581 614 779 670 Editis.
814 615 875 668 In
914 614 1158 669 basilicis
1188 613 1481 668 Gallicanis
1511 618 1730 668 sancto-

118 726 224 764 rum
248 707 391 762 Petri
438 711 497 763 et
542 708 706 762 Pauli
747 708 1023 779 imagines
1059 707 1222 779 pingi
1267 708 1537 762 solebant.
1576 707 1733 762 Unde

119 801 388 873 Gregorius
413 801 475 855 in
505 801 611 856 lib.
644 803 714 857 de
745 802 881 857 Vitis
908 804 1136 856 Patrum
1167 819 1288 872 cap.
1327 805 1389 856 12
1415 801 1605 856 laudat
1628 801 1735 855 ico-

115 897 245 951 nicas
279 895 705 967 apostolorum,
749 896 1105 967 aliorumque
1156 896 1518 965 Sanctorum,
1565 910 1736 965 super

117 1007 233 1061 quas
258 989 593 1060 conscriptae
621 994 784 1044 erant
809 989 1033 1059 litterae,
1080 1005 1278 1044 eorum
1316 987 1549 1044 nomina
1579 988 1731 1043 indi-

116 1089 279 1139 cantes
307 1084 375 1136 ad
401 1099 582 1137 usum
619 1084 1016 1156 spectantium.

229 1183 392 1239 LXIV.
433 1200 692 1238 LEGENDA
733 1199 788 1237 IN
827 1198 1078 1237 psssrous
1118 1198 1302 1237 sanan
1341 1197 1604 1236 IOHANNIS

780 1271 1059 1308 BAPTISTE.

571 1333 749 1384 Lectio
781 1333 944 1383 Esaias
977 1333 1264 1398 prophetae.

176 1407 287 1460 Haec
313 1405 447 1460 dicit
479 1407 758 1460 Dominus
797 1422 996 1460 creans
1037 1410 1114 1475 te,
1164 1403 1351 1474 Iacob,
1389 1407 1446 1460 et
1481 1403 1734 1458 formans

118 1507 180 1568 te,
215 1500 434 1555 Israhel.
477 1500 607 1554 Noli
651 1501 868 1569 timere,
913 1505 1044 1568 etc.,
1089 1515 1258 1570 usque
1295 1501 1361 1554 Et
1400 1498 1462 1553 in
1501 1497 1734 1552 nomine

118 1593 312 1648 Domini
341 1593 780 1662 adsimilahitur,
813 1593 892 1648 ait
920 1592 1194 1648 Dominus
1222 1594 1389 1648 Deus.
1420 1592 1544 1662 (Isa.
1578 1607 1730 1659 XLIII,

123 1688 270 1757 1-13).
303 1690 455 1750 Tum,
485 1690 703 1743 omissis
725 1692 838 1743 octo
867 1689 1132 1750 versibus,
1176 1689 1286 1742 Isa.
1336 1703 1489 1754 XLIII,
1535 1687 1602 1739 22
1648 1699 1736 1738 us-

121 1797 204 1851 que
227 1798 360 1852 xuv,
392 1786 445 1836 5.

383 1874 624 1939 Epistola
657 1873 800 1924 Pauli
833 1873 1053 1936 apostoli
1086 1873 1150 1922 ad
1184 1872 1450 1922 Hebraeos.

179 1951 409 2020 Fratres,
467 1966 674 2005 omnes
727 1950 904 2002 sancti
956 1965 1060 2020 per
1113 1947 1286 2001 ﬁdem
1330 1946 1587 2002 vicerunt
1641 1961 1731 1999 re-

125 2059 231 2114 gna,
257 2048 378 2112 etc.,
410 2059 585 2113 usque
625 2045 687 2098 In
714 2043 1007 2114 disciplina
1051 2044 1428 2115 perseverate.
1459 2041 1612 2108 (Heb.
1655 2056 1730 2107 ιιι,

124 2140 194 2203 33,
223 2153 378 2207 usque
407 2155 506 2207 x11,
537 2139 616 2207 7.)

226 2231 386 2279 Lectio
432 2231 603 2280 sancti
638 2230 907 2292 Evangelii
953 2229 1244 2279 secundum
1278 2227 1594 2277 Matthzeum.

183 2306 234 2359 In
256 2307 342 2360 illo
369 2313 633 2378 tempore
664 2307 881 2360 audivit
919 2305 1164 2359 Herodes
1203 2303 1484 2358 tetrarcha
1525 2302 1734 2355 famam

128 2401 317 2454 Domini
343 2403 496 2468 Iesu,
528 2405 585 2455 et
612 2401 691 2454 ait
717 2400 909 2472 pueris
937 2399 1074 2467 suis,
1105 2403 1237 2467 etc.,
1278 2413 1447 2467 usque
1477 2397 1543 2451 Et
1567 2411 1731 2450 cura-

127 2495 187 2548 rit
210 2494 492 2566 languidos
518 2511 747 2548 eorum.
782 2494 998 2563 (Matth.
1033 2509 1143 2557 xw,
1176 2491 1352 2561 1-14.)

479 2607 666 2649 ΝΟΤΕ
684 2649 693 2672 1
710 2605 787 2648 ΕΤ
831 2602 1360 2648 OBSERVATIONES.

184 2681 234 2734 In
259 2681 452 2735 Missali
491 2681 780 2735 Gallicano
817 2679 1060 2733 habetur
1098 2678 1267 2732 missa
1304 2677 1363 2730 in
1411 2675 1563 2729 diem
1602 2694 1731 2748 pas-

131 2773 271 2828 sionis
298 2775 472 2828 sancti
507 2774 743 2828 Joannis
772 2773 1032 2844 Baptista:
1058 2777 1113 2826 et
1140 2771 1423 2842 martyris,
1456 2788 1629 2842 quam
1654 2786 1735 2825 se-

132 2873 364 2938 quuntur,
393 2884 521 2939 quas
567 2867 893 2938 praecedere
928 2867 1260 2931 debuerant,
1294 2864 1481 2918 missae
1509 2864 1576 2919 de
1603 2881 1733 2918 san-

131 2960 209 3013 ctis
238 2962 399 3029 Sixto,
438 2961 769 3029 Laurentio,
817 2960 1138 3032 Hippolyto,
1183 2963 1239 3012 et
1278 2958 1619 3013 Sinfuriano.
1673 2959 1733 3011 In

132 3054 329 3123 epistola
345 3055 410 3108 ad
435 3055 762 3122 Bibianum,
785 3070 912 3125 qua:
932 3051 1248 3125 Augustino
1262 3052 1557 3119 tribuitur,
1573 3052 1735 3105 Ioan-

129 3162 207 3200 nes
227 3149 410 3202 eodem
435 3149 529 3204 die
561 3148 804 3203 traditur
832 3151 1156 3218 conceptus,
1191 3152 1246 3201 et
1273 3145 1506 3200 Ilerodis
1527 3145 1736 3200 funesti

133 3239 288 3310 gladio
311 3242 646 3311 trucidatus,
671 3257 878 3312 nempe
920 3257 1015 3294 vm
1057 3241 1176 3295 Kal.
1225 3239 1498 3295 Octobris.
1540 3241 1632 3293 Est
1681 3243 1735 3293 et

131 3339 304 3402 prteter
317 3336 670 3391 nativitatem
687 3335 797 3389 alia
819 3334 1148 3389 solemnitas
1167 3333 1396 3389 Joannis
1419 3331 1468 3404 1
1487 3331 1601 3406 61
1637 3333 1735 3386 Ba-

132 3428 302 3498 ptistae,
329 3447 380 3483 1v
408 3430 626 3484 scilicet
656 3429 925 3483 Kalendas
961 3427 1333 3499 Septembris,
1381 3427 1608 3498 quando
1643 3426 1733 3481 in-

133 3527 327 3577 ventum
351 3524 568 3594 legitur
593 3526 763 3593 caput
790 3521 1061 3576 dominici
1100 3521 1486 3576 Praecursoris.
1517 3522 1593 3575 De
1633 3521 1732 3574 ba-

135 3613 272 3669 silicis
292 3617 434 3688 apud
459 3617 650 3671 Gallos
679 3615 738 3670 in
765 3616 1041 3670 honorem
1069 3615 1246 3668 sancti
1271 3613 1501 3668 Joannis
1546 3612 1732 3684 Bapti-

136 3712 212 3762 sta
236 3711 417 3765 erectis
441 3711 575 3782 lege
603 3710 817 3765 librum
852 3710 1107 3780 primum
1149 3708 1409 3780 Gregorii
1445 3707 1516 3763 de
1550 3707 1736 3763 Gloria

136 3809 426 3874 martyrum.

191 3897 451 3954 Omittitur
477 3898 579 3953 hic
604 3897 813 3952 festum
843 3897 1019 3952 sancti
1047 3895 1352 3966 Laurentii,
1385 3901 1441 3951 et
1483 3896 1735 3951 ofﬁcium

140 3995 419 4046 sanctorum
467 3992 922 4062 Agaunensium,
978 4006 1224 4062 quorum
1269 3990 1546 4044 memoria
1583 3991 1732 4061 apud

141 4082 288 4138 Gallos
323 4103 546 4157 semper
586 4085 823 4140 celebris
865 4085 995 4139 fuit.
1043 4085 1193 4138 Inter
1230 4083 1377 4138 Aviti
1415 4084 1736 4154 fragmenta

142 4174 230 4230 duo
254 4177 542 4248 habentur,
573 4195 780 4250 nempe
818 4179 1053 4232 tertium
1107 4182 1164 4232 et
1207 4181 1450 4245 sextum,
1499 4194 1628 4248 quae
1664 4176 1734 4231 ad

143 4267 393 4327 homiliam
421 4273 710 4345 pertinent
733 4272 803 4327 ab
833 4289 898 4328 eo
920 4271 1172 4326 habitam
1189 4271 1247 4325 in
1274 4271 1496 4325 basilica
1519 4273 1733 4325 sancto-

144 4376 245 4416 rum
267 4367 681 4436 Agaunensium
707 4365 764 4420 in
789 4365 1155 4421 innovatione
1178 4364 1507 4418 monasterii
1533 4363 1730 4435 ipsius.

147 4454 190 4508 In
212 4458 364 4525 priori
389 4460 711 4531 fragmento
747 4476 760 4511 :
795 4481 821 4508 ‹‹
854 4460 1144 4513 Ornantur
1171 4458 1374 4529 oppida
1399 4474 1517 4512 non
1543 4457 1734 4511 minus

147 4548 320 4604 adibus
347 4569 516 4623 quam
545 4553 835 4624 patronis;
866 4553 983 4606 imo
1015 4551 1200 4622 potius
1229 4551 1518 4605 illustratm
1549 4555 1734 4622 patro-

147 4640 276 4697 ciniis
297 4646 429 4701 ﬁunt
456 4647 627 4702 urbes
653 4664 722 4701 ex
749 4646 994 4717 oppidis.
1030 4667 1056 4693 ››
1090 4646 1150 4699 In
1180 4644 1482 4716 posteriori
1507 4659 1636 4698 vero
1657 4643 1733 4698 ait
1752 4645 1811 4716 D
1834 4693 1907 4744 γι,
1941 4680 1994 4744 9,
2023 4693 2187 4746 usque
2216 4693 2311 4745 VH,
2342 4677 2423 4745 Π)

146 4747 324 4796 sanctos
346 4745 512 4800 fuisse
545 4767 571 4794 α
593 4745 919 4810 decimatos,
944 4744 1121 4798 donec
1138 4743 1306 4797 simul
1329 4742 1735 4813 colligerentur

148 4832 292 4890 electi.
319 4859 344 4885 »
371 4839 526 4902 Quod
561 4860 588 4886 ι(
616 4856 685 4893 ex
710 4837 1138 4892 consuetudinis
1166 4836 1358 4891 debito
1383 4835 1554 4891 series
1576 4837 1733 4890 lectze

147 4927 372 4992 passionis
413 4932 704 5004 explicuit.
754 4954 780 4981 ››
830 4931 988 4987 Unde
1027 4930 1302 5002 probatur
1339 4947 1465 4984 mos
1508 4929 1734 5000 legendi

150 5026 422 5078 sanctorum
441 5026 748 5097 passiones.
774 5025 1025 5096 Denique
1047 5024 1350 5092 omittitur,
1375 5024 1526 5094 quod
1545 5023 1733 5078 forsan

151 5111 194 5164 in
214 5114 532 5174 Lectionario
556 5119 811 5191 primum
836 5119 1026 5173 locum
1050 5118 1313 5187 habebat,
1355 5117 1561 5172 festum
1613 5133 1734 5171 san-

154 5206 208 5259 cti
229 5209 443 5282 Martini,
473 5213 626 5285 quod
645 5229 750 5285 per
762 5211 1085 5268 universam
1101 5211 1334 5266 Galliam
1357 5211 1580 5266 celebre
1599 5214 1735 5266 tunc

152 5296 288 5355 fuisse
309 5304 564 5376 diximus,
592 5310 859 5378 patetque
887 5306 946 5360 in
973 5305 1175 5377 primis
1202 5321 1268 5359 ex
1298 5304 1569 5359 Venantio
1609 5304 1737 5359 For-

157 5396 308 5450 lunato
340 5398 394 5453 in
431 5401 531 5455 lib.
571 5417 625 5469 χ,
673 5399 928 5454 carmine
973 5403 1058 5467 10,
1102 5399 1171 5453 ad
1211 5398 1636 5453 Childebertum
1682 5402 1737 5452 et

159 5483 522 5549 Brunichildem
549 5493 618 5550 de
643 5493 898 5548 natalitio
925 5493 1103 5547 sancti
1131 5492 1374 5547 Martini.

302 5583 425 5650 Ecce
458 5586 760 5650 supervenit
791 5585 1080 5650 venerandi
1112 5584 1166 5634 in
1194 5585 1385 5650 saecula
1418 5583 1546 5634 civis

323 5651 327 5710 ξ
359 5647 551 5698 Martini
588 5649 784 5698 meritis
815 5649 933 5698 luce
969 5661 1200 5710 perenne
1235 5647 1365 5706 dies,

304 5707 390 5765 Qui
419 5711 574 5761 modo
609 5711 674 5760 de
707 5711 866 5761 Gallis
897 5707 1066 5760 tot—um
1101 5709 1230 5759 mire
1266 5712 1490 5773 occupat
1532 5707 1737 5758 orbem.

243 5792 368 5852 LXV.
404 5817 521 5855 ιτειι
561 5818 630 5856 AD
669 5817 861 5856 ιιιεεΑιί
900 5818 965 5856 DE
1004 5817 1172 5856 novos
1212 5817 1443 5856 macrus
1483 5799 1620 5870 (sic).
1686 5805 1698 5816 ⁵

581 5881 754 5931 Lectio
789 5880 933 5930 Iohel
968 5881 1259 5945 prophetas.

221 5941 321 6003 Haec
338 5948 461 6008 dicit
485 5953 754 6012 Dominus
786 5971 799 6012 :
832 5941 1012 6014 Nolite
1039 5941 1244 6014 timere
1268 5957 1439 6026 terra,
1471 5954 1659 6012 exulta
1685 5957 1739 6012 et

1834 617 2132 681 aeternum,
2159 613 2237 667 ait
2264 613 2532 668 Dominus
2559 615 2725 670 Deus.
2760 615 2909 686 (Joel.
2941 634 3000 686 11,
3027 615 3244 687 21-27.)

2111 711 2338 774 Epistola
2371 712 2515 761 Pauli
2547 712 2769 775 apostoli
2802 713 2866 762 ad
2901 713 3214 764 Corinthios.

1904 793 2142 858 Fratres,
2175 792 2300 864 quis
2329 793 2531 848 militat
2560 794 2674 847 suis
2703 794 3019 866 stipendiis,
3051 799 3183 864 etc.,
3214 810 3380 867 usque
3399 796 3469 852 Ut

1836 885 2073 956 gloriam
2100 902 2286 940 meam
2313 887 2437 958 quis
2455 893 2702 944 evacuet.
2731 888 2779 957 (Ι
2803 892 2924 945 Cor.
2955 906 3029 955 1x,
3063 891 3242 958 7-15.)

1976 982 2150 1032 Lectio
2186 982 2348 1032 sancti
2381 983 2646 1048 Evangelii
2679 985 2970 1035 secundum
3001 984 3311 1036 Matthzeum.

1906 1065 1966 1119 In
1991 1064 2084 1118 illo
2112 1069 2365 1136 tempore
2401 1065 2541 1119 abiit
2577 1065 2845 1120 Dominus
2882 1068 3038 1121 Iesus
3083 1065 3324 1123 Sabbato
3364 1084 3470 1139 per

1834 1161 1970 1227 sata,
2023 1163 2152 1225 etc.,
2200 1175 2365 1228 usque
2418 1161 2497 1214 Ex
2539 1159 2644 1213 hoc
2681 1176 2848 1230 pane,
2896 1159 3048 1214 vivet
3088 1160 3146 1214 in
3187 1165 3468 1216 aeternum

1835 1250 2050 1321 (Matth.
2111 1269 2208 1319 xu,
2271 1253 2398 1323 1-8).
2457 1256 2590 1307 Tum
2631 1257 3083 1324 consequenter:
3133 1255 3329 1309 Nonne
3372 1272 3469 1309 vos

1835 1345 2040 1415 dicitis,
2070 1350 2175 1401 etc.
2210 1345 2382 1415 (Joan.
2415 1364 2489 1408 ιν,
2521 1347 2732 1416 35-38).
2777 1350 2930 1412 Tum,
2973 1349 3090 1419 Ego
3133 1365 3261 1403 sum
3303 1349 3469 1421 panis

1835 1439 1980 1509 vitre,
2014 1444 2119 1495 etc.
2153 1440 2325 1509 (Joan.
2350 1457 2424 1508 γι,
2454 1442 2668 1510 49-52.)

2221 1552 2400 1596 NOTAE
2443 1553 2520 1595 ET
2563 1552 2640 1596 OB
2649 1552 3072 1598 SERVATIONES
3082 1583 3094 1596 .

1909 1630 2100 1704 162
2155 1633 2281 1686 Haec
2334 1632 2506 1687 missa
2557 1633 2822 1688 continue
2873 1633 3102 1688 missam
3155 1634 3225 1689 de
3278 1637 3468 1688 sancto

1832 1731 2043 1784 Joanne
2069 1730 2453 1801 subsequitur.
2487 1731 2775 1802 Evangelii
2792 1731 2958 1786 lectio
2979 1731 3167 1787 innuit
3187 1732 3332 1787 hanc
3353 1747 3470 1788 esse

1832 1824 2283 1879 benedictionem
2298 1841 2572 1880 novarum
2593 1825 2898 1896 spicarum.
2917 1828 3147 1882 Maturaa
3167 1843 3290 1881 uva
3306 1825 3474 1882 bene-

1755 1900 1811 1971 B
1835 1918 2006 1972 dictio
2031 1918 2088 1972 in
2111 1919 2554 1974 Sacramentario
2583 1920 2763 1974 sancti
2806 1920 3064 1991 Gregorii
3105 1925 3339 1975 notatur
3378 1937 3474 1976 VIII

1837 2011 1915 2066 ld.
1947 2012 2206 2081 Augusti,
2238 2012 2326 2066 die
2356 2012 2527 2066 natali
2555 2013 2727 2066 sancti
2754 2013 2925 2082 Xysti,
2957 2030 3070 2084 quo
3099 2013 3188 2068 die
3215 2014 3278 2068 ﬁt
3303 2013 3475 2070 etiam

1833 2121 1984 2159 nunc
2014 2105 2353 2176 quibusdam
2381 2105 2441 2158 in
2468 2105 2628 2159 locis.
2662 2105 2854 2159 Fiebat
2881 2106 3052 2160 etiam
3080 2123 3181 2159 suo
3211 2109 3474 2176 tempore

1834 2199 2152 2252 benedictio
2187 2215 2461 2253 novarum
2500 2199 2780 2268 fabarum,
2830 2215 3221 2269 novorumque
3267 2215 3470 2270 pomo-

1835 2309 1984 2346 rum.
2014 2291 2336 2346 Udalricum
2363 2293 2550 2362 legere
2577 2309 2692 2346 non
2717 2292 3012 2363 paenitebit
3040 2292 3099 2346 in
3134 2292 3233 2347 lib.
3265 2309 3282 2347 ι
3323 2292 3468 2347 Con-

1835 2384 2201 2440 suetudinum
2226 2385 2682 2440 Cluniacensium
2719 2402 2842 2457 cap.
2891 2389 2978 2440 35.
3024 2385 3180 2441 Adde
3224 2385 3474 2441 Menardi

1834 2483 1994 2534 notas
2020 2479 2080 2532 in
2115 2479 2631 2534 Sacramentarium
2657 2496 2789 2551 pag.
2828 2483 2949 2534 173.

2014 2585 2185 2639 LXVI.
2228 2601 2472 2639 LEGENDA
2513 2602 2567 2640 IN
2608 2601 2767 2640 resro
2810 2602 2968 2642 UNIUS
3004 2601 3288 2642 ιιΑιιτγιιιε.

2307 2673 2486 2723 Lectio
2520 2673 2682 2723 Esaia:
2716 2674 3002 2738 prophetae.

1905 2755 2032 2808 Haec
2063 2754 2199 2810 dicit
2225 2755 2501 2809 Dominus
2535 2772 2547 2809 :
2578 2756 2722 2809 Leva
2747 2755 2806 2809 in
2837 2755 3077 2810 circuitu
3106 2755 3298 2812 oculos
3326 2760 3472 2824 tuos,

1836 2853 1892 2903 et
1919 2848 2066 2918 vide,
2096 2852 2228 2917 etc.,
2261 2864 2426 2917 usque
2454 2849 2804 2920 Redemptor
2828 2853 2956 2904 tuus
2984 2849 3144 2905 fortis
3170 2849 3356 2920 Iacob,
3397 2851 3480 2906 ait

1835 2941 2108 2996 Dominus
2139 2942 2301 2995 Deus.
2338 2942 2463 3010 (Isa.
2495 2958 2582 3008 1.x,
2615 2942 2792 3012 4-16.)

2069 3038 2300 3102 Epistola
2342 3037 2488 3088 Pauli
2523 3038 2744 3101 apostoli
2776 3039 2841 3088 ad
2875 3040 3221 3090 Timotheum.

1903 3120 2220 3189 Carissime,
2251 3121 2443 3175 labora
2474 3121 2620 3174 sicut
2646 3120 2827 3175 bonus
2857 3121 3018 3176 miles
3061 3122 3291 3192 Christi,
3341 3127 3473 3195 etc.,

1834 3218 2001 3284 usque
2024 3215 2478 3270 Persecutionem
2504 3213 2803 3286 patiuntur
2830 3215 2903 3283 (II
2935 3218 3072 3271 Tim.
3100 3232 3160 3286 ιι,
3191 3217 3265 3286 3).
3296 3218 3473 3273 Avul-

1834 3323 1952 3364 sum
1979 3313 2056 3364 est
2079 3325 2244 3363 unum
2273 3310 2491 3376 folium.
2520 3310 2728 3364 Desinit
2756 3309 3004 3379 Epistola
3029 3312 3085 3365 H
3109 3312 3246 3366 Tim.
3276 3327 3357 3374 111,
3389 3314 3474 3367 12.

1983 3407 2158 3456 Lectio
2193 3406 2357 3455 sancti
2388 3405 2660 3470 Evangelii
2693 3405 2984 3456 secundum
3018 3407 3322 3457 Iohannem.

1907 3487 2114 3542 Diebus
2165 3487 2302 3554 illis,
2361 3487 2583 3541 dicebat
2650 3487 2923 3542 Dominus
2967 3489 3127 3543 Iesus
3189 3489 3494 3562 discipulis

1837 3582 1952 3636 suis
1982 3599 1995 3635 :
2031 3583 2158 3636 Haec
2186 3581 2394 3635 mando
2424 3580 2601 3650 vobis,
2643 3581 2703 3635 ul
2740 3580 2990 3651 diligatis
3029 3582 3291 3652 invicem,
3340 3587 3472 3653 etc.,

1835 3691 2001 3745 usque
2026 3673 2488 3730 Reminiscamini
2516 3673 2652 3745 quia
2671 3689 2778 3743 ego
2804 3673 2921 3728 dixi
2947 3674 3122 3730 vobis.
3169 3675 3342 3745 (Ioan.
3381 3693 3470 3746 xv,

1841 3773 1924 3835 17,
1952 3783 2118 3838 usque
2144 3785 2255 3836 xvi,
2286 3768 2362 3837 4.)

1993 3874 2187 3928 LXVII.
2228 3887 2464 3928 LEGENDA
2506 3888 2571 3925 ne
2611 3887 2806 3926 PLURES
2849 3887 3122 3926 narrans
3163 3871 3298 3943 (sic).

2302 3953 2480 4004 Lectio
2515 3953 2677 4004 Esaiae
2711 3953 2999 4016 prophetas.

1905 4033 2031 4086 Hac
2049 4030 2184 4086 dicit
2202 4029 2475 4084 Dominus
2499 4045 2512 4083 :
2544 4030 2682 4083 Ecce
2703 4029 2852 4083 servi
2875 4029 3319 4101 meicomedent,
3340 4035 3470 4102 etc.,

1833 4141 2000 4194 usque
2048 4125 2115 4179 Et
2151 4126 2491 4178 trementem
2527 4138 2818 4178 sermones
2863 4139 3039 4194 meos,
3087 4124 3166 4180 ait
3202 4124 3474 4180 Dominus

1835 4219 2000 4274 Deus.
2032 4219 2158 4287 (Isa.
2190 4234 2312 4287 va,
2347 4220 2434 4287 13,
2463 4233 2628 4287 usque
2659 4233 2802 4286 Lm,
2830 4216 2908 4287 2.)

2094 4314 2270 4365 Lectio
2304 4313 2646 4380 Apocalypsis
2678 4313 2920 4364 Iohannis
2954 4315 3224 4378 apostoli..

1906 4398 2179 4468 Tempore
2209 4396 2328 4466 illo,
2357 4413 2463 4467 ego
2493 4395 2755 4451 Iohannis
2779 4395 2893 4450 vidi
2918 4397 3022 4450 sub
3054 4397 3228 4452 altare
3254 4397 3474 4452 animas

1833 4489 2280 4558 interfectorum,
2312 4494 2442 4560 etc.,
2473 4505 2638 4559 usque
2667 4490 2855 4543 Honor
2895 4493 2950 4543 et
2987 4489 3164 4544 virtus
3212 4493 3270 4545 et
3305 4490 3470 4545 forti-

1832 4583 1970 4637 tudo
2001 4585 2111 4637 Deo
2139 4586 2331 4637 nostro
2357 4582 2416 4636 in
2446 4582 2652 4636 saecula
2680 4582 3034 4650 saeculorum,
3064 4599 3250 4637 amen.
3282 4582 3468 4652 (Apoc.

2429 4718 2446 4739 ,
2475 4678 2670 4731 omissa
2697 4678 3094 4731 enumeratione
3122 4676 3382 4732 tribuum.

2023 4773 2196 4824 Lectio
2230 4772 2396 4822 sancti
2428 4772 2699 4836 Evangelii
2732 4771 3023 4822 secundum
3085 4773 3298 4822 Lucam.

1905 4854 1954 4926 1
1971 4853 2096 4928 63
2131 4858 2191 4910 In
2219 4853 2330 4909 illis
2357 4853 2576 4922 diebus,
2606 4853 2686 4908 ait
2712 4852 2986 4907 Dominus
3007 4855 3165 4908 Iesus
3187 4854 3476 4927 discipulis

1833 4949 1948 5004 suis
1976 4967 1989 5005 :
2023 4952 2166 5006 Cum
2191 4948 2480 5005 audieritis
2510 4947 2706 5019 prmlia
2731 4952 2788 5002 et
2805 4946 3131 5018 seditiones,
3151 4953 3283 5017 etc.,
3306 4965 3472 5022 usque

1833 5044 2205 5101 Possedebitis
2234 5043 2454 5098 animas
2482 5047 2710 5097 vestras.
2743 5041 2886 5111 (Luc.
2913 5058 3026 5112 xx1,
3056 5044 3224 5114 9-19.)

2068 5143 2292 5197 LXVIII.
2335 5158 2575 5198 LEGENDA
2615 5158 2684 5197 nr.
2722 5156 2830 5197 rso
2873 5156 3237 5198 coursssoas.

2108 5223 2338 5288 Epistola
2357 5223 2501 5274 Pauli
2519 5223 2742 5286 apostoli
2760 5222 2825 5273 ad
2844 5223 3192 5274 Timotheum.

1905 5305 2204 5361 Carissime
2231 5305 2413 5361 omnis
2439 5305 2716 5360 scribtura
2737 5304 3004 5360 divinitus
3023 5305 3317 5375 inspirata,
3342 5310 3472 5373 etc.,

1835 5416 2000 5469 usque
2027 5399 2122 5453 His
2162 5399 2261 5470 qui
2282 5398 2528 5469 diligunt
2567 5399 2872 5454 adventum
2911 5398 3054 5469 ejus.
3097 5397 3171 5465 (II
3214 5399 3351 5454 Tim.
3394 5417 3473 5469 ιιι,

1841 5496 1924 5563 16,
1955 5509 2121 5563 usque
2147 5510 2222 5562 ιν,
2252 5493 2330 5563 8.)

1979 5591 2154 5641 Lectio
2189 5590 2356 5641 sancti
2389 5590 2658 5654 Evangelii
2692 5586 2978 5639 secundum
3015 5588 3336 5642 Matthmum.

1910 5671 2115 5727 Diebus
2141 5672 2254 5726 illis
2280 5672 2548 5743 loquutus
2577 5676 2662 5726 est
2687 5669 2959 5725 Dominus
2983 5668 3144 5725 Iesus
3182 5672 3250 5726 ad
3284 5673 3477 5729 turbas

1840 5770 1896 5821 et
1922 5765 1992 5820 ad
2015 5765 2321 5838 discipulos
2350 5781 2480 5819 suos
2505 5763 2835 5836 parabolam
2860 5762 3029 5832 hanc,
3061 5763 3252 5820 dicens
3285 5781 3299 5819 :
3325 5766 3480 5821 Sicut

1840 5859 2010 5914 homo
2035 5875 2274 5931 peregre
2300 5856 2661 5931 proficiscens
2687 5854 2907 5911 vocavit
2944 5871 3134 5911 servos
3165 5872 3313 5926 suos,
3343 5861 3472 5919 etc.,

1839 5968 2005 6027 usque
2018 5953 2168 6011 Intra
2179 5953 2239 6010 in
2255 5950 2527 6025 gaudium
2539 5948 2767 6006 Domini
2777 5949 2882 6007 tui.
2902 5951 3117 6021 (Matth.
3131 5966 3257 6020 xxv,
3278 5949 3472 6015 14-23.)
