3968 6224
195 3404 235 3442 ἱ

404 367 498 421 211
1196 360 1527 417 APPENDIX
1567 358 1653 413 AD
1689 357 1912 412 OPERA
1950 356 2183 413 SANCTI
2219 355 2518 412 GERMANI
2558 355 2983 412 PARISIENSIS.
3676 354 3795 409 212

607 472 776 528 LXIX.
818 487 1062 529 LEGENDA
1101 486 1167 526 ne
1204 485 1402 525 PLURES
1438 480 1816 522 conressonss.

829 561 1004 612 Lectio
1037 558 1300 611 Hierimia
1334 556 1620 621 propheta.

478 647 670 701 Bonus
695 647 780 700 est
809 642 1077 697 Dominus
1102 638 1463 712 sperantibus
1488 637 1548 691 in
1583 652 1736 707 eum,
1775 638 1906 705 etc.,
1947 651 2039 691 us-

407 756 509 811 que
540 739 748 794 Idcirco
765 743 828 793 tu
847 735 1144 793 exorabilis
1167 733 1277 804 (sic)
1302 749 1381 800 es,
1401 731 1634 786 Domins
1654 732 1799 786 Deus
1824 733 2038 786 noster.

412 834 632 902 (Thren.
664 850 743 899 ιιι,
772 831 986 901 25-42.)

638 930 865 994 Epistola
912 925 1057 977 Pauli
1110 924 1334 988 apostoli
1366 924 1431 974 ad
1472 923 1818 974 Timotheum.

478 1016 792 1083 Carissime,
821 1012 964 1068 nihil
989 1011 1287 1066 intulimus
1313 1010 1373 1065 in
1402 1010 1556 1065 hunc
1576 1009 1878 1078 mundum,
1906 1011 2039 1074 etc.,

407 1127 577 1182 usque
606 1110 711 1165 Sed
732 1124 834 1163 nec
862 1107 1049 1161 videre
1079 1108 1282 1176 potest,
1312 1103 1404 1159 cui
1430 1104 1614 1158 honor
1639 1107 1696 1158 et
1734 1102 2042 1175 imperium

409 1205 469 1261 in
498 1204 699 1259 sacula
724 1201 1079 1257 saeculorum.
1110 1198 1158 1269 (Ι
1188 1201 1324 1253 Tim.
1350 1214 1424 1265 γι,
1457 1197 1632 1268 7-16.)

546 1300 721 1351 Lectio
757 1298 928 1349 sancti
958 1295 1232 1359 Evangelii
1266 1294 1557 1346 secundum
1594 1293 1900 1344 Iohannem.

479 1387 685 1443 Diebus
713 1386 844 1453 illis,
874 1383 1018 1438 dixit
1046 1381 1318 1436 Dominus
1362 1382 1520 1436 Iesus
1560 1378 1847 1451 discipulis
1882 1379 1997 1434 suis
2025 1395 2038 1433 :

407 1482 526 1553 Ego
552 1496 679 1535 sum
710 1478 836 1534 vitis
860 1492 1013 1545 vera,
1054 1478 1183 1542 etc.,
1229 1490 1398 1544 usque
1435 1473 1839 1544 Quodcumque
1863 1473 2040 1544 petie-

409 1574 532 1629 ritis
542 1575 764 1629 Patrem
779 1572 839 1626 in
853 1568 1088 1625 nomine
1106 1583 1254 1637 meo,
1271 1568 1366 1622 det
1377 1567 1553 1621 vobis.
1572 1567 1745 1636 (Joan.
1760 1582 1850 1633 xv,
1868 1569 1889 1620 1
1904 1597 1924 1605 -
1938 1570 1955 1620 1
1968 1566 2043 1636 6.)

794 1688 975 1733 ΝΟΤιΕ
1023 1686 1101 1729 ΕΤ
1145 1687 1222 1731 ΟΒ
1230 1683 1653 1729 SEBVATIONES
1664 1712 1675 1725 .

482 1770 794 1825 Commune
837 1772 1161 1823 sanctorum
1197 1766 1257 1820 in
1286 1763 1486 1819 ofﬁciis
1512 1761 1894 1818 ecclesiasticis
1922 1761 2045 1833 jam

2061 477 2120 551 Α
2138 463 2361 519 Domini
2374 463 2776 534 misericordia,
2793 464 2945 537 quod
2960 462 3197 521 haberet
3209 462 3508 520 defunctus
3519 462 3797 536 requiem

2139 558 2324 627 indie,
2343 575 2455 630 qua
2476 558 2716 613 Domino
2733 558 3082 615 oblationem
3114 557 3163 631 1
3179 556 3304 631 65
3326 573 3431 629 pro
3448 555 3573 628 ejus
3591 556 3799 612 anima

2140 653 2457 709 delibasset.
2489 673 2516 701 ››
2552 652 2706 707 Idem
2730 656 2946 723 auctor,
2978 652 3038 707 in
3068 652 3324 707 Historia
3348 651 3451 706 lib.
3477 667 3533 714 iv
3563 667 3695 723 cap.
3721 651 3792 706 34

2140 747 2237 817 ait,
2266 745 2579 802 Palladium
2603 747 2931 818 quemdam,
2961 746 3061 818 qui
3088 746 3197 801 sibi
3226 750 3473 801 mortem
3505 744 3797 800 conscive-

2142 846 2247 908 rat,
2294 862 2321 890 «
2361 856 2478 895 non
2519 840 2688 911 juxta
2731 839 3182 895 Christianorum
3209 839 3483 894 cadavera
3533 838 3795 911 positum

2142 935 2375 1006 (fuisse),
2427 935 2523 990 sed
2568 951 2673 992 nec
2724 934 3025 989 missarum
3076 933 3348 988 solemnia
3397 932 3702 989 meruisse.
3760 954 3790 981 »ι

2141 1031 2313 1085 Porro
2339 1029 2493 1083 locus
2522 1028 2581 1083 in
2611 1045 2726 1100 quo
2754 1028 2946 1082 ﬁdeles
2975 1027 3427 1095 tumulabantur,
3464 1048 3491 1075 ‹‹
3521 1025 3792 1081 sacerdo-

2140 1123 2239 1179 tali
2275 1121 2667 1178 benedictione
2706 1122 2961 1177 sacrati»
3004 1112 3183 1188 erant,
3234 1137 3303 1175 ex
3338 1120 3435 1174 lib.
3482 1120 3555 1175 de
3599 1119 3797 1174 Gloria

2142 1215 2527 1270 confessorum
2552 1231 2677 1286 cap.
2710 1217 2831 1269 106.
2863 1214 2946 1269 Ad
2972 1214 3114 1284 hac,
3143 1214 3409 1268 defuncto
3437 1218 3633 1268 sancto
3662 1212 3792 1269 Sal-

2142 1309 2250 1379 vio,
2275 1308 2536 1363 monachi
2557 1330 2583 1356 ‹‹
2606 1312 2829 1362 noctem
2844 1307 2901 1362 in
2917 1307 3053 1362 ﬁetu
3075 1313 3131 1364 et
3146 1307 3443 1379 psallentio
3465 1306 3736 1378 exigunt,
3759 1327 3788 1354 η

2141 1404 2294 1475 apud
2320 1402 2586 1457 eumdem
2614 1402 2672 1455 in
2694 1401 2795 1456 lib.
2828 1418 2902 1456 vn
2944 1420 3063 1473 cap.
3108 1406 3156 1456 1.
3201 1401 3458 1474 Denique
3500 1400 3794 1455 Baudoni-

2141 1498 2249 1568 via,
2280 1497 2337 1551 in
2372 1495 2522 1551 Actis
2560 1499 2766 1550 sancta
2812 1495 3194 1566 Radegundis,
3240 1495 3310 1550 de
3355 1495 3477 1565 ejus
3501 1493 3796 1566 exsequiis

2142 1608 2336 1662 agens,
2366 1590 2444 1645 ait
2472 1588 2933 1644 sanctimoniales
2966 1610 2992 1638 ‹‹
3036 1588 3294 1661 genitum
3322 1604 3427 1660 pro
3472 1587 3718 1644 Alleluia
3762 1608 3789 1635 υ

2142 1683 2469 1753 reddidisse,
2496 1688 2619 1737 tum
2651 1682 2843 1736 subdit
2876 1699 2890 1736 :
2927 1703 2954 1731 ‹‹
2981 1682 3217 1751 Liberae,
3251 1698 3379 1754 qua
3400 1686 3530 1737 ante
3553 1698 3686 1737 eam
3707 1697 3799 1736 ce-

2144 1795 2271 1833 reos
2322 1780 2698 1849 portaverant,
2747 1780 2877 1830 tota
2927 1775 2987 1829 in
3028 1792 3167 1847 gyro
3213 1775 3459 1848 sepulcri
3505 1775 3793 1830 astabant.

410 1864 629 1920 dudum
656 1863 718 1917 in
741 1879 849 1916 usu
874 1861 1001 1931 fuit,
1029 1866 1172 1916 teste
1202 1857 1505 1913 Braulione
1545 1856 2041 1927 Casaraugustano

2201 1887 2505 1943 naquaque
2533 1870 2590 1925 in
2618 1886 2719 1924 suo
2749 1885 2911 1923 cereo
2955 1886 3126 1924 suum
3169 1886 3378 1923 nomen
3426 1868 3597 1923 dabat
3648 1868 3793 1923 scri-

410 1956 671 2031 episcopo
698 1956 757 2010 in
785 1956 1019 2027 prologo
1048 1954 1118 2009 de
1152 1953 1277 2008 Vita
1318 1948 1494 2006 sancti
1542 1948 1821 2004 [Emiliani
1850 1965 1863 2003 :
1913 1971 1941 1997 ‹‹
1968 1949 2045 2003 De

409 2051 606 2107 eadem
634 2066 859 2123 quoque
887 2048 1243 2103 solemnitate
1272 2045 1519 2115 (nempe,
1560 2042 1711 2097 beati
1748 2041 2045 2113 Emiliani)

410 2150 475 2201 ut
500 2145 668 2200 missa
693 2144 1026 2198 recitaretur
1043 2138 1381 2207 communis,
1422 2136 1646 2208 injunxi
1686 2135 1886 2191 dilecto
1931 2135 2047 2190 ﬁlio

411 2256 537 2295 meo
560 2237 609 2311 1
628 2237 757 2311 64
780 2236 1034 2307 Eugenio
1053 2234 1307 2289 diacono.
1332 2254 1358 2281 »
1383 2231 1648 2286 Ofﬁcium
1670 2229 1737 2284 de
1759 2229 2044 2300 apostolis,

409 2333 561 2406 quod
588 2332 680 2387 hic
704 2329 974 2402 pramitti
993 2328 1284 2397 debuerat,
1314 2324 1761 2398 pratermissum
1807 2326 1909 2392 est,
1952 2322 2050 2377 sed

410 2426 655 2482 occurrit
682 2426 743 2479 in
779 2423 983 2478 Missali
1012 2422 1315 2476 Gallicano.
1358 2422 1420 2474 In
1450 2417 1688 2473 concilio
1723 2415 2050 2471 Bracarensi

411 2538 471 2578 III
495 2519 741 2593 graviter
757 2516 1256 2589 reprehenduntur
1273 2530 1485 2569 canone
1504 2517 1534 2567 5
1555 2511 1785 2584 quidam
1800 2509 2048 2581 episcopi

410 2614 510 2686 qui
537 2614 597 2668 in
629 2610 1076 2666 solemnitatibus
1101 2613 1420 2680 martyrum
1446 2607 1523 2661 ad
1547 2606 1821 2660 ecclesiam
1841 2618 2050 2675 proces-

409 2709 547 2771 suri,
576 2704 842 2778 reliquias
869 2703 1011 2758 collo
1038 2719 1141 2758 suo
1171 2700 1556 2773 imponebant,
1586 2713 1757 2770 seque
1799 2713 1833 2751 a
1866 2696 2051 2751 levitis

415 2799 622 2873 gestari
655 2797 917 2853 volebant
949 2798 1111 2866 quasi
1134 2796 1243 2865 ipsi
1276 2797 1465 2847 essent
1498 2792 1857 2861 reliquiarum
1896 2806 2047 2845 arca.

415 2897 478 2950 In
502 2891 846 2948 Lectionario
870 2893 1082 2955 nostro,
1115 2892 1172 2943 et
1201 2887 1260 2941 in
1285 2885 1534 2957 antiquis
1569 2883 1882 2939 Missalibus
1918 2884 2048 2939 Gal-

413 2987 609 3043 licanis
652 2985 908 3056 aliisque,
952 2998 1065 3036 una
1106 2984 1191 3035 est
1234 2979 1425 3034 classis
1464 2977 1869 3047 confessorum,
1910 2994 2052 3049 quos

415 3081 587 3138 modo
636 3078 997 3149 distinguunt
1037 3074 1097 3130 in
1137 3072 1433 3145 pontiﬁces
1483 3076 1541 3128 et
1581 3089 1695 3126 non
1737 3071 2049 3143 pontiﬁces.

386 3174 578 3241 .Quod
605 3171 918 3243 antiquitus
948 3170 1007 3223 in
1034 3184 1142 3222 usu
1181 3183 1301 3222 non
1343 3171 1481 3235 erat,
1530 3170 1594 3220 ut
1630 3170 1845 3221 veteres
1881 3165 2053 3221 etiam

415 3266 629 3322 litania
672 3264 937 3335 probant.
987 3263 1047 3316 In
1089 3260 1259 3314 missa
1302 3260 1471 3314 unius
1514 3259 1845 3314 confessoris
1886 3259 2055 3313 unica

418 3359 606 3415 Lectio
629 3356 928 3428 Evangelio
947 3354 1334 3426 pramittitur.
1355 3353 1507 3409 Idem
1528 3352 1776 3407 vidimus
1795 3353 1854 3407 in
1869 3352 2054 3407 ofﬁcio

418 3454 488 3508 de
516 3449 835 3506 beatissima
875 3448 1124 3519 Virgine,
1162 3451 1219 3501 et
1254 3450 1444 3501 sancta
1488 3446 1787 3502 Genovefa.
1829 3446 2055 3501 Nullum

420 3560 721 3602 commune
747 3542 1037 3615 virginum
1066 3540 1236 3596 etiam
1263 3540 1322 3595 in
1349 3538 1554 3595 Missali
1578 3538 1877 3594 Gallicano.

548 3662 693 3717 LXX.
736 3676 975 3716 LEGENDA
1013 3675 1067 3715 IN
1107 3671 1465 3713 DEPOSITIONE
1504 3672 1591 3711 CUI
1628 3671 1915 3711 VOLUEMS.

704 3753 933 3818 Epistola
965 3750 1109 3801 Pauli
1140 3750 1363 3815 apostoli
1396 3749 1462 3809 ad
1496 3748 1810 3799 Corinthios.

493 3843 713 3897 Fratres
732 3855 858 3895 ecce
878 3836 1212 3909 mysterium
1236 3834 1393 3890 vobis
1413 3834 1536 3889 dico
1564 3853 1577 3889 :
1610 3850 1807 3889 omnes
1827 3834 2059 3907 quidem

424 3950 804 4007 resurgemus,
839 3937 971 4000 etc.,
999 3946 1166 4001 usque
1196 3930 1317 3984 Non
1346 3932 1429 3983 est
1473 3928 1656 3983 inanis
1700 3928 1760 3983 in
1800 3928 2057 3985 Domino.

425 4029 473 4099 (1
499 4032 619 4088 Cor.
650 4025 964 4095 xv,51-58.)

580 4121 757 4173 Lectio
790 4120 955 4171 sancti
989 4118 1257 4185 Evangelii
1290 4117 1579 4168 secundum
1615 4118 1920 4168 Iohannem.

497 4208 702 4263 Diebus
728 4206 840 4260 illis
866 4206 1137 4277 loquutus
1166 4210 1249 4259 est
1274 4204 1547 4259 Dominus
1570 4206 1730 4260 Iesus
1769 4204 2064 4276 discipulis

427 4302 544 4357 suis
569 4301 760 4356 dicens
788 4316 801 4354 :
834 4303 1034 4368 Amen,
1056 4315 1224 4353 amen
1245 4298 1367 4353 dico
1386 4298 1564 4368 vobis,
1584 4315 1697 4353 non
1718 4302 1903 4370 potest
1916 4297 2063 4353 ﬁlius

427 4414 460 4451 a
498 4410 555 4449 se
588 4394 773 4449 facere
821 4392 1148 4465 quicquam,
1195 4397 1326 4462 etc.,
1370 4408 1536 4462 usque
1573 4392 1679 4447 Sed
1716 4392 2062 4447 voluntatem

428 4490 550 4561 ejus
571 4488 669 4562 qui
699 4487 853 4542 misit
882 4502 993 4541 me.
1024 4485 1198 4557 (Joan.
1229 4503 1283 4556 v,
1318 4486 1531 4556 19-30.)

816 4604 997 4649 ΝΟΤΛΕ
1039 4603 1119 4646 ΕΤ
1160 4592 1693 4647 OBSERVATIONES.

502 4688 559 4740 In
589 4684 762 4740 veteri
790 4684 991 4741 Codice
1020 4683 1111 4738 hic
1143 4683 1303 4737 deest
1324 4681 1546 4735 articuli
1572 4696 1865 4750 numerus,
1898 4694 2073 4753 quem

427 4780 691 4852 supplere
715 4779 901 4834 visum
926 4782 1028 4833 est.
1060 4776 1347 4831 Articulus
1374 4778 1441 4830 73
1489 4779 1572 4830 est
1611 4773 1680 4830 de
1719 4774 2072 4846 depositione

428 4872 693 4947 episcopi.
726 4873 786 4926 In
814 4870 1155 4928 Mozarabico
1182 4869 1367 4923 missa
1392 4872 1523 4923 sunt
1562 4868 1731 4923 etiam
1765 4867 2069 4940 particula-

429 4985 517 5022 res
546 4983 649 5039 pro
669 4964 941 5033 diaconis,
965 4968 1089 5018 tum
1113 4980 1214 5035 pro
1241 4962 1595 5018 subdiaconis
1615 4961 1875 5018 mortuis.
1900 4962 2073 5016 Extra

430 5058 933 5129 Quadragesimam
946 5058 1188 5113 Alleluia
1217 5056 1421 5129 sapius
1436 5055 1712 5129 repetitur
1738 5055 1796 5110 in
1813 5055 2069 5125 lntroitu,

432 5157 488 5207 et
517 5156 643 5225 post
687 5150 1077 5223 Evangelium.
1117 5150 1329 5206 Deinde
1377 5151 1448 5206 ad
1482 5149 1829 5205 oblationem
1870 5148 2075 5203 dicitur

432 5248 597 5315 Kyrie
634 5246 850 5308 eleison,
901 5244 1108 5299 Christe
1155 5245 1370 5315 eleison,
1411 5246 1578 5315 Kyrie
1616 5244 1831 5306 eleison,
1867 5247 2074 5314 prater

434 5353 672 5395 morem.
708 5337 1033 5410 Gregorius,
1065 5338 1124 5392 in
1152 5338 1410 5394 Historia
1430 5338 1528 5392 lib.
1556 5352 1611 5390 iv
1640 5352 1761 5407 cap.
1795 5339 1884 5406 31,
1917 5336 2075 5391 Cato-

434 5448 568 5485 nem
616 5432 1012 5504 presbyterum
1059 5435 1380 5487 Arvernum
1431 5429 1650 5497 laudat,
1702 5430 1799 5501 qui
1849 5430 1941 5486 lue
1991 5430 2075 5486 in-

436 5528 675 5594 gruente
694 5546 722 5573 «
741 5523 1019 5597 populum
1040 5524 1354 5597 sepelierat,
1378 5526 1435 5578 et
1456 5522 1651 5577 missas
1666 5522 1903 5579 viriliter
1922 5522 2075 5579 dixe~

382 5626 397 5629 ·
434 5620 542 5671 rat.
577 5638 603 5666 ››
637 5617 811 5688 Idem,
840 5618 900 5674 in
928 5619 1027 5674 lib.
1060 5618 1131 5673 de
1155 5616 1347 5672 Gloria
1371 5615 1776 5687 confessorum,
1818 5634 1943 5691 cap.
1980 5621 2070 5688 65,

432 5707 549 5780 agit
577 5709 645 5766 de
672 5712 932 5784 muliere,
966 5726 1116 5785 qua,
1145 5713 1372 5766 mortuo
1398 5709 1601 5765 marito
1628 5726 1752 5781 suo,
1788 5733 1816 5760 «
1842 5728 1945 5784 per
1976 5728 2072 5767 an-

433 5816 571 5857 num
591 5803 880 5878 integrum
892 5804 1183 5860 celebrans
1197 5802 1448 5877 quotidie
1463 5802 1626 5858 missa
1633 5820 1763 5859 rum
1777 5805 2069 5875 solemnia,

433 5893 702 5953 offerebat
729 5898 1068 5952 oblationem
1095 5912 1197 5968 pro
1221 5896 1497 5954 memoria
1518 5897 1647 5968 viri,
1666 5914 1782 5954 non
1802 5897 1983 5955 difﬁsa
2002 5899 2071 5956 de

2146 1970 2309 2037 ptum
2337 1981 2350 2019 :
2381 1968 2509 2020 tota
2536 1964 2637 2018 uni
2662 1980 2731 2017 ex
2755 1962 2982 2017 famulis
3003 1979 3194 2018 cereos
3214 1963 3363 2034 ipsos
3376 1962 3543 2033 juxta
3565 1961 3798 2015 ordina-

2146 2058 2358 2113 tionem
2383 2057 2701 2112 tradebant.
2730 2056 2817 2111 Fit
2846 2057 3130 2111 contentio
3157 2056 3215 2110 in
3242 2056 3471 2128 pOpulo.
3498 2054 3611 2109 Alii
3646 2054 3798 2109 dice-

2144 2153 2301 2221 bant,
2330 2167 2519 2206 cereos
2546 2151 2694 2222 ipsos
2722 2151 2782 2206 in
2810 2152 2931 2223 ejus
2976 2154 3236 2205 sanctum
3274 2149 3599 2221 sepulcrum
3641 2148 3798 2202 mitti

2148 2246 2387 2314 debere;
2416 2244 2509 2300 alii
2540 2244 2799 2300 dicebant
2824 2261 2962 2299 non.
2994 2266 3020 2292 n
3065 2243 3188 2298 Loti
3229 2247 3285 2299 et
3326 2242 3511 2299 vestiti
3547 2242 3796 2315 sepelie-

2146 2339 2373 2409 bantur,
2404 2355 2473 2395 ex
2502 2338 2718 2394 Sidonii
2746 2338 2843 2392 lib.
2873 2355 2932 2394 ιιι
2958 2337 3197 2410 epistola
3226 2341 3279 2393 3.

2414 2447 2583 2501 LXXI.
2622 2462 2865 2503 LEGENDA
2904 2463 2957 2501 IN
2998 2462 3200 2501 mrsu;
3240 2459 3507 2500 EPISCOPI.

2442 2528 2673 2593 Epistola
2703 2528 2848 2578 Pauli
2880 2528 3103 2592 apostoli
3138 2527 3204 2577 ad
3239 2527 3502 2577 Hebraos.

2220 2606 2460 2675 Fratres,
2474 2621 2719 2677 regnum
2732 2604 3081 2659 immobilem
3103 2603 3495 2675 suscipientes,
3512 2602 3803 2658 habemus

2152 2699 2413 2771 gratiam,
2428 2716 2533 2771 per
2547 2715 2720 2771 quam
2734 2697 3043 2753 serviamus
3070 2698 3357 2770 placentes
3380 2699 3516 2765 Deo,
3545 2701 3684 2763 etc.,
3704 2713 3800 2752 us-

2150 2810 2251 2865 que
2276 2793 2434 2858 Quod
2461 2793 2679 2865 placeat
2710 2808 2899 2847 coram
2926 2809 2984 2846 se
3005 2808 3108 2863 per
3134 2794 3331 2847 Iesum
3361 2791 3679 2858 Christum,
3708 2791 3803 2845 cui

2154 2887 2331 2959 gloria
2366 2887 2427 2941 in
2467 2887 2672 2942 sacula
2715 2885 3072 2941 saculorum.
3119 2886 3301 2955 (Hebr.
3349 2902 3442 2948 xu,
3484 2887 3578 2954 28,
3628 2900 3805 2956 usque

2153 2998 2268 3050 xm,
2297 2984 2356 3037 2t
2375 2981 2410 3052 .)

2300 3073 2475 3124 Lectio
2510 3073 2674 3124 sancti
2706 3072 2977 3136 Evangelii
3009 3071 3300 3122 secundum
3337 3071 3647 3121 Iohannem.

2226 3149 2432 3205 Diebus
2457 3148 2587 3217 illis,
2617 3148 2758 3204 dixit
2798 3148 3073 3203 Dominus
3108 3148 3266 3202 Iesus
3305 3146 3595 3218 discipulis
3634 3148 3756 3202 suis
3787 3164 3802 3202 :

2153 3248 2355 3309 Amen,
2378 3259 2546 3297 amen
2572 3242 2698 3297 dico
2723 3242 2900 3311 vobis,
2930 3242 3030 3313 qui
3052 3258 3167 3295 non
3189 3240 3363 3295 intrat
3382 3256 3487 3312 per
3502 3239 3723 3295 ostium
3746 3242 3807 3295 in

2156 3338 2299 3393 ovile
2325 3336 2535 3407 ovium,
2567 3342 2698 3407 etc.,
2730 3351 2898 3407 usque
2926 3337 3112 3390 Unum
3139 3334 3284 3388 ovile
3309 3339 3365 3389 et
3391 3349 3542 3389 unus
3581 3338 3805 3405 pastor,

2158 3433 2331 3501 (Joan.
2358 3448 2413 3497 x,
2444 3432 2619 3503 1-16).

2393 3540 2593 3595 LXXII.
2636 3556 2761 3596 ITEM
2804 3557 2855 3594 IN
2897 3554 3100 3594 sum;
3140 3552 3541 3593 EPISCOPORUM.

2559 3621 2735 3673 Lectio
2770 3620 3045 3671 Ezechihel
3081 3620 3369 3683 prOpheta.

2227 3700 2500 3770 Tempore
2533 3697 2650 3766 illo,
2689 3697 2903 3751 factum
2940 3700 3025 3750 est
3059 3695 3294 3749 verbum
3324 3694 3552 3749 Domini
3577 3696 3651 3750 ad
3673 3697 3806 3751 Hie-

2160 3792 2369 3847 zechiel
2395 3791 2606 3859 dicens,
2641 3789 2743 3845 Fili
2770 3789 3040 3857 hominis,
3068 3788 3347 3859 prOpheta
3372 3788 3441 3843 de
3478 3789 3812 3859 pastoribus

2165 3886 2389 3952 Israhel,
2417 3889 2547 3953 etc.,
2576 3899 2744 3954 usque
2768 3885 2993 3937 Pascua
3018 3897 3158 3936 mea
3184 3881 3449 3936 homines
3489 3881 3650 3948 estis,
3698 3898 3810 3954 ego

2162 3978 2433 4034 Dominus
2484 3978 2630 4032 Deus
2675 3981 2878 4042 vester,
2926 3975 3064 4030 dicit
3106 3974 3376 4028 Dominus
3421 3975 3807 4031 exercituum.

2164 4073 2371 4143 (Ezech.
2404 4087 2584 4139 xxxxv,
2620 4073 2742 4125 1-31
2760 4070 2794 4140 .)

2391 4164 2624 4228 Epistola
2655 4161 2791 4212 beati
2842 4160 2985 4211 Petri
3017 4159 3236 4224 apostoli
3269 4159 3335 4209 ad
3369 4163 3574 4221 gentes.

2238 4238 2432 4312 166
2478 4237 2807 4293 Benedictus
2848 4237 2994 4292 Deus
3035 4240 3093 4289 et
3137 4236 3300 4289 Pater
3346 4235 3578 4290 Domini
3626 4237 3815 4293 nostri

2164 4335 2292 4389 Iesu
2313 4333 2552 4400 Christi,
2582 4331 2684 4403 qui
2724 4330 3036 4386 secundum
3064 4344 3331 4399 magnam
3356 4328 3815 4386 misericordiam

2165 4444 2326 4482 suam
2350 4424 2708 4497 regeneravit
2731 4440 2834 4480 nos
2860 4424 2918 4478 in
2946 4439 3107 4495 spem
3134 4422 3286 4489 vita,
3314 4426 3444 4490 etc.,
3471 4438 3643 4493 usque
3681 4425 3815 4479 Per-

2165 4519 2383 4591 cipietis
2412 4517 2930 4574 immarciscibilem
2961 4516 3156 4588 gloria
3183 4531 3451 4570 coronam
3482 4531 3587 4586 per
3613 4517 3814 4572 Iesum

2084 4594 2144 4666 Ῑ)
2164 4613 2454 4669 Christum
2481 4612 2791 4668 Dominum
2816 4614 3097 4666 nostrum.
3130 4610 3172 4679 (I
3199 4612 3344 4664 Petr.
3372 4626 3411 4677 ι,
3435 4612 3596 4664 3-25.
3628 4613 3770 4666 Tum
3792 4614 3815 4666 ι

2170 4710 2315 4762 Petr.
2345 4723 2399 4774 γ,
2431 4706 2572 4776 1-4.)

2305 4799 2483 4849 Lectio
2514 4798 2683 4847 sancti
2714 4796 2985 4859 Evangelii
3018 4795 3309 4846 secundum
3344 4795 3661 4847 Matthaum.

2242 4873 2446 4929 Diebus
2472 4872 2602 4942 illis,
2631 4873 2710 4927 ait
2734 4873 3005 4927 Dominus
3035 4874 3193 4928 Iesus
3221 4871 3513 4943 discipulis
3528 4872 3646 4926 suis
3671 4889 3687 4928 :
3711 4874 3822 4928 Vos

2173 4966 2305 5023 estis
2331 4966 2409 5021 sal
2439 4970 2625 5036 terra,
2657 4971 2788 5036 etc.,
2816 4981 2983 5036 usque
3008 4965 3104 5019 Hic
3130 4981 3376 5036 magnus
3420 4964 3716 5020 vocabitur
3759 4967 3820 5021 in

2173 5077 2351 5131 regno
2378 5060 2664 5115 calerum.
2699 5058 2917 5129 (Matth.
2948 5073 3003 5128 ν,
3036 5059 3246 5127 13-19.)

2561 5171 2597 5215 Ν
2604 5170 2740 5214 ΟΤΑΕ
2780 5170 2858 5214 ET
2901 5168 3433 5216 OBSERVATIONES.

2246 5246 2433 5301 Natale
2463 5245 2710 5317 episcopi
2736 5249 2820 5300 est
2845 5244 3264 5300 anniversarius
3294 5245 3416 5317 ejus
3445 5246 3822 5303 consecratio-

2174 5340 2261 5395 nis
2287 5338 2424 5395 dies.
2456 5337 2760 5411 Gregorius
2785 5339 3126 5395 Turonensis
3154 5339 3451 5412 episcopus
3489 5340 3599 5395 hoc
3645 5357 3822 5398 sensu

2174 5433 2415 5489 natalem
2441 5431 2796 5504 episcopatus
2825 5433 3005 5488 sancti
3033 5433 3258 5489 Martini
3283 5434 3531 5507 appellat
3555 5434 3617 5490 in
3801 5453 3823 5492 1

2174 5527 2243 5583 de
2269 5525 2545 5582 Miraculis
2570 5526 2749 5582 sancti
2776 5527 3003 5584 Martini
3023 5544 3145 5599 cap.
3175 5531 3206 5581 6
3232 5544 3246 5582 :
3277 5548 3306 5576 ‹‹
3328 5526 3523 5583 Sciatis
3539 5528 3676 5600 quia
3692 5535 3823 5601 post

2174 5622 2279 5676 hoc
2304 5620 2561 5677 triduum
2591 5622 2792 5677 natalis
2818 5621 3173 5694 episcopatus
3200 5621 3324 5692 ejus
3359 5636 3476 5676 esse
3502 5637 3819 5680 consueve-

2172 5718 2279 5787 rat.
2309 5737 2336 5764 ››
2365 5715 2449 5771 Ad
2475 5732 2608 5772 eum
2636 5716 2875 5772 modum
2897 5714 3099 5770 natalis
3127 5714 3435 5785 cathedra,
3455 5716 3661 5773 natalis
3680 5717 3819 5772 cali-

2172 5808 2249 5862 cis
2299 5808 2360 5863 in
2405 5810 2635 5865 vetustis
2684 5807 3028 5865 Kalendariis
3094 5808 3433 5881 appellatur.
3506 5808 3600 5865 Sic
3666 5810 3822 5867 infra

2172 5901 2357 5957 natale
2386 5902 2632 5960 ecclesia
2660 5919 2765 5976 pro
2793 5901 3177 5960 anniversario
3208 5901 3597 5959 dedicationis.
3631 5904 3817 5969 Quili-
