3968 6224
103 389 186 438 ’213
1165 392 1248 446 DE
1291 393 1602 449 LITITRGIA
1642 397 1705 450 G.-‘

1841 397 2016 452 CANX
2059 399 2253 454 LIBER
2297 401 2357 454 Il.
3351 407 3453 460 2|}

102 492 177 546 bet
208 490 449 592 episcopi
489 494 951 552 anniversarium
990 499 1364 556 ordinationis
1402 518 1519 557 sua;
1560 502 1713 559 diem
1735 504 2242 592 AHierusolymis,
2290 512 2345 564 et
2372 507 2556 565 hiems
2598 514 2740 580 erat,
2782 514 2888 568 etc.
2941 510 3116 582 (Joan.
3157 529 3212 584 x,
3245 515 3449 586 22-28).

102 585 364 659 quotannis
392 589 751 661 recalebant,
779 597 835 647 et
860 609 1185 648 sermonem
1232 595 1368 666 ipsis
1405 595 1602 651 diebus
1643 600 1713 655 ad
1735 585 1796 592 ’⁷
1819 601 1971 667 Tum,
2001 608 2375 672 consequenter
2391 607 2518 661 Luc.
2550 621 2666 675 xix,
2694 609 2846 662 l-lO.

101 680 338 751 populum
364 681 681 738 habebant.
731 687 921 741 Exstat
957 688 1193 743 Ennodii
1238 689 1408 742 dictio
1453 691 1513 745 in
1544 693 1713 748 natali

103 774 349 827 Laurentii
381 775 822 832 Mediolanensis
859 780 1126 854 episcopi,
1167 781 1264 836 ubi
1290 783 1561 853 praeclara
1592 786 1712 841 haec

99 866 239 920 verba
273 883 286 919 :
321 886 347 917 ‹‹
390 869 515 923 Tibi
565 886 708 942 ergo
744 872 983 929 debetur
1011 877 1421 932 venerabilium
1449 880 1713 946 fcustodia

99 976 368 1028 canonum,
397 984 424 1010 η
450 967 562 1019 etc.

2066 724 2253 780 LXXV.
2295 743 2534 780 LEGENDA
2580 745 2633 781 IN
2673 744 2881 783 NATALE
2920 745 3194 785 accusa.

2286 820 2460 869 Lectio
2493 821 2634 870 Isaia:
2659 822 2950 885 prophetae.

1884 901 2090 971 Lauda,
2122 904 2346 972 sterilis,
2396 922 2522 976 quae
2570 923 2684 961 non
2725 907 2895 979 paris.
2927 911 3037 964 Ista
3052 909 3173 979 jam
3205 913 3452 981 superius

1811 995 1868 1047 in
1889 997 2093 1064 vigiliis
2109 999 2326 1054 Natalis
2351 1003 2566 1055 Domini
2585 1002 2785 1057 scribta
2804 1006 2900 1057 est.
2932 1003 3034 1072 (Ita
3059 1008 3207 1060 vetus
3229 1005 3449 1076 Codex.)

231 1074 434 1130 LXXIII.
477 1092 735 1132 LEGENDA
777 1097 831 1133 IN
873 1097 1218 1137 DEPOSITIONE
1262 1100 1514 1140 EPISCOPI.

2117 1107 2343 1172 Epistola
2369 1109 2514 1160 Pauli
2535 1113 2755 1174 apostoli
2779 1113 2844 1162 ad
2871 1113 3136 1178 Ephesios.

749 1173 1227 1280 stiaigfﬁhf?‘
1292 1267 1330 1280 ί.
1359 1262 1370 1274 θ
1398 1279 1401 1280 ν
1539 1265 1575 1280 ν
1623 1270 1631 1280 _
1882 1201 2123 1269 Fratres,
2161 1204 2338 1273 gratia
2370 1205 2526 1260 enim
2551 1206 2682 1261 estis
2709 1208 2903 1262 salvati
2933 1225 3036 1280 per
3076 1208 3267 1277 fidem,
3315 1214 3444 1276 etc.,

157 1253 268 1306 Haec
289 1254 418 1309 dicit
444 1257 728 1311 Dominus
760 1277 773 1313 :
797 1260 1027 1330 Aperite
1047 1266 1258 1331 portas,
1281 1267 1338 1317 et
1359 1262 1705 1334 ingrediatur

2161 1253 2338 1273 CW-"
2374 1253 2526 1260 ω---
2554 1253 2681 1261 νη---
2709 1253 2903 1262 wn---
2976 1253 3026 1264 ν-
3076 1253 3244 1264 ....-.-.
3317 1253 3444 1276 -.νη

1837 1309 1976 1364 isque
2008 1297 2446 1353 Coaediﬁcamini
2484 1300 2543 1354 in
2578 1253 2968 1357 habitaculuni
2997 1303 3093 1358 Dei
3137 1303 3195 1358 in
3236 1253 3446 1375 Sipiritu

68 1389 82 1398 .
103 1363 217 1463 gen:
237 1353 401 1451 justa,
432 1355 570 1463 etc,
601 1367 774 1463 usqule
802 1353 989 1408 Donec
1012 1359 1344 1463 petmnseat
1371 1357 1706 1431 indignatio,
1811 1353 2021 1444 macto.
2053 1389 2268 1460 (Ephes.
2301 1408 2360 1460 Π,
2389 1395 2568 1463 8-22,)

102 1441 161 1495 ait
183 1441 435 1497 Dominus
467 1445 642 1501 Deus.
677 1447 804 1515 (Isa.
835 1464 983 1514 xxvi,
1012 1451 1188 1519 2-20.)

334 1537 370 1586 Ε
416 1537 426 1547 .
683 1502 691 1515 ‘
737 1539 746 1550 .
972 1502 999 1550 '.
1037 1502 1042 1503 “
1091 1502 1108 1504 ““
1156 1502 1187 1519 "
1224 1543 1235 1554 .
1340 1544 1350 1554 .
1980 1502 2154 1552 Lectio
2179 1504 2343 1553 sancti
2362 1505 2629 1569 Evangelii
2651 1507 2940 1557 secundum
2965 1508 3276 1558 Matthmum.

376 1539 571 1600 pistola
603 1540 750 1589 Pauli
778 1542 1004 1604 apostoli
1029 1541 1094 1591 ad
1118 1544 1432 1594 Corinthios.
1882 1597 1940 1604 __
1981 1597 1994 1604 _
2412 1601 2419 1604 _
2564 1601 2572 1604 _
2738 1603 2747 1604 ,
2871 1603 2876 1604 ,
3251 1603 3257 1604 γ

157 1622 344 1675 Notum
371 1597 569 1678 gutem
602 1625 761 1680 vobis
782 1597 1040 1694 facimus,
1071 1628 1293 1696 fratres,
1315 1631 1705 1702 Evangelium,
1809 1691 1821 1702 ‘
1881 1597 2086 1652 Diebus
2112 1599 2221 1653 illis
2249 1616 2380 1702 cum
2407 1601 2693 1702 introisset
2721 1603 2992 1702 Dominus
3017 1605 3173 1658 Jesus
3199 1603 3449 1702 Hieroso-

102 1717 225 1785 quod
250 1717 544 1787 praedicavi
572 1720 756 1788 vobis,
787 1726 917 1788 etc.,
953 1691 1123 1792 usﬁue
1172 1725 1249 1777 Ita
1281 1691 1349 1778 vet
1388 1723 1446 1778 in
1473 1691 1709 1780 VChristo
1808 1691 2040 1794 ΞΨξῖδωῖ
2066 1698 2348 1794 θοωῖἒρίθ
2392 1699 2476 1749 eSt
2505 1694 2766 1794 Ilurcis?
2796 1697 3006 1794 savuas’
3036 1701 3363 1794 eiii”.qu
3390 1697 3450 1750 In

102 1781 268 1864 omne;
298 1781 753 1868 viviﬁcabuntur;
782 1815 831 1885 (Ι
853 1781 972 1870 σὸν,
1006 1781 1094 1885 έν,
1134 1817 1307 1887 μὲἓ.)
1808 1781 2159 1851 Bcthaniam,
2190 1782 2381 1854 ibique
2407 1784 2636 1839 mansit.
2671 1785 2889 1855 (Matth.
2923 1803 3036 1854 xxx,
3072 1787 3246 1856 10-7.)

219 1903 380 1954 Lectio
414 1906 586 1956 sancti
622 1907 894 1971 Evangelii
927 1909 1218 1958 secundum
1254 1910 1556 1960 Iohannem.
1727 1918 1784 1989 B
2003 1903 2214 1956 LXXVI.
2257 1920 2501 1958 LEGENDA
2542 1921 2598 1959 11v
2634 1921 2929 1960 VELATIONE
2969 1921 3249 1961 valNUM.

160 1987 324 2060 167
358 1991 568 2045 Diebus
601 1993 732 2063 illis,
761 1993 904 2049 dixit
933 1995 1208 2050 Dominus
1237 1997 1396 2051 Jesus
1421 1996 1705 2068 discipulis

2301 1997 2474 2046 Lectio
2500 1997 2644 2047 Isaias
2667 1999 2956 2062 prOphette.

102 2081 226 2134 suis:
256 2085 368 2155 Ego
397 2102 530 2139 sum
558 2087 727 2157 panis
752 2088 902 2158 vitae,
945 2094 1077 2158 etc.,
1108 2105 1279 2160 usque
1307 2090 1709 2145 Honoriﬁcabit
1882 2089 2138 2144 Gaudens
2175 2090 2432 2159 gaudebo
2470 2090 2530 2146 in
2569 2093 2830 2161 Domino,
2866 2097 2921 2146 et
2960 2093 3235 2147 exultabit
3261 2093 3450 2148 anima

103 2191 207 2230 eum
232 2180 385 2233 Pater
403 2196 569 2235 meus
603 2182 703 2252 qui
731 2186 815 2236 est
850 2183 908 2236 in
948 2183 1118 2239 caelis.
1160 2184 1335 2254 (Joan,
1376 2201 1451 2254 vi,
1491 2185 1706 2255 49-59.)
1808 2197 1933 2235 mea
1948 2182 2008 2236 in
2031 2183 2141 2236 Deo
2168 2199 2315 2253 meo,
2344 2188 2474 2252 etc.,
2505 2200 2668 2255 usque
2696 2187 2878 2240 Donec
2899 2189 3075 2256 ponat
3100 2185 3451 2242 Hierusalem

674 2293 1086 2339 OBSERVATIO.
1808 2257 2031 2329 laudem
2078 2276 2137 2330 in
2181 2282 2350 2348 terra,
2392 2277 2471 2332 ait
2524 2278 2795 2332 Dominus
2844 2279 3010 2333 Deus.
3063 2278 3189 2347 (Isa.
3241 2282 3448 2349 Lx1,tO

163 2371 211 2424 In
237 2371 579 2442 depositione
610 2389 711 2428 seu
748 2375 904 2428 obitu
945 2375 1337 2448 episcOporum
1379 2378 1518 2449 quid
1554 2378 1706 2448 apud
1807 2384 1972 2438 usque
2001 2385 2128 2439 LX",
2160 2371 2235 2439 7ο)
3049 2457 3054 2461 ι

109 2465 256 2519 Gallos
279 2465 451 2534 ﬁeret,
484 2468 656 2522 docet
678 2486 784 2522 nos
811 2469 1115 2540 Gregorius
1139 2470 1198 2524 in
1220 2470 1319 2525 lib.
1345 2471 1413 2526 de
1441 2471 1576 2526 Vitis
1603 2473 1700 2526 Pa-

1878 2465 2141 2518 Lectiones
2155 2464 2219 2518 de
2238 2465 2498 2534 Apostulo
2512 2469 2562 2519 et
2584 2465 2648 2519 de
2659 2466 2954 2534 Evangelia
2972 2468 3184 2536 require
3203 2468 3449 2537 superius

111 2565 230 2614 trum
258 2578 371 2632 cap.
405 2564 456 2629 6,
492 2561 594 2616 ubi
623 2563 691 2617 de
718 2562 872 2617 Gallo
897 2562 1162 2634 episcopo
1188 2565 1527 2620 Arvernensi
1560 2584 1572 2620 :
1607 2565 1705 2637 qui
1805 2556 1880 2610 ad
1901 2559 2254 2624 festivitatem
2278 2562 2479 2613 sanctae
2504 2560 2692 2614 Mariae
2707 2559 2790 2613 vel
2813 2563 3011 2614 sancta
3028 2560 3313 2617 Genovevz
3337 2561 3444 2616 vir-

112 2660 342 2725 mortuus,
374 2678 401 2705 «
429 2655 660 2710 ablutus
679 2661 849 2727 atque
872 2657 1101 2711 vestitus
1120 2657 1179 2712 in
1203 2658 1496 2714 ecclesiam
1520 2659 1702 2714 defer-
1807 2653 1966 2720 ginis.
1999 2651 2102 2720 (Ιεα
2133 2655 2283 2706 vetus
2311 2652 2530 2721 COdc’w.)

111 2755 196 2812 tur,
216 2749 377 2803 donec
399 2749 910 2821 comprovinciales
929 2751 998 2805 ad
1021 2766 1152 2805 eum
1171 2753 1559 2822 sepeliendum
1578 2770 1706 2807 con-
1890 2773 2130 2826 LXXV“.
2172 2788 2285 2827 HEC
2325 2789 2508 2827 ιεετιο
2561 2788 2826 2843 ποιεκωῖ
2867 2789 3085 2835 QUANDO
3134 2790 3360 2830 εριεεορι

113 2845 391 2900 venirent...
417 2844 605 2900 Jacuit
635 2849 828 2898 autem
854 2845 914 2898 in
945 2845 1178 2900 ecclesia
1216 2846 1430 2915 triduo,
1481 2847 1705 2901 assiduo
1931 2867 2231 2908 pngmcxng
2269 2869 2493 2922 nanum,
2536 2870 2604 2908 υτ
2642 2870 2796 2908 pLans
2835 2870 3060 2908 nncmas
3099 2870 3321 2909 nennu.

111 2937 309 2992 instante
320 2938 638 3009 psallentio,
655 2954 786 2991 cum
798 2954 1009 3010 magna
1019 2938 1338 3010 frequentia
1348 2940 1565 3011 populi.
1581 2940 1707 3011 Epi—
2265 2951 2441 3000 Lectio
2471 2950 2737 3000 Malachiae
2763 2951 3052 3015 prophetae.

112 3032 254 3102 scopis
282 3035 467 3087 autem
496 3037 708 3104 quarta
734 3031 823 3086 die
849 3032 1300 3102 advenientibus,
1344 3050 1476 3088 eum
1515 3034 1583 3088 de
1613 3050 1700 3088 ec-
1878 3045 2068 3118 169
2099 3047 2226 3099 Haec
2254 3045 2388 3100 dicit
2405 3046 2682 3101 Dominus
2710 3065 2723 3102 τ
2755 3047 2929 3101 Filius
2949 3047 3190 3102 honorat
3201 3050 3444 3118 patrem,

111 3124 244 3178 clesia
286 3128 642 3194 levaverunt;
675 3131 732 3180 et
769 3129 1063 3198 portantes
1097 3126 1156 3180 in
1198 3127 1374 3181 sancti
1415 3127 1703 3182 Laurentii
1806 3144 1861 3194 et
1888 3157 2078 3195 servus
2114 3139 2420 3194 Dominum
2456 3156 2644 3210 suum,
2689 3144 2820 3211 etc.,
2848 3157 3015 3212 usque
3045 3142 3312 3212 Magnum
3337 3158 3446 3196 no-

111 3219 372 3288 basilicam,
402 3221 481 3274 ibi
504 3220 810 3292 sepeliunt.
842 3221 965 3274 Iam
993 3235 1124 3274 vero
1163 3221 1222 3275 in
1265 3222 1544 3293 exsequiis
1583 3223 1704 3293 ejus

1837 3255 1940 3293 nen
1975 3256 2166 3294 meum
2200 3239 2258 3292 in
2285 3238 2570 3310 gentibus,
2602 3238 2739 3294 dicit
2767 3239 3043 3294 Dominus
3069 3240 3442 3296 exercituum.

111 3311 313 3382 quantus
326 3290 605 3385 planctus,
630 3314 831 3386 quanti
850 3313 1049 3385 populi
1067 3314 1318 3381 adfuere,
1345 3290 1597 3370 enarrari
1611 3290 1706 3371 vix
1728 3290 1782 3363 Ο

112 3412 277 3476 potest.
289 3409 545 3464 Mulieres
557 3424 692 3462 cum
704 3408 1044 3479 lugubribus
1065 3407 1414 3464 indumentis
1435 3412 1706 3482 tanquam

2086 3443 2315 3508 Epistola
2342 3444 2484 3494 Pauli
2512 3443 2735 3507 apostoli
2760 3444 2824 3493 ad
2849 3444 3164 3495 Corinthios.

113 3501 145 3552 si
164 3501 287 3555 viros
311 3502 722 3573 perdidissent;
753 3502 1014 3557 similiter
1041 3506 1097 3558 et
1124 3503 1226 3557 viri
1253 3503 1484 3557 obtecto
1500 3504 1702 3575 capite,

1879 3543 2122 3609 Fratres,
2142 3543 2268 3614 quis
2285 3543 2492 3596 militat
2517 3543 2635 3596 suis
2666 3543 2958 3613 stipendiis
2987 3561 3238 3615 unquam
3254 3547 3282 3599 τ
3311 3550 3445 3611 etc.,

1805 3653 1972 3706 usque
2000 3638 2078 3691 Ne
2105 3636 2258 3707 quod
2286 3637 2691 3692 ofiendiculum
2719 3636 2920 3691 demus
2949 3638 3254 3709 Evangelio
3279 3639 3444 3694 Chri-

1805 3730 1896 3784 sti.
1928 3731 1973 3798 (I
2003 3733 2123 3787 Cor.
2154 3747 2227 3798 ιιι,
2261 3731 2441 3800 7-12.)

2014 3840 2188 3890 Lectio
2219 3841 2386 3892 sancti
2411 3839 2679 3904 Evangelii
2703 3841 2996 3890 secundum
3023 3844 3232 3891 Lucam.

115 3594 227 3648 utin
251 3596 493 3668 exequiis
512 3612 767 3650 uxorum
803 3613 929 3651 mos
967 3602 1080 3666 est;
1122 3596 1229 3667 ipsi
1267 3613 1495 3669 quoque
1529 3598 1706 3652 Judaei

114 3689 312 3743 accensis
332 3690 689 3762 lampadibus
706 3690 1032 3761 plangendo
1053 3691 1608 3762 prosequebantur...
1642 3693 1707 3746 Et

115 3782 234 3852 quia,
260 3788 316 3837 ut
341 3784 612 3849 diximus,
639 3783 1012 3855 provinciales
1045 3785 1214 3856 longe
1251 3784 1553 3854 distabant,
1601 3803 1705 3840 nec

116 3875 308 3930 celerius
325 3878 511 3933 venire
533 3880 832 3950 poterant;
858 3882 921 3932 ut
937 3894 1062 3932 mos
1074 3877 1422 3933 rusticorum
1441 3879 1702 3949 habetur,

119 3967 297 4038 glebam
321 3988 485 4042 super
512 3972 748 4027 beatum
781 3987 983 4043 corpus
1002 3988 1240 4042 posuere
1263 3972 1476 4042 fideles,
1499 3990 1612 4044 quo
1634 3972 1703 4027 ab

121 4067 232 4116 astu
254 4081 360 4119 non
388 4066 817 4121 intumesceret.
848 4085 876 4117 »
923 4066 1077 4120 Idem
1114 4066 1324 4120 factum
1357 4067 1416 4121 in
1453 4072 1703 4122 sanctam

121 4156 494 4229 Radegundem.
521 4159 685 4224 Quod
714 4158 792 4213 ait
817 4159 1141 4231 Gregorius,
1173 4160 1324 4214 viros
1343 4163 1492 4216 tecto
1524 4161 1704 4231 capite

121 4251 163 4302 in
193 4251 310 4306 Galli
342 4253 622 4326 exsequiis
655 4252 984 4324 processise,
1025 4253 1081 4307 id
1127 4253 1296 4308 etiam
1327 4270 1480 4308 nunc
1511 4254 1700 4309 obser-

119 4348 247 4398 vatur
273 4346 326 4400 in
361 4348 558 4403 funere
603 4363 809 4418 regum
847 4350 1176 4402 nostrorum
1206 4364 1269 4401 ac
1298 4347 1622 4418 principum
1642 4347 1704 4403 in
2179 4361 2358 4406 NOTJE
2401 4361 2478 4406 ET
2521 4360 3060 4406 OBSERVATIONES.

122 4438 308 4494 ecclesia
326 4442 678 4513 Dionysiana.
700 4441 985 4495 Caeterum
1005 4439 1254 4512 episcopi
1269 4457 1383 4495 non
1406 4441 1516 4496 alio
1535 4442 1703 4496 modo
1876 4454 2275 4510 Observatione
2297 4454 2470 4525 digna
2488 4458 2571 4509 est
2590 4456 2712 4509 haec
2734 4455 2924 4520 missa,
2947 4455 3174 4525 quando
3189 4455 3440 4529 episcopi

122 4546 255 4600 (Ιυῖιω
279 4534 388 4590 1310i
413 4537 470 4590 in
495 4535 718 4591 ῐιιωυιο
749 4535 1260 4606 componebantur,
1297 4535 1352 4589 id
1393 4539 1476 4590 est
1507 4551 1704 4590 omnes
1803 4548 2111 4619 praedicare
2135 4547 2360 4616 debent,
2391 4551 2454 4602 ut
2475 4547 2635 4620 plebs
2662 4547 2906 4602 decimas
2931 4547 3148 4602 reddat.
3182 4549 3314 4619 Ejus
3337 4566 3436 4620 ge-

122 4625 309 4693 pedibus
331 4630 397 4683 ad
427 4630 718 4684 Orientem
741 4628 1048 4696 conversis,
1080 4629 1342 4700 exemplo
1367 4629 1574 4684 Christi
1599 4631 1703 4684 Do-
1721 4663 1781 4734 D
1803 4642 1952 4695 naris
1981 4646 2065 4696 est
2099 4657 2284 4696 sermo
2325 4645 2429 4696 277
2470 4641 2527 4695 in
2571 4658 2716 4695 nova
2753 4640 3066 4712 appendice
3105 4656 3439 4699 sermonum

121 4717 416 4793 mintcujus
441 4740 648 4796 corpus
675 4723 735 4778 in
760 4721 1021 4793 δεΡιιῙοιὈ
1057 4722 1164 4776 1100
1208 4723 1377 4777 Πιοάο
1417 4717 1778 4796 οοῐῐιΡοεὶ-”
1805 4735 1983 4789 sancti
2027 4734 2357 4806 Augustini,
2413 4735 2657 4789 Cmsario
2710 4734 3006 4804 ascriptus.
3064 4735 3299 4790 Habitus
3357 4743 3443 4794 est

122 4815 215 4866 tum
246 4814 357 4882 fuit,
391 4823 451 4872 ut
473 4818 680 4890 probat
707 4815 998 4872 HaimOIliS
1017 4815 1251 4870 homilia
1281 4818 1340 4872 in
1366 4817 1552 4889 Vigilia
1581 4819 1704 4872 PaS-
1803 4829 1971 4900 paulo
2016 4833 2146 4882 ante
2190 4828 2542 4882 nativitatem
2582 4827 2759 4882 sancti
2794 4827 3022 4882 Joannis
3051 4829 3336 4900 Baptista,
3371 4847 3441 4886 ex

1875 3943 2150 4012 Tempore
2170 3940 2284 4008 illo,
2313 3940 2578 3995 audiente
2607 3939 2844 3994 Domino
2868 3941 2999 3994 Iesu
3027 3941 3183 3995 omni
3209 3941 3441 4013 pOpulo,

1805 4034 1946 4089 dixit
1988 4033 2277 4104 discipulis
2304 4033 2419 4087 suis
2453 4051 2466 4087 :
2499 4033 2798 4087 Adtendite
2835 4034 2905 4088 ad
2947 4034 3171 4102 Scribis,
3209 4035 3308 4107 qui
3343 4051 3441 4088 vo-

1801 4129 1929 4184 lunt
1953 4129 2242 4182 ambulare
2268 4127 2326 4181 in
2354 4126 2518 4181 scolis
2560 4127 2693 4196 (sic),
2725 4131 2830 4181 etc.
2865 4128 3011 4196 (Luc.
3042 4145 3130 4198 xx,
3160 4128 3249 4199 45,
3278 4145 3445 4200 usque

1806 4239 1913 4292 xxx,
1942 4223 2014 4292 4).
2048 4225 2181 4277 Tum
2209 4225 2584 4292 consequenter
2608 4222 2808 4277 Matth.
2838 4238 2912 4291 γι,
2940 4223 3064 4277 2-4.

123 4903 230 4977 Cha,
254 4914 303 4964 et
331 4912 596 4968 Baronius
623 4913 692 4967 ad
721 4929 938 4967 annum
969 4913 1057 4969 34.
1801 4939 1964 4976 num.
2008 4923 2060 4977 4.
2093 4921 2308 4986 Quibus
2347 4938 2418 4976 ex
2460 4922 2630 4976 rebus
2671 4922 2946 4976 darentur
2985 4921 3239 4993 decimae,
3287 4928 3443 4996 patet

407 5025 620 5080 Lxxw,
651 5042 895 5079 ιεοεηῃλ
924 5042 980 5079 ΙΝ
1007 5041 1378 5080 nmmum“,
1803 5033 1871 5071 ex
1897 5032 2060 5070 num.
2095 5019 2115 5069 1
2154 5033 2167 5069 :
2205 5037 2231 5066 ‹‹
2262 5015 2505 5070 Decima:
2522 5015 2733 5071 tributa
2761 5019 2894 5070 sunt
2908 5017 3205 5088 egentium
3230 5018 3441 5073 anima-

578 5117 752 5168 Lectio
791 5117 913 5167 libri
931 5117 1182 5185 Genesis.
1803 5126 1951 5164 rum.
1982 5109 2173 5163 Redde
2196 5126 2332 5181 ergo
2360 5109 2570 5164 tributa
2598 5109 2964 5182 pauperibus,
3003 5111 3144 5166 oﬂ'er
3172 5111 3441 5166 libamina

175 5197 410 5271 Tempore
435 5204 546 5274 illo,
569 5220 828 5276 egressus
854 5203 1022 5259 Iacob
1050 5204 1118 5259 de
1142 5204 1415 5260 Bersabee
1431 5205 1704 5278 pergebat
1803 5202 2209 5257 sacerdotibus.
2239 5203 2397 5267 Quod
2422 5203 2468 5257 si
2509 5203 2755 5258 decimas
2784 5220 2900 5258 non
2937 5204 3111 5259 habes
3148 5205 3439 5260 fructuum

128 5286 426 5368 Haran,etc.,
454 5313 620 5370 usque
635 5298 890 5354 Decimas
916 5297 1151 5354 offeram
1177 5297 1300 5354 tibi.
1332 5299 1479 5368 (Gen.
1506 5316 1697 5370 xxvm,
1801 5301 2182 5362 terrenorum,
2225 5297 2376 5368 quod
2419 5296 2590 5352 habet
2637 5298 2902 5368 agricola,
2942 5299 3340 5370 quodcumque
3384 5303 3440 5354 te

135 5385 295 5457 lI-22.)
1801 5389 1978 5462 pascit
2022 5389 2323 5461 ingenium
2362 5389 2460 5445 Dei
2498 5395 2627 5446 est:
2667 5395 2724 5446 et
2765 5391 2895 5446 inde
2941 5391 3159 5446 decima
3203 5391 3434 5462 expetit,

344 5484 564 5549 Epistola
589 5487 736 5536 Pauli
763 5486 985 5551 apostoli
1011 5485 1073 5535 ad
1102 5485 1414 5536 Corinthios.
1801 5484 1954 5538 unde
1989 5483 2147 5540 vivis.
2172 5485 2248 5538 De
2277 5483 2500 5554 militia,
2523 5485 2592 5540 de
2619 5485 2870 5556 negotio,
2903 5485 2973 5540 de
3002 5483 3240 5542 artiﬁcio
3269 5486 3439 5542 redde

182 5561 384 5639 Fratres,
416 5571 510 5628 Dei
538 5573 694 5628 enim
723 5589 922 5628 sumus
961 5572 1270 5643 adjutores,
1308 5588 1405 5626 vos
1450 5573 1699 5645 agricul-
1802 5577 2065 5633 decimas.
2098 5600 2125 5626 »
2155 5579 2274 5633 Iluc
2313 5582 2572 5650 spectant
2598 5579 2832 5650 epistola
2862 5578 3256 5650 episcoporum
3304 5596 3435 5652 pro-

133 5656 227 5709 ἴοι-δ
249 5661 384 5732 estis,
422 5671 549 5736 etc.,
583 5683 751 5737 usque
773 5666 1078 5738 Templum
1122 5666 1276 5721 enim
1317 5666 1416 5721 Dei
1441 5671 1700 5725 sanctum
1802 5671 2000 5726 vinciae
2023 5673 2317 5727 Turonicae
2366 5672 2435 5726 ad
2461 5672 2708 5744 plebem,
2740 5671 2949 5742 scripta
2986 5671 3045 5725 in
3070 5671 3312 5726 concilio
3335 5674 3440 5728 Tu-

137 5755 210 5820 θεῖ,
227 5760 356 5828 quod
372 5763 496 5818 estis
513 5781 629 5820 vos.
659 5766 707 5835 (Ι
729 5768 849 5824 Cor.
881 5782 962 5833 ιιι,
993 5765 1172 5835 9-17.)

1837 5765 2033 5822 onensi
2061 5783 2120 5835 ιι,
2148 5770 2205 5820 et
2232 5782 2412 5820 canon
2446 5765 2678 5836 quintus
2705 5764 2902 5836 synodi
2934 5781 2973 5819 ιι
2999 5765 3436 5819 Matisconensis.

255 5856 408 5910 Lectio
432 5863 591 5914 sancti
617 5863 888 5928 Evangelii
916 5862 1209 5913 secundum
1237 5860 1539 5913 Iohannem.
1801 5859 2006 5914 Confer
2028 5859 2294 5931 Cypriani
2323 5859 2532 5913 librum
2567 5858 2634 5914 de
2664 5857 2854 5929 Lapsis
2875 5855 3135 5912 editionis
3155 5855 3438 5911 Oxonien-

194 5935 350 6017 168
376 5946 568 6006 Diebus
608 5950 716 6006 illis
760 5950 905 6007 facta
947 5953 1080 6005 sunt
1117 5952 1308 6005 autem
1353 5950 1604 6006 encaenia
1645 5950 1702 6007 in
1803 5952 1899 6023 sis,
1931 5952 2036 6007 sub
2061 5952 2233 6008 ﬁnem
2263 5951 2411 6006 libri.
