3968 6224
440 370 544 424 213

524 475 786 534 LXXVIII.
829 493 1071 535 LEGENDA
1113 493 1330 542 onmno
1369 491 1634 533 nucoscs
1674 491 2001 533 oamsuun.

847 571 1023 622 Lectio
1061 571 1336 621 Ezechihel
1361 569 1650 634 prophetas.

513 655 707 730 170
733 659 861 712 Ηωο
894 656 1028 711 dicit
1053 656 1323 712 Dominus
1356 655 1560 710 Levitis
1587 655 1716 710 ﬁliis
1752 655 1946 725 Sadoc,
1975 655 2074 727 qui

439 751 828 806 custodierunt
853 749 1213 805 caeremonias
1249 750 1556 804 sanctuarii
1582 749 1716 818 mei,
1743 754 1875 819 etc.,
1908 764 2074 820 usque

440 844 507 899 Et
531 844 846 900 custodiant
875 842 1238 898 caeremonias
1265 859 1441 914 meas,
1472 843 1609 900 dicit
1636 843 1907 898 Dominus
1946 859 2069 899 om-

440 937 720 1009 nipotens.
752 939 960 1007 (Ezech.
987 953 1129 1006 xuv,
1159 941 1242 1007 15,
1276 939 1383 1008 16.)

695 1040 924 1104 Epistola
949 1039 1089 1090 Pauli
1120 1039 1341 1104 apostoli
1366 1037 1431 1089 ad
1463 1039 1813 1090 Timotheum.

509 1127 823 1196 Carissime,
855 1126 1118 1183 diaconos
1145 1142 1265 1181 esse
1300 1131 1525 1196 oportet
1563 1125 1816 1197 pudicos,
1844 1141 1960 1180 non
1983 1124 2070 1179 bi-

436 1220 683 1292 lingues,
714 1225 846 1290 etc.,
867 1235 1035 1290 usque
1059 1221 1125 1274 Et
1145 1220 1386 1274 multam
1410 1219 1673 1274 ﬁduciam
1698 1219 1758 1273 in
1783 1218 1912 1287 ﬁde,
1944 1234 2074 1289 quae

437 1318 521 1368 est
549 1314 607 1369 in
635 1314 858 1369 Christo
890 1315 1020 1368 Iesu
1049 1313 1284 1367 Domino
1309 1317 1524 1367 nostro.
1553 1312 1598 1382 (Ι
1627 1315 1764 1368 Tim.
1797 1329 1875 1378 111,
1905 1313 2073 1383 8-13.)

687 1415 862 1466 Lectio
889 1415 1159 1479 Evangelii
1183 1414 1474 1464 secundum
1509 1414 1823 1465 Matthaeum.

511 1503 573 1557 In
598 1502 692 1558 illo
705 1506 982 1573 tempore,
1012 1501 1340 1555 ambulante
1356 1499 1594 1554 Domino
1611 1501 1743 1554 Iesu
1770 1516 1900 1554 cum
1916 1498 2076 1554 disci-

436 1595 584 1667 pulis
610 1595 725 1649 suis
753 1595 810 1650 in
852 1595 964 1664 via,
997 1594 1139 1650 dixit
1167 1593 1401 1665 quidam
1427 1593 1498 1648 ad
1536 1593 1696 1648 illum
1725 1610 1738 1647 :
1778 1593 1995 1664 Sequar
2018 1597 2074 1647 te

437 1705 800 1760 quocumque
826 1688 978 1757 ieris,
1008 1692 1138 1756 etc.,
1168 1702 1333 1756 usque
1358 1687 1683 1759 Respiciens
1711 1691 1884 1753 retro,
1911 1691 2075 1758 aptus

438 1787 524 1837 est
564 1799 742 1854 regno
771 1782 889 1837 Dei.
919 1785 1026 1838 Hoc
1051 1782 1404 1850 Evangelium
1434 1785 1514 1835 est
1547 1783 1725 1835 sancti
1745 1783 1921 1844 Lucae,
1947 1795 2070 1850 cap.

438 1892 512 1946 1x,
543 1879 736 1932 57-62.
766 1877 985 1932 Similia
1010 1878 1069 1930 in
1097 1875 1294 1931 Matth.
1322 1889 1442 1945 cap.
1475 1890 1590 1944 v111,
1621 1877 1711 1928 20.

817 1987 995 2032 NOTzE
1037 1987 1114 2030 ET
1156 1986 1684 2032 OBSERVATIONES.

508 2068 652 2133 Quid
679 2085 712 2122 a
741 2067 988 2123 diaconis
1007 2066 1331 2121 ordinandis
1359 2065 1612 2138 exigeret
1639 2064 1913 2120 Caesarius
1936 2068 2071 2120 Are-

435 2162 662 2218 latensis
688 2161 961 2233 pontifex,
992 2161 1162 2214 tradit
1188 2161 1248 2215 in
1277 2160 1376 2215 lib.
1403 2177 1419 2216 1
1445 2160 1514 2214 de
1540 2159 1665 2214 Vita
1693 2159 1815 2229 ejus
1840 2158 2072 2230 Cypria-

435 2272 542 2311 nus
571 2272 732 2310 num.
765 2258 832 2311 32
863 2271 877 2309 :
913 2276 940 2304 «
970 2253 1186 2324 Adjecit
1227 2252 1398 2307 etiam
1441 2254 1568 2322 hoc,
1598 2257 1663 2307 ut
1691 2269 1990 2323 nunquam
2013 2251 2074 2306 in

435 2349 666 2405 ecclesia
721 2365 820 2402 sua
865 2347 1161 2402 diaconem
1209 2347 1495 2401 ordinaret
1541 2352 1671 2401 ante
1723 2345 2072 2400 tricesimum

437 2443 616 2498 aetatis
645 2458 764 2496 suae
795 2457 1036 2496 annum.
1077 2441 1288 2494 Verum
1323 2439 1494 2495 etiam
1534 2444 1590 2494 et
1614 2440 1722 2494 hoc
1747 2439 1981 2508 addidit,
2009 2443 2074 2492 ut

434 2553 538 2592 nec
563 2535 624 2590 in
650 2534 902 2606 qualibet
927 2533 1144 2604 majore
1171 2536 1336 2587 aetate
1362 2533 1742 2600 ordinaretur,
1781 2532 1891 2587 nisi
1927 2548 2070 2604 qua-

432 2635 562 2684 tuor
587 2628 799 2683 vicibus
823 2627 882 2681 in
919 2626 1118 2681 ordine
1159 2625 1330 2680 libros
1359 2626 1574 2681 Veteris
1612 2625 1954 2681 Testamenti
1987 2626 2068 2681 Ie-

433 2723 580 2796 gerit
617 2727 767 2791 ante,
811 2725 867 2776 et
911 2725 1156 2792 quatuor
1204 2722 1440 2775 Novum.
1489 2743 1514 2770 ››
1570 2721 1825 2775 Canones
1854 2737 2070 2775 annum

434 2817 612 2873 etatis
636 2815 979 2888 vigesimum
1000 2815 1268 2887 quintum
1291 2813 1549 2886 exigunt.
1574 2814 1970 2885 Dispensatum
1989 2814 2071 2869 ni-

431 2912 547 2967 hilo
563 2910 753 2965 minus
778 2909 836 2964 in
858 2909 1055 2964 multis
1078 2926 1091 2963 ε
1117 2925 1258 2980 quos
1279 2909 1428 2964 inter
1445 2907 1796 2980 Epiphanius
1816 2908 2071 2964 Ticinen-

431 3006 505 3061 sis
530 3021 680 3060 anno
705 3004 884 3059 aetatis
903 3007 1096 3058 octavo
1125 3003 1341 3058 decimo
1369 3002 1762 3068 subdiaconus,
1793 3001 2068 3073 vigesimo
2096 3026 2097 3029 η

429 3099 695 3155 diaconus
731 3097 1028 3153 ordinatus
1069 3100 1173 3165 est,
1203 3100 1342 3151 teste
1373 3095 1627 3150 Ennodio
1669 3094 1731 3149 in
1772 3095 1895 3166 ejus
1926 3095 2065 3151 Vita.

432 3192 712 3247 Nimirum
761 3211 788 3241 ι(
830 3190 1131 3246 festinabat
1153 3189 1224 3244 ad
1252 3188 1553 3243 Leviticam
1580 3188 1919 3259 dignitatem
1942 3205 2070 3244 con-

431 3284 682 3352 scientia,
713 3300 888 3355 quam
914 3299 1210 3354 nunquam
1238 3286 1364 3336 vota
1389 3287 1873 3353 praesumpserant
1901 3300 1915 3337 :
1944 3284 2066 3338 exi-

430 3377 598 3450 gebat
638 3376 984 3430 conversatio
1025 3375 1177 3446 quod
1220 3374 1498 3429 desideria
1559 3375 1788 3446 penitus
1844 3375 2070 3447 ignora-

429 3471 586 3526 bant.
620 3490 648 3521 »
693 3471 758 3524 Et
783 3468 1019 3524 inferius
1049 3485 1062 3522 :
1096 3491 1124 3517 «
1153 3467 1298 3522 Talis
1317 3467 1377 3522 in
1408 3468 1708 3523 diaconatu
1736 3485 1769 3522 a
1794 3469 2070 3541 vigesimo

429 3563 728 3637 incipiens,
760 3565 884 3616 octo
913 3578 1094 3617 annos
1130 3561 1396 3632 explevit.
1429 3584 1456 3610 ››
1488 3562 1608 3616 Νοιι
1634 3563 1807 3618 otiose
1830 3564 2072 3634 legenda

431 3662 563 3713 sunt
591 3657 759 3712 verba
800 3655 1030 3711 Catonis
1073 3653 1409 3726 presbyteri,
1438 3656 1662 3710 tametsi
1695 3673 1837 3711 vano
1879 3657 2070 3712 animo

428 3750 664 3823 prolata,
693 3749 844 3822 apud
869 3747 1209 3820 Gregorium
1238 3748 1627 3804 Turonensem
1654 3750 1983 3820 pontiﬁcem
2009 3751 2071 3805 in

427 3845 528 3901 lib.
562 3861 637 3913 1v,
665 3860 788 3915 cap.
831 3847 862 3897 6
904 3859 917 3897 :
967 3843 1166 3897 Lector
1191 3841 1387 3896 decem
1438 3842 1603 3896 annis
1631 3843 1734 3913 fui,
1766 3843 2068 3899 subdiaco-

429 3944 596 3994 natus
625 3937 876 3992 ofﬁcium
920 3936 1176 4008 quinque
1218 3935 1384 3989 annis
1420 3935 1840 4007 administravi;
1871 3937 2057 4010 171

430 4030 750 4088 diaconatui
787 4046 920 4085 vero
955 4029 1284 4101 quindecim
1313 4030 1478 4084 annis
1517 4031 1868 4102 mancipatus
1901 4031 2006 4099 fui,
2040 4052 2066 4084 ι)

432 4129 539 4181 etc.
558 4122 808 4177 Diaconii
834 4127 1182 4177 sacramenta
1210 4127 1508 4194 nuncupat
1536 4123 1824 4178 Ennodius
1852 4123 2068 4195 episco-

431 4234 539 4290 pus
563 4215 872 4270 Ticinensis
900 4214 960 4269 in
985 4214 1085 4269 lib.
1121 4232 1174 4269 1v
1203 4215 1442 4287 epistola
1467 4219 1556 4281 21,
1585 4216 1656 4270 ad
1683 4217 2068 4273 Constantium

432 4311 782 4382 episcopum,
828 4325 862 4363 a
907 4325 1021 4380 quo
1055 4308 1198 4379 petit
1237 4308 1506 4380 Vigilium
1552 4308 1957 4366 subdiaconum
2000 4313 2071 4367 ad

432 4404 792 4460 diaconatum
823 4401 1165 4474 promoveri.

503 4497 664 4553 Nulla
688 4497 780 4552 hic
804 4496 1019 4552 mentio
1048 4497 1116 4552 de
1139 4495 1480 4551 subdiacono
1518 4493 1756 4567 aliisque
1785 4495 2068 4554 inferiori-

774 369 1106 425 APPENDIX
1143 370 1230 424 AD
1267 369 1487 424 OPERA
1528 368 1760 424 SANCTI
1798 367 2096 423 GERMANI
2135 369 2562 426 PARISIENSIS.
2605 372 2691 426 DE
2731 370 2994 428 LITURG.
3036 372 3184 428 GAL.
3228 372 3352 428 LIB.
3396 372 3461 426 Il.

2094 488 2153 562 Α
2173 479 2288 534 suis
2321 497 2334 534 :
2367 479 2501 544 Quis
2529 485 2693 552 putas
2723 484 2805 536 est
2834 478 3017 536 ﬁdelis
3046 479 3402 551 dispensator
3439 482 3497 534 et
3539 477 3828 549 prudens,

2091 1862 2146 1933 B

2090 3232 2144 3306 C

3719 375 3829 427 216

2175 578 2306 641 etc.,
2351 589 2519 644 usque
2559 574 2742 646 Supra
2787 573 2977 628 omnia
3015 588 3144 644 quae
3191 571 3460 645 possidet,
3509 571 3832 628 constituet

2174 668 2354 723 illum.
2385 668 2529 737 (Luc.
2563 684 2655 737 x11,
2686 668 2890 736 42-44.)

2350 799 2536 854 LXXX.
2578 815 2816 854 LEGEXDA
2870 814 2922 852 1s
2963 811 3333 852 PROFECTIONE
3380 811 3634 854 manus.

2443 899 2672 965 Epistola
2698 900 2844 951 Pauli
2869 899 3088 964 apostoli
3107 899 3172 949 ad
3195 899 3547 950 Timotheum.

2245 995 2562 1064 Carissime,
2601 997 2723 1050 haec
2767 994 2924 1050 vobis
2963 994 3168 1063 scribo,
3211 1011 3444 1066 sperans
3481 1011 3575 1051 me
3629 996 3830 1052 venire

2173 1091 2243 1145 ad
2289 1107 2386 1145 vos
2424 1089 2556 1158 cito,
2588 1095 2720 1156 etc.,
2764 1105 2930 1160 usque
2970 1088 3351 1160 Adsumptum
3393 1093 3478 1143 est
3509 1089 3570 1144 in
3617 1089 3828 1161 gloria.

2177 1185 2224 1253 (Ι
2253 1187 2386 1240 Tim.
2417 1200 2496 1253 ιιι,
2533 1183 2743 1253 14-16.)

2388 1295 2561 1346 Lectio
2583 1295 2748 1346 sancti
2772 1293 3046 1359 Evangelii
3071 1294 3360 1344 secundum
3387 1295 3600 1345 Lucam.

2250 1390 2452 1445 Diebus
2490 1390 2619 1460 illis,
2646 1391 2862 1445 factum
2910 1396 2994 1445 est
3029 1390 3169 1445 dum
3217 1392 3648 1463 complerentur
3699 1391 3828 1447 dies

2175 1484 2585 1556 adsumptionis
2625 1485 2768 1555 ejus,
2798 1488 2905 1538 etc.
2945 1484 3088 1552 (Luc.
3121 1500 3195 1553 1x,
3230 1487 3442 1552 Eii-56).
3474 1489 3612 1541 Tum
3637 1501 3828 1541 conse-

2176 1583 2396 1648 quenter
2427 1597 2443 1633 :
2477 1580 2541 1632 Et
2570 1578 2713 1633 dixit
2740 1578 2848 1632 illis
2881 1595 2894 1633 :
2925 1577 3049 1633 Sint
3072 1578 3253 1633 lumbi
3292 1578 3459 1634 vestri
3498 1578 3827 1651 praecincti,

2175 1677 2281 1727 etc.
2317 1672 2461 1743 (Luc.
2491 1689 2587 1740 v11,
2623 1674 2835 1743 35-37.)

2390 1799 2602 1854 LXXXI.
2643 1815 2881 1854 LEGENDA
2922 1815 2987 1854 ns
3026 1814 3310 1854 nsnsrxno
3351 1815 3598 1854 ITENERE.

2472 1891 2702 1955 Epistula
2729 1891 2876 1941 Pauli
2901 1891 3122 1956 apostoli
3145 1891 3210 1941 ad
3235 1893 3513 1942 Romanos.

2249 1986 2441 2060 172
2473 1988 2716 2054 Fratres,
2748 1987 2929 2042 habeo
2971 1987 3212 2058 gloriam
3247 1986 3306 2041 in
3343 1987 3562 2041 Christo
3588 1987 3725 2042 Iesu
3751 1985 3828 2039 ad

2174 2084 2374 2136 Deum.
2406 2082 2528 2136 Non
2563 2081 2717 2136 enim
2741 2082 2922 2136 audeo
2949 2081 3163 2152 aliquid
3188 2080 3364 2152 loqui,
3395 2085 3526 2149 etc.,
3558 2095 3732 2150 usque
3758 2080 3829 2134 In

2173 2175 2519 2230 abundantia
2569 2175 2976 2230 benedictionis
3009 2174 3215 2230 Christi
3241 2173 3485 2230 veniam.
3517 2173 3694 2242 (Rom.
3730 2189 3826 2240 xv,

2177 2271 2390 2338 17-29.)

2353 2379 2527 2429 Lectio
2558 2379 2723 2429 sancti
2748 2379 3015 2442 Evangelii
3044 2378 3334 2429 secundum
3365 2378 3635 2428 lohanem.

2244 2476 2517 2546 Tempore
2545 2474 2664 2540 illo,
2693 2490 2824 2528 cum
2852 2474 3094 2528 venisset
3119 2475 3390 2528 Dominus
3425 2475 3591 2528 Iesus
3622 2473 3681 2527 in
3709 2473 3822 2527 Ga-

2171 2567 2396 2636 Iilazam,
2439 2571 2783 2639 exceperunt
2826 2566 2990 2621 illum
3030 2567 3260 2636 Galilazi,
3304 2572 3434 2636 etc.,
3478 2583 3649 2637 usque
3676 2569 3829 2622 Cum

2170 2662 2389 2717 veniret
2413 2679 2445 2715 a
2469 2661 2660 2716 Iudaea
2685 2661 2742 2715 in
2772 2661 3077 2716 Galilaeam.
3114 2661 3286 2730 (Joan.
3317 2678 3392 2728 1v,
3425 2662 3646 2730 45-54.)

2278 2788 2512 2842 LXXXII.
2555 2803 2826 2843 1xc191rxr
2864 2803 3154 2843 LECTIONES
3205 2802 3524 2843 COTIDIANAS
3566 2787 3711 2856 (sic).

2635 2881 2809 2931 Lectio
2844 2880 3011 2931 Esaiae
3042 2880 3333 2944 prophetae.

2241 2975 2369 3029 Haec
2383 2974 2519 3030 dicit
2546 2975 2812 3029 Dominus
2831 2991 2844 3029 :
2863 2975 3285 3030 Miserationum
3303 2974 3528 3030 Domini
3557 2975 3830 3031 recorda-

2168 3068 2291 3135 bor,
2326 3071 2458 3137 etc.,
2496 3084 2663 3138 usque
2704 3069 2838 3132 Quae
2891 3069 3220 3141 praeparasti
3261 3069 3700 3140 expectantibus
3742 3074 3828 3138 te,

2168 3162 2246 3217 ait
2272 3162 2541 3217 Dominus
2568 3164 2732 3216 Deus.
2767 3163 2892 3232 (Isa.
2921 3178 3070 3228 LXIII,
3103 3167 3156 3231 7,
3186 3177 3351 3232 usque
3379 3179 3525 3230 Lx1v,
3556 3162 3634 3232 4.)

2479 3273 2709 3337 Epistola
2733 3272 2873 3322 Pauli
2897 3274 3122 3337 apostoli
3143 3273 3207 3322 ad
3232 3273 3503 3336 Ephesios.

2242 3357 2734 3427 Fratres,audiens
2749 3358 2920 3413 ﬁdem
2946 3362 3208 3426 vestram,
3237 3375 3366 3430 quae
3391 3364 3476 3413 est
3505 3359 3565 3412 in
3593 3358 3829 3413 Christo

2167 3454 2318 3521 Iesu,
2351 3456 2409 3507 et
2455 3451 2818 3507 dilectionem
2861 3451 2919 3506 in
2946 3469 3144 3506 omnes
3188 3457 3429 3520 sanctos,
3474 3455 3612 3518 etc.,
3650 3467 3829 3523 usque

2168 3545 2370 3601 Omnia
2387 3546 2447 3600 in
2473 3545 2739 3600 omnibus
2753 3545 3071 3616 adimplivit
3097 3546 3156 3599 in
3182 3545 3406 3600 Christo
3431 3545 3563 3599 Iesu
3592 3550 3820 3600 nostro.

2172 3639 2384 3710 (Ephes.
2419 3655 2457 3708 1,
2493 3640 2689 3708 15-23.)
3385 3706 3392 3712 _

2355 3747 2526 3798 Lectio
2551 3748 2719 3798 sancti
2741 3747 3011 3813 Evangelii
3034 3748 3324 3799 secundum
3349 3749 3628 3798 Joannem.

2242 3845 2517 3914 Tempore
2555 3842 2673 3912 illo,
2702 3842 2841 3897 vidit
2869 3842 3138 3898 Dominus
3167 3844 3325 3897 Iesus
3365 3841 3666 3898 hominem
3700 3860 3820 3898 cae-

2173 3953 2303 3991 cum
2328 3955 2360 3991 a
2402 3936 2713 4006 nativitate,
2743 3940 2874 4003 etc.,
2904 3951 3070 4007 usque
3111 3937 3177 3990 Et
3215 3936 3515 4008 procidens
3560 3936 3825 3993 adoravit

2172 4047 2324 4087 eum.
2352 4031 2526 4101 (Joan.
2557 4047 2630 4093 1x,
2665 4031 2840 4101 1-38.)

2577 4158 2700 4198 ιΤΕΜ
2752 4157 3034 4197 LECTIONES
3075 4158 3399 4197 COTIDIANAS.

2626 4232 2800 4282 Lectio
2824 4231 3045 4282 Malachi
3069 4231 3353 4296 prophetae.

2242 4320 2369 4374 Haec
2407 4317 2544 4374 dicit
2580 4317 2852 4372 Dominus
2893 4334 2906 4372 :
2955 4319 3134 4372 Erunt
3173 4317 3314 4372 mihi
3356 4332 3486 4371 oves
3530 4333 3702 4385 meas,
3740 4318 3823 4374 ait

2172 4412 2442 4467 Dominus
2469 4411 2843 4481 exercituum,
2873 4411 2932 4466 in
2960 4411 3049 4466 die
3073 4427 3187 4483 qua
3213 4427 3320 4482 ego
3345 4410 3513 4476 facio,
3549 4411 3608 4465 in
3637 4427 3820 4482 pecu-
3883 4450 3890 4454 -

2172 4506 2334 4574 lium,
2355 4509 2486 4576 etc.,
2513 4521 2679 4576 usque
2702 4504 3018 4560 Percutiam
3034 4509 3247 4559 terram
3263 4503 3649 4571 anathemate,
3681 4505 3824 4559 dicit

429 4593 536 4650 bus
562 4591 876 4646 ordinibus.
904 4592 965 4646 In
991 4590 1202 4646 Ordine
1230 4589 1649 4661 Romano(utid
1665 4589 1726 4644 in
1739 4593 2067 4648 transcursu
2089 4604 2148 4676 Β
2171 4599 2442 4655 Dominus
2484 4599 2860 4654 exercituum.
2906 4599 3103 4654 Malae.
3137 4614 3215 4668 1n,
3252 4601 3336 4666 17,
3375 4597 3452 4652 ad
3489 4599 3652 4665 ﬁnem
3690 4614 3826 4669 pro-

432 4685 742 4755 observem)
770 4684 995 4740 ordines
1022 4685 1195 4740 etiam
1221 4683 1471 4739 minores
1501 4683 1938 4740 conferebantur
1969 4689 2073 4744 sub

431 4783 585 4834 certo
605 4777 788 4833 titulo.
824 4777 980 4833 Unde
1010 4779 1070 4833 in
1091 4777 1425 4834 invitatione
1461 4778 1908 4834 ordinandorum
1927 4779 2072 4852 legi-

431 4877 569 4927 tur:
597 4874 671 4926 De
696 4871 850 4925 domo
891 4875 1092 4926 sancta
1137 4875 1330 4928 Mariae
1362 4873 1610 4944 eligimus
1655 4873 1740 4928 ill.
1785 4873 1862 4928 ad
1903 4877 2071 4930 ostia-

429 4968 574 5020 rium
600 4963 675 5018 ad
697 4963 950 5019 eumdum
975 4965 1215 5020 titulum.
1249 4967 1327 5020 Ita
1352 4967 1421 5021 de
1455 4966 1664 5022 lectore
1691 4970 1747 5021 et
1773 4965 2070 5022 exorcista.

431 5057 578 5123 Quin
608 5057 781 5113 etiam
811 5057 1080 5113 monachi
1106 5058 1514 5116 ordinabantur
1546 5060 1652 5115 sub
1684 5059 1848 5115 titulo
1871 5077 2071 5115 mona-

431 5151 589 5208 sterii
618 5150 727 5221 sui,
753 5155 819 5206 ut
847 5151 1152 5223 probatum
1184 5157 1269 5208 est
1310 5154 1370 5210 in
1408 5154 1741 5228 praefatione
1781 5153 1852 5209 ad
1891 5170 2070 5210 saecu-

432 5246 555 5302 lum
581 5262 612 5299 v
639 5245 1094 5303 Benedictinum.

470 5357 678 5412 LXXIX.
721 5374 964 5416 LEGENDA
1019 5375 1235 5423 QUANDO
1292 5373 1602 5416 PRESBYTER
1655 5374 2032 5416 BENEDICITUR.

774 5448 1002 5512 Epistola
1026 5448 1167 5498 Pauli
1193 5446 1418 5511 apostoli
1443 5444 1509 5496 ad
1535 5445 1724 5495 Titum.

501 5524 708 5580 Paulus
749 5545 942 5584 servus
979 5529 1097 5599 Dei,
1126 5527 1409 5600 apostolus
1456 5529 1650 5582 autem
1701 5528 1828 5584 Iesu
1861 5527 2070 5584 Christi

411 5619 744 5700 secundum
788 5621 962 5679 ﬁdem
1011 5622 1321 5678 electorum
1361 5619 1479 5688 Dei,
1511 5623 1645 5690 etc.,
1690 5636 1858 5692 usque
1907 5621 2070 5679 Filios

433 5711 647 5768 habens
671 5713 863 5772 ﬁdeles
886 5717 948 5772 in
968 5715 1192 5771 Christo
1216 5716 1366 5770 Iesu.
1397 5713 1530 5783 (Tit.
1562 5731 1602 5784 1,
1631 5717 1762 5785 1-6.)

635 5817 808 5868 Lectio
837 5816 1004 5868 sancti
1031 5815 1298 5881 Evangelii
1322 5815 1613 5867 secundum
1640 5818 1850 5869 Lucam.

497 5899 769 5972 Tempore
808 5902 933 5971 illo,
979 5901 1197 5959 dicebat
1243 5901 1512 5960 Dominus
1569 5904 1728 5961 Iesus
1779 5903 2067 5978 discipulis

2212 4694 2384 4748 hstias.

2212 4709 2384 4750 nenae.

2169 4709 2208 4765 Ρ
2470 4784 2700 4850 Epistola
2721 4783 2867 4834 Pauli
2889 4783 3110 4848 apostoli
3135 4783 3200 4834 ad
3229 4784 3508 4833 Romanos.

2247 4879 2438 4953 173
2470 4881 2711 4947 Fratres,
2742 4896 2914 4952 quam
2943 4878 3178 4950 speciosi
3215 4878 3389 4951 pedes
3416 4878 3822 4950 evangelizan-

2173 4974 2316 5029 tium
2342 4991 2659 5046 pacem.....
2706 4971 2844 5028 ﬁdes
2872 4989 2941 5027 ex
2969 4971 3188 5041 auditu,
3226 4971 3454 5028 auditus
3499 4975 3817 5029 autem.....

2174 5069 2343 5138 (Rom.
2375 5084 2427 5138 x,
2462 5069 2568 5137 16.)

2788 5153 3178 5199 OBSERVATIO
3187 5183 3200 5196 .

2240 5248 2325 5305 Sic
2352 5246 2558 5304 desinit
2587 5246 3003 5303 Lectionarium
3033 5247 3515 5320 antiquissimum,
3544 5247 3638 5303 cui
3667 5265 3814 5321 pau-

2171 5343 2298 5398 cula
2326 5341 2460 5397 folia
2490 5340 2547 5395 in
2574 5339 2687 5396 ﬁne
2717 5341 2944 5411 desunt,
2973 5357 3179 5413 nempe
3207 5341 3336 5396 ﬁnis
3367 5341 3634 5413 Epistolas
3660 5359 3815 5414 pra:-

2171 5435 2374 5506 missze,
2404 5440 2462 5491 et
2492 5434 2882 5508 Evangelium.
2924 5438 3010 5490 An
3054 5435 3177 5490 alia:
3224 5435 3495 5490 lectiones
3542 5451 3650 5507 pro
3690 5437 3820 5491 aliis

2171 5531 2340 5588 rebus
2366 5534 2679 5586 consecuta:
2699 5529 2832 5597 sint,
2857 5529 3158 5584 incertum.
3183 5529 3242 5584 In
3262 5528 3621 5584 Lectionibus
3639 5531 3819 5586 Evan-

2171 5625 2452 5698 geliorum
2499 5640 2794 5697 nunquam
2845 5622 3178 5695 simpliciter
3216 5622 3452 5679 effertur
3488 5625 3674 5688 Iesus,
3715 5625 3817 5680 sed

2168 5736 2392 5792 semper
2420 5722 2674 5776 Dominus
2700 5721 2868 5784 Iesus,
2898 5715 3128 5772 honoris
3154 5733 3218 5771 ac
3252 5715 3588 5774 reverentiae
3616 5734 3812 5773 causa.

2166 5813 2325 5879 Quod
2362 5813 2532 5868 etiam
2572 5813 2631 5868 in
2668 5810 3026 5876 Mozarabico,
3057 5813 3113 5865 et
3157 5809 3215 5865 in
3243 5810 3368 5867 aliis
3396 5810 3692 5867 nonnullis
3723 5829 3816 5868 ve-

2165 5906 2326 5965 tustis
2353 5905 2656 5965 Missalibus
2683 5904 3028 5962 observatur.
