3968 6224
138 434 3455 476 W

489 634 744 781 DE
825 636 1834 805 LITURGIA
1957 638 3071 794 GALLICANA

1204 884 1625 987 LIBER
1716 887 1986 989 TER
2005 889 2148 989 TI
2151 888 2339 1008 US,

747 1087 1311 1156 COMPLECTENS
1354 1090 1544 1155 TBIA
1586 1089 1966 1156 MISSALIA
2008 1091 2326 1158 ORDINIS
2371 1093 2812 1162 GALLICANI.

186 1393 356 1468 174
387 1398 436 1448 1.
467 1394 756 1457 Quantum
785 1390 1020 1446 subsidii
1051 1391 1123 1446 ad
1147 1391 1548 1446 illustrandum
1573 1390 1886 1463 Liturgiam
1912 1391 2247 1448 Gallicanam
2272 1395 2525 1450 attulerit
2549 1396 2964 1454 Lectionarium
2987 1399 3353 1471 Luxoviense,
3385 1418 3454 1458 ex

132 1483 370 1556 superiori
401 1483 548 1539 libro
587 1482 720 1537 satis
762 1481 1104 1552 intelligitur
1134 1500 1148 1536 :
1180 1482 1278 1536 sed
1307 1480 1443 1536 huic
1480 1481 1791 1552 cognitioni
1819 1499 1933 1537 non
1962 1500 2166 1554 parum
2206 1483 2440 1552 deesset,
2470 1485 2579 1540 nisi
2609 1487 2779 1542 etiam
2823 1487 2961 1543 alios
3003 1494 3218 1545 veteres
3259 1491 3454 1562 libros,

130 1576 207 1645 qui
245 1579 456 1629 caeteras
501 1572 757 1643 ejusdem
795 1571 1063 1642 Liturgia:
1106 1575 1293 1643 partes
1336 1571 1645 1641 continent,
1691 1570 1918 1628 aliunde
1973 1573 2391 1630 habuissemus.
2430 1575 2680 1631 Primam
2730 1583 2923 1633 autem
2977 1579 3147 1650 hujus
3199 1580 3282 1634 rei
3335 1597 3457 1652 gra-

131 1665 242 1719 tiam
263 1664 521 1719 debemus
559 1662 667 1733 pize
698 1678 762 1715 ac
800 1661 944 1716 mihi
978 1661 1038 1716 in
1075 1661 1275 1732 primis
1301 1662 1636 1716 venerandae
1667 1663 1958 1718 memoriae
1993 1664 2265 1719 cardinali
2292 1666 2483 1735 Bonae,
2515 1667 2614 1738 qui
2638 1667 2859 1738 primus
2889 1674 3104 1724 veteres
3128 1668 3258 1724 illos
3285 1669 3456 1724 libros

129 1755 354 1808 indicavit
390 1754 449 1808 in
475 1769 646 1825 opere
676 1769 775 1807 suo
818 1768 1013 1808 rerum
1039 1750 1455 1823 Liturgicarum
1483 1769 1496 1806 :
1526 1769 1630 1808 nec
1664 1753 1945 1824 imparem
1971 1754 2247 1810 habemus
2290 1756 2510 1811 erudito
2534 1758 2772 1829 Josepho
2809 1760 2991 1815 Mariae
3012 1759 3328 1829 Thomasio,
3357 1759 3457 1831 qui

130 1843 268 1898 libros
307 1842 592 1912 indicatos,
645 1842 702 1897 id
745 1847 828 1898 est
875 1841 986 1896 tria
1028 1840 1286 1910 Missalia,
1330 1846 1393 1896 ut
1427 1858 1716 1913 vocamus,
1770 1859 1800 1898 e
1847 1843 2093 1898 tenebris
2136 1843 2196 1898 in
2236 1845 2422 1900 lucem
2477 1847 2731 1918 protulit.

187 1974 230 2024 2.
266 1970 508 2025 Primum
554 1986 625 2025 ex
669 1969 777 2024 illis
820 1969 1122 2025 Gothicum
1164 1985 1264 2024 seu
1299 1969 1649 2026 Gallicanum
1695 1971 1959 2042 appellat,
2001 1989 2104 2052 nos
2141 1989 2256 2028 uno
2293 1974 2461 2028 verbo
2511 1975 3086 2048 Gothicogallicanum
3128 1994 3458 2049 nuncupare

131 2076 406 2131 possumus,
437 2063 736 2132 propterea
753 2061 908 2132 quod
936 2059 995 2114 in
1037 2075 1140 2114 usu
1159 2059 1332 2114 fuerit
1351 2060 1504 2132 apud
1532 2061 1740 2129 Gallos,
1765 2062 2086 2116 Gothorum
2107 2062 2348 2134 imperio
2365 2064 2670 2135 subjectos,
2699 2082 2906 2136 nempe
2944 2067 3095 2137 apud
3114 2065 3161 2139 1
3179 2066 3304 2139 '75
3329 2069 3460 2138 Sep-

132 2150 334 2203 timanos
356 2150 438 2204 vel
463 2151 1020 2222 Novempopulanos.
1053 2149 1310 2204 Alterum
1335 2153 1500 2205 vocat
1529 2151 1901 2220 Francorum;
1933 2152 2166 2206 tertium
2203 2153 2551 2208 Gallicanum
2577 2158 2754 2210 vetus.
2787 2157 2848 2209 In
2882 2155 3070 2226 primo
3106 2173 3284 2226 purus
3308 2157 3458 2211 Ordo

133 2238 405 2294 Gallicanus
437 2256 451 2294 :
498 2240 560 2294 in
590 2239 837 2295 secundo
881 2243 939 2294 et
985 2238 1149 2293 tertio
1178 2240 1326 2294 Ordo
1356 2256 1425 2294 ex
1454 2242 1710 2295 Romano
1739 2243 1795 2296 et
1835 2240 2123 2296 Gallicano
2163 2243 2364 2297 mistus
2399 2244 2723 2300 exhihetur.
2750 2245 2877 2299 Tria
2904 2245 3027 2300 haec
3052 2245 3230 2300 instar
3256 2244 3462 2316 proba-

134 2330 312 2384 tionum
341 2329 560 2402 integra
586 2331 702 2385 huc
726 2329 938 2385 referre
956 2329 1138 2384 visum
1167 2332 1270 2396 est,
1293 2346 1364 2384 ne
1393 2329 1464 2384 ob
1486 2331 1776 2385 raritatem
1805 2332 2219 2402 exemplarium
2249 2334 2521 2388 Romanae
2548 2334 2810 2390 editionis
2835 2351 2898 2390 ea
2925 2335 3057 2389 huic
3087 2335 3244 2406 operi
3269 2335 3460 2390 deesse

133 2420 348 2477 nonnulli
389 2422 800 2476 causarentur:
835 2419 932 2474 sed
971 2420 1170 2476 breves
1201 2420 1426 2474 notulas
1452 2420 1780 2490 adjecimus,
1818 2421 1888 2474 ad
1933 2421 2292 2492 explicandos
2334 2425 2605 2495 quosdam
2647 2425 2796 2480 locos
2839 2425 3095 2481 instituto
3130 2427 3326 2480 nostro
3365 2440 3463 2480 ne-

134 2527 356 2567 ςεςδειτιοε
363 2553 375 2566 .

185 2643 228 2694 3.
264 2640 332 2694 De
355 2637 556 2694 Missali
586 2636 822 2692 Gothico
851 2636 927 2690 ita
951 2636 1148 2691 scribit
1171 2635 1471 2691 cardinalis
1502 2638 1653 2691 Bona
1689 2635 1748 2691 in
1784 2637 1882 2692 lib.
1915 2654 1930 2692 ι
1970 2639 2181 2694 Herum
2208 2639 2626 2712 liturgicarum,
2655 2659 2778 2714 cap.
2814 2647 2899 2710 12,
2930 2659 3094 2698 num.
3127 2646 3158 2697 6
3188 2661 3200 2697 :
3236 2663 3264 2692 ‹‹
3309 2643 3461 2697 Unus

132 2746 184 2784 ex
204 2729 279 2783 his
312 2728 592 2782 codicibus
630 2730 810 2782 exstat
834 2727 894 2780 in
923 2726 1266 2781 Bibliotheca
1293 2726 1668 2782 serenissimee
1703 2726 2012 2781 Succorum
2038 2729 2276 2799 reginae,
2295 2734 2424 2786 ante
2451 2748 2628 2786 annos
2653 2735 2970 2804 nongentos
2989 2732 3249 2804 scriptus,
3276 2734 3344 2785 ut
3368 2749 3464 2803 pe-

134 2817 204 2873 riti
242 2820 476 2887 censent,
517 2817 724 2872 litteris
766 2815 1053 2888 quadratis
1079 2820 1138 2871 et
1165 2816 1511 2887 majusculis,
1541 2816 1793 2887 signatus
1831 2833 1993 2871 num.
2036 2820 2158 2872 626.
2204 2820 2384 2882 Quem
2416 2821 2554 2874 olim
2591 2821 2763 2876 fuisse
2793 2822 2955 2876 aiunt
2995 2821 3330 2892 amplissimi
3355 2820 3464 2875 viri

132 2907 301 2962 Petavii
325 2907 603 2962 Senatoris
631 2905 982 2973 Parisiensis,
1012 2911 1271 2977 emptum
1299 2922 1432 2960 vero
1461 2923 1494 2959 a
1519 2907 1716 2977 regina
1741 2911 1867 2977 post
1894 2907 2015 2977 ejus
2047 2907 2362 2963 decessum.
2391 2911 2603 2964 Desunt
2629 2911 2679 2966 ei
2704 2911 2919 2982 aliquot
2941 2911 3073 2967 folia
3101 2911 3159 2966 in
3184 2909 3462 2983 principio

136 3001 178 3052 et
202 2996 250 3051 in
289 2996 413 3052 ﬁne.
447 2996 614 3051 Initio
654 2995 922 3067 praeﬁxus
966 2995 1057 3050 hic
1103 2995 1303 3050 titulus
1349 3000 1433 3051 est
1478 3012 1654 3050 manu
1695 2996 1995 3051 recentiori
2028 3013 2041 3050 :
2080 2999 2298 3054 Missale
2327 3000 2644 3055 Gothicam:
2674 3003 2731 3054 et
2759 3017 2827 3056 ex
2857 3002 3118 3071 quaedam
3163 2999 3463 3071 Liturgicae

132 3087 434 3156 precationes
462 3091 746 3158 excerpta:
787 3088 938 3155 sunt,
970 3090 1026 3140 et
1055 3089 1212 3141 torno
1247 3090 1406 3140 sexto
1453 3086 1815 3140 Bibliothecee
1858 3090 2115 3141 veterum
2152 3089 2380 3143 Patrum
2411 3089 2675 3144 editionis
2718 3091 3034 3146 novissimae
3076 3091 3351 3146 Pariensis
3380 3090 3465 3144 in-

133 3182 262 3232 sertae
286 3195 408 3250 pag.
453 3181 576 3232 l55.
612 3196 641 3227 ι)
674 3178 953 3232 Hactenus
984 3176 1112 3248 pius
1157 3180 1215 3232 et
1242 3177 1497 3231 eruditus
1543 3176 1859 3246 cardinalis,
1889 3176 2216 3232 existimans
2243 3178 2415 3250 (quod
2443 3196 2504 3235 re
2531 3196 2661 3235 vera
2690 3180 2791 3251 est)
2830 3180 2936 3234 hoc
2978 3197 3097 3236 esse
3136 3186 3295 3236 vetus
3329 3180 3460 3234 Mis-

134 3267 221 3322 sale
256 3268 613 3336 Gallicanum,
660 3266 982 3337 praesertim
1025 3266 1216 3320 Galliae
1258 3265 1658 3335 Narbonensis,
1701 3266 2011 3320 Gothorum
2047 3267 2472 3338 Hispanicorum
2511 3285 2690 3340 regno
2727 3269 2864 3324 olim
2903 3270 3202 3342 subjectae;
3250 3273 3312 3324 ut
3348 3285 3464 3325 non

132 3361 304 3411 temere
343 3357 640 3412 Gothicum
667 3356 893 3425 dixerit,
935 3355 1192 3428 quisquis
1219 3355 1291 3409 sit
1319 3355 1432 3425 ille,
1462 3355 1560 3426 qui
1592 3355 1969 3410 recentiorem
2001 3356 2230 3411 titulum
2273 3357 2463 3413 Codici
2493 3359 2776 3430 apposuit.
2805 3360 3137 3414 Thomasius
3165 3360 3462 3416 Gallicana:

135 3447 347 3500 Ecclesiae
373 3447 478 3502 hoc
508 3463 631 3501 esse
658 3445 874 3500 Missale
901 3446 1236 3516 comprobat
1265 3461 1333 3499 ex
1378 3445 1763 3516 compluribus
1793 3449 2120 3500 sanctorum
2148 3446 2337 3501 Gallim
2371 3447 2546 3515 festis,
2575 3453 2637 3503 ut
2674 3449 2852 3503 sancti
2891 3450 3178 3505 Saturnini
3219 3449 3464 3521 episcopi

132 3534 358 3603 Tolosani,
387 3539 712 3590 sanctorum
741 3534 986 3590 Ferreoli
1015 3538 1071 3589 et
1098 3533 1446 3588 Ferrutionis
1476 3536 1793 3605 martyrum
1820 3535 2372 3607 Vesontionensium,
2403 3537 2579 3592 sancti
2609 3537 3011 3610 Symphoriani
3041 3541 3307 3611 martyris
3345 3541 3462 3593 Au-

135 3625 543 3694 gustodunensis,
576 3625 833 3696 itemque
858 3624 1035 3678 sancti
1057 3623 1387 3694 Leodegarii
1415 3623 1671 3694 ejusdem
1699 3623 1854 3677 urbis
1881 3624 2148 3696 episcopi,
2177 3629 2233 3680 et
2261 3627 2437 3681 sancti
2466 3627 2684 3682 Martini
2709 3628 3066 3683 Turonensis.
3097 3628 3263 3684 Aliud
3291 3629 3464 3683 etiam

133 3719 484 3785 argumentum
513 3714 761 3770 desumit
786 3730 853 3768 ex
894 3714 1170 3768 triduanis
1209 3716 1340 3768 ante
1374 3713 1764 3768 ascensionem
1794 3711 1842 3784 1
1860 3712 1986 3786 '76
2033 3715 2467 3785 Rogationibus,
2496 3733 2624 3788 qua:
2661 3717 2719 3770 in
2747 3717 2936 3772 Galliis
2965 3717 3254 3786 institutae,
3284 3718 3463 3772 serius

133 3803 185 3856 ad
208 3804 321 3859 alias
349 3805 616 3860 Ecclesias
643 3808 1028 3876 pervenerunt
1051 3823 1064 3860 :
1089 3805 1204 3858 imo
1227 3804 1378 3875 apud
1407 3805 1678 3876 Hispanos
1699 3805 1829 3875 post
1855 3805 2253 3860 Ascensionem
2286 3806 2530 3877 rejectze.
2556 3807 2708 3862 Adeo
2739 3810 2804 3860 ut
2829 3810 3045 3862 certum
3073 3807 3180 3860 sim
3211 3807 3319 3862 hoc
3342 3806 3464 3861 Mis-

134 3893 220 3948 sale
244 3911 346 3950 non
369 3912 484 3950 esse
515 3894 903 3966 Hispanicum,
935 3893 1038 3948 etsi
1068 3893 1128 3948 in
1159 3911 1225 3949 eo
1255 3894 1534 3949 referatur
1561 3894 1730 3949 missa
1754 3895 1816 3948 in
1843 3894 2014 3949 natali
2036 3899 2246 3949 sanctae
2272 3897 2504 3951 Eulaliae
2532 3896 2766 3967 virginis
2790 3902 2846 3953 et
2869 3896 3134 3969 martyris
3158 3896 3458 3967 Lusitanus,

135 4000 232 4055 qua
254 3985 391 4057 apud
414 3986 656 4040 Francos
682 3984 820 4038 olim
847 3982 1081 4038 celebris
1108 3987 1248 4051 erat,
1280 3988 1346 4038 ut
1370 3986 1527 4054 patet
1549 3999 1619 4040 ex
1651 3983 1920 4056 Gregorio
1947 3986 2004 4039 et
2029 4000 2098 4040 ex
2129 3985 2399 4040 Venantio
2429 3987 2755 4041 Fortunato.

192 4111 232 4165 4.
268 4113 336 4168 De
357 4116 610 4184 tempore
637 4127 750 4184 quo
777 4109 1019 4182 scriptus
1063 4113 1149 4165 est
1173 4109 1359 4165 Codex
1394 4109 1511 4179 ille,
1543 4126 1658 4164 non
1688 4109 1922 4165 omnino
1952 4113 2171 4166 constat
2199 4128 2212 4165 :
2242 4114 2494 4167 attamen
2521 4129 2591 4168 ex
2615 4112 2798 4168 forma
2823 4113 3158 4184 litterarum,
3192 4117 3249 4169 et
3273 4129 3343 4170 ex
3371 4113 3460 4168 Li-

137 4201 301 4272 turgiae
342 4202 637 4257 Gallicanae
683 4199 1071 4272 abrogatione,
1104 4216 1232 4271 quae
1263 4198 1598 4271 pontiﬁcatu
1639 4199 1870 4254 Adriani
1901 4201 1942 4269 l,
1989 4205 2265 4272 regnante
2299 4202 2499 4257 Carolo
2528 4219 2737 4275 magno
2766 4209 2896 4259 ante
2931 4220 3110 4259 annos
3149 4206 3464 4276 nongentos

137 4289 250 4344 facta
273 4295 364 4362 est,
391 4296 644 4365 apparet,
674 4291 828 4345 hunc
860 4290 1091 4345 ineunte
1122 4289 1326 4344 saeculo
1369 4305 1488 4359 vni,
1517 4305 1725 4361 nempe
1752 4291 1823 4344 ad
1854 4291 2184 4362 exemplum
2219 4292 2452 4347 alterius
2477 4292 2681 4349 codicis
2710 4293 3046 4363 vetustioris,
3074 4293 3244 4349 fuisse
3275 4309 3464 4348 exara-

139 4381 252 4450 tum,
276 4398 378 4436 non
403 4382 588 4448 citius,
614 4383 854 4454 propter
878 4380 1087 4434 festum
1114 4379 1293 4434 sancti
1317 4379 1663 4450 Leodegarii,
1699 4380 1798 4451 qui
1825 4397 1974 4435 anno
2003 4383 2106 4437 678
2131 4385 2364 4437 necatus
2391 4388 2493 4438 est.

194 4509 236 4560 5.
272 4508 394 4563 Huic
417 4507 604 4564 Codici
629 4506 819 4579 aliqua
847 4505 1012 4560 initio
1053 4505 1244 4561 deesse
1272 4521 1341 4560 ex
1370 4505 1650 4561 cardinale
1694 4507 1851 4560 Bona
1878 4511 1935 4562 et
1977 4507 2276 4563 Thomasio
2305 4509 2606 4578 discimus;
2637 4511 2733 4565 sed
2773 4509 2911 4582 quid
2958 4509 3100 4564 illud
3141 4510 3231 4578 sit,
3262 4512 3464 4564 neuter

142 4597 360 4667 explicat.
386 4599 516 4654 Mihi
541 4614 676 4653 vero
702 4613 819 4652 non
839 4595 1065 4651 difﬁcile
1090 4594 1314 4650 videtur
1340 4595 1620 4666 conjicere
1647 4611 1716 4650 ex
1744 4596 2038 4651 numerica
2061 4602 2196 4652 nota
2217 4615 2290 4668 1v,
2319 4615 2448 4670 quae
2473 4600 2542 4654 ad
2569 4599 2819 4654 oﬂicium
2844 4599 3048 4654 Natalis
3072 4598 3291 4652 Domini
3321 4615 3467 4669 prae-

140 4683 312 4755 ﬁgitur.
341 4690 463 4744 Haec
507 4688 662 4744 enim
690 4691 824 4741 nota
851 4685 1064 4740 indicat
1097 4685 1204 4739 tria
1233 4685 1426 4740 deesse
1464 4684 1667 4755 oﬁicia,
1710 4702 1956 4756 quorum
1999 4703 2180 4740 unum
2212 4691 2294 4742 est
2322 4687 2384 4742 in
2414 4688 2606 4760 vigilia
2654 4688 2861 4743 Natalis
2891 4688 3132 4757 Domini,
3167 4687 3228 4742 in
3265 4687 3466 4742 Codice

140 4771 504 4846 imperfectum.
535 4779 654 4832 Duo
682 4776 874 4848 itaque
919 4778 1135 4832 restant
1177 4791 1304 4845 quae
1349 4774 1418 4829 de
1465 4774 1721 4829 Adventu
1765 4774 1934 4829 fuisse
1965 4775 2286 4846 colligimus
2314 4792 2384 4831 ex
2425 4777 2591 4831 tertio
2628 4778 2847 4847 Missali,
2878 4778 3029 4850 quod
3073 4777 3279 4832 dicitur
3307 4782 3468 4834 vetus

137 4860 453 4938 Gallicanum,
479 4869 539 4923 in
568 4884 681 4939 quo
711 4866 838 4921 dua:
868 4869 1092 4920 tantum
1134 4865 1320 4919 missae
1357 4863 1427 4918 de
1472 4863 1730 4918 Adventu
1760 4863 1982 4919 Domini
2010 4868 2142 4921 ante
2181 4865 2432 4920 ofﬁcium
2457 4883 2561 4938 pro
2591 4866 2792 4938 Vigilia
2817 4867 3022 4922 Natalis
3065 4867 3288 4922 Domini
3325 4868 3464 4922 assi-

140 4959 362 5020 gnantur.
389 4959 481 5013 Hae
511 4959 639 5014 dum
665 4956 852 5012 missa:
879 4956 925 5010 si
951 4955 1010 5010 in
1038 4955 1132 5009 illo
1159 4953 1392 5010 Gothico
1419 4954 1809 5025 suppleantur,
1841 4954 1934 5008 vix
1963 4954 2278 5027 quidquam
2318 4955 2500 5011 deerit
2529 4955 2601 5010 ad
2643 4955 2764 5026 ejus
2803 4956 3218 5014 absolutionem
3261 4962 3470 5030 praeter

139 5045 349 5114 paucula,
375 5064 499 5120 quae
522 5049 584 5103 in
620 5048 735 5103 ﬁne
777 5045 1129 5102 exciderunt.
1158 5044 1321 5100 Certe
1363 5043 1559 5100 multae
1597 5043 1950 5116 precationes
1990 5045 2222 5118 utrique
2253 5045 2456 5101 Missali
2487 5061 2821 5102 communes
2865 5049 3018 5117 sunt,
3047 5051 3114 5102 ut
3140 5047 3285 5104 facta
3313 5064 3467 5103 com-

141 5133 382 5198 paratione
407 5138 600 5195 multis
627 5137 687 5193 in
713 5136 849 5193 locis
874 5135 1217 5192 notavimus.

194 5263 235 5315 6.
263 5262 568 5320 Secundum
597 5263 812 5320 Missale
842 5263 1050 5318 dicitur
1076 5262 1444 5330 Francorum,
1473 5275 1588 5315 non
1633 5260 1816 5316 solum
1845 5262 1916 5316 ob
1957 5261 2191 5317 missam
2232 5263 2303 5318 de
2345 5266 2537 5318 sancto
2581 5263 2790 5319 Hilario
2822 5263 3084 5337 episcopo
3113 5263 3466 5332 Pietaviensi,

142 5349 214 5403 sed
233 5351 384 5408 etiam
409 5355 478 5410 ob
508 5353 857 5409 mentionem
885 5352 1050 5424 regni
1076 5353 1443 5420 Francorum,
1474 5367 1602 5422 quae
1622 5350 1677 5406 in
1711 5351 2104 5408 benedictione
2123 5351 2172 5424 1
2190 5352 2313 5425 '77
2337 5370 2540 5426 regum
2559 5370 2675 5409 non
2696 5354 2872 5409 semel
2901 5353 3168 5409 occurrit.
3186 5355 3346 5408 Hunc
3372 5354 3471 5408 Co-

144 5437 288 5496 dicein
309 5444 515 5502 viderat
539 5447 782 5502 Joannes
805 5443 1074 5509 Morinus,
1109 5441 1345 5514 ejusque
1368 5439 1630 5496 notitiam
1659 5442 1917 5514 suggerit
1953 5443 2014 5498 in
2043 5442 2188 5498 libro
2216 5444 2284 5498 de
2316 5435 2487 5499 sacris
2517 5443 2996 5507 Ordinationibus,
3026 5459 3160 5516 pag.
3189 5445 3314 5498 261.
3350 5464 3378 5494 ‹‹
3411 5444 3472 5499 In

144 5526 433 5590 Bibliotheca
458 5536 563 5591 viri
596 5533 934 5607 amplissimi
967 5533 1030 5587 D.
1060 5531 1268 5588 Petavii
1297 5531 1571 5587 senatoris
1597 5532 1937 5605 parlamenti
1977 5533 2309 5590 Parisiensis
2349 5534 2726 5608 integerrimi,
2754 5534 2943 5589 Codex
2969 5537 3054 5588 est
3077 5532 3334 5587 omnium
3361 5535 3467 5589 Co-

144 5614 294 5677 dicum
316 5624 618 5697 ritualium,
646 5641 788 5698 quos
813 5623 978 5680 nobis
1018 5622 1208 5678 videre
1253 5620 1510 5693 contigit,
1542 5621 1995 5695 antiquissimus;
2026 5629 2290 5680 accurate
2311 5625 2621 5680 admodum
2645 5623 2886 5695 scriptus
2912 5622 3116 5679 litteris
3155 5621 3470 5676 uncialibus

144 5708 423 5784 majoribus,
450 5714 591 5771 bene
619 5713 928 5788 quadratis,
961 5710 1411 5785 splendidissime
1439 5709 1764 5768 eﬂ‘ormatis.
1791 5713 1851 5768 In
1879 5712 2126 5785 gratiam
2159 5714 2420 5770 Ecclesiae
2449 5712 2812 5770 Pictaviensis
2839 5713 3064 5768 videtur
3088 5711 3224 5767 olim
3251 5710 3466 5766 descri-

147 5797 265 5862 ptus.
288 5801 492 5859 Nullius
515 5805 668 5861 enim
697 5804 874 5860 sancti
888 5805 1100 5877 praeter
1127 5799 1304 5856 sancti
1332 5800 1522 5856 Hilarii
1549 5801 1780 5858 missam
1801 5803 2118 5875 specialiter
2143 5804 2423 5875 continet;
2457 5803 2635 5876 ipsius
2659 5802 2891 5858 nomine
2917 5802 2978 5858 in
3005 5799 3376 5865 orationibus,
3407 5797 3466 5852 in

149 5886 441 5965 meatione,
468 5899 523 5952 et
559 5895 706 5952 infra
729 5895 1013 5952 actionem
1057 5907 1324 5970 expresso
1357 5908 1384 5966 :7
1403 5895 1609 5950 caetera
1635 5892 1822 5950 missae
1856 5910 2187 5951 communes
2217 5898 2365 5950 sunt.
2402 5895 2461 5971 In
2487 5896 2748 5950 Memento
2775 5909 3020 5967 quoque,
3055 5892 3179 5965 post
3204 5888 3464 5942 Cosmam
