3968 6224
439 349 542 411 219
1228 355 1556 411 Al’l'ENDlX
1600 354 1685 408 AD
1721 354 1942 408 OPERA
1984 353 2218 409 SANCTI
2255 354 2554 409 GERMANI
2594 353 3021 410 PARISIENSIS.
3711 358 3826 410 220

442 469 499 520 et
527 451 879 534 Damianum,
910 465 1105 524 Hilarii
1130 464 1196 520 fit
1235 465 1510 522 memoria
1538 467 1594 520 et
1619 463 1860 521 Martini.
1891 463 2154 518 Codicem
2181 462 2345 518 illum
2371 461 2644 518 Gallicum
2683 462 2853 519 fuisse
2894 462 3139 521 dubitari
3177 482 3292 524 non
3337 472 3542 541 potest,
3571 486 3709 528 cum
3764 471 3827 528 in

442 553 613 610 missa
643 574 744 629 pro
779 557 1008 629 regibus
1035 557 1402 625 Francorum,
1436 559 1491 610 et
1514 555 1573 610 in
1602 554 1767 609 variis
1793 553 2141 609 orationibus
2166 551 2476 623 imperium
2503 553 2822 608 Romanum
2856 570 3151 627 nunquam
3179 563 3683 631 commemoretur,
3719 560 3824 616 sed

439 648 716 716 perpetuo
746 649 887 702 Deus
905 647 963 702 in
991 663 1054 702 eo
1098 663 1201 718 pro
1241 645 1403 717 regni
1430 646 1772 699 Francorum
1817 643 2190 716 prosperitate
2218 646 2503 698 exoretur.
2534 643 2726 714 Itaque
2755 644 2900 699 mihi
2936 646 3159 701 videtur
3193 648 3376 704 Codex
3419 649 3513 705 ille
3541 657 3668 722 post
3714 668 3825 706 an-

440 750 580 788 num
607 739 730 803 5H,
763 737 859 792 sed
899 742 1030 792 ante
1063 753 1277 791 annum
1305 739 1406 790 560
1431 735 1490 790 in
1515 735 1692 789 Gallia
1723 734 1984 806 scriptus,
2021 732 2299 804 Gallisque
2326 733 2582 788 nondum
2614 733 2673 788 in
2701 749 2883 788 unum
2911 737 3186 806 populum
3211 755 3340 792 cum
3371 739 3597 794 Francis
3628 741 3824 796 coale-

442 825 746 881 scentibus.
777 828 882 880 Ter
906 827 1060 881 enim
1089 844 1192 897 pro
1223 825 1386 897 regni
1417 826 1761 879 Francorum
1785 825 2017 879 nomine
2044 840 2239 894 preces
2271 823 2446 877 fiunt:
2477 823 2613 876 alias
2642 840 2745 894 pro
2777 825 3118 880 Francorum
3145 828 3496 900 principatu;
3525 831 3660 884 alias
3710 847 3825 902 pro

441 911 792 984 Principibus
820 916 1192 983 Francorum;
1223 918 1279 969 et
1306 915 1480 969 semel
1512 931 1616 986 pro
1647 915 1827 968 salute
1854 917 1909 969 et
1955 912 2341 968 incolumitate
2369 912 2532 983 regni
2583 913 2948 969 Francorum.
2983 916 3171 970 Codex
3215 917 3307 972 ille
3338 923 3396 974 et
3431 923 3733 989 vetustate,
3766 927 3828 976 et

443 1003 778 1059 characteris
823 1005 1249 1075 magniﬁcentia
1286 1005 1425 1059 adeo
1454 1005 1828 1073 venerandus,
1857 1021 1887 1058 e
1923 1003 2096 1058 Gallia
2125 1003 2391 1074 migravit
2429 1003 2807 1059 Stokolmium
2853 1004 3158 1060 Succorum
3205 1008 3442 1079 regiam,
3474 1026 3507 1063 a
3531 1010 3825 1064 Christina

441 1093 861 1164 incomparabili
890 1097 1195 1151 Succorum
1234 1095 1490 1167 principe
1519 1111 1648 1149 cum
1687 1093 2002 1149 innumeris
2027 1093 2150 1148 aliis
2180 1109 2316 1148 auro
2342 1093 2689 1165 redemptus.
2721 1113 2749 1146 ››
2788 1095 2917 1150 Haec
2958 1096 3202 1150 Marinus
3231 1113 3244 1151 :
3277 1099 3375 1168 qui
3406 1114 3476 1152 ex
3507 1115 3573 1154 eo
3611 1099 3824 1153 Codice

443 1183 694 1253 vulgavit
719 1201 847 1256 quae
875 1186 945 1240 ad
972 1202 1157 1241 sacras
1185 1185 1567 1242 ordinationes
1607 1184 1986 1256 pertinebant.
2031 1185 2186 1239 Nunc
2228 1183 2330 1239 iste
2375 1183 2561 1239 Codex
2603 1185 2799 1240 Roma:
2828 1188 2914 1240 est
2941 1185 3001 1240 in
3049 1185 3392 1242 Bibliotheca
3434 1187 3822 1244 serenissima

442 1287 673 1343 reginae.

515 1431 566 1481 7.
608 1429 762 1493 Quod
809 1429 1011 1484 attinet
1040 1431 1111 1485 ad
1155 1430 1277 1501 ejus
1320 1431 1739 1502 antiquitatem,
1773 1435 1990 1486 certum
2021 1433 2106 1485 est
2135 1429 2317 1484 multa
2343 1445 2412 1484 ex
2441 1429 2617 1485 veteri
2659 1429 2940 1484 Gallicano
2967 1430 3081 1515 ritu
3126 1430 3184 1485 in
3229 1430 3324 1486 illo
3362 1431 3638 1488 contineri
3673 1450 3686 1486 :
3720 1434 3823 1489 sed

442 1532 546 1572 nec
575 1518 933 1575 difﬁtendum
959 1522 1219 1594 quaedam
1248 1538 1367 1576 esse
1388 1523 1457 1576 ad
1484 1522 1716 1576 modum
1747 1521 1971 1576 Ordinis
1997 1520 2271 1576 Gelasiani
2301 1519 2349 1593 1
2366 1519 2493 1593 78
2515 1525 2571 1575 et
2596 1520 2946 1591 Gregoriani.
2979 1521 3411 1576 Ordinationum
3436 1523 3648 1595 quippe
3676 1523 3823 1578 ritus

443 1611 501 1660 et
525 1609 874 1678 precationes
903 1613 1116 1667 eaedem
1145 1612 1512 1684 reperiuntur
1539 1613 1598 1666 in
1625 1612 1830 1668 Ordine
1858 1614 2110 1666 Romano
2141 1628 2154 1666 :
2186 1616 2242 1666 et
2267 1611 2458 1666 Canon
2485 1611 2635 1666 idem
2665 1614 2747 1665 est
2773 1611 2910 1666 item
2939 1627 3069 1666 cum
3099 1613 3371 1680 Romano,
3394 1613 3532 1668 adeo
3551 1617 3618 1668 ut
3645 1613 3820 1668 etiam

443 1696 614 1751 verba
643 1698 764 1753 haec
797 1719 809 1754 :
842 1703 1065 1772 Diesque
1089 1707 1296 1758 nostros
1328 1705 1384 1757 in
1413 1708 1508 1758 tua
1535 1719 1666 1773 pace
1693 1703 1966 1772 disponas,
2011 1719 2137 1773 qum
2169 1719 2200 1754 a
2227 1701 2496 1772 Gregorio
2524 1702 2721 1772 Magno
2752 1700 2937 1756 addita
2961 1701 3353 1774 perhibentur,
3382 1703 3441 1756 in
3471 1702 3564 1756 illo
3590 1703 3823 1758 Canone

442 1788 728 1857 legantur.
758 1792 912 1846 Unde
953 1792 1215 1848 Codicem
1243 1809 1357 1846 non
1389 1793 1594 1847 smculo
1624 1810 1701 1860 v1,
1732 1810 1865 1864 pace
1888 1792 1990 1847 viri
2018 1791 2346 1859 doctissimi,
2371 1793 2469 1846 sed
2496 1791 2819 1863 insequenti
2849 1793 3229 1864 conscriptum
3255 1793 3426 1848 fuisse
3451 1793 3818 1865 intelligitur.

443 1878 513 1930 At
540 1894 655 1932 non
682 1880 860 1934 serius
886 1882 956 1936 ob
985 1883 1124 1936 duas
1161 1883 1426 1938 rationes.
1469 1882 1658 1937 Primo
1687 1883 1838 1936 enim
1869 1883 1923 1936 in
1963 1882 2357 1936 benedictione
2386 1898 2608 1953 regum,
2638 1898 2754 1936 non
2793 1882 2862 1936 de
2903 1899 3040 1952 uno,
3071 1882 3168 1937 sed
3205 1883 3272 1937 de
3301 1882 3560 1955 pluribus
3587 1883 3822 1954 regibus

447 1982 546 2020 seu
575 1968 930 2040 principibus
952 1973 1296 2027 Francorum
1326 1973 1390 2026 fit
1417 1973 1652 2042 mentio,
1684 1973 1743 2028 in
1769 1973 1922 2027 hunc
1944 1973 2180 2027 modum
2213 1992 2226 2027 :
2257 1975 2584 2028 Francorum
2612 1975 2768 2042 regni
2792 1973 2976 2027 adesto
2999 1974 3368 2043 principibus;
3398 1977 3522 2027 tum
3551 1991 3565 2027 :
3595 1976 3823 2042 Protege

439 2059 596 2123 regni
615 2061 937 2116 Francorum
964 2065 1195 2118 nominis
1223 2065 1417 2132 ubique
1441 2068 1688 2132 rect-ores,
1719 2079 1847 2134 quae
1873 2065 2124 2133 arguunt
2144 2062 2486 2116 Francorum
2513 2061 2894 2132 principatum
2920 2067 3055 2115 tunc
3079 2077 3253 2134 penes
3276 2077 3457 2116 unum
3478 2078 3598 2116 non
3623 2061 3818 2127 fuisse,

442 2148 668 2216 quando
709 2149 796 2204 vel
839 2150 1080 2221 scriptus
1131 2156 1215 2206 est
1250 2153 1456 2221 Codex,
1486 2153 1574 2208 vel
1612 2151 1922 2224 composita
1959 2151 2367 2206 benedictionis
2409 2151 2671 2206 formula.
2704 2151 2913 2206 Deinde
2947 2151 3008 2206 in
3047 2152 3292 2218 Canone,
3337 2151 3436 2206 ubi
3475 2151 3824 2206 confessores

444 2238 788 2308 martyribus
817 2239 1214 2310 subjiciuntur,
1251 2243 1353 2296 uni
1384 2246 1753 2298 recensentur
1776 2242 2016 2298 Hilarius
2046 2247 2103 2297 et
2128 2242 2416 2310 Martinus,
2447 2257 2577 2295 cum
2620 2241 2680 2295 in
2709 2241 2899 2296 saeculi
2940 2258 2993 2296 1x
3019 2241 3314 2297 Codicibus
3337 2242 3532 2313 plures
3569 2241 3668 2296 alii
3699 2257 3818 2296 me-

441 2333 756 2398 morentur,
791 2334 853 2382 ut
881 2347 948 2385 ex
968 2331 1126 2386 libris
1151 2332 1652 2387 Sacramentorum
1681 2350 1713 2386 a
1737 2333 2000 2388 Menardo
2025 2335 2219 2387 nostro
2248 2331 2457 2398 relatis,
2490 2330 2724 2402 aliisque
2751 2330 3118 2386 manifestum
3146 2337 3250 2386 est.

513 2482 564 2532 8.
609 2481 802 2535 Restat
835 2485 1122 2554 agendum
1152 2489 1206 2539 te
1243 2486 1408 2540 tertio
1452 2486 1671 2551 Missali,
1717 2487 1869 2557 quod
1904 2485 2238 2540 Thomasius
2276 2485 2624 2540 Gallicanum
2665 2488 2826 2539 vetus
2869 2485 3131 2555 appellat,
3163 2490 3486 2557 censetque,
3516 2485 3661 2541 illud
3688 2504 3819 2558 pro-

444 2570 600 2640 prius
626 2573 890 2628 accedere
917 2576 987 2630 ad
1013 2577 1186 2631 ritum
1215 2580 1555 2648 Romanum,
1592 2600 1619 2627 ‹‹
1647 2595 1777 2632 cum
1805 2579 1865 2632 in
1886 2579 2228 2646 orationum,
2251 2577 2455 2648 inquit,
2479 2576 2752 2631 brevitate
2779 2592 2848 2629 ex
2878 2577 3128 2630 Romano
3147 2592 3325 2644 more,
3356 2580 3478 2630 tum
3508 2577 3569 2630 in
3593 2577 3824 2632 Canone

444 2659 648 2730 missae,
679 2679 852 2732 quem
877 2681 1028 2737 smpe
1053 2667 1185 2721 citat
1210 2671 1266 2722 et
1297 2669 1585 2740 supponit.
1631 2691 1656 2716 ν
1686 2670 1893 2724 Verum
1919 2673 1973 2722 et
2001 2669 2280 2723 secundus
2305 2667 2489 2722 Codex
2516 2684 2636 2721 non
2663 2665 2929 2737 supponit
2953 2665 3141 2736 modo,
3182 2666 3279 2720 sed
3309 2666 3476 2720 etiam
3517 2666 3638 2721 fere
3684 2667 3826 2722 inte-

444 2764 611 2819 grum
637 2751 810 2808 refert
843 2770 856 2806 :
891 2771 1019 2809 cum
1056 2756 1253 2810 tertius
1281 2757 1458 2811 alium
1499 2757 1783 2811 Canonem
1813 2757 2016 2812 habeat
2040 2757 2100 2811 in
2137 2757 2382 2811 secunda
2410 2756 2581 2810 missa
2608 2757 2676 2810 de
2706 2755 2984 2825 Adventu,
3014 2771 3117 2809 nec
3149 2757 3467 2810 Romanum
3511 2761 3821 2828 supponat,

442 2837 549 2890 nisi
577 2839 634 2894 in
659 2841 827 2896 Coena
855 2845 1095 2915 Domini,
1122 2847 1260 2912 etin
1289 2847 1463 2917 priori
1489 2847 1657 2900 missa
1685 2847 1754 2900 de
1779 2847 2039 2901 Adventu
2067 2847 2186 2917 ejus
2217 2851 2457 2918 partem.
2491 2845 2703 2901 Deinde
2735 2845 2965 2900 secundi
2992 2845 3221 2899 Missalis
3247 2846 3525 2901 orationes
3556 2863 3674 2900 non
3703 2852 3824 2902 tam

443 2925 648 2984 diserte
681 2931 1029 2989 Gallicanum
1055 2952 1274 2990 morem
1299 2941 1636 3009 sequuntur,
1670 2954 1841 3008 quam
1879 2937 2031 2991 tertii
2057 2936 2288 2992 Missalis
2314 2936 2699 2990 Collectiones.
2728 2937 2788 2989 In
2809 2935 3055 2990 secundo
3077 2935 3230 2990 enim
3257 2935 3383 2990 duce
3411 2942 3829 3007 consequenter

441 3017 718 3088 assignari
743 3021 863 3078 sine
895 3024 1058 3080 titulo
1099 3027 1298 3096 solent,
1330 3032 1395 3081 ut
1440 3026 1499 3081 in
1537 3026 1869 3081 Gelasiano:
1912 3042 2015 3080 nec
2064 3026 2274 3097 ubique
2321 3026 2601 3080 orationes
2649 3026 2776 3078 Post
2803 3024 3060 3093 Nomina,
3114 3041 3216 3078 nec
3258 3040 3494 3096 usquam
3537 3026 3828 3081 orationes

443 3106 570 3162 Post
607 3111 849 3181 Pacem;
892 3130 995 3170 nec
1030 3116 1158 3170 ulla:
1205 3116 1450 3188 denique
1496 3119 1638 3172 Ante
1679 3117 1990 3171 orationem
2038 3113 2230 3187 179
2260 3115 2630 3180 Dominicam,
2663 3130 2791 3184 quae
2829 3113 2890 3168 in
2928 3113 3092 3168 tertio
3123 3113 3341 3182 Missali,
3385 3118 3448 3168 ut
3491 3131 3721 3186 semper
3768 3116 3828 3171 in

444 3197 650 3267 primo,
681 3202 878 3258 saltem
914 3205 1216 3276 aliquando
1245 3207 1593 3262 referuntur.
1627 3207 1703 3262 De
1749 3207 1858 3261 hoc
1888 3205 2087 3260 Codice
2116 3205 2448 3260 Thomasius
2475 3205 2552 3258 ita
2576 3204 2848 3276 praefatur
2878 3220 2891 3257 :
2922 3225 2949 3252 ‹‹
2976 3205 3298 3258 Postremus
3334 3203 3514 3258 Codex
3546 3210 3632 3259 est
3658 3206 3824 3259 Pala-

440 3285 593 3341 tinus
621 3289 979 3347 bibliotheca:
1010 3295 1305 3365 Vaticanze,
1334 3296 1588 3368 signatus
1615 3314 1675 3351 n.
1703 3297 1826 3365 493,
1860 3295 2277 3350 characteribus
2303 3295 2616 3349 uncialibus
2638 3295 2751 3348 sive
2779 3293 3087 3364 quadratis,
3119 3295 3212 3348 sed
3242 3294 3645 3365 negligentiori
3669 3313 3827 3366 smpe

444 3391 616 3431 manu
643 3381 1015 3454 conscriptus,
1044 3401 1215 3455 quam
1241 3386 1503 3456 plurimis
1539 3387 1762 3457 paginis
1800 3402 2054 3454 mancus,
2085 3389 2141 3439 et
2167 3386 2452 3440 erroribus
2479 3385 2709 3454 (scilicet
2738 3383 3120 3454 amanuensis)
3161 3384 3420 3438 refertus.
3453 3384 3624 3439 Addit
3665 3386 3824 3440 Tho-

443 3467 672 3538 masius,
700 3492 728 3520 ‹‹
774 3473 1030 3527 moderni
1056 3474 1293 3545 alicujus
1321 3492 1496 3530 manu
1535 3498 1562 3525 ››
1600 3475 1860 3530 Codicem
1907 3474 2241 3546 inscriptum
2270 3475 2442 3529 fuisse
2473 3491 2486 3529 :
2521 3496 2548 3524 «
2579 3476 2747 3530 Missa
2787 3477 3050 3530 Romana.
3082 3474 3201 3536 Quo
3246 3472 3429 3538 titulo,
3461 3473 3668 3545 inquit,
3696 3478 3763 3528 ut
3795 3493 3828 3528 a

442 3572 575 3610 vero
602 3557 826 3631 longius
851 3563 1166 3637 aberrante,
1196 3565 1433 3636 sublato,
1467 3567 1618 3620 hunc
1645 3565 1969 3619 suffecimus
2001 3581 2013 3618 :
2046 3565 2265 3620 Missale
2296 3565 2657 3622 Gallicanum.
2692 3583 2719 3613 η
2750 3563 2971 3618 Scilicet
3010 3562 3162 3634 quod
3193 3562 3330 3616 illud
3367 3562 3579 3617 Missale
3615 3579 3824 3634 sequa-

444 3648 538 3698 tur
572 3647 745 3704 ritum
787 3653 1156 3727 Gallicanum,
1203 3674 1318 3712 non
1347 3659 1702 3725 Romanum;
1734 3655 1886 3728 quod
1931 3655 1992 3708 in
2023 3672 2088 3709 eo
2117 3655 2332 3710 mentio
2365 3655 2643 3710 habeatur
2671 3654 2827 3708 horae.
2870 3651 3221 3707 duodecima:
3261 3652 3320 3705 in
3358 3652 3572 3723 Vigiliis
3616 3653 3828 3708 Natalis

445 3734 664 3791 Domini
693 3743 747 3793 et
773 3742 1020 3815 Paschaz,
1057 3763 1170 3818 qua
1193 3747 1262 3800 de
1291 3748 1429 3801 hora
1457 3745 1670 3800 mentio
1703 3746 1766 3800 ﬁt
1794 3745 1854 3799 in
1890 3744 2108 3798 concilii
2140 3761 2178 3800 ιι
2203 3744 2544 3800 Turonensis
2573 3759 2787 3798 canone
2822 3745 2905 3798 18.
2936 3741 3186 3812 Denique
3232 3741 3277 3794 si
3312 3741 3372 3795 in
3415 3757 3481 3795 eo
3505 3741 3705 3796 Missali
3753 3744 3823 3797 ad

444 3823 779 3884 Parasceven
810 3833 986 3889 oratio
1014 3835 1111 3890 ﬁat
1153 3853 1256 3908 pro
1304 3838 1555 3892 Romano
1581 3835 1844 3907 imperio,
1878 3835 1933 3890 id
1960 3836 2032 3890 ad
2071 3835 2212 3890 illud
2243 3840 2468 3907 tempus
2512 3833 2732 3903 referri,
2761 3849 2873 3905 quo
2899 3831 3205 3886 Galliarum
3232 3831 3535 3903 provinciae
3580 3833 3822 3887 Romani

434 3913 583 3982 juris
607 3920 964 3978 exstiterunt.

515 4061 567 4113 9.
605 4062 833 4118 Constat
857 4083 1026 4136 porro
1057 4069 1164 4122 hoc
1192 4069 1404 4124 Missale
1432 4070 1700 4124 Gallicani
1729 4069 1874 4122 ritus
1913 4068 2260 4124 censendum
2305 4084 2445 4134 esse,
2479 4070 2602 4122 tum
2644 4067 2776 4139 quia
2813 4066 3174 4122 Collectiones
3201 4068 3283 4136 (ut
3308 4083 3438 4121 mox
3475 4067 3824 4141 dicebamus)

444 4149 642 4203 eodem
670 4153 839 4206 modo
869 4154 928 4208 in
970 4172 1034 4209 eo
1063 4159 1377 4228 procedunt
1404 4163 1573 4230 atque
1603 4159 1661 4212 in
1690 4159 1875 4230 primo
1909 4159 2129 4224 Missali,
2163 4159 2317 4230 quod
2348 4158 2579 4212 indubie
2605 4174 2808 4229 parum
2844 4156 3076 4212 exhibet
3119 4157 3387 4212 Ordinem
3424 4157 3779 4213 Gallicanum
3807 4180 3820 4228 ;

444 4243 564 4291 tum
594 4240 726 4309 quia
755 4245 1057 4316 utrobique
1101 4249 1296 4301 eodem
1337 4249 1507 4302 modo
1550 4249 1906 4321 appellantur
1936 4248 2324 4311 Collectiones,
2358 4251 2486 4302 Post
2527 4248 2786 4318 Nomina,
2816 4249 2944 4301 Post
2989 4249 3206 4314 Pacem,
3238 4248 3601 4317 Contestatio,
3645 4249 3825 4303 oratio

442 4330 584 4381 Ante
611 4335 666 4384 et
688 4331 819 4386 Post
843 4335 1156 4391 orationem
1185 4337 1533 4394 Dominicam
1548 4357 1566 4409 ς
1599 4339 1928 4411 eaedemque
1955 4338 2259 4410 aliquando
2285 4337 2565 4392 orationes
2590 4340 2924 4408 repetuntur
2952 4355 2964 4390 :
2998 4339 3120 4390 tum
3149 4337 3391 4408 denique
3415 4338 3550 4409 quia
3579 4339 3640 4393 in
3671 4345 3828 4395 utro-

442 4431 552 4485 que
577 4419 649 4474 ad
676 4421 979 4478 Sabbatum
1005 4427 1230 4482 Pascha:
1258 4433 1382 4499 post
1409 4429 1758 4500 baptismum
1784 4429 1849 4483 ﬁt
1885 4427 2100 4483 mentio
2130 4427 2199 4481 de
2236 4427 2444 4482 lotione
2484 4427 2694 4497 pedum
2725 4443 2737 4480 :
2781 4443 2954 4497 quem
2983 4425 3157 4480 ritum
3189 4444 3222 4481 a
3249 4428 3504 4482 Romano
3531 4428 3825 4486 diversum

441 4521 559 4562 esse
585 4512 824 4566 testatur
843 4515 1193 4587 Ambrosius,
1223 4535 1320 4573 seu
1349 4519 1604 4590 quisquis
1632 4523 1715 4575 est
1742 4519 1982 4590 scriptor
2019 4516 2206 4588 operis
2235 4517 2304 4571 de
2343 4515 2716 4571 Sacramentis
2749 4515 2809 4569 in
2833 4515 2932 4570 lib.
2961 4532 3040 4584 ιιι,
3071 4533 3192 4586 cap.
3234 4520 3251 4570 1
3292 4533 3305 4570 :
3342 4537 3368 4566 (ι
3399 4519 3718 4574 Ascendisti
3755 4522 3827 4577 de

439 4594 593 4653 fonte
611 4617 628 4667 ;
659 4602 795 4672 quid
821 4610 1075 4662 secutum
1103 4609 1226 4662 est?
1263 4609 1479 4663 Audisti
1506 4610 1826 4676 lectionem,
1859 4607 2175 4663 succinctus
2207 4610 2292 4662 est
2327 4623 2587 4661 summus
2623 4605 2902 4672 sacerdos,
2942 4605 3112 4676 pedes
3140 4605 3240 4659 tibi
3272 4606 3426 4661 lavit.
3460 4629 3484 4654 η
3525 4607 3594 4662 Et
3623 4609 3778 4665 infra
3807 4630 3820 4665 :

444 4706 469 4730 ‹‹
500 4686 619 4742 Non
645 4690 971 4761 ignoramus
996 4697 1146 4768 quod
1176 4699 1417 4753 Ecclesia
1460 4701 1715 4754 Romana
1742 4700 1885 4753 hanc
1912 4697 2384 4752 consuetudinem
2411 4712 2526 4750 non
2564 4695 2787 4763 habeat,
2819 4695 2979 4765 cujus
3008 4698 3207 4765 typum
3238 4695 3295 4750 in
3340 4696 3602 4751 omnibus
3626 4701 3822 4770 sequi-

439 4789 571 4830 mur
596 4785 652 4833 et
674 4781 938 4838 formam.
967 4787 1118 4840 Hanc
1162 4791 1354 4842 tamen
1388 4789 1855 4844 consuetudinem
1890 4784 2083 4859 180
2112 4803 2228 4841 11οΠ
2271 4786 2444 4841 habet
2472 4789 2534 4839 ut
2559 4784 2730 4856 pedes
2756 4785 2923 4838 lavet.
2952 4783 3086 4838 Vide
3129 4800 3267 4856 ergo
3307 4802 3379 4840 ne
3412 4786 3555 4840 forte
3586 4795 3828 4860 propter

443 4869 865 4927 multitudinem
892 4874 1209 4932 declinarit.
1223 4878 1361 4933 Sunt
1379 4883 1566 4935 tamen
1582 4880 1680 4951 qui
1696 4879 1885 4933 dicant
1907 4883 1964 4932 et
1990 4892 2259 4932 excusare
2285 4881 2583 4944 conentur,
2603 4875 2734 4947 quia
2749 4875 2856 4928 hoc
2875 4890 2993 4928 non
3011 4874 3071 4927 in
3088 4874 3356 4946 mysterio
3368 4875 3694 4931 faciendum
3717 4883 3825 4947 est,

445 4972 559 5011 non
587 4959 647 5014 in
672 4961 1027 5033 baptismate,
1071 4981 1185 5020 non
1216 4967 1273 5021 in
1305 4969 1770 5040 regeneratione;
1802 4966 1900 5020 sed
1926 4967 2087 5038 quasi
2131 4965 2341 5037 hospiti
2383 4965 2554 5037 pedes
2579 4964 2800 5020 lavandi
2830 4968 2982 5017 sunt.
3015 4985 3042 5012 ››
3074 4963 3351 5018 Eumdem
3379 4964 3554 5019 ritum
3596 4967 3830 5022 lotionis

443 5051 653 5121 pedum
677 5056 804 5122 post
828 5051 1172 5124 baptismum
1197 5055 1257 5110 in
1286 5057 1516 5112 ecclesia
1540 5057 1938 5111 Mediolanensi
1966 5057 2240 5112 usitatum
2266 5056 2436 5111 fuisse
2463 5055 2626 5110 docet
2652 5054 2978 5108 Ambrosius
3006 5054 3063 5107 in
3094 5054 3344 5125 genuino
3368 5071 3538 5126 opere
3566 5057 3638 5112 de
3675 5059 3824 5129 Mys-

445 5141 620 5209 teriis,
653 5159 774 5215 cap.
805 5147 855 5198 6.
885 5145 992 5208 Qui
1040 5145 1190 5200 haud
1217 5147 1328 5201 scio
1354 5165 1427 5202 an
1473 5147 1726 5201 dicturus
1763 5147 1980 5216 fuisset,
2010 5147 2162 5218 quod
2192 5145 2574 5218 praglaudatus
2601 5147 2798 5198 auctor
2830 5143 2991 5212 dixit,
3021 5159 3184 5196 suam
3213 5144 3506 5199 ecclesiam
3546 5147 3825 5202 Romana:

448 5235 693 5304 «typum
717 5233 775 5288 in
801 5234 1064 5290 omnibus
1091 5237 1250 5308 sequi
1277 5241 1333 5292 et
1352 5238 1614 5304 formam,
1636 5257 1663 5285 ››
1684 5236 2142 5308 quandoquidem
2169 5235 2334 5290 multi
2351 5235 2493 5290 ritus
2521 5233 2579 5288 in
2596 5232 2991 5288 Mediolanensi
3019 5237 3317 5288 servantur
3334 5234 3536 5288 diversi
3561 5252 3595 5288 a
3624 5237 3828 5292 Roma-

439 5321 548 5391 nis,
580 5321 698 5378 imo
723 5324 892 5379 etiam
923 5325 1115 5396 plures
1141 5326 1421 5383 Ambrosii
1449 5329 1634 5380 aetate.
1665 5324 1772 5380 Sed
1801 5325 1905 5380 hac
1931 5326 2000 5381 de
2027 5341 2089 5381 re
2115 5331 2319 5397 agetur
2349 5325 2407 5378 in
2435 5340 2581 5379 nova
2605 5322 2853 5378 editione
2884 5339 3127 5394 operum
3157 5323 3331 5377 sancti
3359 5324 3664 5394 Ambrosii,
3693 5343 3825 5398 quin

438 5408 607 5463 modo
623 5427 757 5465 cura
773 5415 828 5466 et
846 5415 1028 5470 studio
1049 5421 1374 5471 nostrorum
1396 5413 1499 5467 sub
1524 5413 1684 5485 prelo
1704 5417 1978 5469 versatur.
2004 5414 2255 5486 Denique
2285 5413 2343 5468 in
2362 5414 2528 5468 tertio
2541 5412 2743 5469 Missali
2771 5413 3038 5483 occurrit,
3056 5429 3216 5468 num.
3238 5430 3368 5482 xvu,
3389 5413 3627 5468 verbum
3651 5419 3828 5471 trans-

439 5501 718 5567 formavit,
746 5501 843 5557 ubi
869 5504 1060 5576 agitur
1085 5506 1154 5559 de
1180 5503 1542 5558 conversione
1572 5503 1736 5575 panis
1764 5510 1820 5558 et
1845 5504 1960 5558 vini
1981 5505 2041 5558 in
2066 5504 2276 5560 Christi
2302 5521 2505 5577 corpus
2532 5508 2587 5560 et
2608 5503 2948 5575 sanguinem
2977 5522 2992 5558 :
3017 5509 3073 5558 et
3099 5504 3156 5557 in
3186 5503 3387 5557 Missali
3413 5503 3601 5574 primo
3619 5509 3826 5576 quater

443 5589 720 5660 reperitur
738 5594 1073 5648 vocabulum
1100 5595 1596 5660 tramformatiom’s
1621 5595 1682 5649 in
1705 5594 1903 5650 eodem
1930 5600 2293 5667 argumento,
2318 5596 2468 5668 quod
2487 5595 2820 5650 vocabulum
2843 5593 3043 5648 forma:
3074 5592 3498 5648 conversionem
3518 5592 3824 5664 signiﬁcat.

517 5737 601 5790 t0.
637 5737 699 5790 In
725 5737 925 5792 eodem
951 5752 1081 5791 vero
1106 5737 1306 5794 Missali
1333 5740 1869 5814 Gothicogallicano,
1903 5742 2052 5814 quod
2075 5744 2261 5815 primo
2289 5744 2410 5799 loco
2427 5743 2691 5809 habetur,
2718 5741 3024 5815 praeclarus
3047 5739 3116 5794 de
3149 5739 3419 5795 sacriﬁcio
3448 5739 3640 5796 missae
3668 5742 3823 5798 locus

439 5828 541 5892 est,
569 5840 777 5895 nempe
809 5839 970 5879 num.
998 5841 1196 5883 Lxxvm
1220 5828 1280 5883 in
1307 5830 1724 5887 Contestatione
1752 5830 1939 5887 missa:
1968 5832 2350 5890 dominicalis:
2375 5835 2609 5902 Dignum
2638 5837 2689 5888 et
2702 5831 2912 5902 justum
2938 5833 3034 5892 est,
3060 5830 3376 5892 invisibilis,
3394 5832 3820 5896 inaestimabilis,

441 5915 692 5970 immense
719 5917 878 5978 Deus,
905 5919 957 5971 et
992 5918 1156 5975 Pater
1181 5922 1399 5978 Domini
1433 5925 1608 5980 nostri
1641 5927 1766 5981 Iesu
1796 5923 2017 5983 Christi.
2048 5925 2154 5994 Qui
2185 5926 2421 5996 formam
2460 5925 2717 5995 sacriﬁcii
2741 5923 2997 5994 perennis
3025 5923 3332 5992 instituens,
3371 5922 3603 5978 hostiam
3631 5937 3690 5978 se
3727 5925 3828 5979 tibi
