3968 6224
90 381 163 434 221
1144 370 1229 425 DE
1273 369 1581 427 LITURGIA
1620 367 1994 430 GALLICANA
2032 368 2233 428 LIBER
2272 368 2359 428 III.
3312 374 3415 431 222

85 489 275 562 primum
295 482 502 547 obtulit,
530 486 586 537 et
609 482 820 554 primus
843 477 1025 536 docuit
1047 478 1250 550 oﬁerri.
1278 478 1360 534 Ex
1395 477 1604 551 quibus
1649 478 2038 551 intelligimus,
2079 479 2232 552 quod
2270 478 2521 538 maxime
2560 480 2897 551 notandum,
2929 478 3220 538 Christum
3244 479 3409 537 insti-

86 577 253 634 tuendo
275 574 609 632 sacriﬁcium
636 570 889 644 corporis
913 575 970 626 et
994 568 1289 641 sanguinis
1309 569 1418 639 sui,
1450 584 1510 625 se
1534 569 1779 624 hostiam
1804 570 1917 624 Deo
1942 570 2092 625 Patri
2116 569 2372 641 primum
2397 575 2535 628 tunc
2559 572 2846 641 obtulisse,
2875 588 3008 628 cum
3035 589 3161 629 eam
3188 571 3408 644 primus

87 666 239 724 docuit
257 665 456 721 oﬁ'erri.
488 665 687 735 Itaque
711 664 833 718 hanc
858 660 967 717 fuit
990 665 1120 716 ante
1148 675 1327 715 annos
1353 660 1506 716 mille
1532 661 1817 732 majorum
1840 664 2168 715 nostrorum
2196 662 2503 733 persuasio,
2549 663 2836 719 Christum
2881 664 3127 736 seipsum
3170 662 3317 718 Patri
3352 661 3413 716 in

86 757 381 813 Eucharistia
404 755 700 823 obtulisse,
722 769 853 808 cum
882 751 1038 806 illam
1065 748 1329 805 instituit.
1366 750 1504 805 Huic
1530 749 1885 822 persuasioni
1912 749 2216 804 conformis
2240 756 2325 806 est
2352 752 2564 807 sanctio
2591 752 2815 807 concilii
2840 752 3155 809 Tridentiui
3204 752 3264 807 in
3304 768 3415 807 ses-

86 850 221 905 sionis
241 853 302 904 22
326 846 504 918 capite
538 849 556 901 I
591 861 606 900 :
635 846 890 901 Dominus
915 846 1185 897 noster....
1212 841 1540 896 sacerdotem
1572 838 1753 915 181
1790 840 2080 896 secundum
2106 840 2347 896 ordinem
2386 843 2767 898 Melchisedech
2805 858 2861 898 se
2892 844 2953 897 in
2990 847 3246 898 mternum
3287 858 3411 897 con-

82 945 284 997 stitutum
307 938 611 999 declarans,
643 948 835 1004 corpus
861 936 912 987 et
936 933 1257 1001 sanguinem
1278 946 1437 985 suum
1458 931 1556 986 sub
1581 931 1855 1001 speciebus
1877 931 2039 1000 panis
2058 935 2109 984 et
2131 932 2251 984 uini
2273 934 2378 986 Deo
2404 933 2562 987 Patri
2598 933 2827 1001 obtulit;
2870 948 2936 987 ac
2971 933 3069 997 sub
3102 932 3414 988 earumdem

85 1045 225 1085 rerum
249 1027 509 1097 symbolis,
540 1025 822 1095 apostolis,
850 1038 982 1093 quos
1009 1025 1136 1076 tunc
1158 1023 1287 1075 novi
1306 1023 1630 1076 Testamenti
1653 1020 1953 1075 sacerdotes
1975 1020 2353 1083 constituebat,
2383 1025 2443 1076 ut
2486 1026 2752 1077 sumerent
2790 1022 3060 1089 tradidit;
3101 1026 3153 1077 et
3189 1022 3409 1085 eisdem,

86 1133 319 1189 eorumun
342 1119 398 1170 in
425 1115 730 1170 sacerdotio
751 1113 1135 1168 successoribus
1157 1114 1221 1165 ut
1246 1111 1498 1181 oﬂ’errent
1517 1112 1775 1181 praecepit
1802 1125 1903 1179 per
1929 1111 2039 1163 haec
2063 1110 2248 1172 verba,
2276 1114 2385 1165 etc.
2429 1111 2548 1165 Huc
2586 1127 2702 1166 non
2738 1112 2922 1167 refero
2946 1110 3153 1166 similia
3179 1112 3412 1166 Patrum

86 1211 191 1276 loca,
215 1224 321 1263 uno
344 1209 643 1262 contentus
667 1202 907 1258 Leandri
929 1200 1272 1273 Hispalensis
1300 1200 1548 1272 episcopi
1572 1199 1921 1269 testimonio,
1951 1200 2103 1269 quod
2131 1215 2248 1254 non
2276 1199 2437 1254 facile
2466 1200 2642 1255 cuivis
2662 1207 2938 1269 occurrat,
2966 1205 3165 1273 utpote
3190 1201 3253 1256 in
3288 1199 3411 1255 loco

87 1299 209 1370 quasi
228 1297 537 1370 peregrino,
569 1310 778 1365 nempe
803 1293 863 1346 in
890 1291 1104 1363 regula:
1122 1290 1244 1361 ejus
1266 1306 1389 1362 cap.
1410 1295 1463 1359 7,
1486 1289 1585 1343 ubi
1612 1290 1683 1344 de
1713 1288 2005 1344 sacriﬁciis
2034 1289 2239 1344 veteris
2267 1288 2410 1361 legis
2436 1289 2618 1346 obiter
2640 1306 2817 1362 agens
2838 1307 2852 1346 :
2880 1310 2908 1342 ει
2931 1289 3209 1347 Sacriﬁcia
3231 1294 3404 1360 certe,

85 1387 244 1459 inquit,
267 1386 463 1441 idcirco
486 1385 776 1457 pecudum
802 1381 1127 1448 litabantur,
1157 1379 1293 1452 quia
1317 1396 1517 1436 verum
1540 1378 1898 1446 sacriﬁcium,
1920 1378 2029 1434 hoc
2048 1383 2133 1434 est
2150 1378 2357 1435 Christi
2376 1396 2581 1451 corpus
2597 1383 2656 1435 et
2673 1380 3033 1452 sanguinem,
3056 1380 3398 1452 ﬁgurabant.

87 1476 212 1532 Venit
230 1474 447 1543 Veritas,
473 1476 686 1530 umbra
709 1472 998 1548 discessit;
1028 1470 1183 1525 venit
1206 1486 1408 1525 verum
1439 1469 1806 1536 Sacriﬁcium,
1836 1472 1892 1523 et
1916 1468 2148 1524 cessavit
2177 1469 2363 1525 hostia
2391 1470 2746 1542 pecudum.»
2772 1471 2929 1537 Quod
2951 1470 3269 1541 manifeste,
3292 1486 3407 1525 non

87 1567 138 1622 de
157 1564 392 1621 sacriﬁcio
417 1564 623 1632 crucis,
652 1563 752 1619 sed
776 1563 846 1619 de
873 1560 1150 1616 sacriﬁcio
1178 1559 1369 1614 missae
1396 1558 1839 1630 intelligendum
1867 1563 1971 1614 est.

144 1741 211 1791 Η.
239 1736 409 1791 Redeo
433 1735 505 1791 ad
532 1735 752 1792 Missale
776 1734 1099 1803 Gothicum,
1130 1732 1283 1805 quod
1309 1748 1381 1788 ex
1403 1731 1588 1787 tribus
1613 1731 1868 1803 primum
1893 1731 2084 1787 locum
2116 1731 2355 1788 obtinet.
2385 1732 2589 1805 Incipit
2606 1734 2675 1789 ab
2692 1733 2966 1805 oratione,
2989 1750 3119 1806 quas
3147 1732 3410 1790 Collectio

85 1830 180 1897 post
199 1825 405 1881 nomina
430 1825 660 1893 dicitur,
686 1824 1048 1897 pertinetque
1071 1823 1144 1878 ad
1173 1820 1426 1877 ofﬁcium
1447 1821 1634 1876 missas
1654 1837 1757 1892 pro
1778 1820 1979 1893 Vigilia
1997 1821 2208 1877 Natalis
2230 1822 2475 1892 Domini,
2499 1824 2653 1911 quod
2672 1823 2926 1880 ofﬁcium
2946 1818 3114 1880 tertio
3131 1823 3258 1879 loco
3284 1827 3409 1879 erat

88 1918 147 1979 (ut
165 1916 523 1985 praemisimus)
554 1915 617 1969 in
643 1914 843 1970 Codice
862 1931 970 1969 ms.
991 1911 1254 1969 Collectio
1272 1914 1400 1966 Post
1428 1911 1665 1966 Nomina
1691 1910 1986 1966 dicebatur
2013 1916 2140 1983 post
2166 1912 2558 1968 recitationem
2584 1910 2886 1971 nOminum
2913 1932 3111 1971 eorum
3138 1931 3242 1987 pro
3270 1914 3402 1986 qui-

86 2005 163 2057 bus
186 2004 495 2069 sacriﬁcium
517 2004 884 2059 offerebatur.
916 2002 1110 2059 Fiebat
1141 2006 1334 2057 autem
1361 2002 1530 2056 simul
1560 2002 2024 2057 commemoratio
2063 2006 2181 2057 tam
2221 2002 2484 2058 vivorum
2527 2020 2699 2076 quam
2736 2011 3113 2061 mortuorum.
3156 2006 3313 2060 Unde
3347 2005 3407 2060 in

88 2094 255 2164 \‘igiliis
276 2095 597 2166 Epiphaniae
623 2093 884 2149 Collectio
913 2095 1042 2147 Post
1065 2092 1304 2147 Nomina
1331 2090 1409 2146 sic
1434 2091 1604 2146 habet
1631 2108 1644 2145 :
1673 2094 1989 2146 Praesentem
2013 2094 2199 2162 itaque
2224 2093 2546 2148 oblationem
2572 2096 2654 2148 ita
2683 2095 2926 2157 illabere,
2954 2100 3017 2150 ut
3037 2096 3300 2152 medelam
3319 2100 3404 2151 vi—

90 2184 297 2246 rentibus,
322 2184 585 2251 defunctis
613 2186 850 2254 requiem
869 2187 1122 2254 praestet;
1150 2187 1200 2237 et
1226 2197 1453 2253 quorum
1481 2184 1655 2236 texuit
1679 2182 1925 2236 recitatio
1947 2184 2233 2251 praemissa
2260 2187 2476 2246 sortem,
2504 2185 2644 2239 inter
2669 2185 2854 2240 electos
2877 2185 3071 2254 jubeas
3087 2202 3405 2256 aggregare.

91 2272 145 2324 De
164 2273 237 2326 his
257 2278 431 2328 actum
452 2278 538 2329 est
560 2274 823 2345 superius
848 2273 909 2328 in
934 2272 1033 2327 lib.
1067 2288 1105 2342 1,
1135 2288 1258 2344 cap.
1290 2275 1342 2339 5,
1370 2287 1535 2325 num.
1573 2273 1656 2337 lO,
1687 2270 1782 2324 ubi
1811 2271 2158 2338 notavimus,
2189 2271 2363 2327 etiam
2389 2273 2495 2327 hoc
2526 2275 2647 2329 loco
2673 2279 2997 2330 sanctorum
3017 2276 3222 2331 factam
3239 2275 3405 2331 fuisse

92 2364 646 2418 commemorationem.
676 2365 744 2417 Et
770 2363 828 2418 id
851 2362 1085 2434 quidem
1114 2362 1183 2416 de
1211 2360 1551 2415 Mozarabico
1578 2358 1693 2414 ritu
1722 2365 1976 2430 constat;
2010 2365 2067 2416 at
2093 2360 2152 2415 in
2181 2362 2461 2416 Gallicano
2480 2363 2633 2418 haud
2657 2364 2734 2418 ita
2750 2381 3012 2436 expressa
3030 2365 3272 2421 habetur
3286 2366 3408 2421 hinc

93 2456 353 2508 sanctorum
379 2451 920 2525 commemoratio,1
936 2450 1064 2526 82
1090 2451 1199 2507 nisi
1222 2451 1529 2507 admodum
1559 2438 1858 2523 generalis.
1882 2453 2147 2507 Attamen
2164 2452 2223 2507 in
2247 2452 2569 2523 fragmento
2593 2454 3015 2527 diptychorum,
3039 2456 3194 2527 quod
3216 2472 3281 2510 eo
3298 2456 3407 2513 loci

94 2556 141 2593 ex
161 2541 326 2597 Codice
352 2545 703 2616 [tegularum
735 2542 1100 2615 protulimus,
1134 2540 1439 2613 singularis
1464 2557 1661 2595 eorum
1690 2541 1969 2596 memoria
1989 2541 2252 2596 occurrit.
2274 2542 2566 2613 Ejusmodi
2586 2544 2853 2616 diptycha
2873 2544 2944 2599 ad
2960 2562 3129 2625 usum
3149 2545 3408 2601 Ecclesiae

93 2630 370 2687 Arelatensis
392 2639 617 2689 exstant
642 2633 701 2688 in
727 2638 882 2688 torno
910 2650 967 2688 111
997 2631 1417 2686 Analectorum.
1446 2630 1725 2702 Diptycha
1740 2630 1861 2683 haec
1880 2630 1941 2684 in
1960 2630 2224 2685 omnibus
2246 2631 2505 2686 Ecclesiis
2528 2632 2726 2688 usitata
2746 2638 2934 2703 erant;
2958 2634 3054 2689 sed
3074 2634 3133 2688 in
3156 2636 3408 2690 Romana

92 2718 132 2770 in
151 2720 335 2776 Canone
359 2727 604 2792 tantum,
632 2728 697 2778 ut
722 2723 912 2792 modo,
941 2721 1176 2777 nomina
1206 2721 1614 2786 recitabantur,
1644 2719 1902 2774 vivorum
1928 2720 2161 2791 quidem
2186 2725 2336 2790 ante,
2367 2728 2725 2777 mortuorum
2749 2739 2881 2778 vero
2898 2728 3025 2795 post
3043 2725 3409 2779 consecratio-

92 2822 212 2877 nem;
236 2816 283 2865 at
309 2811 363 2866 in
387 2812 670 2867 Gallicano
696 2817 750 2867 et
774 2811 1117 2866 Mozarabico
1139 2810 1329 2865 statim
1349 2814 1472 2881 post
1491 2809 1855 2864 oblationem.
1879 2810 2037 2863 Hunc
2061 2809 2235 2863 ritum
2262 2810 2583 2881 improbare
2603 2812 2823 2867 videtur
2838 2812 3197 2867 Innocentius
3217 2830 3365 2885 papa
3387 2815 3407 2867 l

93 2896 134 2949 in
155 2900 347 2969 epistola
368 2903 436 2957 ad
463 2902 807 2972 Decentiem,
839 2919 962 2973 cap.
990 2905 1043 2971 2,
1074 2900 1173 2955 ubi
1198 2900 1404 2954 rectius
1432 2903 1591 2970 putat
1630 2897 1862 2953 nomina
1891 2898 2113 2953 recitari
2153 2920 2179 2947 ‹‹
2208 2898 2360 2954 inter
2397 2918 2550 2955 sacra
2580 2902 2868 2973 mysteria,
2897 2924 2924 2950 »
2956 2902 3016 2957 id
3042 2906 3127 2957 est
3155 2901 3222 2972 (si
3259 2903 3406 2957 bene

93 2987 223 3057 capio)
248 2988 299 3044 in
323 2991 437 3062 ipso
464 2993 715 3060 Canone,
744 3008 916 3064 quam
951 3012 979 3039 ‹‹
1006 2991 1155 3045 inter
1183 2990 1293 3044 alia
1319 3005 1446 3061 qua:
1476 2988 1745 3060 praemitti
1771 3009 1797 3037 ››
1829 2987 2030 3042 solent.
2055 2988 2236 3042 Verba
2264 2990 2387 3059 ejus
2413 2991 2640 3060 integra
2664 2991 2776 3045 huc
2797 2993 3008 3047 referre
3028 2992 3190 3062 juvat
3222 3007 3235 3045 :
3272 3013 3301 3040 ‹‹
3329 2992 3404 3046 De

92 3079 353 3136 nominibus
379 3100 508 3138 vero
536 3082 860 3152 recitandis,
888 3086 1194 3153 antequam
1224 3096 1417 3151 preces
1443 3078 1700 3134 sacerdos
1724 3078 1909 3145 faciat,
1938 3082 2108 3149 atque
2135 3094 2335 3133 eorum
2363 3078 2692 3147 oblationes,
2721 3096 2973 3152 quorum
2997 3080 3228 3135 nomina
3257 3079 3401 3134 reci-

92 3166 218 3221 tanda
239 3176 372 3239 sunt,
401 3190 499 3227 sua
526 3172 785 3227 oratione
811 3170 1191 3237 commendet,
1223 3186 1395 3241 quam
1422 3168 1776 3239 superfluum
1807 3168 1897 3236 sit,
1925 3172 1983 3222 et
2010 3167 2130 3237 ipse
2160 3184 2264 3239 pro
2294 3174 2392 3222 tua
2418 3168 2722 3239 prudentia
2742 3169 3097 3241 recognoscis
3120 3186 3133 3223 :
3157 3175 3223 3225 ut
3242 3169 3404 3241 cujus

93 3252 281 3315 hostiam
303 3262 537 3317 necdum
569 3263 685 3317 Deo
711 3261 932 3329 offeras,
962 3261 1083 3331 ejus
1110 3263 1241 3314 ante
1270 3274 1480 3313 nomen
1511 3257 1781 3313 insinues.
1810 3257 2073 3321 Quamvis
2100 3256 2182 3311 illi
2208 3257 2567 3329 incognitum
2596 3258 2666 3312 sit
2691 3259 2853 3314 nihil.
2882 3260 3040 3314 Prius
3067 3275 3205 3331 ergo
3246 3259 3400 3315 obla-

93 3349 227 3402 tiones
248 3356 364 3405 sunt
386 3351 877 3419 commendandae,
903 3367 967 3405 ac
991 3355 1128 3404 tunc
1154 3365 1353 3404 eorum
1382 3347 1632 3416 nomina,
1661 3364 1910 3420 quorum
1933 3351 2067 3402 sunt
2094 3346 2426 3416 oblationes,
2457 3347 2748 3415 edicenda,
2788 3353 2861 3415 .ut
2896 3348 3046 3404 inter
3081 3366 3239 3404 sacra
3274 3366 3402 3421 my-

94 3438 219 3491 steria
242 3441 613 3509 nominentur,
642 3458 758 3496 non
787 3441 939 3496 inter
959 3439 1070 3495 alia
1107 3455 1236 3510 qua:
1276 3442 1407 3494 ante
1446 3436 1871 3509 praemittimus,
1918 3440 1983 3490 ut
2019 3435 2158 3507 ipsis
2195 3436 2478 3508 mysteriis
2524 3436 2673 3492 viam
2714 3437 2919 3493 futuris
2963 3438 3228 3511 precibus
3264 3456 3400 3512 ape-

96 3542 274 3584 namus.
301 3554 326 3579 ι»

150 3703 211 3755 l2.
236 3702 303 3757 De
323 3702 404 3758 his
428 3702 714 3775 diptychis
738 3706 918 3757 exstat
943 3699 1223 3773 Sigebaldi
1249 3699 1565 3771 Anglorum
1593 3698 1745 3770 regis
1771 3696 2004 3768 epistola
2030 3696 2103 3752 ad
2132 3696 2484 3753 Bonifacium
2501 3698 2807 3770 praesulem
2822 3700 3242 3772 Moguntinum,
3270 3721 3400 3776 quae

98 3796 155 3844 est
173 3791 293 3848 inter
314 3793 693 3849 Bonifacianas
712 3791 909 3847 ordine
932 3792 1020 3860 49,
1049 3791 1109 3845 in
1134 3806 1250 3862 qua
1273 3790 1396 3845 haec
1425 3789 1671 3860 legimus
1695 3786 1766 3842 ad
1792 3785 2146 3858 propositum
2177 3803 2191 3841 :
2227 3806 2255 3836 «
2282 3787 2489 3842 Notum
2514 3787 2587 3843 sit
2614 3788 2717 3843 tibi
2744 3789 2897 3860 quod
2923 3805 2994 3845 ex
3019 3806 3086 3846 eo
3132 3794 3396 3864 tempore

99 3896 254 3936 nomen
269 3888 417 3939 tuum
426 3882 777 3955 adscriptum
791 3881 1137 3948 habuissem,
1161 3896 1293 3935 cum
1313 3879 1615 3934 missarum
1627 3876 1903 3933 solemnia
1922 3875 2289 3946 celebrarem,
2315 3876 2485 3932 simul
2508 3893 2638 3932 cum
2654 3878 2984 3935 nominibus
3003 3874 3399 3954 episcoporum

100 3974 373 4043 nostrorum,
399 3996 425 4024 »
455 3979 588 4044 etc.,
617 3972 713 4028 ubi
731 3972 915 4027 obiter
937 3975 1073 4026 nota
1097 3970 1333 4025 verbum
1356 3969 1697 4031 celebrarem,
1722 3982 1836 4039 quo
1856 3981 1956 4021 rex
1979 3964 2182 4027 utitur.
2212 3966 2384 4037 Cujus
2408 3966 2492 4022 rei
2522 3968 2783 4040 exempla
2809 3969 3106 4026 retulimus
3130 3970 3193 4026 in
3227 3971 3325 4027 lib.
3357 3989 3396 4043 ι,

100 4076 189 4131 cap.
211 4065 253 4128 6,
277 4079 423 4120 num.
450 4069 503 4120 5.
534 4066 713 4120 Porro
739 4063 860 4117 haec
882 4060 1182 4116 nominum
1213 4059 1463 4116 recitatio
1490 4058 1550 4113 in
1573 4056 1820 4113 Ecclesia
1847 4057 2039 4111 Graeca
2062 4054 2234 4110 ﬁebat
2258 4071 2363 4128 per
2386 4056 2707 4129 diaconum,
2730 4059 2884 4131 apud
2906 4060 3127 4115 Latinos
3146 4077 3251 4132 per
3274 4062 3401 4117 sub-

100 4148 355 4224 diaconum,
378 4161 441 4210 ut
466 4158 625 4226 patet
650 4170 720 4209 ex
745 4152 1012 4207 Folcuino
1039 4151 1320 4207 monacho
1354 4148 1545 4223 183
1574 4147 1875 4203 Laubiensi
1904 4146 1964 4201 in
1990 4146 2251 4201 Chronici
2270 4147 2599 4203 Laubiensis
2618 4165 2742 4222 cap.
2771 4154 2802 4205 7
2834 4167 2847 4204 :
2878 4171 2905 4200 ‹‹
2926 4150 3077 4207 Dixit
3095 4152 3268 4207 etiam
3287 4152 3403 4224 epi-

102 4255 250 4311 scopus
272 4261 424 4316 supra
447 4243 773 4299 nominatus
801 4242 1031 4312 (scilicet
1052 4241 1331 4296 Adalbero
1364 4237 1718 4309 Rhemensis)
1747 4236 2230 4309 praedecessorum
2258 4254 2493 4292 suorum
2519 4238 2745 4294 ductam
2772 4257 2953 4314 usque
2978 4242 3050 4297 ad
3075 4260 3133 4298 se
3160 4258 3398 4298 consue-

102 4330 301 4386 tudinem
341 4339 401 4389 ut
424 4335 574 4390 inter
598 4333 903 4388 missarum
930 4332 1221 4400 solemnia,
1251 4331 1310 4384 in
1338 4347 1403 4385 ea
1432 4328 1665 4402 speciali
1691 4326 2233 4382 commemoratione
2282 4327 2700 4400 defunctorum,
2748 4347 2877 4403 quae
2923 4348 3095 4404 supra
3135 4332 3400 4404 diptycha

102 4418 271 4490 dicitur,
297 4424 427 4479 etin
468 4422 886 4479 consecratione
925 4420 1201 4476 Dominici
1240 4420 1491 4491 corporis
1530 4417 1855 4473 solemniter
1897 4415 2122 4487 agitur;
2153 4417 2405 4487 quotidie
2432 4417 2492 4473 in
2530 4436 2730 4474 aurem
2772 4420 3106 4493 presbyteri,
3130 4422 3401 4476 recitante

104 4506 279 4565 silenter
307 4513 658 4583 subdiacono,
692 4513 949 4567 omnium
989 4511 1169 4583 ipsius
1195 4509 1340 4565 sedis
1367 4509 1598 4564 nomina
1630 4507 1838 4579 scripto
1868 4504 2181 4560 recitantur
2208 4507 2626 4578 episcoporum.
2663 4532 2690 4559 »
2737 4511 2976 4565 Nomina
3003 4511 3125 4565 haec
3146 4511 3400 4581 catalogo

106 4592 315 4671 inscripta
341 4609 490 4660 erant
518 4627 546 4654 «
574 4603 676 4676 qui
704 4618 859 4657 sacro
885 4602 1048 4656 altari
1078 4606 1332 4672 tempore
1358 4597 1613 4653 sacriﬁcii
1644 4596 2152 4668 superponebatur,
2180 4616 2206 4643 n
2238 4611 2307 4650 ex
2337 4596 2540 4652 litteris
2566 4598 2843 4654 societatis
2870 4600 3023 4656 initae
3051 4600 3201 4655 inter
3230 4616 3397 4654 cano-

108 4685 222 4741 nicos
240 4690 616 4750 Laudunenses
643 4696 699 4749 et
726 4692 1029 4748 monachos
1056 4690 1439 4762 Bemigianos.
1462 4688 1716 4759 Denique
1736 4686 1792 4740 id
1821 4702 2002 4757 genus
2020 4684 2285 4756 diptycha
2315 4691 2478 4740 erant
2498 4686 2556 4741 in
2584 4704 2690 4742 usu
2716 4705 2898 4760 usque
2924 4691 2996 4745 ad
3021 4690 3292 4745 saeculum
3321 4705 3397 4759 x1,

108 4777 152 4826 nt
170 4792 221 4830 ex
245 4779 502 4855 Micrologi
530 4800 655 4854 cap.
692 4786 753 4837 l3
785 4787 842 4837 et
869 4797 940 4835 ex
964 4779 1161 4833 Leonis
1190 4778 1460 4834 Ostiensis
1485 4778 1583 4831 lib.
1605 4792 1666 4845 11,
1694 4792 1819 4846 cap.
1849 4777 1936 4843 73,
1966 4773 2331 4829 manifestum
2360 4780 2463 4830 est.
2492 4777 2869 4848 Hermannus,
2903 4780 3110 4834 saeculo
3138 4782 3399 4852 sequenti

107 4866 215 4931 apud
229 4868 514 4927 Tornacum
533 4872 713 4927 sancti
732 4870 952 4927 Martini
974 4869 1306 4939 monachus,
1330 4868 1482 4922 hunc
1513 4867 1688 4921 ritum
1705 4882 1806 4920 suo
1824 4868 2079 4935 tempore
2097 4864 2155 4918 in
2176 4864 2607 4920 desuetudinem
2626 4866 2827 4922 abiisse
2855 4868 3040 4924 innuit
3067 4870 3156 4924 his
3183 4870 3397 4925 verbis:

113 4952 234 5008 llos
264 4960 553 5032 antiquitus
586 4961 877 5016 institutus
912 4963 1047 5014 tunc
1084 4958 1358 5030 temporis
1391 4956 1720 5014 servabatur
1758 4955 1815 5009 in
1845 4953 2122 5022 Ecclesiis,
2151 4957 2217 5008 ut
2255 4954 2489 5009 nomina
2523 4955 2764 5012 fratrum
2800 4957 3399 5031 circumadjacentium

110 5043 421 5117 ecclesiarum,
446 5051 651 5123 quibus
691 5066 749 5105 se
787 5053 1014 5104 mutuas
1051 5048 1329 5102 orationes
1369 5047 1596 5115 debere,
1634 5045 1723 5100 vel
1751 5044 2077 5099 societatem
2106 5044 2431 5115 promisisse
2458 5050 2749 5115 noverant,
2782 5064 2955 5121 super
2983 5057 3401 5106 sacrosanctum

110 5128 235 5188 altare
246 5138 431 5210 scripta
453 5144 801 5213 ponerentur
831 5156 844 5193 :
866 5141 1144 5211 quatenus
1169 5138 1427 5193 sacerdos
1454 5137 1686 5192 missam
1711 5133 2069 5189 cantantibus
2096 5134 2436 5189 nominatim
2464 5135 2743 5208 recitaret,
2776 5154 2906 5193 cum
2931 5140 3001 5195 ad
3026 5140 3186 5195 illum
3215 5141 3403 5195 locum

113 5222 293 5281 Venisset
315 5245 327 5281 :
353 5232 625 5297 Memento,
655 5232 895 5292 Domine,
921 5229 1260 5296 famulorum
1284 5228 1728 5295 famularumque
1763 5229 2000 5286 tuarum,
2032 5226 2131 5292 qui
2159 5239 2256 5279 nos
2279 5231 2664 5294 praeesserunt
2697 5242 2818 5282 cum
2842 5231 2997 5299 signo
3020 5230 3166 5299 ﬁdei,
3196 5235 3248 5284 et
3270 5230 3398 5284 dor-

112 5311 239 5367 miunt
264 5318 314 5371 in
341 5333 515 5375 somno
547 5322 717 5391 pacis.
757 5320 911 5374 Tunc
950 5318 1105 5373 enim
1140 5334 1289 5373 unus
1329 5317 1721 5371 ministrorum
1759 5312 1950 5367 altaris
1987 5312 2039 5367 ei
2069 5313 2457 5386 propinquans
2481 5317 2863 5386 prmsentabat
2889 5318 3194 5373 recitanda.
3224 5337 3253 5366 »
3283 5319 3400 5372 Imo

115 5397 310 5460 minister
329 5405 441 5479 ipse
466 5409 755 5479 recitabat,
794 5413 857 5463 ut
882 5424 1016 5463 mox
1044 5407 1310 5463 vidimus.
1344 5405 1584 5462 Consule
1614 5400 1986 5459 eruditissimi
2012 5401 2679 5473 Cangiiobservationes.

169 5563 410 5640 l3.ltaque
428 5574 551 5642 post
564 5570 728 5643 panis
753 5575 809 5628 et
837 5569 956 5626 vini
987 5569 1337 5626 oblationem
1366 5568 1428 5623 in
1454 5566 1666 5622 Ordine
1690 5563 1971 5619 Gallicano
1997 5562 2256 5619 vivorum
2275 5566 2333 5620 et
2360 5569 2718 5623 mortuorum
2738 5570 2972 5626 nomina
2996 5569 3398 5641 recitabantur,

116 5660 164 5700 9x
179 5650 348 5713 dictis:
376 5661 467 5717 sed
504 5661 686 5734 qualis
712 5665 860 5717 esset
883 5659 1045 5733 panis
1085 5661 1326 5727 oblatus,
1357 5674 1474 5713 non
1512 5656 1643 5711 satis
1667 5652 2063 5726 explicuimus.
2097 5654 2462 5711 Eucharistiae
2487 5657 2821 5729 particulam
2845 5660 2917 5715 ad
2942 5660 3401 5718 communionem

117 5734 157 5789 in
182 5738 338 5819 184
381 5766 574 5806 manus
601 5751 792 5807 datam
820 5751 996 5807 fuisse
1020 5751 1177 5807 testis
1202 5754 1287 5805 est
1310 5746 1613 5821 Gregorius
1637 5745 1701 5800 in
1724 5743 1982 5823 Historiae
2008 5744 2106 5800 lib.
2133 5761 2190 5815 x,
2222 5761 2342 5816 cap.
2372 5748 2426 5816 8,
2453 5764 2518 5802 ac
2545 5746 2783 5819 proinde
2811 5763 2879 5803 ex
2908 5749 3109 5820 majori
3135 5766 3282 5822 pane
3308 5750 3402 5803 de-

119 5835 326 5898 cerptam.
351 5836 550 5896 Saeculo
570 5858 623 5896 ιι
643 5841 703 5896 in
727 5841 905 5897 Gallia
928 5858 1053 5898 mos
1072 5845 1213 5909 erat,
1233 5844 1298 5894 ut
1318 5837 1482 5911 panis
1506 5837 1601 5893 ille
1629 5836 1781 5891 intra
1804 5835 2024 5891 ferrum
2051 5833 2397 5889 oblatorium
2425 5837 2735 5906 (Udalricus
2751 5837 3199 5892 characteratum
3223 5836 3395 5904 vocat)

119 5927 402 5995 cmlueretur,
433 5933 491 5984 ut
512 5947 578 5986 ex
604 5930 751 5987 libro
777 5931 847 5988 de
874 5930 1148 5988 Miraculis
1186 5929 1361 5985 sancti
1386 5923 1802 5998 Wandregisili,
1834 5923 2071 5994 aliisque
2096 5921 2459 5993 probavimus
2488 5924 2545 5977 in
2571 5924 2666 5981 lib.
2698 5918 2767 5980 de
2792 5927 3000 5996 Αιγωο
3029 5941 3152 5995 cap.
3181 5927 3213 5979 8
3234 5921 3395 5978 Panis
