3968 6224
470 355 572 421 Ξ23
801 361 1132 420 ΑΡΡΕΝΒΙΧ
1174 364 1258 417 ΑΙ)
1297 363 1518 418 OI’ERA
1555 362 1788 416 SANCTI
1825 359 2122 415 GERMANI
2163 359 2588 414 PARISIENSIS.
2631 359 2718 414 DE
2756 358 3017 415 LITURG.
3059 359 3206 415 GAL.
3248 360 3372 416 LIB.
3415 361 3502 417 III.
3749 361 3856 416 2'2!»

466 472 678 530 rotulas
710 473 793 529 Iso
820 472 997 529 sancti
1033 472 1172 527 Galli
1208 472 1520 528 monachus
1547 470 1795 542 appellat
1831 469 2044 524 oblatas
2069 469 2190 523 illas
2217 485 2343 540 quae
2371 468 2517 523 circa
2553 471 2750 540 pectus
2789 469 2966 526 sancti
2993 469 3252 542 Othmari
3280 471 3485 527 saeculo
3514 488 3570 529 1x
3600 478 3854 546 reperta

467 568 600 620 sunt
624 565 813 620 illmsaa
847 583 860 620 :
891 565 1084 637 quales
1112 565 1319 620 scilicet
1347 563 1406 617 in
1432 562 1653 618 tumulo
1681 561 2082 617 defunctorum
2109 561 2464 616 sacerdotum
2493 561 2704 632 apponi
2731 577 2852 616 mos
2879 564 3018 631 erat,
3051 564 3192 616 teste
3223 579 3506 634 anonymo
3543 563 3759 636 aequali
3796 563 3858 619 in

465 655 564 712 lib.
600 673 655 710 1v
690 657 760 712 de
789 657 910 712 Vita
953 656 1129 710 sancti
1168 652 1461 710 Cuthberti
1491 652 1738 724 episcopi
1779 651 2270 717 Lindisfarnensis,
2300 651 2402 721 qui
2441 672 2468 699 «
2500 656 2615 706 toto
2643 667 2876 722 corpore
2902 652 3104 717 lavato,
3133 653 3314 724 capite
3342 653 3568 709 sudario
3596 655 3855 709 circum-

466 745 616 815 dato,
647 747 848 802 oblatis
877 763 1046 818 super
1071 749 1330 800 sanctum
1359 747 1556 818 pectus
1582 743 1798 814 positis,
1829 742 2165 798 vestimenta
2190 741 2553 796 sacerdotalia
2599 741 2850 810 indutus,
2881 764 2907 791 ››
2965 741 3025 796 in
3051 743 3310 813 sepulcro
3334 743 3558 814 lapideo
3588 744 3857 816 sepultus

468 843 570 894 est.
593 840 803 893 Praeter
828 817 961 892 haec
975 837 1119 892 nihil
1144 836 1212 889 de
1240 850 1382 905 pane
1413 817 1784 888 eucharistico
1810 833 1870 887 in
1895 832 2086 887 Galliis
2104 849 2208 904 per
2229 849 2296 887 ea
2314 835 2569 902 tempora
2595 831 2848 886 adhibito
2876 832 3174 901 succurrit,
3197 833 3308 887 nisi
3325 834 3475 904 quod
3493 834 3859 889 nobilissima

467 928 726 999 quadam
756 932 1033 996 matrona,
1057 925 1286 980 nomine
1315 923 1728 992 Ermentrudis,
1759 923 2006 977 basilica:
2037 923 2216 977 sancti
2243 921 2554 977 Sinsuriaui
2583 921 3027 990 (Simfurianum,
3052 939 3152 976 seu
3180 923 3663 994 Sympborianum
3688 923 3861 978 intel-

467 1017 601 1089 ligo)
621 1018 742 1072 sitae
761 1017 819 1072 in
839 1034 987 1089 pago
1008 1015 1298 1082 Meldensi,
1321 1015 1586 1086 quaedam
1609 1015 1780 1084 legat,
1810 1014 2010 1068 «unde
2033 1015 2103 1067 ad
2127 1013 2308 1085 ipsam
2333 1011 2624 1067 basilicam
2643 1011 2827 1066 oblata
2851 1012 3103 1082 quotidie
3124 1012 3513 1068 ministretur:
3543 1034 3568 1066 »
3594 1014 3856 1085 itemque

469 1107 538 1161 ad
565 1107 872 1161 oratorium
901 1106 1167 1162 Latiniaci
1193 1106 1252 1160 in
1280 1105 1480 1161 eodem
1507 1121 1654 1175 pago
1687 1103 1859 1174 (quod
1900 1103 2247 1157 Latiniacum
2285 1102 2357 1156 ad
2397 1100 2706 1155 discrimen
2739 1101 2972 1156 alterius
3001 1101 3222 1156 Siccum
3252 1102 3588 1173 appellatur)
3624 1102 3857 1158 vineam

469 1196 584 1263 dat,
606 1197 755 1251 unde
779 1196 992 1252 ibidem
1011 1197 1206 1252 Oblata
1233 1199 1509 1250 occurrat.
1534 1217 1562 1244 ››
1586 1193 1745 1258 Quod
1769 1193 2029 1248 similiter
2049 1194 2118 1248 de
2138 1192 2246 1247 alia
2271 1191 2434 1246 vinea
2454 1191 2525 1244 ad
2545 1207 2713 1245 usum
2735 1190 2980 1246 ecclesiae
3008 1191 3183 1246 sancti
3212 1192 3616 1263 Symphoriam’
3647 1193 3857 1247 consti-

468 1284 596 1340 tuit.
630 1286 955 1358 Signantius
981 1303 1113 1342 vero
1143 1301 1370 1341 servum
1397 1285 1704 1356 quemdam
1733 1282 2108 1352 manumittit,
2141 1298 2206 1337 ea
2230 1280 2570 1348 conditione,
2609 1301 2636 1328 «
2665 1284 2730 1334 ut
2759 1279 2917 1351 ligna
2958 1285 3181 1335 tantum
3209 1281 3280 1334 ad
3311 1282 3494 1337 oblata
3521 1283 3858 1338 faciendum

467 1374 788 1430 ministrare
824 1381 1108 1448 procuret.
1143 1399 1170 1425 ››
1205 1377 1315 1431 Hoc
1353 1378 1756 1430 testamentum
1793 1372 2237 1444 autographum,
2279 1372 2377 1426 sed
2413 1370 2701 1438 mutilum,
2747 1369 3071 1424 invenimus
3116 1371 3176 1425 in
3213 1371 3439 1426 archivo
3480 1372 3854 1442 Dionysiano,

469 1465 744 1536 scriptum
768 1467 828 1520 in
855 1467 1048 1521 charta
1075 1482 1175 1520 seu
1201 1482 1416 1537 papyro
1443 1464 1769 1535 .Egyptiaca
1803 1480 1816 1517 :
1850 1480 1962 1535 qua
1989 1463 2049 1516 in
2079 1463 2273 1516 charta
2301 1466 2557 1516 exaratus
2585 1465 2704 1514 erat
2728 1459 2822 1515 ille
2856 1460 3158 1532 Augustini
3183 1461 3390 1527 Codex,
3419 1478 3593 1532 quem
3622 1461 3858 1516 Ruricio

470 1554 854 1609 Lemovicensi
893 1556 1154 1626 episcopo
1191 1555 1472 1610 submittit
1507 1553 1830 1608 Turentius.
1864 1574 1890 1601 «
1917 1553 2254 1608 Chartaceus
2288 1551 2432 1606 liber
2461 1554 2566 1617 est,
2594 1549 2800 1620 inquit,
2830 1553 2887 1604 et
2923 1551 2994 1604 ad
3019 1550 3311 1605 ferendam
3344 1551 3614 1622 injuriam
3644 1566 3858 1622 parum

471 1641 651 1712 fortis,
681 1645 815 1716 quia
850 1646 1013 1699 citius
1041 1647 1254 1713 charta,
1290 1645 1433 1699 sicut
1459 1644 1652 1709 nostis,
1683 1646 1959 1697 vetustate
1988 1641 2361 1696 consumitur.
2388 1661 2419 1689 δ)
2453 1639 2691 1710 Insignis
2722 1640 2790 1693 de
2817 1639 3010 1694 charta
3045 1640 3370 1711 .IEgyptiaca
3401 1640 3584 1708 locus;
3627 1640 3730 1694 sed
3762 1639 3856 1693 in-

472 1732 708 1803 signior,
733 1739 790 1789 et
809 1735 879 1789 ad
905 1735 1227 1790 institutum
1257 1735 1306 1806 1
1323 1733 1448 1807 85
1478 1739 1734 1788 nostrum
1765 1732 2137 1803 opportunior
2171 1731 2315 1786 alter
2347 1746 2416 1785 ex
2442 1733 2779 1785 testamento
2807 1731 3198 1784 Ermentrudis
3218 1746 3231 1784 :
3252 1747 3322 1784 ex
3347 1746 3462 1801 quo
3488 1729 3854 1801 intelligitur,

475 1828 732 1894 tempore
772 1825 1160 1896 Merovingicte
1204 1824 1412 1894 stirpis,
1452 1840 1659 1894 panem
1707 1822 1964 1877 sacriﬁcii
2006 1821 2276 1893 peculiari
2315 1821 2521 1891 studio,
2559 1824 2626 1875 ut
2665 1821 2854 1875 Patres
2893 1819 3117 1874 concilii
3158 1836 3212 1874 Iv
3255 1820 3522 1885 Toletani,
3563 1834 3786 1874 canone
3825 1821 3856 1872 6

473 1914 747 1983 statuunt,
779 1913 930 1984 apud
955 1913 1136 1968 Gallos
1163 1913 1543 1984 compositum
1583 1912 1778 1966 fuisse.

549 2051 634 2103 14.
677 2049 758 2103 Ad
794 2049 1003 2105 oblatas
1034 2050 1393 2122 excipiendas
1418 2048 1756 2104 inserviebat
1785 2047 2136 2102 offertorium
2157 2065 2172 2116 ;
2197 2047 2385 2102 colum
2415 2063 2544 2102 vero
2572 2063 2673 2102 seu
2700 2045 3034 2101 colatorium
3065 2046 3135 2101 ad
3164 2046 3361 2101 vinum
3391 2048 3856 2119 expurgandum.

474 2137 770 2193 Olfertoria
799 2155 927 2193 vasa
954 2144 1115 2194 erant
1141 2158 1172 2194 a
1198 2140 1418 2211 patenis
1447 2139 1734 2209 distincta,
1763 2139 1820 2192 in
1849 2155 1977 2210 quae
2001 2137 2249 2210 populus
2278 2153 2486 2208 panem
2513 2138 2766 2192 oblatum
2803 2137 2874 2191 ad
2914 2138 3087 2191 altare
3124 2137 3438 2208 deponebat
3467 2154 3479 2191 :
3508 2155 3636 2209 qua:
3663 2138 3858 2209 primo

473 2228 646 2282 solida
675 2234 867 2298 erant;
908 2229 1111 2285 deinde
1147 2231 1315 2298 linea,
1348 2247 1448 2284 seu
1489 2230 1718 2296 sericea,
1748 2234 1846 2283 aut
1871 2245 1941 2283 ex
1970 2228 2224 2300 qualibet
2266 2228 2436 2282 simili
2474 2227 2729 2282 materia.
2761 2229 2948 2281 Unum
2994 2243 3251 2296 aureum,
3280 2228 3386 2282 alia
3416 2232 3685 2298 argentea
3727 2245 3854 2283 me-

474 2321 656 2372 morat
690 2323 847 2373 vetus
883 2321 1199 2375 Cbronicon
1227 2321 1652 2374 Fontauellense
1683 2320 1744 2372 in
1772 2336 1891 2389 cap.
1931 2321 2014 2386 l6,
2045 2317 2140 2371 ubi
2168 2317 2236 2371 de
2265 2317 2537 2388 Ansegiso
2566 2317 2767 2371 abbate
2801 2336 2814 2371 :
2853 2338 2880 2364 ‹‹
2908 2315 3268 2371 Offertorium
3295 2333 3534 2372 aureum
3577 2335 3709 2371 cum
3750 2336 3856 2389 pa-

472 2411 603 2460 tena
628 2425 728 2462 sua
752 2426 924 2464 aurea
950 2426 1121 2482 opere
1150 2410 1416 2464 mirabili.
1449 2432 1476 2457 ››
1508 2411 1574 2463 Et
1601 2409 1748 2462 infra
1777 2425 1790 2462 :
1821 2406 2184 2461 Offertorium
2210 2411 2547 2477 argenteum
2575 2406 2829 2477 ejusdem
2857 2404 3063 2474 calicis,
3094 2405 3308 2460 habens
3336 2406 3586 2478 efﬁgiem
3621 2407 3856 2462 miriﬁci

475 2498 689 2567 operis;
732 2499 841 2552 alia
883 2500 1166 2554 olfertoria
1205 2504 1476 2571 argentea
1517 2516 1649 2553 eum
1687 2499 1906 2570 patenis
1944 2498 2228 2568 argenteis
2271 2497 2622 2552 eorumdem.
2666 2496 2823 2552 Unde
2867 2500 3021 2567 patat
3059 2495 3413 2550 olfertorium
3460 2513 3590 2550 cum
3629 2498 3856 2567 patenis

475 2586 647 2640 fuisse
684 2588 870 2642 colicis
909 2591 1305 2660 appendicem,
1342 2594 1608 2661 patenam
1638 2606 1772 2644 vero
1811 2587 2100 2642 otl‘ertorii.
2141 2587 2354 2643 Similia
2405 2589 2526 2642 loca
2561 2587 2714 2658 apud
2750 2585 3065 2640 Hariulfum
3103 2585 3164 2640 in
3202 2585 3463 2640 Chronici
3500 2586 3860 2640 Centulensis

479 2675 577 2729 lib.
613 2693 671 2742 Π,
701 2694 803 2748 cap
830 2681 913 2749 10,
945 2685 1002 2734 et
1029 2681 1181 2750 apud
1208 2680 1495 2735 Ardonem
1520 2680 1580 2733 in
1607 2680 1752 2734 libro
1781 2679 1849 2733 de
1876 2679 1997 2733 Vita
2029 2677 2314 2732 Benedicti
2343 2677 2697 2743 Anianensis,
2728 2693 2890 2730 num.
2918 2679 3008 2743 25,
3038 2692 3164 2746 quae
3194 2692 3324 2729 cum
3350 2675 3473 2729 aliis
3499 2675 3674 2730 habes
3701 2675 3862 2747 apud

477 2764 774 2835 Cangium,
805 2767 1118 2840 itidemque
1148 2770 1300 2823 varia
1328 2770 1652 2824 testimonia
1678 2770 1747 2823 de
1774 2768 2072 2823 oll‘ertoriis
2099 2766 2265 2822 lineis
2295 2772 2351 2822 et
2381 2766 2627 2823 sericeis.
2659 2768 2850 2837 Itaque
2876 2765 3226 2819 otl'ertorium
3255 2766 3327 2819 ad
3362 2765 3725 2836 excipiendas
3753 2783 3856 2837 pa-

476 2853 564 2906 nis
591 2854 819 2926 oblatas,
849 2863 1054 2929 patena
1077 2860 1147 2913 ad
1179 2859 1403 2914 easdem
1429 2859 1834 2914 consecrandas
1860 2858 2257 2912 adhibebatur.
2279 2857 2394 2911 Nisi
2423 2857 2593 2926 dicas,
2617 2856 2675 2910 in
2696 2859 2900 2926 patena
2929 2855 3235 2926 repositam
3260 2854 3428 2910 fuisse
3457 2855 3699 2909 hostiam
3728 2872 3861 2926 quae

478 2946 752 3001 sacerdoti
785 2946 1077 3018 signanter
1114 2949 1379 3020 deputata
1415 2955 1554 3019 erat,
1585 2950 1720 3004 alias
1756 2950 1815 3004 in
1859 2948 2142 3004 olfertorio
2184 2947 2255 3001 ad
2294 2947 2756 3002 communionem
2786 2945 3060 3000 fidelium.
3097 2947 3156 2999 In
3183 2945 3480 3000 offertoriis
3509 2962 3641 2999 vero
3666 2945 3857 3014 lineis,

479 3051 604 3104 qua:
629 3037 816 3091 solidis
841 3044 1253 3108 successerunt,
1284 3039 1714 3112 excipiebantur
1736 3040 1934 3094 itidem
1963 3039 2165 3093 oblata:
2193 3053 2206 3091 :
2241 3038 2528 3109 simulque
2555 3037 2698 3091 calix
2727 3041 2782 3091 et
2807 3040 3035 3108 patena,
3067 3036 3206 3090 dum
3233 3036 3507 3091 sacerdoti
3533 3035 3858 3090 offereban-

478 3127 591 3190 tur,
621 3124 819 3180 iisdem
847 3127 1142 3183 ofl‘ertoriis
1163 3129 1612 3184 involvebantur.
1648 3129 1704 3183 Id
1733 3129 1904 3183 etiam
1937 3145 2090 3182 nunc
2120 3129 2179 3181 in
2204 3145 2332 3195 usu,
2361 3131 2427 3182 ut
2468 3131 2673 3199 patena
2699 3127 2819 3182 velo
2849 3125 3110 3194 obvoluta
3140 3129 3399 3181 teneatur
3423 3143 3455 3179 a
3481 3125 3865 3193 subdiacono,

478 3211 712 3267 diacono
739 3217 1100 3288 porrigenda,
1131 3222 1186 3273 et
1218 3219 1275 3272 in
1305 3218 1644 3290 quibusdam
1686 3218 1944 3273 Ecclesiis
1972 3217 2134 3285 calix,
2165 3217 2278 3272 imo
2309 3217 2480 3273 etiam
2508 3217 2776 3289 ampullae
2801 3233 2931 3270 cum
2961 3215 3096 3270 velis
3121 3217 3191 3270 ad
3221 3216 3396 3271 altare
3421 3215 3774 3283 deferantur,
3797 3221 3862 3269 ut

479 3300 539 3355 in
580 3303 905 3360 Rhemensi.

553 3428 744 3504 186
784 3437 868 3488 15.
909 3435 1126 3504 Colum,
1161 3452 1261 3490 seu
1296 3437 1647 3505 colatorium,
1674 3435 1882 3490 vasculi
1908 3451 2002 3489 seu
2033 3435 2340 3490 cochlearis
2372 3450 2552 3505 genus
2581 3437 2724 3502 erat,
2747 3433 3094 3488 tenuissimis
3124 3449 3189 3486 ac
3217 3430 3596 3486 subtilissimis
3621 3431 3860 3487 forami-

478 3519 649 3574 nibus
686 3522 743 3575 in
783 3523 896 3578 imo
924 3525 1098 3579 fundo
1139 3527 1427 3596 perforati,
1465 3543 1569 3597 per
1604 3526 1757 3597 quod
1784 3526 1979 3579 vinum
2007 3541 2076 3579 ex
2101 3525 2308 3579 amulis
2333 3541 2432 3579 seu
2461 3524 2728 3595 ampullis
2755 3523 2813 3577 in
2843 3523 3160 3594 subjectum
3179 3521 3410 3576 calicem
3435 3520 3856 3577 etl‘undebatur.

482 3609 542 3663 Id
568 3611 696 3664 usui
721 3617 841 3667 erat
864 3614 923 3669 in
951 3615 1181 3671 ecclesia
1207 3617 1457 3670 Romana
1479 3616 1600 3686 jam
1631 3615 1764 3670 inde
1793 3633 1825 3668 a
1863 3615 2067 3669 saeculo
2093 3632 2146 3669 v.
2179 3616 2319 3669 Nam
2347 3615 2541 3669 charta
2568 3613 2911 3668 Cornutiana
2938 3615 3217 3667 memorat
3249 3633 3276 3659 «
3304 3611 3594 3665 hamulam
3635 3611 3857 3666 oblato-

478 3702 643 3772 riam,
677 3703 883 3773 colum,
907 3705 1457 3776 thymiamaterium.
1501 3727 1529 3754 »
1576 3708 1662 3759 An
1702 3705 1872 3760 etiam
1916 3705 2068 3775 apud
2107 3705 2292 3772 Gallos
2328 3708 2458 3759 ante
2485 3708 2778 3775 receptum
2804 3703 2978 3758 ritum
3010 3704 3333 3757 Romanum
3358 3701 3530 3756 fuerit
3553 3701 3854 3771 usitatum,

477 3793 757 3848 incertum
792 3811 804 3847 :
836 3795 1117 3866 siquidem
1143 3796 1360 3849 nullam
1387 3796 1456 3849 de
1483 3796 1602 3849 colo
1629 3812 1725 3849 seu
1757 3796 2025 3850 colatorio
2055 3795 2406 3850 mentionem
2437 3794 2660 3866 reperio
2685 3794 2836 3865 apud
2863 3793 3126 3863 antiquos
3153 3797 3377 3846 nostros
3403 3791 3725 3861 scriptores,
3750 3791 3857 3846 Ca-

478 3883 584 3937 roli
609 3884 795 3956 Magni
821 3888 984 3939 aetate
1012 3884 1353 3956 superiores,
1385 3885 1538 3956 quod
1565 3885 1734 3940 etiam
1759 3886 1828 3940 de
1856 3885 2144 3940 otfertorio
2183 3884 2508 3940 dicendum.
2540 3886 2615 3939 De
2649 3883 2837 3938 ﬁstula
2876 3883 3048 3937 etiam
3085 3899 3184 3938 seu
3213 3883 3446 3948 calamo,
3477 3897 3593 3952 quo
3623 3879 3859 3951 sanguis

476 3974 680 4028 Christi
706 3974 1092 4042 hauriebatur,
1124 3991 1239 4029 non
1263 3975 1453 4029 minor
1471 3975 1788 4029 difﬁcultas.
1813 3977 1948 4039 Quae
1972 3974 2164 4029 omnia
2190 3974 2251 4029 in
2278 3974 2573 4029 Gallicanis
2607 3972 2853 4029 ecclesiis
2879 3972 3079 4027 saltem
3099 3989 3131 4026 a
3150 3973 3351 4027 saeculo
3378 3989 3435 4026 Ix
3456 3970 3660 4026 usitata
3682 3970 3858 4026 fuisse

479 4067 714 4134 constat,
743 4064 978 4118 fortasse
1004 4065 1268 4136 exemplo
1298 4064 1545 4119 ecclesiae
1573 4066 1864 4118 Romanae.

554 4201 636 4252 16.
671 4198 839 4251 Multa
866 4198 1145 4268 siquidem
1173 4216 1304 4253 cum
1328 4199 1441 4254 ritu
1469 4201 1722 4255 Romano
1752 4201 1811 4255 in
1840 4201 2188 4256 Gallicanum
2215 4202 2433 4256 invecta
2459 4204 2610 4255 sunt.
2644 4199 2801 4255 Unde
2819 4216 3010 4272 cappae
3025 4201 3300 4254 Romanae
3323 4197 3382 4252 in
3404 4196 3670 4252 Chronici
3698 4197 3854 4252 Fon-

476 4286 803 4341 tanellensis
829 4303 950 4357 cap.
989 4290 1073 4356 16,
1101 4287 1197 4341 ubi
1229 4288 1399 4343 etiam
1428 4289 1732 4360 Ansegisus
1757 4290 1929 4344 abbas
1955 4312 1982 4339 ‹‹
2011 4292 2189 4345 altare
2217 4291 2276 4344 in
2303 4291 2518 4345 honore
2554 4294 2843 4362 perpetuae
2870 4289 3104 4361 virginis
3133 4289 3316 4343 Mariae
3349 4286 3726 4358 (perhibetur)
3752 4287 3854 4342 de-

477 4390 698 4428 corasse
723 4375 915 4429 tabula
940 4375 1150 4447 lignea,
1181 4394 1352 4448 quam
1382 4379 1725 4450 imaginibus
1751 4380 2036 4452 argenteis
2067 4381 2300 4436 diversis
2327 4380 2637 4452 cooperuit.
2669 4401 2695 4430 »
2729 4381 2882 4435 Idem
2912 4380 2970 4434 in
3001 4377 3338 4433 Flaviacensi
3364 4377 3712 4431 monasterio
3744 4399 3772 4424 «
3800 4377 3859 4431 in

476 4464 692 4519 honore
737 4469 941 4519 sanctm
977 4465 1264 4522 Trinitatis
1307 4467 1594 4522 basilicam
1630 4469 1945 4536 aediﬁcavit,
1975 4475 2105 4525 ante
2139 4471 2299 4540 cujus
2342 4486 2520 4539 aram,
2551 4470 2802 4525 tabulam
2831 4469 3116 4541 argenteis
3153 4467 3498 4538 imaginibus
3528 4467 3854 4520 decoratam

475 4554 781 4625 collocavit,
805 4556 1022 4627 ipsique
1046 4573 1160 4611 arae
1188 4573 1414 4612 crucem
1435 4562 1768 4629 argenteam
1793 4559 2087 4630 imposuit,
2110 4559 2542 4631 universamque
2570 4560 2858 4614 basilicam
2887 4559 3053 4613 variis
3080 4558 3314 4629 picturis
3340 4555 3590 4611 decorari
3612 4556 3852 4626 jussit.»

474 4649 616 4700 Ante
645 4662 776 4700 eum
802 4646 976 4702 Uvido
1000 4647 1171 4702 abbas
1197 4648 1606 4702 Fontanellensi
1638 4649 1896 4704 Ecclesiae
1931 4672 1958 4698 ‹‹
1994 4650 2214 4704 tabulas
2254 4650 2551 4704 fabricatas
2584 4655 2714 4705 ante
2754 4650 2953 4704 altaria
2994 4653 3119 4703 octo
3148 4669 3175 4696 ››
3205 4647 3497 4701 concessit.
3529 4646 3859 4717 Antiquitus

474 4735 686 4805 quippe
713 4736 863 4806 apud
892 4741 1166 4792 nostrates
1191 4737 1375 4792 Gallos
1407 4754 1523 4792 non
1549 4739 1764 4807 altaria,
1797 4740 1894 4794 sed
1931 4739 2174 4810 parietes
2217 4741 2456 4812 picturae
2485 4740 2842 4794 decorabant.
2871 4739 3043 4809 Cujus
3070 4737 3151 4793 rei
3187 4739 3527 4808 argumenta
3551 4735 3856 4790 retulimus

475 4824 536 4877 in
571 4824 666 4877 lib.
711 4841 744 4892 I,
785 4841 908 4895 cap.
951 4829 1004 4881 8.
1048 4827 1278 4882 Accedit
1320 4827 1472 4882 aliud
1510 4845 1580 4882 ex
1622 4829 1838 4884 Ruricii
1881 4829 2294 4885 Lemovicensis
2340 4829 2576 4901 epistola
2607 4832 2692 4900 14,
2725 4831 2821 4885 lib.
2848 4846 2907 4898 η,
2936 4829 3037 4900 qui
3061 4827 3351 4883 Ceraunize
3374 4823 3549 4879 nobili
3576 4830 3857 4879 matrona

473 4911 749 4983 pictorem
792 4913 1016 4984 direxit,
1049 4921 1111 4970 ut
1139 4916 1433 4986 cujusdam
1472 4919 1715 4973 basilica:
1764 4941 1791 4967 «
1834 4919 2077 4990 parietes
2115 4920 2285 4974 variis
2312 4921 2566 4975 colorum
2596 4921 2738 4976 fucis
2765 4919 3120 4991 depingeret.
3156 4940 3182 4966 ››
3213 4915 3479 4988 Apposite
3507 4915 3855 4970 Fortunatus

475 5001 536 5055 in
563 5001 661 5056 lib.
690 5018 730 5069 1,
759 5003 1009 5059 carmine
1043 5009 1124 5074 l3,
1156 5005 1224 5060 de
1243 4995 1474 5062 basilica
1503 5010 1681 5063 sancti
1712 5007 1968 5079 Eutropii
1996 5008 2357 5064 Santonensis
2392 5025 2404 5063 :

1136 5156 1184 5230 1
1201 5155 1322 5230 87
1357 5165 1586 5229 Sumpsit
1609 5165 1891 5230 imagineas
1915 5166 2088 5230 paries
2118 5166 2377 5230 imitando,
2398 5167 2587 5230 ﬁguras

1405 5227 1528 5287 Quae
1556 5227 1738 5292 neque
1755 5232 1895 5279 tecta
1915 5227 2088 5293 prius,
2118 5230 2231 5280 haec
2259 5229 2417 5279 modo
2439 5227 2582 5292 picta
2606 5227 2772 5278 nitent

548 5381 612 5432 17
621 5419 634 5433 .
662 5379 838 5433 Porro
867 5393 982 5433 non
1010 5379 1200 5438 minus
1227 5381 1450 5454 prolixa
1475 5385 1597 5437 erat
1621 5382 1877 5437 Romana
1907 5382 2098 5453 missa,
2128 5399 2300 5454 quam
2328 5381 2631 5437 Gallicana.
2658 5380 2796 5434 Nam
2817 5376 3110 5445 unam,vel
3139 5376 3278 5432 duas
3299 5375 3468 5430 horas
3499 5373 3776 5446 exigebat
3789 5374 3855 5428 ad

473 5467 818 5522 Gallicanam
837 5468 1130 5540 Caasarius,
1162 5488 1231 5526 ex
1262 5471 1460 5540 dictis;
1493 5488 1556 5526 ac
1582 5473 1753 5543 paulo
1779 5469 2054 5544 prolixius
2081 5472 2354 5545 temporis
2383 5472 2631 5543 spatium
2657 5469 2963 5525 adhibebat
2991 5467 3316 5538 Gregorius,
3347 5465 3508 5536 cujus
3532 5464 3659 5518 haec
3688 5463 3858 5517 verba

473 5557 535 5610 in
559 5555 658 5611 lib.
692 5573 806 5626 vm,
847 5559 1080 5629 epistola
1108 5563 1175 5614 35
1221 5577 1232 5613 :
1281 5580 1309 5609 «
1339 5561 1474 5616 Ecce
1501 5562 1654 5616 enim
1674 5563 1795 5632 jam
1824 5562 2122 5617 biennium
2150 5579 2295 5634 pene
2325 5562 2607 5634 expletur,
2637 5577 2748 5633 quo
2773 5559 2979 5615 lectulo
3009 5564 3245 5613 teneor:
3277 5555 3562 5625 tantisque
3583 5553 3857 5624 podagrae

476 5645 763 5701 doloribus
789 5647 1034 5719 afﬂigor,
1064 5651 1124 5701 ut
1151 5648 1241 5702 vix
1272 5649 1332 5702 in
1354 5650 1552 5704 diebus
1581 5651 1737 5707 festis
1763 5669 1942 5724 usque
1969 5653 2038 5708 ad
2067 5654 2338 5708 horarum
2375 5653 2549 5707 trium
2592 5651 2838 5724 spatium
2876 5663 3111 5721 surgere
3149 5646 3386 5713 valeam,
3420 5643 3730 5698 missarum
3768 5659 3857 5698 so-

477 5733 688 5789 lemnia
713 5737 1015 5792 celebrare.
1044 5758 1070 5785 ››
1105 5738 1183 5792 Ita
1207 5737 1300 5793 ille
1329 5739 1399 5794 ad
1425 5740 1725 5812 Eulogium
1756 5742 2088 5814 episcopum
2117 5742 2588 5798 Alexandrinum.
2610 5742 2786 5813 Hujus
2814 5737 3154 5812 prolixitatis
3179 5735 3390 5808 partim
3416 5749 3580 5790 causa
3605 5738 3728 5788 erat
3754 5733 3858 5787 ho-

478 5825 763 5880 miliarum
786 5841 943 5893 usus,
970 5843 1099 5898 quae
1129 5826 1298 5883 etiam
1319 5829 1514 5885 Romae
1534 5831 1724 5886 statim
1750 5835 1877 5903 post
1902 5833 2268 5904 Evangelium
2293 5833 2364 5887 ad
2383 5833 2616 5889 missam
2640 5832 2873 5902 fiebant,
2896 5831 3069 5903 prout
3095 5829 3336 5886 testatur
3361 5825 3516 5881 idem
3553 5821 3863 5896 Gregorius

477 5916 711 5985 Magnus
740 5914 799 5968 in
822 5913 1149 6000 praefatione
1176 5917 1245 5972 ad
1274 5919 1543 5976 Homilies
1572 5921 1674 5977 XL.
1709 5921 1816 5978 Sed
1845 5922 1967 5978 haec
1994 5927 2152 5980 extra
2180 5923 2391 5979 locum.
