3968 6224
645 640 1555 782 MISSALE
1706 638 2850 781 GOTHICUM

1215 1036 2307 1121 GOTHICOGALLICANUM.

230 1329 309 1383 Ill.
339 1343 481 1384 anno
523 1344 700 1386 mssa
736 1347 791 1387 IN
831 1346 1032 1388 manu
1072 1348 1293 1390 NA‘IALIS
1335 1348 1546 1390 DOMINI.
1716 1351 1773 1422 Α
2375 1331 2495 1381 Post
2528 1330 2849 1395 mysterium.

493 1431 747 1483 Collectio
784 1433 808 1463 ι
859 1437 981 1498 post,
1026 1435 1259 1486 nomina,
1716 1416 1773 1422 ”’
1871 1419 1999 1472 Haec
2047 1417 2304 1487 facimus,
2352 1416 2586 1471 Domine
2623 1420 2809 1471 sancte
2852 1418 3016 1471 Pater
3051 1416 3431 1487 omnipotens,

163 1512 330 1587 188
355 1516 521 1571 Grata
548 1518 655 1572 tibi
682 1518 771 1589 sit,
800 1519 1058 1590 Domine,
1090 1538 1440 1593 quaesumus,
1469 1522 1696 1578 hodier-
1800 1514 2011 1565 aeterne
2038 1512 2205 1580 Deus,
2235 1515 2743 1565 commemorantes
2772 1515 2829 1565 et
2857 1508 3207 1565 celebrantes
3230 1509 3440 1563 Passio-

106 1622 175 1660 ηε
196 1607 492 1664 festivitatis
528 1611 775 1681 oblatio;
811 1616 897 1683 ut,
926 1618 1024 1669 tua
1057 1614 1238 1686 gratia
1272 1615 1569 1687 largiente,
1598 1633 1701 1688 per
1799 1620 1933 1659 nem
1965 1605 2123 1659 unici
2171 1604 2293 1658 Filii
2336 1604 2418 1658 tui
2445 1605 2577 1659 Jesu
2614 1603 2821 1658 Christi
2855 1602 3082 1658 Domini
3108 1602 3307 1657 nostri.
3334 1603 3440 1666 Qui

104 1701 203 1755 haec
220 1707 554 1758 sacrosancta
573 1707 920 1762 commercia
944 1707 1005 1761 in
1033 1708 1186 1763 illius
1204 1708 1564 1765 inveniamur
1579 1710 1697 1765 for—
1800 1704 1991 1754 tecum
2019 1697 2157 1754 ViVit
2191 1702 2247 1753 et
2290 1703 2492 1770 τεεηαῐ
2517 1714 2648 1753 cum
2686 1697 2901 1769 Spiritu
2936 1701 3126 1754 sancto
3151 1696 3211 1751 in
3237 1696 3442 1751 ⁸⁸⁸01³1³

104 1796 267 1863 ma,in
292 1813 399 1868 quo
428 1802 621 1853 tecum
665 1803 749 1855 est
786 1804 978 1855 nostra
1016 1802 1351 1857 substantia.
1402 1802 1701 1875 Spiritibus
1801 1792 2165 1848 53301110111111.

106 1906 291 1962 quoque
330 1907 590 1946 carorum
655 1897 981 1950 nostrorum
1025 1895 1234 1967 tribue,
1264 1900 1329 1951 ut
1369 1897 1701 1953 mortalibus
2206 1894 2338 1943 Ante
2364 1894 2654 1944 orationem
2690 1892 3036 1943 Dominicam-

105 1985 338 2054 segregati
374 1985 632 2055 ccetibus,
660 1986 863 2043 litteris
898 1994 1231 2049 mereantur
1267 1991 1541 2046 conscribi
1586 2008 1666 2046 cae

1876 1978 1968 2032 His
1992 1978 2253 2050 precibus
2281 1983 2357 2049 te,
2390 1980 2535 2033 Deus
2571 1982 2736 2035 Pater
2761 1978 3139 2050 omnipotens,
3169 1978 3440 2049 depreca-

103 2076 308 2132 lestibus.
338 2079 543 2134 Praesta
568 2097 676 2150 per
701 2081 1004 2137 Dominum
1022 2088 1283 2139 nostrum
1306 2086 1498 2141 Jesum
1519 2086 1701 2141 Chris.
1802 2088 1953 2142 mur,
1977 2072 2182 2143 quibus
2202 2089 2303 2127 nos
2322 2073 2593 2127 Dominus
2611 2078 2804 2128 noster
2820 2074 2978 2127 Iesus
3000 2071 3254 2127 Christus
3272 2070 3443 2126 Filius

107 2175 203 2224 tum
227 2171 417 2227 Filium
448 2178 640 2241 tuum,
668 2174 767 2247 qui
792 2180 980 2232 tecum
1009 2176 1119 2233 νίν,
1152 2177 1306 2233 dom,
1802 2173 1934 2223 tuus
1957 2182 2118 2221 orare
2148 2165 2440 2239 praecepit,
2473 2166 2662 2222 dicens
2691 2184 2704 2220 :
2736 2168 2900 2221 Pater
2933 2169 3150 2220 noster.

592 2282 848 2333 Collectio
878 2282 943 2333 ad
971 2298 1177 2348 pacem,
2205 2269 2327 2317 Post
2360 2267 2651 2318 orationem
2686 2267 3030 2318 Dominicam.

160 2363 225 2417 Da
258 2364 429 2436 nobis,
468 2383 823 2439 quaesumus,
865 2369 1118 2439 Domine,
1148 2374 1212 2425 ut
1250 2370 1393 2426 sicut
1419 2369 1705 2425 adoranda
1876 2363 2075 2417 Libera
2101 2379 2205 2417 nos
2231 2380 2265 2416 a
2290 2363 2459 2434 malo,
2485 2362 2843 2434 omnipotens
2869 2363 3034 2431 Deus,
3066 2364 3124 2415 et
3147 2359 3364 2415 custodi
3384 2359 3442 2414 in

111 2456 203 2511 Filii
222 2458 295 2513 tui
321 2460 575 2515 natalitia
600 2461 957 2529 celebraturi,
986 2463 1058 2517 ab
1080 2463 1368 2519 hodiernis
1396 2462 1603 2535 vigiliis
1642 2462 1703 2517 in
1801 2456 1972 2512 bono.
2002 2458 2219 2512 Evacua
2248 2474 2352 2511 nos
2382 2456 2545 2527 vitiis,
2575 2461 2631 2511 et
2656 2456 2811 2528 reple
2840 2454 3175 2524 virtutibus;
3209 2458 3266 2509 et
3294 2453 3442 2508 bona

110 2552 404 2609 confessione
444 2556 527 2610 tui
578 2557 829 2612 nominis
867 2558 1286 2628 praevenimus;
1315 2557 1393 2612 sic
1419 2558 1541 2629 ejus
1569 2572 1700 2611 mu-
1804 2550 1967 2606 nobis
1995 2555 2109 2605 tam
2138 2551 2440 2623 praesentia
2467 2568 2641 2623 quam
2668 2554 2881 2605 aeterna
2907 2549 3172 2605 concede.
3201 2549 3309 2604 Per
3334 2548 3444 2602 Do-

110 2659 213 2700 nere
262 2648 541 2720 capiamus
599 2651 1038 2723 sempiternum.
1075 2653 1143 2707 Et
1181 2651 1426 2723 dirigere
1465 2651 1703 2721 dignare
1802 2646 2027 2700 minum
2054 2650 2314 2700 nostrum
2342 2647 2535 2701 Jesum
2562 2645 2769 2700 Filium
2796 2648 2983 2699 tuum.

110 2740 331 2809 angelum
354 2742 528 2813 pacis,
559 2745 662 2816 qui
689 2746 877 2800 oscula
900 2749 1095 2800 nostra
1113 2746 1271 2817 puris
1291 2745 1550 2800 sensibus
1574 2742 1701 2798 inli-
1720 2732 1777 2803 Β
2358 2746 2661 2798 Benedictio
2687 2745 2886 2812 populi.

112 2836 214 2902 gata
233 2843 514 2895 connectat
545 2856 560 2894 :
590 2855 808 2911 nosque
828 2839 931 2893 tibi
957 2840 1026 2894 ab
1055 2839 1320 2894 omnibus
1340 2842 1703 2910 peccatorum
1872 2834 2039 2904 Deus,
2067 2834 2166 2905 qui
2192 2833 2501 2888 adventum
2528 2837 2644 2889 tute
2690 2831 2998 2904 majestatis
3044 2846 3152 2903 per
3176 2829 3446 2900 angelum

109 2928 299 2982 maculis
346 2937 692 3005 expurgatos
725 2933 1019 3005 adjungat.
1060 2935 1167 2988 Per
1209 2937 1553 2988 coaeternum
1600 2930 1701 2986 tibi
1803 2927 2179 2998 Gabrihelem,
2208 2927 2371 2999 prius
2397 2944 2570 2998 quam
2606 2926 2998 2996 descenderes,
3027 2923 3295 2980 nuntiare
3317 2922 3443 2994 jus-

107 3018 259 3076 Jesum
281 3024 565 3082 Christum
594 3025 802 3081 Filium
831 3030 1000 3082 tuum
1022 3026 1328 3082 Dominum
1348 3031 1631 3083 nostrum.
1804 3021 1944 3077 sisti.
1972 3024 2175 3076 Amen.

624 3125 916 3176 lmmolatio
942 3125 1142 3176 missas.
1875 3115 1982 3180 Qui
2006 3116 2123 3170 sine
2144 3114 2307 3170 initio
2332 3114 2714 3187 sempiternus
2736 3130 2814 3183 es,
2843 3117 3022 3168 terras
3042 3111 3331 3167 illustrare
3346 3127 3449 3184 per

160 3205 377 3279 Dignum
396 3213 452 3264 et
470 3210 701 3281 justum
730 3215 833 3266 est.
862 3213 1003 3266 Vere
1031 3210 1275 3283 dignum
1300 3216 1358 3267 et
1373 3212 1597 3283 justum
1624 3216 1708 3268 est
1808 3209 2127 3282 Virginem,
2195 3212 2405 3264 tartara
2458 3208 2645 3264 lavare
2695 3207 2944 3280 dignasti
3017 3222 3123 3278 per
3198 3222 3445 3262 crucem.

108 3313 187 3352 nos
212 3301 303 3355 tibi
340 3303 546 3374 gratias
586 3320 779 3376 agere,
807 3304 1044 3360 Domine
1076 3311 1287 3376 sancte,
1317 3307 1483 3361 Pater
1520 3305 1704 3361 omni-
1807 3306 2011 3359 Amen.

108 3392 289 3459 potens,
315 3397 522 3448 aeterne
549 3394 723 3460 Deus,
751 3395 994 3449 amanda
1035 3394 1241 3466 pietas,
1271 3396 1569 3451 tremenda
1592 3394 1705 3450 vir-
1881 3400 2108 3468 Praesta,
2138 3401 2203 3452 ut
2231 3397 2322 3451 hic
2350 3396 2597 3469 populus
2615 3399 2750 3450 tuus
2774 3395 2834 3449 in
2852 3395 3154 3467 praeceptis
3180 3394 3448 3451 obedien-

108 3485 195 3550 tus,
214 3486 512 3542 veneranda
532 3487 819 3559 majestas.
842 3488 949 3552 Qui
969 3489 1115 3543 hanc
1136 3494 1364 3544 noctem
1386 3494 1706 3560 venturam,
1809 3496 1896 3547 ter
1918 3491 2235 3561 ambulans,
2260 3491 2405 3546 sicut
2430 3494 2514 3545 est
2538 3494 2732 3564 partus
2756 3489 3003 3563 Virginis
3024 3489 3348 3562 singularis,
3371 3489 3453 3545 ita

109 3578 201 3630 toto
216 3578 765 3651 orbejvenerandam,
797 3583 1065 3637 caelorum
1094 3583 1495 3654 gratulatione,
1521 3588 1577 3638 et
1602 3588 1711 3638 ter-
1811 3586 1893 3641 eis
1930 3584 2390 3641 benedictionum
2427 3588 2654 3639 tuarum
2684 3583 2803 3638 veri
2826 3583 3060 3638 luminis
3087 3583 3333 3638 imbrem
3358 3583 3448 3638 in-

110 3684 268 3727 rarum
300 3674 781 3745 remuneratione,
816 3676 1071 3747 angelica
1107 3677 1453 3732 exultatione
1485 3677 1706 3732 ditasti:
1809 3678 2035 3735 fundas.
2066 3682 2269 3734 Amen.
2828 3718 2843 3733 .

110 3767 161 3817 ut
192 3773 432 3823 nascente
487 3769 547 3823 in
589 3785 760 3824 carne
804 3770 1041 3825 Domino
1080 3776 1272 3825 nostro
1319 3772 1447 3826 Jesu
1486 3769 1710 3826 Christo
1883 3775 1953 3827 Et
2003 3771 2385 3827 tentationum
2444 3770 2697 3838 insidias,
2734 3770 2821 3825 vel
2859 3770 3086 3824 aculeos
3130 3772 3449 3842 tentatoris,

112 3854 221 3912 Filio
246 3864 354 3930 tuo,
383 3862 681 3935 superiora
718 3863 932 3935 pariter
964 3868 1022 3919 et
1056 3862 1329 3920 inferiora
1373 3865 1709 3936 gauderent.
1813 3866 2159 3940 spiritalibus
2191 3864 2365 3919 armis
2405 3864 2700 3934 accinctos,
2729 3863 3036 3919 adversarii
3077 3867 3449 3940 tentamenta,

112 3951 270 4023 Aspice
295 3972 443 4011 nunc
470 3956 756 4011 familiam
794 3957 899 4012 tibi
938 3958 1277 4030 supplicem,
1306 3975 1578 4014 conserva
1607 3975 1709 4029 po-
1813 3965 1871 4016 et
1893 3959 2187 4033 prmsentis
2212 3958 2341 4013 vitae
2361 3956 2674 4013 inlecebras
2703 3957 2763 4011 in
2788 3962 2887 4013 tuo
2912 3938 3147 4013 nomine
3172 3959 3339 4014 facias
3364 3974 3453 4014 sus

112 4046 276 4115 pulum
296 4050 402 4105 tuis
424 4050 691 4106 laudibus
716 4057 1165 4123 personnantem
1180 4070 1198 4123 ς
1244 4057 1301 4109 et
1334 4058 1709 4125 superventu-
1736 4107 1784 4127 Λ
1813 4071 2031 4127 perare.
2079 4056 2282 4109 Amen.

111 4153 174 4192 rte
196 4140 221 4180 h
266 4144 435 4199 noctis
467 4142 663 4217 189
708 4107 1053 4202 solemnitati
1078 4146 1157 4202 ita
1180 4107 1496 4219 pervigiles
1516 4146 1708 4218 redde,
1733 4107 1788 4182 Ο
1814 4107 1843 4127 Γ
1884 4151 1952 4205 Et
2003 4148 2205 4220 primae
2253 4145 2582 4214 nativitatis,
2623 4151 2681 4202 et
2700 4147 2965 4202 secunda:
3004 4146 3455 4220 regenerationis

113 4236 161 4286 nt
182 4233 393 4292 sinceris
421 4238 712 4294 mentibus
739 4239 965 4294 Domini
982 4239 1159 4295 nostri
1180 4240 1472 4313 percipere
1498 4258 1713 4297 merea-
1812 4246 2115 4299 Auctorem
2142 4258 2311 4298 suum
2334 4240 2512 4296 sciant
2541 4257 2661 4296 esse
2701 4240 2853 4313 quod
2886 4245 3089 4297 natum
3116 4247 3202 4298 est
3232 4259 3246 4297 :
3280 4258 3454 4315 seque

112 4338 219 4380 mur
254 4328 496 4387 Natalem
532 4338 860 4389 venturum.
893 4335 954 4388 In
990 4351 1104 4406 quo
1143 4334 1440 4390 invisibilis
1481 4353 1549 4391 ex
1578 4335 1711 4390 sub-
1813 4338 1917 4393 tibi
1941 4338 2265 4409 intelligant
2290 4336 2494 4392 debere
2516 4336 2669 4409 quod
2700 4340 2957 4392 sanctum
2978 4341 3082 4392 est.
3108 4340 3310 4393 Amen.

114 4421 282 4476 stantia
307 4428 417 4495 tua,
450 4426 689 4482 visibilis
724 4444 829 4500 per
859 4444 1087 4483 carnem
1122 4429 1387 4500 apparuit
1422 4429 1481 4485 in
1518 4434 1715 4484 nostra
1884 4432 2046 4496 Quod
2082 4432 2202 4503 ipse
2241 4435 2511 4503 praestare
2552 4429 2803 4501 digneris
2844 4447 2857 4484 :
2895 4430 2995 4501 qui
3036 4446 3167 4485 cum
3195 4433 3359 4485 Patre
3399 4435 3456 4485 et

114 4514 371 4588 tecumque
396 4536 569 4591 unus,
615 4538 732 4576 non
775 4526 1031 4593 tempore
1071 4522 1315 4594 genitus,
1357 4540 1473 4578 non
1508 4527 1716 4578 natura
1816 4526 2027 4599 Spiritu
2052 4530 2243 4581 sancto
2268 4524 2407 4579 vivis
2438 4528 2495 4578 et
2520 4540 2642 4595 reg.
3512 4518 3519 4523 ’

114 4602 326 4679 inferior,
355 4613 423 4667 ad
466 4631 574 4669 nos
611 4615 766 4670 venit
793 4631 864 4671 ex
900 4625 1158 4688 tempore
1198 4620 1386 4672 natus.
1424 4618 1531 4671 Per
1553 4616 1716 4687 cujus
1874 4602 1884 4617 “
2340 4627 2462 4676 Post
2487 4625 2933 4675 communionem.

114 4699 422 4760 nativitatem
474 4707 832 4781 indulgentia
884 4709 1192 4765 criminum
1247 4710 1606 4780 conceditur,
1660 4715 1717 4766 et
1890 4711 2082 4786 180
2105 4711 2328 4768 Caelesti
2361 4710 2486 4766 cibo
2503 4715 2756 4783 potuque
2777 4710 3050 4782 roborati,
3081 4712 3457 4785 omnipotenti

113 4799 407 4854 resurrectio
445 4817 562 4856 non
601 4807 869 4873 negatur.
904 4803 1100 4859 Merito
1128 4804 1320 4876 itaque
1347 4804 1532 4858 omnis
1558 4808 1717 4859 terra
1813 4810 1928 4865 Deo
1953 4807 2148 4862 laudes
2192 4810 2247 4861 et
2288 4804 2516 4876 gratias,
2545 4805 2747 4859 fratres
2788 4803 3083 4877 carissimi,
3121 4807 3453 4878 referamus,

115 4884 277 4943 adorat
300 4895 370 4962 te,
398 4899 455 4949 et
479 4895 785 4951 conﬁtetur
808 4896 935 4952 tibi.
965 4897 1073 4953 Sed
1098 4901 1157 4954 et
1184 4897 1310 4952 caeli
1335 4898 1628 4969 caelorum,
1659 4901 1716 4954 et
1815 4906 2128 4975 poscentes,
2160 4905 2225 4955 ut
2249 4916 2373 4969 nos,
2405 4915 2546 4971 quos
2575 4898 2778 4970 dignos
2803 4898 3003 4956 habuit
3029 4901 3457 4974 participatione

116 4982 346 5051 angelica:
387 4993 695 5059 potestates
733 5007 851 5046 non
898 4994 1117 5047 cessant
1152 4992 1383 5049 laudare
1421 4992 1711 5048 dicentes:
1818 4996 2069 5068 corporis
2089 5000 2148 5051 et
2171 4992 2466 5065 sanguinis
2490 4992 2715 5047 Domini
2740 4993 2919 5049 nostri
2938 4995 3069 5049 Jesu
3086 4995 3295 5052 Christi
3318 4998 3455 5052 Uni-

117 5069 329 5150 Sanctus,
358 5081 614 5155 Sanctus,
644 5084 902 5141 Sanctus.
1819 5090 1998 5162 geniti
2027 5091 2134 5160 sui,
2163 5089 2365 5161 dignos
2400 5086 2571 5143 etiam
2602 5087 2810 5143 caelesti
2840 5090 3298 5146 remuneratione
3324 5108 3455 5163 per-

542 5190 791 5243 Collectio
828 5196 949 5257 post
999 5194 1244 5245 Sanctus.
1816 5189 2061 5240 censeat.
2090 5184 2198 5238 Per
2228 5182 2418 5254 ipsum
2447 5182 2757 5237 Dominum
2793 5187 3055 5238 nostrum
3078 5185 3267 5240 Iesum
3292 5184 3454 5239 Chri-

175 5265 293 5324 Vere
327 5272 589 5347 Sanctus,
643 5294 775 5334 vere
829 5278 1159 5335 benedictus
1209 5278 1481 5333 Dominus
1521 5281 1719 5334 noster
1816 5283 1968 5335 stum
1997 5277 2202 5333 Filium
2231 5293 2419 5333 suum.

122 5356 247 5416 Ῐεειιε
279 5366 527 5426 Christus
570 5371 744 5427 Filius
782 5376 935 5443 tuus,
974 5389 1213 5429 manens
1238 5372 1299 5427 in
1324 5372 1495 5442 caelis,
1526 5372 1715 5427 mani-
2361 5369 2613 5420 Collectio
2662 5369 2912 5434 sequitur.

124 5448 319 5514 festatus
340 5461 399 5517 in
425 5465 592 5520 tenvis
623 5478 666 5521 ο,
700 5467 822 5537 [pse
849 5466 1003 5522 enim
1028 5467 1212 5539 pridie
1240 5483 1413 5539 quam
1441 5470 1557 5538 ρει,
1736 5486 1797 5559 D
1888 5458 2047 5523 Quod
2082 5472 2179 5512 ore
2226 5456 2592 5529 sumpsimus,
2639 5455 2905 5526 Domine,
2946 5456 3236 5512 mentibus
3269 5456 3454 5529 capia-

181 5608 199 5634 ε
231 5601 453 5683 ⁸ῐᾏςξειωῐ
499 5607 591 5683 hic
640 5606 698 5663 in
747 5609 922 5683 inissa
976 5609 1205 5683 vigiliae,
1229 5609 1438 5683 Natalis
1496 5604 1721 5683 Domini
1822 5602 2066 5683 Domini,
2098 5618 2271 5683 quem
2292 5600 2525 5683 titulum
2550 5598 2789 5680 proinde
2821 5597 3229 5683 supplevimus.

130 5664 348 5747 Prefatio
362 5693 458 5732 seu
479 5680 797 5737 adhortatio
812 5664 1269 5737 semissium
1296 5681 1719 5747 celebrandam,
1868 5687 1916 5747 ,ο
1975 5664 2341 5747 Brevissimus
2384 5664 2583 5747 Cancri
2595 5669 2672 5747 _iI_1
2713 5664 2978 5747 omniﬁﬁs
3004 5669 3200 5747 missis
3233 5669 3457 5747 Gallica-

135 5740 432 5826 eleollectio
454 5756 581 5807 ante
608 5752 935 5826 Epistolam,
968 5758 1029 5809 ut
1058 5770 1127 5810 ex
1155 5752 1281 5808 aliis
1307 5751 1494 5808 missis
1518 5738 1723 5807 intelli;
1822 5744 1931 5819 nis,
1973 5746 2158 5826 varius
2195 5761 2310 5826 pro.
2344 5743 2511 5826 variis
2553 5739 2769 5806 diebus,
2808 5743 2874 5795 ut
2901 5738 3150 5796 diximus
3186 5741 3246 5798 in
3281 5743 3380 5797 lib-
3414 5755 3452 5814 π»

137 5813 309 5891 sit-ml;
651 5813 671 5824 -
921 5813 934 5826 ι
1823 5813 1945 5891 cap.
1976 5820 2027 5887 5,
2059 5813 2220 5874 num'.
2252 5816 2317 5872 14
2345 5819 2402 5872 et
2429 5829 2585 5885 seqq.

192 5880 214 5921 δ
256 5884 379 5945 Hinc
401 5897 552 5968 patet
587 5895 733 5953 hanc
774 5897 1006 5954 missam
1050 5912 1170 5953 esse
1197 5897 1266 5953 de
1291 5895 1485 5969 vigilia
1514 5894 1722 5951 Natalis
