3968 6224
490 338 591 391 2‘27

1284 331 1613 387 APPENDIX
1652 330 1739 385 AD
1775 328 1995 384 OPERA
2035 327 2266 381 SANCTI
2305 326 2603 382 GERMANI
2645 320 3071 380 PARISIENSIS.

3766 324 3875 374 228

482 461 612 501 mus
641 460 654 499 :
687 447 744 498 et
770 442 839 497 de
867 455 1106 497 munere
1130 438 1448 511 temporali,
1478 437 1576 492 fiat
1600 435 1763 491 nobis
1802 434 2121 491 remedium
2144 446 2201 517 Α
2221 451 2348 489 mus
2372 433 2669 506 praeceptis
2692 434 2833 504 ejus,
2865 431 3072 505 quibus
3095 446 3200 485 nos
3226 429 3451 485 edocuit
3491 429 3564 483 ad
3600 427 3875 484 salutem.

488 538 927 611 sempiternum;

487 648 574 702 IV.
617 661 762 702 οιωο
812 659 985 701 mssa
1035 640 1059 668 ⁸
1107 657 1161 698 1N
1198 656 1285 696 DIE
1325 654 1657 696 nummus
1697 653 1887 695 DOMINI
1930 651 2123 693 nosrm

1108 729 1231 768 JESU
1272 728 1505 767 CHRISTI.

927 806 1176 856 Collectio
1229 808 1346 868 post
1392 803 1684 869 prOphetia.

559 891 726 946 Ortus
756 905 814 944 es
842 888 1005 943 nobis
1031 902 1196 941 verus
1222 887 1313 941 Sol
1333 885 1591 957 justitiae,
1608 886 1740 939 Jesu
1755 882 1996 938 Christe.
2023 883 2123 935 Ve-

482 984 619 1040 nisti
649 985 715 1038 de
753 983 888 1037 caelo
930 979 1165 1034 humani
1214 980 1438 1051 generis
1467 978 1835 1049 Redemptor.
1884 974 2124 1030 Ercxisti

486 1078 652 1132 nobis
679 1092 856 1130 cornu
885 1074 1106 1143 salutis;
1136 1077 1192 1128 et
1228 1073 1364 1128 celsi
1394 1071 1670 1127 Genitoris
1710 1070 1900 1124 Proles
1926 1085 2125 1140 perpe-

486 1175 600 1238 tua,
636 1169 859 1241 genitus
890 1168 949 1222 in
979 1168 1149 1223 domo
1180 1166 1349 1221 David
1377 1170 1611 1237 propter
1650 1164 1967 1236 priscorum
2002 1179 2123 1216 ora-

485 1264 612 1319 cula
649 1267 864 1330 vatum,
906 1260 1199 1333 propriam
1236 1259 1430 1314 volens
1462 1259 1747 1315 absolvere
1790 1258 2034 1330 plebem,
2067 1260 2122 1310 et

485 1357 687 1413 vetusti
703 1355 954 1411 criminis
973 1354 1161 1409 delere
1181 1352 1646 1425 chirographum,
1662 1357 1725 1407 ut
1742 1357 1970 1406 teternae
1995 1350 2120 1404 vitae

481 1451 764 1524 panderes
796 1448 1179 1521 triumphum.
1221 1447 1457 1519 Ideoque
1496 1463 1651 1501 nunc
1685 1450 1741 1501 te
1768 1461 2117 1517 quaesumus,

484 1551 549 1601 ut
573 1546 633 1599 in
650 1542 1049 1598 misericordim
1076 1547 1190 1597 tuae
1212 1541 1423 1596 viscera
1443 1540 1648 1596 nostris
1672 1556 1943 1612 appareas
1964 1554 2121 1593 men-

485 1639 655 1707 tibus,
677 1638 827 1692 salus
842 1641 1074 1706 mter-na,
1099 1640 1155 1691 et
1175 1653 1296 1705 nos,
1320 1634 1613 1706 eripiendo
1628 1634 1698 1688 ab
1720 1633 1913 1704 iniquo
1933 1633 2116 1701 hoste,

2222 531 2433 583 Praesta
2475 544 2579 599 per
2621 527 2926 582 Dominum
2952 531 3213 582 nostrum
3239 525 3432 580 Iesum
3449 523 3749 578 Christum
3782 523 3877 576 Fi-

2222 622 2365 676 lium
2390 626 2555 677 tuum
2584 639 2598 676 :
2629 621 2728 694 qui
2754 625 2963 676 tecum.

2706 714 2956 765 Collectio
2982 716 3101 778 post
3128 713 3361 763 nomina.

2294 802 2558 873 Suscipe,
2609 817 2958 872 quaesumus,
3020 799 3257 854 Domine
3306 800 3468 868 Jesu,
3500 797 3876 869 omnipotens

2224 896 2391 964 Deus,
2424 894 2762 949 sacriﬁcium
2788 893 2971 947 laudis
3003 893 3277 961 oblatum,
3305 891 3461 962 quod
3501 908 3609 962 pro
3641 896 3742 945 tua
3772 891 3875 944 ho-

2224 989 2422 1044 dierna
2455 987 2837 1042 lncarnatione
2858 1003 2892 1041 a
2917 986 3078 1040 nobis
3105 986 3363 1054 offertur,
3391 990 3449 1039 et
3474 1002 3582 1056 per
3620 1000 3757 1039 eum
3788 984 3871 1037 sic

2221 1082 2558 1154 propitiatus
2596 1082 2807 1150 adesto,
2836 1084 2899 1135 ut
2928 1079 3322 1151 superstitibus
3357 1078 3555 1148 vitam,
3587 1078 3876 1133 defunctis

2222 1176 2474 1248 requiem
2498 1176 2715 1230 tribuas
2743 1174 3170 1246 sempiternam.
3198 1173 3435 1227 Nomina
3457 1189 3714 1244 quorum
3738 1176 3877 1226 sunt

2222 1269 2547 1325 recitatione
2595 1269 2906 1340 complexa,
2948 1266 3115 1322 scribi
3171 1266 3371 1338 jubeas
3404 1266 3467 1320 in
3510 1265 3869 1329 aeternitate;

2221 1381 2324 1436 pro
2352 1365 2558 1436 quibus
2586 1362 2897 1435 apparuisti
2926 1362 2983 1416 in
3010 1378 3199 1432 carne,
3234 1361 3491 1416 Salvator
3510 1359 3742 1426 mundi,
3766 1357 3873 1429 qui

2221 1476 2352 1514 cum
2377 1463 2657 1514 coaeterno
2685 1459 2847 1512 Patre
2875 1456 3014 1510 vivis
3044 1461 3102 1511 et
3125 1472 3249 1528 reg.

2723 1559 2972 1610 Collectio
3012 1558 3078 1608 ad
3119 1571 3322 1622 pacem.

2289 1647 2656 1718 Omnipotens
2689 1644 3031 1717 sempiterne
3079 1645 3247 1713 Deus,
3279 1643 3378 1716 qui
3401 1643 3556 1697 hunc
3586 1641 3743 1697 diem
3771 1641 3866 1694 In-

474 1731 714 1804 justitiaa
770 1731 1011 1785 cultores
1072 1729 1300 1796 efficias,
1345 1728 1614 1800 omnique
1674 1726 1874 1781 mortis
1930 1741 2119 1781 errore
2221 1741 2561 1796 camationis
2613 1745 2763 1809 tum,
2805 1745 2861 1794 et
2897 1742 3125 1810 partum
3170 1738 3350 1793 beatae
3386 1736 3576 1792 Maria,
3619 1734 3870 1805 Virginis

484 1830 694 1898 spreto,
724 1824 875 1896 pacis
898 1824 1045 1877 viam
1068 1828 1222 1877 recto
1248 1822 1451 1877 itinere
1473 1821 1818 1892 gradientes,
1847 1819 1951 1875 tibi
1968 1824 2117 1875 recte
2140 1830 2194 1901 Β
2219 1834 2576 1909 ορηεθει-εειί,
2610 1835 2823 1906 quique
2860 1833 3195 1888 discordiam
3231 1835 3513 1886 vetustam
3546 1845 3653 1902 per
3678 1834 3865 1883 trans-

482 1920 691 1974 servire
718 1917 1016 1990 possimus,
1046 1916 1294 1972 Salvator
1321 1914 1540 1970 mundi.
1569 1914 1677 1979 Qui
1705 1931 1835 1968 cum
1876 1915 2037 1968 Patre
2063 1917 2121 1968 et
2222 1929 2569 2001 gressionem
2607 1927 2751 1999 ligni
2780 1927 2984 1983 veteris
3023 1944 3158 1982 cum
3195 1925 3414 1997 angelis
3448 1929 3505 1978 et
3531 1922 3869 1978 hominibus

484 2012 696 2084 Spiritu
738 2015 931 2066 sancto
978 2010 1137 2077 vivis,
1190 2008 1499 2064 dominaris
1541 2013 1597 2063 et
1636 2023 1841 2079 regnas
1882 2007 2026 2062 Deus
2059 2006 2117 2061 in

484 2106 688 2161 saecula
719 2106 1077 2160 saeculorum.

932 2197 1184 2248 Collectio
1219 2201 1337 2261 post
1371 2209 1585 2261 precem
1619 2200 1663 2243 ι).

555 2281 792 2351 Exaudi,
825 2279 1079 2349 Domine,
1111 2279 1390 2333 familiam
1416 2278 1516 2333 tibi
1544 2277 1804 2346 dicatam,
1834 2283 1890 2332 et
1920 2278 1978 2333 in
2003 2283 2117 2334 tuae

479 2374 739 2430 Ecclesiae
767 2374 986 2446 gremio
1014 2374 1072 2428 in
1103 2374 1208 2427 hac
1241 2371 1518 2427 hodierna
1564 2371 1937 2427 sollemnitate
1963 2373 2115 2428 Nati-

478 2469 666 2524 vitatis
704 2474 816 2523 tuae
867 2471 1293 2538 congregatam,
1333 2470 1399 2520 ut
1442 2464 1638 2520 laudes
1680 2468 1806 2519 tuas
1849 2472 2113 2537 exponat.

477 2562 683 2617 Tribue
712 2561 944 2633 captivis
973 2559 1449 2631 redemptionem,
1470 2558 1630 2613 caecis
1654 2558 1859 2629 visum,
1884 2575 2117 2630 peccan-

477 2657 628 2712 tibus
663 2654 1075 2723 remissionem,
1112 2653 1247 2725 quia
1291 2657 1355 2707 tu
1394 2652 1594 2707 venisti
1632 2656 1700 2707 ut
1730 2653 1908 2707 salvos
1942 2654 2116 2709 facias

478 2767 600 2805 nos.
628 2749 826 2820 Aspice
848 2749 915 2803 de
937 2748 1075 2802 czelo
1095 2752 1286 2802 sancto
1301 2752 1419 2816 tuo,
1450 2751 1506 2802 et
1536 2746 1813 2802 inlumina
1838 2748 2114 2820 populum

477 2850 663 2913 tuum,
694 2858 942 2915 quorum
970 2840 1194 2896 animus
1220 2842 1279 2895 in
1310 2846 1365 2895 te
1396 2841 1565 2912 plena
1603 2842 1905 2896 devotione
1935 2842 2114 2898 conﬁ-

476 2937 578 3008 dit,
607 2938 855 2993 Salvator
881 2935 1103 2991 mundi.
1131 2936 1239 2999 Qui
1274 2936 1431 2990 vivis.

1060 3038 1296 3089 Praefatio
1335 3038 1521 3089 missae.

544 3121 967 3178 Sacrosanctum
995 3119 1172 3175 beata:
1204 3119 1514 3175 Nativitatis
1540 3120 1712 3187 diem,
1745 3119 1805 3174 in
1844 3136 1958 3191 quo
1984 3137 2109 3175 nas-

470 3220 642 3271 cente
676 3215 937 3282 Domino,
967 3213 1260 3285 virginalis
1298 3214 1446 3268 uteri
1484 3230 1687 3268 arcana
1731 3214 1917 3269 laxata
1952 3218 2104 3285 sunt,
2128 3200 2182 3274 C

471 3310 1053 3379 incorruptorumque
1094 3306 1429 3377 genitalium
1460 3307 1701 3379 pondus,
1735 3308 1929 3362 saeculi
1953 3309 2103 3363 leva-

469 3420 603 3457 men
633 3401 877 3457 etfusum
903 3406 1006 3467 est,
1038 3400 1183 3455 sicut
1209 3400 1601 3472 exoptavimus
1640 3402 1799 3470 votis,
1830 3402 1907 3457 ita
1936 3418 2103 3459 vene-

467 3512 663 3552 remur
693 3498 749 3549 et
785 3494 1024 3566 gaudiis.
1049 3494 1145 3548 llic
1166 3510 1412 3566 namque
1433 3500 1591 3550 ortus
1619 3495 1711 3550 die
1735 3496 2101 3567 splendidior,

467 3590 593 3645 luce
623 3588 1004 3644 coruscantior
1047 3592 1147 3643 est.
1189 3590 1248 3643 In
1277 3590 1387 3644 hoc
1427 3590 1875 3660 omnipotentem
1904 3591 2100 3659 Deum,

466 3684 566 3756 qui
582 3688 869 3739 terrenam
887 3682 1265 3755 fragilemque
1286 3682 1581 3739 materiam
1605 3680 1653 3753 1
1670 3680 1784 3754 91
1818 3699 1984 3737 causa
2008 3700 2104 3738 no-

465 3783 597 3833 stras
640 3776 1047 3849 redemptionis
1095 3776 1431 3848 adsumpsit,
1483 3776 1686 3831 fratres
1730 3776 2098 3847 dilectissimi,

461 3871 741 3944 supplices
785 3871 1176 3942 deprecemur,
1215 3870 1299 3925 uti
1345 3886 1467 3938 nos,
1507 3886 1651 3941 quos
1691 3874 1820 3925 ortu
1852 3871 2101 3942 corporis

461 3966 723 4033 visitavit,
756 3965 1016 4019 societate
1054 3962 1491 4018 conversationis
1536 3963 1780 4029 edocuit,
1818 3969 2100 4036 praecepto

460 4057 873 4131 praedicationis
898 4056 1160 4122 instituit,
1184 4057 1577 4126 degustatione
1611 4058 1809 4111 mortis
1835 4057 2096 4130 redemit,

459 4149 895 4223 participatione
937 4149 1133 4203 mortis
1163 4150 1464 4220 amplexus
1501 4154 1606 4219 est,
1650 4149 1825 4204 divini
1858 4151 2099 4222 Spiritus

459 4241 745 4299 infusione
788 4242 1007 4312 ditavit,
1044 4241 1148 4296 sub
1189 4246 1464 4314 perpetua
1489 4242 1782 4299 devotione
1823 4246 2100 4302 custodiat

462 4338 605 4395 etin
629 4337 719 4393 his
745 4333 894 4392 beati
928 4336 1236 4392 famulatus
1279 4336 1479 4391 studiis
1518 4354 1854 4408 permanere
1891 4328 2094 4396 conce-

459 4432 574 4489 dat.
603 4431 709 4498 Qui
734 4448 866 4487 cum
893 4435 1053 4503 patre
1083 4435 1139 4486 et
1171 4430 1389 4503 Spiritu
1429 4436 1623 4487 sancto
1651 4430 1785 4488 vivit
1810 4438 1867 4489 et
1892 4440 2096 4508 regnat

460 4527 608 4584 Deus
630 4526 691 4581 in
719 4525 926 4581 saecula
955 4525 1316 4581 saeculorum.

1020 4628 1269 4679 Collectio
1294 4629 1544 4693 sequitur.

530 4712 700 4778 Deus,
731 4710 832 4781 qui
869 4709 1021 4765 dives
1060 4726 1120 4765 es
1153 4710 1213 4764 in
1245 4709 1651 4780 misericordia,
1690 4728 1802 4782 qua
1839 4716 2092 4767 mortuos

458 4820 561 4860 n03
594 4805 857 4875 peccatis,
885 4803 1279 4859 convivificasti
1305 4803 1527 4860 Christo
1557 4804 1698 4859 Filio
1726 4809 1845 4873 tuo,
1881 4809 1947 4859 ut
1973 4805 2089 4860 for-

458 4913 613 4953 mam
634 4896 776 4951 servi
799 4896 1095 4968 acciperet,
1124 4898 1223 4968 qui
1239 4897 1431 4952 omnia
1451 4898 1733 4968 formavit,
1756 4904 1822 4953 ut
1849 4897 1946 4969 qui
1973 4902 2093 4953 erat

456 4991 516 5045 in
558 4990 765 5045 deitate
809 4994 1179 5061 generaretur
1214 4990 1271 5044 in
1310 5008 1497 5061 carne,
1527 4997 1592 5047 ut
1626 4992 2008 5047 involveretur
2032 4991 2089 5046 in

455 5084 661 5158 pannis
680 5083 779 5155 qui
800 5083 1142 5139 adorabatur
1166 5084 1225 5140 in
1251 5085 1445 5153 stellis,
1474 5091 1540 5141 ut
1560 5086 1777 5156 jaceret
1805 5084 1864 5139 in
1890 5102 2093 5157 praese-

451 5178 548 5252 pio
574 5178 672 5251 qui
693 5177 968 5251 regnabat
992 5178 1052 5233 in
1079 5179 1218 5235 caelo
1244 5198 1257 5235 :
1292 5180 1687 5235 invocantibus
1706 5179 1872 5234 nobis
1890 5196 2089 5236 aurem

454 5272 760 5344 majestatis
786 5278 901 5327 tuae
938 5272 1277 5345 propitiatus
1312 5272 1702 5340 adcommoda,
1735 5272 1952 5329 donans
1980 5275 2089 5330 hoc

456 5383 557 5438 per
586 5365 931 5421 ineffabilem
969 5372 1081 5421 tuae
1124 5367 1527 5423 misericordiae
1555 5366 1868 5437 caritatem,
1897 5372 1965 5423 ut
1989 5369 2087 5440 qui

454 5458 775 5514 exultamus
798 5459 868 5515 de
896 5460 1194 5515 Nativitate
1223 5460 1348 5513 Filii
1374 5459 1477 5529 tui,
1519 5460 1618 5530 qui
1643 5460 1731 5514 vel
1762 5477 1829 5516 ex
1857 5461 2088 5534 Virgine

449 5555 634 5622 natus,
664 5551 753 5607 vel
783 5569 852 5608 ex
887 5553 1100 5625 Spiritu
1141 5556 1333 5607 sancto
1360 5556 1732 5624 regeneratus
1757 5560 1857 5624 est,
1885 5572 2084 5627 parea-

522 5663 674 5735 llHic
708 5666 879 5721 unica
912 5665 1085 5735 missa
1110 5662 1169 5717 in
1208 5662 1389 5718 Natali
1426 5663 1682 5735 Domini;
1721 5667 1887 5722 unica
1916 5667 2086 5724 etiam

451 5734 512 5817 in
546 5734 899 5817 Lectionario
934 5734 1233 5803 Gallicana,
1263 5739 1474 5810 praeter
1512 5734 1743 5793 missam
1783 5739 1852 5795 de
1896 5738 2088 5812 vigilia

456 5822 629 5862 iusius
653 5808 882 5862 Natalis.

456 5809 629 5879 ipsius
653 5809 882 5864 Natalis.
1963 5809 1977 5812 ⁷

523 5877 549 5920 b
599 5877 658 5934 Id
688 5883 773 5934 est
807 5883 932 5951 post
957 5878 1239 5952 hymnum
1270 5877 1442 5936 trium
1467 5896 1798 5955 puerorum,
1829 5898 1999 5957 quem
2026 5883 2085 5939 in

2218 2040 2323 2095 per
2350 2022 2756 2078 Incarnationis
2781 2021 3142 2094 mysterium,
3168 2020 3310 2092 lapis
3339 2018 3636 2089 angularis
3657 2016 3866 2089 junxi-

2219 2118 2312 2188 sti,
2343 2118 2409 2172 da
2440 2116 2671 2171 familiae
2696 2120 2811 2171 tua:
2840 2116 2900 2170 in
2928 2116 3033 2170 hac
3058 2114 3377 2170 celebritate
3400 2112 3641 2181 laetitiae,
3668 2117 3738 2166 ut
3763 2111 3871 2183 qui

2218 2216 2274 2267 te
2309 2215 2626 2266 consortem
2665 2210 2724 2265 in
2764 2210 2947 2265 carnis
2985 2208 3410 2281 propinquitate
3456 2207 3751 2274 laetantur,
3788 2206 3867 2260 ad

2219 2321 2577 2360 summorum
2602 2304 2808 2359 civium
2836 2302 3136 2371 unitatem,
3158 2317 3330 2373 super
3353 2317 3495 2373 quos
3520 2317 3731 2371 corpus
3756 2299 3864 2354 ad-

2218 2404 2513 2472 sumptum
2532 2398 2785 2466 evexisti,
2816 2398 3231 2470 perducantur;
3262 2401 3318 2473 et
3348 2395 3499 2450 inter
3524 2393 3866 2466 semetipsos

2217 2511 2320 2566 per
2346 2499 2581 2549 externa
2607 2493 2899 2564 complexa
2932 2492 3273 2562 jungantur,
3304 2493 3369 2544 nt
3394 2488 3727 2560 jurgii~non
3756 2505 3861 2560 pa-

2216 2593 2331 2643 teat
2356 2587 2713 2659 interruptio,
2746 2586 2846 2658 qui
2876 2589 2928 2640 te
2953 2589 3247 2640 auctorem
3281 2583 3531 2655 gaudent
3557 2582 3620 2636 in
3640 2599 3743 2637 sua
3761 2599 3861 2637 na-

2215 2688 2344 2738 tura
2386 2699 2491 2754 per
2532 2681 2714 2737 carnis
2751 2681 2967 2735 venisse
3014 2677 3473 2734 contubernium.
3515 2676 3675 2741 Quod
3739 2677 3863 2748 ipse

2215 2779 2488 2848 praestare
2514 2774 2785 2847 digneris,
2815 2773 2914 2846 qui
2940 2789 3071 2828 cum
3097 2774 3256 2827 Patre
3275 2776 3351 2827 et.

2779 2875 3069 2926 lmmolatio
3103 2873 3289 2924 missae.

2287 2967 2427 3021 Vere
2468 2963 2707 3035 dignum
2746 2967 2802 3018 et
2834 2963 3056 3034 justum
3095 2965 3197 3029 est,
3240 2975 3468 3032 aequum
3513 2963 3572 3013 et
3610 2958 3861 3013 salutare

2212 3065 2316 3127 est,
2353 3076 2455 3113 nos
2496 3057 2601 3113 tibi
2636 3057 2844 3130 gratias
2884 3071 3053 3127 agere
3077 3098 3091 3126 ,
3142 3054 3379 3109 Domine
3425 3056 3642 3122 sancte,
3692 3054 3865 3107 Pater

2211 3153 2588 3225 omnipotens,
2618 3157 2829 3207 aeterne
2866 3151 3034 3219 Deus,
3069 3146 3260 3221 192
3287 3147 3422 3219 quia
3451 3146 3624 3201 hodie
3654 3146 3857 3201 Domi—

2208 3265 2316 3302 nus
2343 3251 2536 3302 noster
2558 3246 2711 3301 Jesus
2739 3245 2999 3300 Christus
3025 3242 3290 3314 dignatus
3315 3245 3399 3297 est
3424 3240 3656 3295 visitare
3678 3258 3857 3296 mun-
3966 3294 3968 3303 ,

2206 3342 2365 3397 dum.
2408 3340 2679 3395 Processit
2711 3340 2779 3394 de
2820 3338 3063 3393 sacrario
3119 3335 3368 3408 corporis
3412 3334 3738 3405 virginalis,
3795 3341 3861 3390 et

2205 3435 2491 3490 descendit
2517 3433 2724 3506 pietate
2752 3432 2820 3487 de
2845 3432 3013 3486 caelis.
3041 3431 3380 3485 Cecinerunt
3406 3429 3623 3499 angeli,
3658 3429 3853 3485 Gloria

2203 3533 2261 3584 in
2282 3531 2518 3592 excelsis,
2546 3544 2675 3582 cum
2706 3525 3033 3582 humanitas
3072 3524 3273 3580 claruit
3298 3522 3623 3578 Salvatoris.
3650 3522 3858 3577 Omnis

2204 3623 2448 3695 denique
2472 3622 2638 3677 turba
2663 3620 2950 3675 exultabat
2985 3618 3340 3690 angelorum,
3368 3616 3506 3689 quia
3535 3621 3694 3671 terra
3735 3617 3850 3673 Re-

2205 3734 2336 3789 gem
2378 3716 2623 3787 suscepit
2660 3717 2960 3768 aeternum.
3001 3712 3171 3768 Maria
3203 3712 3365 3766 beata
3406 3711 3553 3766 facta
3584 3716 3671 3765 est
3690 3717 3847 3766 tem-

2201 3811 2363 3883 plum
2410 3810 2745 3883 pretiosum,
2797 3812 3029 3880 portans
3088 3805 3396 3861 Dominum
3449 3804 3850 3861 dominorum.

2201 3905 2405 3960 Genuit
2431 3904 2586 3958 enim
2612 3919 2718 3975 pro
2756 3901 2966 3956 nostris
3004 3898 3222 3954 delictis
3266 3898 3443 3953 vitam
3483 3899 3850 3969 praeclaram,

2199 4002 2265 4053 ut
2305 4015 2456 4053 mors
2501 3997 2809 4070 pelleretur
2850 4009 3061 4048 amara.
3103 3993 3198 4047 illa
3233 3991 3385 4046 enim
3430 3992 3674 4071 viscera,
3716 4010 3853 4066 quze

2200 4092 2451 4147 humana
2493 4108 2605 4147 non
2640 4093 2911 4145 noverant
2951 4088 3193 4156 macula,
3226 4086 3409 4141 Deum
3437 4091 3676 4159 portare
3721 4104 3847 4142 me-

2197 4191 2457 4242 ruerunt.
2497 4187 2668 4240 Natus
2710 4185 2791 4238 est
2824 4182 2884 4236 in
2926 4181 3159 4249 mundo,
3200 4178 3299 4251 qui
3339 4196 3570 4251 semper
3608 4181 3757 4236 vixit
3794 4187 3851 4237 et

2196 4280 2331 4336 vivit
2364 4280 2426 4335 in
2458 4279 2622 4347 caelo,
2663 4278 2820 4332 Jesus
2860 4275 3112 4330 Christus
3142 4274 3325 4341 Filius
3362 4278 3513 4344 tuus,
3564 4276 3849 4332 Dominus

2196 4377 2404 4429 noster.
2451 4374 2557 4427 Per
2599 4386 2773 4443 quem
2826 4369 3178 4440 majestatcm
3230 4372 3389 4421 tuam
3439 4367 3683 4426 laudant
3737 4388 3843 4426 an-

2197 4467 2331 4540 geli.

2819 4534 2939 4584 Post
2963 4534 3200 4583 Sanctus.

2114 4582 2172 4654 D
2262 4622 2448 4678 Gloria
2478 4622 2539 4677 in
2582 4582 2975 4689 excelsisDeo,
3004 4582 3061 4675 et
3088 4619 3149 4673 in
3174 4623 3328 4674 terra
3351 4635 3463 4690 pax
3492 4618 3838 4676 hominibus

2190 4717 2354 4771 bonae
2416 4715 2741 4781 voluntatis,
2797 4713 2931 4785 quia
2989 4711 3463 4784 adpropinquavit
3511 4713 3843 4787 redemptio

2192 4814 2405 4865 nostra.
2443 4809 2607 4865 Venit
2629 4807 2863 4879 antiqua
2882 4806 3194 4878 expectatio
3213 4806 3469 4878 gentium
3487 4823 3504 4876 ;
3527 4806 3695 4863 adest
3708 4824 3845 4880 pro-

2192 4904 2364 4958 missa
2408 4901 2746 4958 resurrectio
2785 4904 3145 4955 mortuorum
3179 4917 3192 4954 :
3227 4899 3464 4971 jamque
3522 4900 3846 4974 praefulget

2192 5001 2404 5051 aeterna
2421 4995 2732 5067 expectatio
2752 4994 3068 5060 beatorum,
3088 5008 3192 5065 per
3208 4991 3497 5047 Christum
3520 4993 3841 5049 Dominum

2191 5096 2466 5146 nostrum.
2494 5089 2596 5153 Qui
2625 5088 2807 5160 pridie
2836 5103 3011 5159 quam
3046 5103 3151 5158 pro
3193 5091 3388 5141 nostra
3432 5086 3705 5144 omnium
3731 5089 3836 5143 sal.

2818 5186 2942 5235 Post
2977 5188 3197 5235 secreta.

2261 5271 2573 5340 Credimus,
2622 5270 2882 5340 Domine,
2926 5269 3235 5326 adventum
3284 5276 3471 5341 tuum,
3519 5272 3836 5328 recolimus

2189 5367 2508 5423 Passionem
2533 5370 2710 5421 tuam.
2728 5366 2943 5435 Corpus
2964 5368 3130 5418 tuum
3149 5364 3209 5419 in
3229 5369 3594 5436 peccatorum
3615 5372 3841 5423 nostro-

2189 5478 2319 5517 rum
2335 5460 2665 5516 remissione
2685 5458 3035 5514 confractum
3045 5470 3088 5527 c;
3113 5458 3353 5531 Sanguis
3368 5464 3597 5514 sanctus
3617 5464 3757 5517 tuus
3775 5461 3839 5516 in

2188 5555 2436 5644 pretium
2467 5558 2673 5610 nostra:
2710 5552 3117 5626 redemptionis
3154 5552 3363 5608 effusus
3397 5556 3513 5622 est;
3546 5554 3654 5625 qui
3699 5570 3835 5610 cum

2188 5669 2357 5725 missa
2384 5668 2593 5724 Natalis
2618 5665 2844 5740 Domini
2867 5671 2994 5740 post
3024 5666 3331 5740 Epistolam
3351 5666 3630 5723 usitatum
3655 5667 3837 5724 fuisse

2187 5742 2406 5799 dictum
2431 5745 2516 5796 est
2540 5740 2603 5796 in
2631 5739 2734 5795 lib.
2759 5756 2820 5795 ιι.

2257 5825 2281 5853 ο
2315 5813 2443 5884 Haec
2469 5810 2641 5884 verba
2667 5810 2928 5867 videntur
2951 5809 3308 5884 alluderead
3350 5809 3650 5884 antiquam
3690 5828 3836 5879 con-

2187 5882 2511 5942 secrationis
2535 5882 2799 5951 formam,
2827 5896 2956 5954 quae
2993 5881 3054 5937 in
3093 5880 3306 5938 Ordine
3346 5880 3747 5955 Ambrosiam,
3780 5892 3837 5942 et
