3968 6224
137 294 217 351 229

480 515 611 564 Ante
634 513 922 563 orationem
952 513 1299 563 Dominicam.

186 600 288 655 Non
326 603 504 654 nostro
547 603 977 670 praasumentes,
1018 600 1184 654 Pater
1226 603 1436 668 sancte,
1476 599 1702 669 merito,

132 694 207 749 sed
237 692 434 749 Domini
464 692 639 748 nostri
681 695 812 749 Jesu
856 691 1063 748 Christi
1108 691 1231 748 Filii
1256 692 1341 748 tui
1382 692 1706 748 obedientes

131 787 340 859 imperio,
363 786 632 841 audemus
656 785 863 842 dicere.

472 896 596 944 Post
621 894 913 945 orationem
939 892 1285 944 Dominicam.

183 979 349 1035 Libera
382 996 501 1050 nos,
540 979 901 1051 omnipotens
929 981 1097 1049 Deus,
1139 980 1209 1035 ab
1245 978 1399 1034 omni
1436 979 1604 1046 malo,
1634 978 1704 1033 ab

130 1074 252 1129 omni
277 1072 526 1146 periculo,
549 1078 606 1128 et
635 1074 851 1129 custodi
877 1090 981 1129 nos
1017 1075 1077 1129 in
1124 1073 1283 1128 omni
1324 1089 1492 1145 opere
1529 1073 1702 1142 bono,

128 1167 329 1238 perfecta
349 1167 565 1237 veritas,
595 1172 653 1223 et
690 1184 820 1222 vera
862 1167 1116 1237 libertas,
1153 1167 1319 1222 Deus.
1356 1166 1461 1231 Qui
1500 1182 1706 1237 regnas

127 1260 172 1315 in
193 1260 369 1316 saecula
393 1261 576 1315 saecul.

628 1354 930 1405 Benedictio
954 1355 1157 1419 pOpuli.

180 1440 319 1507 Deus,
344 1439 435 1512 qui
463 1439 769 1495 adventum
794 1444 911 1495 tuae
946 1438 1256 1511 majestatis
1296 1455 1399 1511 per
1436 1439 1704 1511 angelum

127 1533 450 1603 Gabrihelem,
487 1533 821 1606 priusquam
851 1533 1243 1602 descenderes,
1288 1533 1552 1588 nuntiare
1578 1534 1702 1604 jus-

127 1626 215 1680 sisti
229 1645 245 1696 ς
258 1627 345 1699 qui
358 1627 652 1699 dignanter
660 1627 813 1683 intra
828 1628 1083 1683 humana
1092 1627 1305 1683 viscera
1324 1626 1381 1682 in
1389 1643 1632 1698 gressus,
1651 1632 1708 1682 et

125 1721 223 1776 alvo
250 1722 474 1793 Virginis
508 1722 681 1777 hodie
730 1727 787 1777 te
840 1722 1091 1777 mundus
1140 1720 1474 1777 clariﬁcatus
1523 1720 1702 1793 (sic)...

128 1813 164 1885 1
177 1813 280 1888 93
310 1819 499 1870 Amen-

176 1910 258 1977 Tu,
287 1909 525 1980 Domine,
554 1910 795 1965 benedic
834 1910 980 1965 hanc
1020 1908 1294 1964 familiam
1319 1912 1499 1979 tuam,
1532 1924 1706 1980 quam

125 2001 348 2058 hodierna
372 2002 717 2059 sollemnitas
745 2003 804 2058 in
831 2004 1079 2059 adventu
1118 2007 1217 2058 tuo
1263 2001 1397 2057 fecit
1432 2001 1702 2073 gaudere.

123 2102 281 2152 Amen.
554 2169 569 2177 -

174 2191 235 2243 Da
263 2206 445 2261 pacem
489 2190 705 2263 populo
748 2195 871 2261 tuo,
916 2207 1089 2261 quem
1134 2189 1381 2262 pretiosa
1414 2188 1703 2244 nativitate

123 2283 347 2353 viviﬁcas;
388 2287 443 2339 et
488 2284 772 2357 passionis
802 2284 1101 2340 tolerantia
1138 2301 1171 2338 a
1204 2286 1391 2339 morte
1429 2286 1703 2354 perpetua

123 2378 375 2433 redemisti.
414 2381 618 2435 Amen.

171 2472 343 2527 Tribue
360 2472 437 2528 eis
452 2473 521 2529 de
543 2473 817 2529 thesauro
835 2477 936 2528 tuo
956 2471 1349 2527 indeﬁcientes
1370 2469 1592 2526 divitias
1608 2470 1705 2525 bo-

120 2565 289 2636 nitatis,
324 2568 472 2638 reple
504 2584 602 2623 eos
647 2567 906 2635 scientia,
951 2570 1017 2621 ut
1051 2564 1362 2637 impollutis
1390 2564 1605 2620 actibus
1647 2571 1703 2620 et

119 2676 232 2731 puro
254 2660 405 2717 corde
425 2666 740 2733 sequantur
757 2665 813 2717 te
834 2661 1038 2716 ducem
1051 2658 1310 2731 justitite,
1334 2674 1506 2730 quem
1532 2675 1699 2713 suum

120 2761 415 2824 cognoscunt
436 2756 733 2811 factorem.
764 2758 966 2810 Amen.

172 2848 223 2903 Et
242 2846 371 2906 sicut
392 2849 452 2905 in
481 2849 684 2906 diebus
717 2848 826 2904 illis
857 2847 1251 2904 advenientem
1288 2852 1344 2903 te
1382 2848 1443 2902 in
1485 2848 1699 2902 mundo

115 2941 302 3010 perﬁdia
327 2944 552 2999 Herodis
580 2943 825 3015 expavit,
856 2946 913 2997 et
939 2941 1110 3014 periit
1134 2958 1235 2996 rex
1263 2941 1474 3013 impius
1498 2958 1534 2995 a
1559 2941 1699 2996 facie

116 3033 247 3106 Regis
266 3038 482 3109 magni;
518 3038 601 3094 ita
627 3054 781 3092 nunc
823 3035 1092 3109 praesenti
1128 3039 1388 3106 tempore
1427 3034 1701 3090 celebrata
1734 3048 1741 3057 '

114 3129 405 3186 sollemnitas
427 3135 792 3202 peccatorum
815 3134 1079 3186 nostrum
1103 3128 1286 3184 vincla
1312 3128 1595 3184 dissolvat.

113 3224 273 3280 Amen.

163 3318 221 3372 Ut
241 3335 359 3374 cum
383 3319 595 3375 iterum
613 3318 683 3373 ad
702 3316 1083 3390 judicandum
1118 3316 1359 3387 veneris,
1405 3317 1598 3372 nullus
1625 3333 1695 3372 ex

110 3410 239 3467 nobis
269 3418 389 3469 ante
422 3413 673 3469 tribunal
697 3416 864 3468 tuum
891 3428 1021 3466 reus
1056 3415 1358 3483 appareat;
1409 3411 1505 3467 sed
1526 3452 1540 3478 ,
1581 3411 1695 3466 dis-

111 3520 238 3559 cussa
278 3507 340 3562 de
387 3506 714 3579 pectoribus
755 3505 961 3560 nostris
1009 3503 1254 3575 caligine
1295 3503 1660 3559 tenebrarum
1679 3545 1694 3573 ,
1774 3530 1783 3537 κ

110 3598 379 3669 placeamus
402 3600 732 3673 conspectui
762 3603 864 3654 tuo
881 3640 895 3669 ,
923 3603 981 3655 et
1017 3596 1415 3669 pervenianius
1439 3598 1510 3653 ad
1543 3598 1696 3652 illam

109 3698 276 3749 terram
322 3712 487 3768 quam
541 3694 722 3750 sancti
777 3692 861 3748 tui
905 3692 964 3748 in
1013 3692 1271 3765 requiem
1329 3691 1700 3764 possidebunt

111 3792 353 3845 eternam.
375 3793 577 3845 Amen.

583 3891 704 3940 Post
728 3888 1174 3940 communionem.

160 3975 271 4033 Cibo
289 3977 494 4033 easiesti
523 3976 792 4048 saginati,
824 3980 881 4031 et
912 3975 1116 4047 poculo
1158 3974 1359 4030 aeterni
1391 3974 1576 4029 calicis
1600 3990 1696 4030 re-
1748 3980 1755 3989 ‘

107 4072 261 4141 creati,
288 4072 479 4127 fratres
505 4069 803 4140 carissimi,
846 4069 1086 4124 Domino
1116 4070 1230 4124 Deo
1270 4072 1466 4125 nostro
1504 4068 1699 4125 laudes

108 4168 150 4217 et
173 4164 352 4234 gratias
378 4164 768 4221 indesinenter
791 4180 1047 4235 agamus,
1087 4167 1343 4235 petentes
1383 4168 1449 4218 ut
1478 4164 1577 4235 qui
1605 4179 1695 4218 sa-

108 4265 415 4315 crosanctum
451 4275 660 4331 corpus
690 4257 913 4312 Domini
942 4256 1121 4313 nostri
1144 4258 1277 4312 Jesu
1299 4257 1505 4312 Christi
1528 4257 1696 4329 spiri-

108 4350 256 4407 taliter
275 4353 632 4426 sumpsimus,
665 4351 824 4408 exuti
849 4368 883 4405 a
908 4350 1227 4407 carnalibus
1271 4350 1443 4420 vitiis,
1469 4350 1696 4422 spirita-

107 4442 169 4497 les
191 4445 320 4502 efﬁci
341 4462 683 4503 mereamur.
724 4447 832 4501 Per
870 4445 1176 4501 Dominum
1217 4449 1479 4501 nostrum
1506 4446 1699 4501 Jesum

109 4535 275 4593 Filium
292 4558 472 4598 suum.

590 4633 840 4687 Collectio
865 4632 1116 4697 sequitur.

159 4725 227 4782 Sit
239 4729 418 4801 nobis,
461 4731 734 4801 Domine,
779 4743 1140 4802 quaesumus,
1170 4726 1452 4783 medicina
1490 4728 1696 4783 mentis

103 4823 148 4872 et
168 4825 411 4896 corporis,
447 4825 601 4898 quod
643 4825 713 4880 de
750 4822 931 4879 sancti
968 4821 1160 4877 altaris
1194 4822 1280 4876 tui
1303 4821 1697 4877 benedictione

102 4916 403 4988 percipimus
421 4962 434 4989 ,
474 4925 541 4975 ut
580 4918 751 4975 nullis
795 4916 1227 4973 adversitatibus
1271 4915 1694 4988 opprimamur,

103 5007 180 5075 qui
204 5013 331 5067 tanti
358 5012 595 5069 remedii
634 5010 1063 5085 participatione
1104 5009 1420 5065 munimur.
1448 5011 1555 5065 Per
1584 5011 1695 5065 Do-

104 5099 285 5159 minam
307 5112 561 5163 nostrum
580 5108 771 5163 Iesum
796 5105 1088 5160 Christum
1116 5104 1322 5159 Filium
1350 5109 1535 5161 tuum.

102 5261 250 5323 forsan
291 5272 457 5327 etiam
494 5273 556 5327 in
602 5271 879 5327 Gallicano
919 5272 997 5327 sic
1045 5269 1235 5327 efferri
1260 5270 1552 5326 solebant:
1587 5273 1696 5326 Hoc

103 5341 308 5416 est_enim
348 5360 539 5416 corpus
576 5359 771 5405 meum,
797 5344 954 5416 quod
981 5358 1084 5413 pro
1112 5343 1261 5398 vobis
1303 5344 1694 5411 confringetur.

155 5409 271 5486 Qum
294 5409 463 5486 verba
490 5432 557 5470 ex
582 5409 849 5486 Apostolo
874 5409 1174 5485 desumpta
1192 5418 1343 5486 sunt,
1361 5409 1569 5486 nempe
1587 5429 1695 5486 exr

101 5476 161 5558 at}
194 5480 515 5558 Corinthios,
572 5476 697 5558 cap.
747 5502 808 5554 ιι,
868 5486 958 5553 24,
1003 5476 1246 5558 κλῶμενᾳν
1291 5476 1351 5539 in
1399 5476 1573 5558 Greco
1611 5484 1694 5539 1e-

148 5553 244 5622 ιω,
280 5555 337 5611 id
378 5564 464 5613 est
498 5553 972 5628 quod‘frangitur,
1021 5557 1083 5611 in
1111 5553 1383 5628 'Vulgata,
1422 5556 1692 5628 tradetur.

156 5626 547 5701 {emadmodum
572 5645 704 5684 vero
731 5626 862 5701 past
881 5631 1112 5686 Sanctus
1143 5628 1201 5682 in
1228 5626 1335 5682 lioc
1357 5627 1553 5682 ordine
1583 5626 1693 5681 Go-

102 5686 409 5773 μύω-*δοιαὶ
444 5706 701 5773 repetere
732 5686 1003 5757 sacerdos
1051 5716 1065 5754 :
1122 5701 1256 5757 Vere
1294 5704 1534 5773 sanctus,
1574 5713 1697 5755 vere

246 5770 396 5839 leuis;
446 5770 530 5829 sic
579 5778 636 5830 et
684 5778 812 5848 post
835 5776 1140 5897 utramque
1174 5770 1691 5837 consecrationem,

246 5856 257 5894 :
299 5844 420 5897 Hac
452 5848 863 5897 quotiescunque
890 5846 1034 5897 fecer
1058 5846 1147 5897 tis.
1169 5845 1227 5897 in
1252 5845 1359 5897 mei
1382 5844 1691 5897 memoriam

105 5829 257 5894 dicto:
299 5829 420 5900 Hac
452 5829 863 5916 quotiescunque
889 5829 1147 5914 feceritis,
1169 5845 1227 5899 in
1252 5845 1359 5899 mei
1382 5829 1695 5899 memoriam

1172 291 1258 347 DE
1298 289 1611 348 LlTURGlA
1650 291 2026 349 GALLICANA
2062 291 2260 348 LIBER
2301 288 2391 347 lll.

134 405 261 458 Patre
304 404 356 456 et
395 400 600 473 Spiritu
644 405 838 457 sancto
880 400 1019 456 vivis
1057 405 1116 456 et
1153 418 1357 473 regnas
1407 401 1467 456 in
1514 402 1704 458 smcul.
1729 415 1789 487 Α

3341 290 3443 351 230

1963 403 2026 457 V.
2066 417 2212 458 oano
2253 416 2426 458 κιεελς
2464 417 2517 457 IN
2558 416 2761 457 sum;
2800 414 2989 458 SANCTl
3028 415 3287 459 STEPHANI

2381 488 2852 530 PROTOMARTYRIS.

2489 566 2774 618 Praefatio".

1877 656 2269 712 Venerabilem
2313 661 2484 728 atque
2535 657 2839 714 sublimem
2890 660 3197 718 beatissimi
3246 668 3442 735 proto-

1804 750 2070 822 martyris
2125 750 2399 821 Stephani
2456 750 2776 822 passionem
2836 754 3007 811 hodie
3057 756 3441 828 celebrantes,

1805 844 1984 898 Deum
2009 848 2347 915 martyrum,
2375 844 2577 900 fratres
2615 846 2907 919 carissimi,
2948 849 3340 921 deprecemur,
3380 856 3446 907 ut

1805 937 1950 992 sicut
1966 937 2052 991 illi
2073 937 2549 1010 contemplatione
2568 939 2903 996 meritorum
2919 959 3157 999 suorum
3176 962 3443 1001 coronam

1805 1031 1940 1086 dare
1970 1031 2236 1102 dignatus
2264 1037 2367 1101 est,
2409 1032 2572 1086 nobis
2598 1049 2825 1106 quoque
2853 1035 3242 1105 plenissimam
3271 1039 3442 1095 mise-

1805 1124 2127 1195 ricordiam,
2159 1124 2335 1197 ipsius
2361 1126 2622 1197 precibus
2647 1126 2846 1199 ilexus,
2874 1129 2935 1184 in
2956 1131 3219 1187 omnibus
3237 1132 3446 1205 largia-

1805 1223 1919 1274 tur.
1948 1220 2052 1274 Per
2078 1219 2384 1275 Dominum
2413 1224 2676 1275 nostrum
2699 1222 2893 1278 Jesum
2922 1224 3209 1282 Christum
3238 1227 3443 1284 Filium

1806 1328 1972 1367 suum
1982 1353 1994 1367 .

2358 1384 2609 1436 Collectio
2642 1385 2892 1450 sequitur.

1880 1469 1928 1543 1
1946 1469 2071 1542 94
2112 1470 2277 1539 Deus,
2322 1469 2422 1541 qui
2454 1474 2647 1525 sancto
2676 1471 2965 1544 Stephano
2992 1474 3233 1547 martyri
3263 1479 3358 1530 tuo
3384 1481 3443 1531 et

1807 1563 2194 1635 principatum
2224 1562 2283 1616 in
2315 1562 2663 1631 ministerio,
2694 1568 2751 1618 et
2781 1565 3104 1637 principem
3133 1567 3192 1621 in
3225 1572 3439 1640 marty-

1804 1656 1891 1712 rio
1919 1657 2154 1729 [locum]
2188 1656 2500 1724 contulisti,
2536 1657 2673 1711 dum
2704 1658 2872 1713 nobis
2900 1660 3081 1715 sancti
3121 1661 3238 1715 diei
3276 1662 3443 1733 hujus

1726 1788 1782 1860 B
1807 1751 2177 1807 festivitatem
2204 1768 2308 1823 pro
2331 1751 2453 1822 ejus
2473 1752 2561 1805 vel
2589 1755 3173 1823 commemoratione,
3204 1756 3291 1810 vel
3322 1773 3447 1828 pas-

1807 1845 1968 1900 sione
1992 1845 2241 1912 donasti,
2266 1845 2491 1912 exaudi,
2513 1862 2863 1916 quaesumus,
2894 1849 3178 1920 supplices
3206 1850 3443 1905 familite

1806 1943 1919 1993 tua:
1940 1956 2176 2011 preces;
2209 1937 2374 1992 nobis
2405 1938 2527 2008 ejus
2547 1939 2837 2009 peculiare
2867 1942 3201 2011 praesidium
3232 1943 3441 2012 tribue,

1807 2032 1966 2103 cujus
1992 2048 2097 2104 pro
2125 2030 2376 2086 inimicis
2408 2047 2472 2083 ac
2498 2032 2895 2101 peccatoribus
2921 2051 3121 2105 preces
3150 2036 3443 2106 piissimus

1807 2126 2147 2197 aceeptasti;
2193 2124 2380 2179 tribue
2427 2124 2603 2179 etiam
2653 2128 2716 2179 ut
2759 2144 2864 2197 pro
2894 2128 3058 2182 nobis
3098 2128 3444 2185 intercessor

1806 2219 2027 2288 existat,
2057 2218 2154 2290 qui
2186 2236 2289 2290 pro
2319 2219 2435 2273 suis
2459 2221 2920 2290 persecutoribus
2951 2222 3304 2293 supplicavit.
3333 2225 3443 2279 Per

1805 2313 2120 2368 Dominum
2166 2316 2428 2367 nostrum
2464 2314 2656 2367 Jesum
2685 2313 2974 2369 Christum
3007 2315 3212 2370 Filium
3250 2320 3436 2385 tuum,

1806 2406 1901 2479 qui
1925 2411 2115 2462 tecum
2144 2406 2346 2461 beatus
2375 2406 2528 2461 vivit.

2287 2505 2539 2556 Collectio
2566 2509 2684 2570 post
2706 2506 2936 2557 nomina.

1874 2592 2257 2663 Omnipotens
2279 2592 2633 2663 sempiterne
2662 2593 2831 2661 Deus,
2857 2591 3315 2664 quiSanctorum
3334 2594 3439 2651 vir-

1802 2690 1922 2740 tute
1945 2686 2245 2758 multiplici
2262 2686 2526 2741 Ecclesiae
2541 2689 2653 2741 tua:
2671 2704 2895 2741 sacrum
2911 2704 3117 2761 corpus
3130 2706 3434 2760 exornans,

1802 2779 2088 2851 primitias
2140 2784 2460 2851 martyrum
2507 2779 2740 2851 gloriosi
2802 2782 2985 2836 levita:
3027 2782 3111 2836 tui
3161 2784 3437 2856 Stephani

1802 2870 2083 2941 sanguine
2117 2868 2411 2936 dedicasti,
2446 2869 2519 2923 da
2551 2869 2716 2924 nobis
2748 2870 2903 2925 diem
2945 2872 3151 2927 natalis
3183 2873 3305 2944 ejus
3341 2875 3439 2930 ho-

1802 2979 1942 3017 nore
1969 2962 2257 3035 praecipuo
2286 2962 2597 3031 celebrare,
2632 2962 2769 3033 quia
2798 2981 2913 3018 non
2953 2964 3272 3021 diffidimus
3300 2985 3431 3023 eum

1800 3057 2065 3111 ﬁdelibus
2090 3056 2199 3110 tuis
2224 3072 2391 3128 posse
2424 3056 2747 3128 suffragari,
2772 3058 2871 3128 qui
2891 3058 3197 3114 dominicae
3228 3062 3431 3117 carita-

1716 3165 1771 3238 C
1798 3151 1869 3205 tis
1893 3151 2168 3218 imitator,
2193 3149 2370 3204 etiam
2396 3167 2500 3221 pro
2531 3150 2645 3204 suis
2668 3153 3130 3222 persecutoribus
3150 3155 3430 3227 supplica-

1795 3245 1891 3299 vit.
1910 3244 2135 3312 Tribue,
2151 3261 2501 3316 quazsumus,
2516 3261 2621 3316 per
2641 3245 3029 3301 interventum
3049 3247 3245 3319 ipsius,
3276 3254 3338 3303 ut
3358 3250 3435 3304 vi-

1796 3343 1995 3394 ventes
2012 3340 2275 3407 salutem,
2292 3339 2547 3393 defuncti
2560 3339 2822 3410 requiem
2835 3345 3264 3413 consequantur
3275 3346 3436 3399 aeter-

1798 3450 1954 3488 nam.
1987 3435 2199 3489 Praesta
2231 3450 2336 3505 per
2364 3432 2676 3488 Dominum
2711 3438 2969 3489 nostrum
3006 3435 3209 3491 Filium
3247 3440 3408 3492 tuum

2345 3530 2593 3580 Collectio
2618 3530 2684 3580 ad
2713 3545 2917 3595 pacem.
3416 3505 3431 3520 O

1870 3616 2018 3671 Deus
2045 3615 2296 3670 caritatis
2323 3615 2598 3683 indultor,
2632 3616 2782 3670 Deus
2813 3617 3191 3689 indulgentiae
3222 3637 3427 3676 mune-

1799 3714 1975 3777 rator,
2005 3710 2102 3781 qui
2133 3712 2331 3764 sancto
2361 3708 2600 3780 martyri
2625 3712 2721 3763 tuo
2742 3710 3045 3782 Stephano
3077 3712 3134 3766 in
3165 3714 3430 3784 passione

1802 3804 2037 3874 largitus
2058 3820 2118 3857 es
2140 3806 2201 3857 ut
2222 3803 2469 3857 imbrem
2499 3802 2758 3873 lapidum
2785 3805 3104 3859 clementer
3123 3807 3429 3878 exciperet,

1800 3902 1858 3952 et
1880 3915 1983 3970 pro
2014 3896 2401 3969 lapidantibus
2417 3895 2780 3967 supplicaret,
2812 3897 3089 3968 pietatem
3108 3903 3288 3970 tuam,
3317 3903 3428 3957 Do-

1798 3992 1976 4058 mine,
2009 3990 2259 4045 subnixis
2286 3990 2548 4061 precibus
2574 4006 2896 4057 exoramus,
2917 3994 2979 4045 ut
3004 3992 3143 4047 dum
3163 3996 3431 4067 martyris

1798 4086 1879 4141 tui
1905 4085 2235 4157 passionem
2266 4083 2592 4152 recolimus,
2622 4101 2727 4155 per
2752 4084 3227 4142 intercessionem
3257 4089 3432 4161 ipsius

1799 4180 1953 4252 pacis
1979 4179 2346 4234 securitatem
2374 4195 2503 4233 cum
2525 4182 2895 4250 peccatorum
2917 4184 3245 4237 nostrorum
3266 4185 3433 4243 venia

1799 4274 2072 4346 consequi
2094 4290 2443 4328 mereamur.
2471 4274 2579 4327 Per
2602 4272 2915 4328 Dominum
2952 4279 3213 4331 nostrum
3237 4279 3430 4335 Iesum

1800 4368 2087 4425 Christum
2117 4367 2321 4422 Filium
2350 4371 2535 4434 tuum,
2565 4366 2662 4438 qui
2688 4370 2898 4423 tecum.

2352 4464 2669 4515 Contestatio
2704 4464 2892 4515 missae.

1714 4542 1774 4615 D
1867 4552 2120 4625 Dignum
2165 4554 2223 4606 et
2247 4550 2469 4622 justum
2501 4554 2605 4619 est,
2634 4567 2868 4623 aequum
2909 4555 2967 4606 et
3000 4551 3223 4624 justum
3265 4557 3350 4610 est
3376 4558 3430 4612 te

1797 4647 2053 4714 laudare,
2084 4649 2256 4718 teque
2280 4644 2646 4715 benedicere,
2680 4645 2782 4699 tibi
2811 4646 3027 4718 gratias
3042 4646 3434 4719 agere,omni-

1797 4745 2003 4815 potens
2033 4739 2383 4812 sempiterna
2412 4740 2583 4794 Deus.
2627 4738 2734 4802 Qui
2761 4740 3025 4810 gloriaris
3055 4742 3115 4797 in
3146 4748 3433 4801 conventu

1798 4839 2128 4892 sanctorum
2148 4837 2398 4901 tuorum,
2419 4849 2562 4904 quos
2584 4836 2717 4886 ante
2738 4834 2943 4889 mundi
2960 4836 3431 4895 constitutionem

1797 4931 2132 5002 praeelectos
2161 4926 2405 4999 spiritali
2434 4926 2494 4980 in
2537 4926 2856 4981 caelestibus
2902 4928 3308 4989 benedictione
3358 4935 3429 4988 si-

1799 5024 2008 5096 gnasti,
2037 5038 2296 5094 quosque
2327 5019 2635 5091 Unigenito
2680 5024 2778 5075 tuo
2826 5038 2932 5093 per
2964 5023 3433 5098 adsumptionem

1798 5118 1987 5175 carnis
2004 5120 2062 5172 et
2081 5116 2262 5171 crucis
2272 5113 2735 5185 redemptionem
2750 5115 2998 5186 sociasti,
3012 5118 3072 5173 in
3085 5120 3290 5192 quibus
3306 5120 3431 5194 Spi.

1793 5263 2031 5333 facietis,
2057 5254 2117 5313 id
2146 5260 2497 5330 protestetur
2531 5257 2727 5333 dicens
2756 5276 2767 5313 :
2796 5262 3094 5317 Recolimus
3129 5266 3432 5333 passionem

1798 5332 1967 5390 tuam.
2016 5333 2219 5402 Corpus
2268 5334 2485 5384 tuum...
2510 5332 2911 5402 confractum;
2955 5332 3177 5402 sanguis
3216 5339 3433 5389 sanctus

1796 5412 1985 5463 tuus...
2016 5401 2211 5472 e/ﬁisus
2237 5405 2334 5465 est,
2373 5401 2529 5473 quod
2558 5402 2770 5473 repetit
2798 5419 2865 5456 ex
2904 5401 3092 5458 verbis
3140 5420 3431 5460 consecra-

1796 5476 1988 5533 tionis.

1867 5560 1886 5581 ε’
1922 5548 2019 5602 Hic
2041 5545 2154 5601 alio
2176 5544 2351 5601 modo
2376 5544 2621 5599 sumitur
2645 5545 2933 5614 Praefatio,
2958 5561 3133 5614 quam
3159 5547 3221 5603 in
3249 5548 3433 5603 Missa-

1794 5621 1943 5692 libus
1991 5617 2201 5692 nostris
2244 5616 2525 5692 vulgatis,_
2546 5616 2643 5692 ubi
2673 5616 2940 5692 Praefatio
2968 5616 3267 5692 Canonem
3292 5635 3431 5692 prte-

1795 5691 1967 5759 cedit,
1999 5689 2093 5744 hic
2116 5688 2306 5761 prima
2329 5686 2643 5743 sacerdotis
2664 5686 2876 5761 oratio,
2913 5703 3027 5759 qua
3055 5686 3426 5748 circnma—tan.

1793 5757 2158 5820 tium’aninii
2185 5761 2586 5834 praeparantur
2609 5758 2684 5813 ad
2713 5757 2972 5816 missam.
