3968 6224
457 308 568 364 231

1260 306 1593 364 ΑΡΡΕΝΒΙΧ
1630 307 1718 362 AD
1753 305 1976 361 OPERA
2013 304 2116 360 SA!

2230 303 2247 358 l
2283 302 2582 360 GERMANI
2621 301 3052 360 PARISIENSIS.

3739 302 3841 356 232

469 416 649 471 ritum
688 417 852 471 tuum
882 416 1144 471 sanctum
1172 431 1420 487 regnare
1451 414 1654 481 fecisti,
1689 430 1793 485 per
1823 430 1997 485 quem
2033 412 2108 467 ad
2128 426 2187 498 Α
2208 412 2471 483 martyrii
2492 394 2601 467 nos
2622 411 2971 466 desiderium
2996 407 3209 464 amoris
3234 406 3319 463 sui
3346 407 3482 479 igne
3509 405 3843 474 succendat,

470 509 655 565 felicis
667 509 928 581 martyrii
948 510 1193 580 gloriam
1206 508 1435 580 pietatis
1456 511 1568 561 tua:
1590 508 1784 562 favore
1802 510 2103 562 venerunt.

474 604 658 674 Digne
689 603 865 675 igitur
885 603 1007 669 tibi,
1038 602 1284 657 Domine
1316 601 1609 668 virtutum,
1636 601 1781 655 festa
1811 600 2103 655 sollemni-

472 702 563 751 tas
600 697 827 768 agitur;
868 696 974 750 tibi
1014 696 1135 749 haec
1180 695 1302 749 dies
1347 697 1571 749 sacrata
1609 694 1951 761 celebratur,
1996 710 2109 765 qua

470 790 630 845 beati
659 790 936 862 Stephani
976 788 1149 861 primi
1174 788 1444 859 martyris
1484 788 1566 842 tui
1596 787 1851 859 sanguis,
1898 787 1956 841 in
1993 790 2107 840 tua;

471 884 728 939 veritatis
750 882 1081 939 testimonio
1108 882 1396 953 profusus,
1436 881 1813 953 magniﬁcum
1856 880 2110 936 nominis

470 978 559 1032 tui
595 979 879 1033 honorem
918 976 1182 1047 signavit.
1219 976 1318 1030 Hic
1362 978 1449 1029 est
1476 975 1635 1030 enim
1667 975 1817 1030 illius
1856 974 2109 1031 nominis

472 1071 696 1143 primus
725 1071 1018 1125 confessor
1048 1070 1205 1142 quod
1245 1072 1331 1123 est
1367 1086 1540 1140 supra
1569 1085 1742 1124 omne
1774 1085 2012 1136 nomen,
2049 1067 2107 1121 in

475 1180 590 1236 quo
617 1164 847 1219 unicum
874 1164 1072 1219 salutis
1104 1162 1153 1236 1
1171 1161 1296 1236 95
1328 1167 1539 1218 nostra:
1562 1162 1914 1234 prmsidium,
1942 1163 2111 1216 Pater

475 1261 709 1325 aeterne,
738 1257 994 1329 posuisti.
1028 1257 1127 1312 Hic
1157 1257 1215 1311 in
1244 1257 1495 1312 Ecclesia
1520 1260 1620 1311 tua
1651 1273 1828 1327 quam
1854 1255 2105 1327 splendi-

476 1350 616 1406 dum
669 1352 743 1406 ad
790 1354 1127 1406 cunctorum
1183 1350 1408 1407 animos
1466 1349 1896 1406 conﬁrmandos
1929 1349 2109 1403 unicae

472 1445 661 1501 laudis
714 1446 1005 1517 praecessit
1044 1445 1412 1517 exemplum!
1456 1444 1554 1499 Hic
1599 1447 1730 1515 post
1781 1443 2110 1515 passionem

475 1538 707 1594 Domini
726 1537 907 1594 nostri
930 1540 1061 1595 Iesu
1077 1538 1305 1607 Christi,
1328 1538 1583 1593 victoriae
1611 1539 1866 1609 palmam
1891 1537 2111 1609 primus

476 1630 702 1687 invasit.
736 1631 833 1687 Hic
862 1636 924 1687 ut
952 1632 1176 1688 levitico
1208 1632 1530 1689 ministerio
1561 1649 1666 1704 per
1686 1631 1963 1703 Spiritum
1985 1647 2112 1685 san-

479 1731 634 1781 ctum
666 1726 737 1781 ab
784 1727 1056 1798 apostolis
1094 1730 1458 1782 consecratus
1506 1729 1610 1793 est,
1644 1726 1810 1781 niveo
1859 1724 2110 1779 candore

2209 505 2260 577 1
2276 504 2401 579 96
2423 506 2658 578 ejusque
2680 505 3000 561 imitatores
3021 503 3252 570 efﬁciat,
3277 502 3373 573 qui
3396 518 3514 557 non
3534 502 3725 557 solum
3745 517 3845 572 pro

2207 599 2293 653 sui
2339 599 2541 670 gloria,
2587 616 2785 653 verum
2831 598 3004 653 etiam
3052 614 3156 669 pro
3203 595 3479 667 exemplis
3509 594 3847 650 eruditionis

2208 695 2419 747 nostra:
2441 692 2765 751 passionem
2791 692 3077 747 sustinuit.
3092 692 3161 745 Et
3185 690 3275 745 cui
3300 690 3566 745 conferre
3580 688 3849 761 dignatus

2209 788 2295 839 est
2334 785 2391 839 in
2440 786 2705 857 passione
2751 786 3040 852 virtutem,
3088 782 3487 838 intercedendi
3527 799 3636 855 pro
3685 782 3849 837 nobis

2207 878 2423 934 tribuat
2470 881 2803 935 facultatem
2829 897 2842 947 ;
2872 883 2930 933 et
2975 878 3297 934 orationem
3326 894 3501 949 quam
3531 876 3846 949 praecipere

2211 972 2481 1043 dignatus
2503 977 2607 1041 est,
2639 973 2829 1028 dicere
2854 973 2975 1028 sine
2998 972 3364 1028 cunctatione
3393 970 3718 1043 permittat.
3746 971 3846 1025 Pa-

2210 1068 2300 1120 ter
2324 1070 2540 1121 noster.

2627 1161 2751 1212 Post
2765 1160 3056 1212 orationem
3080 1159 3425 1209 Dominicam.

2282 1244 2487 1299 Libera
2535 1263 2639 1301 nos
2672 1264 2705 1302 a
2737 1248 2914 1313 malo,
2964 1245 3333 1317 omnipotens
3359 1246 3529 1311 Deus,
3579 1247 3640 1298 et
3664 1242 3848 1297 tribue

2211 1337 2376 1392 nobis
2421 1340 2770 1411 supplicibus
2798 1340 2910 1395 tuis
2949 1343 3070 1394 tam
3110 1342 3443 1411 promptum
3484 1354 3590 1409 pro
3626 1336 3848 1391 Christo

2210 1434 2309 1485 tuo
2343 1432 2416 1485 ad
2444 1433 2785 1504 patiendum
2813 1434 3093 1501 animum,
3129 1436 3190 1487 ut
3221 1432 3553 1504 probemur,
3582 1448 3704 1486 non
3750 1446 3850 1485 nos

2210 1513 2509 1598 martyrio,
2541 1527 2640 1582 sed
2674 1527 2838 1583 nobis
2864 1526 3112 1582 defuisse
3140 1526 3501 1598 martyrium.
3531 1527 3660 1580 Per.

2759 1642 3059 1694 Benedictio
3086 1642 3288 1708 populi.

2282 1717 2450 1795 Deus,
2498 1729 2596 1801 qui
2626 1732 2755 1784 tuos
2788 1732 3073 1801 martyres
3103 1728 3183 1783 ita
3226 1727 3449 1784 vinxisti
3483 1727 3749 1794 caritate,
3794 1730 3851 1780 ut

479 1822 784 1877 confestim
833 1818 1087 1888 emicuit,
1134 1820 1393 1892 martyrii
1434 1836 1634 1875 cruore
1682 1836 2021 1890 purpureus.
2069 1817 2113 1873 Ο
2134 1808 2191 1881 Β
2215 1838 2320 1893 pro
2345 1826 2402 1877 te
2430 1823 2604 1878 etiam
2637 1822 2785 1878 mori
2810 1825 3106 1895 cuperent,
3140 1838 3211 1877 ne
3244 1822 3518 1895 perirent.
3548 1822 3761 1875 Amen.
3790 1821 3853 1875 Et

478 1914 849 1969 benedictum
874 1914 1119 1969 Abrahae
1146 1931 1367 1982 semen,
1400 1913 1726 1985 apostolicae
1750 1913 2027 1968 doctrinas
2057 1915 2115 1966 et
2212 1916 2447 1971 beatum
2475 1917 2835 1988 Stephanum
2886 1916 2943 1970 in
2983 1900 3344 1971 confessione
3385 1916 3465 1970 ita
3507 1913 3849 1969 succendisti

482 2006 786 2064 dominica:
831 2007 1013 2062 crucis
1064 2007 1222 2079 prior
1252 2007 1511 2063 omnium
1557 2008 1741 2062 factus
1771 2006 2029 2061 imitator
2057 2009 2115 2060 et
2213 2010 2347 2077 ﬁde,
2369 2014 2430 2065 ut
2448 2011 2699 2065 imbrem
2721 2010 2979 2082 lapidum
2999 2027 3115 2065 non
3133 2010 3384 2066 timeret.
3408 2012 3616 2063 Amen.
3635 2007 3851 2062 Exaudi

480 2100 675 2156 testis!
702 2100 899 2156 Merito
930 2101 1099 2156 caelos
1129 2104 1359 2173 apertos
1384 2101 1542 2168 vidit,
1576 2103 1635 2154 et
1650 2102 1844 2155 Iesum
1866 2102 2111 2154 stantem
2214 2121 2445 2175 precem
2475 2104 2706 2159 familim
2740 2107 2850 2159 tua:
2881 2104 3155 2159 amatoris
3200 2103 3351 2158 inter
3388 2104 3535 2158 festa
3578 2102 3854 2174 plauden-

478 2194 555 2250 ad
576 2194 869 2250 dexteram
890 2194 1009 2249 Dei.
1036 2194 1216 2266 Digne
1240 2194 1415 2266 igitur
1442 2212 1507 2249 ac
1526 2194 1680 2266 juste
1700 2195 1874 2248 talem
1902 2192 2006 2246 sub
2032 2192 2113 2246 tui
2216 2201 2354 2252 tem.
2382 2200 2587 2253 Amen.
2619 2199 2869 2253 Accedat
2898 2199 2972 2253 ad
2996 2201 3051 2253 te
3078 2214 3183 2253 vox
3210 2197 3307 2252 illa
3336 2180 3712 2252 intercedens
3752 2212 3851 2268 pro

479 2289 731 2344 nominis
771 2287 1129 2343 confessione
1174 2287 1478 2343 laudamus
1522 2286 1891 2359 omnipotens
1944 2288 2112 2351 Deus,

481 2400 654 2456 quem
676 2382 750 2437 ad
771 2385 992 2437 tantam
1018 2381 1263 2453 gloriam
1285 2398 1488 2436 vocare
1513 2380 1782 2452 dignatus
1803 2398 1881 2434 es.
1899 2380 2112 2436 Suffra-

483 2478 579 2549 gia
595 2478 718 2548 ejus
735 2476 899 2531 nobis
916 2492 1019 2546 pro
1036 2478 1135 2529 tua
1153 2475 1369 2546 pietate
1400 2475 1672 2529 concede.
1706 2474 1853 2529 Talis
1878 2491 1981 2545 pro
2009 2474 2115 2527 hac

482 2571 649 2642 plebe
676 2572 961 2641 precetur,
998 2569 1231 2639 qualem
1257 2568 1418 2622 illum
1441 2571 1571 2639 post
1600 2568 1860 2639 trophaea
1887 2567 2119 2622 venien-

480 2666 602 2717 tem
632 2661 890 2716 exultans
934 2660 1189 2717 Christus
1238 2660 1476 2733 excepit.
1513 2660 1594 2715 Illi
1635 2678 1738 2732 pro
1772 2661 1937 2716 nobis
1970 2660 2117 2715 oculi

479 2756 881 2824 sublimentur,
911 2756 1009 2827 qui
1036 2755 1221 2810 adhuc
1249 2756 1307 2809 in
1339 2756 1446 2810 hoc
1474 2755 1676 2810 mortis
1703 2772 1942 2827 corpore
1979 2771 2113 2810 con-

485 2850 684 2917 stituti,
714 2852 961 2904 stantem
990 2849 1065 2903 ad
1106 2849 1403 2904 dexteram
1447 2848 1630 2903 Patris
1669 2848 1874 2903 Filium
1921 2847 2023 2902 Dei
2059 2847 2117 2901 in

483 2942 608 3016 ipsa
633 2942 913 3015 passionis
934 2943 1080 2997 hora
1100 2942 1384 2996 viderunt.
1412 2943 1507 2996 Ille
1530 2959 1633 3013 pro
1649 2941 1815 2997 nobis
1838 2940 2116 3008 obtineat,

488 3036 585 3111 qui
604 3054 709 3111 pro
727 3036 1189 3110 persecutoribus
1204 3036 1338 3103 suis,
1359 3036 1498 3090 dum
1520 3036 1892 3107 lapidaretur,
1917 3035 2121 3090 orabat

487 3130 560 3187 ad
574 3134 863 3200 te,sancte
891 3131 1054 3196 Deus,
1078 3132 1246 3186 Pater
1275 3129 1664 3201 omnipotens,
1688 3147 1791 3201 per
1810 3128 2118 3183 Dominum

485 3182 748 3281 nostrum
789 3227 983 3280 Iesum
1030 3182 1317 3281 Christum
1362 3182 1566 3277 Filium
1619 3182 1803 3277 tuhm.
1856 3221 1961 3286 Qui
2014 3182 2195 3293 proC

485 3314 735 3389 peccatis
767 3314 976 3369 nostris
1007 3312 1163 3366 nasci
1210 3328 1381 3367 carne
1422 3329 1527 3384 per
1574 3312 1890 3384 Virginem,
1921 3314 1978 3365 et
2004 3310 2122 3382 pati

489 3410 758 3481 dignatus
784 3412 871 3462 est
897 3409 1166 3473 mortem,
1191 3410 1255 3460 ut
1283 3409 1567 3478 martyres
1597 3424 1728 3462 suos
1755 3423 1855 3461 suo
1884 3405 2002 3477 pati
2028 3403 2125 3459 do-

488 3506 646 3559 ceret
670 3500 951 3574 exemplo.
984 3499 1084 3556 Cui
1111 3500 1319 3555 merito
1356 3518 1558 3556 omnes
1583 3501 1778 3571 angeli
1813 3503 1985 3571 atque
2030 3516 2120 3554 ar-

488 3597 756 3669 changeli
811 3596 932 3650 sine
981 3595 1296 3650 cessatione
1360 3597 1740 3668 proclamant,
1802 3594 2059 3649 dicentes
2106 3611 2119 3649 :

489 3692 751 3757 Sanctus,
780 3691 1039 3759 Sanctus,
1073 3689 1333 3745 Sanctus.

953 3777 1202 3829 Collectio
1226 3781 1346 3843 post
1371 3779 1605 3829 Sanctus.

557 3858 700 3912 Vere
744 3857 992 3923 sanctus,
1037 3870 1170 3909 vere
1223 3854 1561 3908 benedictus
1603 3849 1881 3909 Dominus
1928 3856 2125 3909 noster

481 3957 644 4012 Iesus
674 3950 929 4006 Christus
952 3947 1291 4020 L'nigenitus
1316 3951 1465 4016 tuus,
1495 3947 1592 4019 qui
1618 3952 1936 4020 martyrem
1957 3964 2122 4002 suum

486 4046 845 4119 Stephanum
880 4043 1122 4099 cmlestis
1160 4043 1305 4099 aulae
1344 4041 1587 4113 collegio
1626 4042 1971 4109 muneravit,
2025 4042 2123 4113 qui

486 4139 743 4213 corporis
798 4138 977 4194 nostri
1028 4136 1425 4191 inﬁrmitatem
1470 4133 1737 4207 suscepit,
1787 4133 2123 4208 priusquam

484 4236 647 4309 pium
678 4234 1023 4306 sanguinem
1052 4247 1157 4302 pro
1184 4230 1438 4284 humana
1467 4230 1648 4283 salute
1679 4228 1969 4297 funderet,
2004 4246 2125 4303 my-

485 4330 724 4386 sterium
745 4343 921 4383 sacrm
953 4322 1354 4380 sollemnitatis
1382 4322 1644 4377 instituit.
1670 4325 1793 4396 Ipse
1821 4323 1977 4379 enim
2005 4325 2120 4396 pri-

486 4425 580 4482 die
613 4440 789 4496 quam
816 4421 1128 4492 pateretur.

1071 4512 1192 4561 Post
1217 4511 1539 4575 mysterium.

2216 2292 2449 2363 populo,
2482 2309 2586 2363 pro
2620 2291 2866 2347 inimicis
2902 2309 3030 2363 quas
3069 2292 3272 2347 orabat
3296 2291 3355 2346 in
3384 2291 3506 2363 ipso
3548 2291 3850 2361 martyrio.

2215 2388 2417 2440 Amen.
2447 2386 2519 2440 Ut
2559 2402 2616 2440 se
2646 2386 2966 2454 obtinente,
2995 2389 3052 2439 et
3082 2389 3138 2439 te
3185 2389 3613 2452 remunerante,
3657 2400 3857 2456 perve-

2217 2478 2339 2533 niat
2383 2480 2515 2534 illuc
2557 2479 2719 2551 plebs
2751 2479 3067 2551 adqusesita
3093 2497 3198 2551 per
3227 2479 3492 2552 gratiam,
3525 2479 3621 2533 ubi
3645 2483 3727 2545 te,
3759 2495 3858 2534 cae-

2217 2573 2284 2627 lis
2321 2573 2553 2645 apertis,
2590 2573 2707 2644 ipse
2740 2573 2879 2627 vidit
2919 2574 2976 2627 in
3010 2574 3272 2645 gloriam.
3300 2575 3504 2628 Amen.
3540 2572 3708 2637 Quod
3736 2572 3855 2644 ipse

2217 2670 2488 2739 praestare
2516 2666 2792 2739 digneris.

2630 2770 2879 2821 Collectio
2904 2773 3022 2835 post
3044 2769 3437 2821 Eucharistiam.

2289 2856 2457 2923 Deus,
2480 2855 2751 2927 perennis
2776 2857 2946 2924 salus,
2969 2856 3264 2912 beatitudo
3292 2855 3732 2924 inaestimabilis,
3764 2854 3855 2921 da,

2220 2965 2564 3020 qumsumus,
2593 2950 2862 3005 omnibus
2910 2949 3039 3018 tuis,
3076 2953 3139 3005 ut
3187 2950 3282 3022 qui
3333 2954 3531 3005 sancta
3573 2967 3637 3005 ac
3680 2950 3860 3005 beata

2219 3047 2603 3115 sumpserunt,
2639 3047 2697 3099 et
2716 3045 2896 3100 sancti
2918 3044 3137 3116 jugiter
3163 3048 3220 3099 et
3247 3044 3403 3100 beati
3430 3061 3554 3100 esse
3584 3061 3855 3100 merean-

2220 3141 2332 3193 tur.
2366 3138 2532 3203 Quod
2560 3138 2680 3210 ipse
2711 3141 2985 3211 praestare
3015 3138 3287 3210 digneris.

2738 3245 3127 3297 Consummatio
3154 3245 3343 3295 missas.

2295 3330 2515 3386 Gratias
2550 3331 2775 3403 agimus
2814 3331 2936 3399 tibi,
2966 3331 3230 3399 Domine,
3271 3330 3663 3407 multiplicatis
3708 3331 3863 3387 circa

2223 3425 2688 3481 miserationibus
2716 3425 2846 3493 tuis,
2881 3426 2978 3497 qui
3024 3429 3081 3480 et
3120 3425 3240 3481 Filii
3285 3425 3367 3480 tui
3409 3424 3708 3481 nativitate
3759 3443 3861 3481 nos

2222 3519 2425 3587 salvas,
2453 3523 2510 3573 et
2531 3519 2801 3591 martyris
2822 3519 3101 3591 Stephani
3127 3519 3533 3591 deprecatione
3550 3522 3859 3575 sustentes.

2221 3614 2332 3668 Per
2349 3610 2659 3669 Dominum
2685 3617 2943 3669 nostrum
2971 3613 3173 3668 Filium
3198 3616 3379 3668 tuum.

2318 3736 2405 3790 VI.
2448 3749 2606 3791 ηειδελ
2646 3751 2697 3791 IN
2737 3750 2939 3792 sum;
2976 3750 3371 3792 APOSTOLORL’M
3409 3734 3663 3802 Jacom‘,
3710 3749 3775 3793 ar

2899 3822 3183 3863 IOHANNIS.

2294 3900 2601 3957 Electionis
2658 3900 2971 3956 Dominicaa
3022 3902 3363 3973 praeclarum
3422 3901 3861 3969 testimonium,

2224 3996 2396 4066 atque
2433 3994 2760 4066 apostolicae
2791 3994 3257 4066 congregationis
3300 3994 3641 4049 admirabile
3685 4011 3861 4050 orna-

2223 4092 2506 4156 mentum,
2531 4092 2590 4143 et
2610 4088 2955 4160 evangelica:
2982 4088 3237 4143 veritatis
3257 4089 3481 4143 cteleste
3502 4089 3865 4160 praeconium

2225 4184 2453 4237 sanctos
2496 4182 2597 4237 Dei
2652 4183 2941 4254 apostolos
2990 4185 3050 4237 et
3104 4185 3424 4255 martyres,
3472 4182 3758 4238 Iacobum
3809 4186 3866 4238 et

2223 4274 2570 4344 Iohannem,
2600 4277 2869 4348 praesenti
2910 4278 3217 4333 festivitate
3254 4279 3619 4345 venerantes,
3653 4278 3867 4333 fratres

2226 4370 2522 4439 carissimi,
2556 4371 2800 4427 Domino
2834 4388 2898 4426 ac
2929 4373 3048 4426 Deo
3074 4374 3272 4427 nostro
3302 4371 3521 4443 pariter
3573 4372 3863 4443 supplice-

2223 4480 2370 4532 mus,
2404 4468 2467 4519 ut
2503 4465 2600 4537 qui
2641 4481 2841 4521 eorum
2867 4465 3209 4521 electionem
3236 4466 3535 4521 vocatione
3577 4483 3683 4521 sua
3715 4483 3865 4538 pra:-

557 4592 674 4647 Hoc
704 4603 844 4659 ergo
879 4582 1141 4651 facimus,
1174 4558 1439 4651 Domine,
1467 4581 1590 4639 haec
1614 4588 1903 4657 praecepta
1933 4600 2116 4639 serva-

2230 4558 2369 4625 sciit,
2393 4561 2649 4614 nostram
2682 4575 2910 4631 quoque
2936 4559 3300 4615 vocationem
3325 4558 3373 4632 1
3390 4558 3512 4633 97
3550 4576 3869 4616 munerum

476 4702 636 4751 mus,
663 4684 812 4737 hanc
859 4678 1003 4735 sacri
1032 4677 1288 4751 corporis
1325 4678 1653 4750 passionem
1686 4679 1860 4735 sacris
1902 4679 2127 4735 sollem-

2225 4669 2327 4706 sua
2380 4652 2660 4708 electione
2710 4654 3050 4721 conﬁrmet;
3081 4652 3373 4725 donetque
3423 4654 3590 4709 nobis
3640 4654 3869 4710 timoris

483 4746 655 4836 nibus
683 4776 1084 4848 praedicamus.
1115 4746 1454 4837 Quaesumus
1480 4774 1850 4846 omnipotens
1870 4775 2039 4841 Deus,
2063 4777 2127 4827 ut
2331 4747 2840 4848 Ρθνῇθνίξηξξηίᾶῐην
2865 4748 2961 4819 qui
2982 4748 3470 4848 illi5_apos_tolatus
3499 4747 3756 4819 gratiam
3779 4748 3867 4802 vel

486 4873 632 4929 sicut
668 4870 967 4925 veritatem
1013 4885 1165 4923 nunc
1211 4868 1570 4923 Sacramenti
1610 4869 1849 4923 caelestis
1892 4866 2121 4939 exequi-

481 4980 637 5034 mur,
659 4964 767 5035 ipsi
786 4961 1010 5017 veritati
1030 4961 1304 5016 dominici
1326 4962 1583 5035 corporis
1604 4979 1670 5017 ac
1694 4961 1993 5034 sanguinis
2003 4961 2119 5015 hoe-

484 5075 736 5117 reamus.
776 5059 886 5112 Per
924 5054 1235 5111 Dominum
1281 5060 1544 5113 nostrum
1592 5058 1786 5112 Iesum
1836 5055 2122 5111 Christum

482 5154 689 5210 Filium
711 5156 896 5208 tuum.
1278 5202 1285 5207 .

910 5242 1040 5291 Ante
1064 5241 1352 5292 orationem
1378 5238 1725 5290 Dominicam.

556 5318 798 5376 Gloriosi
838 5317 1022 5373 levitas
1069 5318 1345 5388 exemplis
1396 5318 1454 5369 et
1497 5311 1811 5371 beatissimi
1852 5315 2121 5389 martyris

480 5413 764 5485 Stephani
784 5411 1135 5485 magisteriis
1161 5410 1425 5478 instituti,
1456 5412 1673 5464 aeterno
1712 5409 1855 5481 Regi
1879 5413 1937 5464 et
1966 5410 2122 5465 Patri

484 5509 603 5563 Deo
620 5524 871 5579 precem,
893 5509 1117 5562 Fratres
1142 5503 1440 5570 carissimi,
1464 5520 1595 5557 cum
1618 5504 1776 5558 omni
1798 5503 2119 5558 humilitate

478 5601 814 5675 fundamus,
839 5603 903 5655 ut
923 5599 1057 5654 dato
1076 5596 1240 5654 nobis
1266 5596 1401 5651 ﬁdei
1427 5597 1616 5652 calore
1644 5598 1729 5652 vel
1751 5614 2013 5666 munere,
2049 5597 2123 5651 ad

484 5746 493 5751 υ
551 5718 578 5749 ⁸
607 5723 671 5774 In
703 5716 1063 5772 Lectionario
1089 5714 1378 5771 Gallicana
1404 5714 1624 5771 mentio
1650 5715 1716 5770 ﬁt
1743 5715 1814 5770 de
1844 5715 1964 5770 solo
1987 5730 2120 5768 san-

482 5793 575 5847 cto
622 5792 885 5855 Joanne;
933 5791 992 5841 at
1038 5788 1097 5842 in
1139 5786 1542 5859 Martyrologio
1596 5786 1924 5859 Gellonensi
1968 5785 2124 5859 apud

485 5860 874 5933 Septimanos,
899 5860 1032 5914 ante
1065 5873 1250 5914 annos
1275 5857 1604 5932 nongentos
1630 5857 1839 5929 scripto
1871 5875 1883 5912 :
1912 5874 1969 5912 vr
1994 5857 2120 5915 Kal.

2221 4840 2471 4911 Martyrii
2527 4840 2688 4895 dedit
2744 4857 3041 4897 coronam.
3088 4843 3198 4897 Per
3245 4841 3555 4897 Dominum
3596 4845 3866 4899 nostrum

2219 4934 2413 4988 Iesum
2445 4933 2732 4989 Christum
2756 4935 2959 4990 Filium
2983 4953 3170 4991 suum.

2779 5038 3027 5090 Collectio
3050 5038 3301 5103 sequitur.

2294 5122 2559 5190 Domine,
2580 5122 2675 5195 qui
2697 5122 3041 5179 beatissimis
3061 5124 3333 5196 apostolis
3346 5124 3560 5180 Iacobo
3581 5128 3647 5179 et
3657 5126 3869 5182 Iohan-

2223 5216 2282 5271 ni
2313 5216 2559 5287 gloriam
2585 5216 2847 5288 martyrii
2874 5218 3153 5274 bibitione
3175 5218 3261 5273 tui
3290 5218 3480 5275 calicis
3525 5219 3867 5291 prmdiﬁsti,

2222 5315 2285 5368 ut
2335 5312 2392 5365 et
2432 5310 2806 5366 conﬁrmares
2844 5311 3283 5383 responsionem
3320 5327 3495 5385 quam
3535 5313 3686 5369 ﬁdes
3722 5329 3870 5386 pura

2221 5410 2558 5484 protulerat,
2596 5409 2654 5461 et
2677 5406 2970 5461 conferres
3011 5405 3283 5462 virtutem
3311 5422 3487 5479 quam
3515 5407 3732 5463 caritas
3776 5407 3871 5463 de-

2221 5508 2354 5559 vota
2364 5502 2830 5575 praesumpserat,
2844 5500 2994 5554 hanc
3008 5516 3209 5555 eorum
3219 5500 3503 5571 passionis
3514 5501 3869 5557 memoriam

2223 5595 2533 5653 Ecclesiam
2564 5597 2725 5650 tuam
2755 5593 3113 5649 sollemniter
3145 5593 3541 5650 celebrantem
3580 5597 3869 5668 placatus,

2221 5716 2477 5772 Januarii
2503 5712 2777 5769 ordinatio
2806 5713 3138 5783 episcopatum
3173 5711 3362 5767 Jacobi
3394 5714 3635 5783 apostoli
3669 5716 3873 5782 fratris

2222 5788 2455 5851 Domim’,
2477 5789 2529 5840 et
2555 5785 2865 5855 Assumptio
2889 5785 3069 5839 sancti
3087 5784 3312 5839 Joannis
3338 5785 3711 5856 evangelista.
