3968 6224
127 317 231 370 233

1242 316 1328 371 DE
1363 314 1674 371 LITURGIA
1710 313 2083 370 CALLICANA
2121 314 2318 371 LIBER
2359 316 2447 371 III.

126 422 380 479 intende.
410 423 623 492 Prosit,
656 438 1010 496 quaesumus,
1052 423 1518 480 commemoratio
1556 428 1778 479 sancto-
1803 421 2045 508 Ariam,
2075 439 2178 493 pro
2221 422 2570 480 confessione
2608 420 2902 480 victoriam
2939 430 3210 498 praestare
3253 427 3520 500 dignatus

130 534 259 572 rum
288 516 767 574 beatissimorum
796 520 869 573 ad
906 518 1279 574 obtinendum
1307 523 1421 574 tuae
1462 518 1783 574 miseratio-

127 616 218 671 nis
241 616 537 671 auditum.
568 616 758 671 Prosit
786 618 1171 690 apostolorum
1200 617 1393 672 titulos
1420 617 1692 687 recolere,
1722 622 1789 673 ut

126 709 432 780 Majestatis
455 714 577 765 tua:
606 727 777 766 aures
815 711 995 767 oratio
1033 714 1226 766 nostra
1265 711 1447 765 valeat
1484 711 1783 766 inclinare.

127 804 313 858 Prosit
353 805 686 877 supplicare
726 805 1076 877 patrociniis,
1119 810 1183 860 ut
1225 804 1479 877 digneris
1517 805 1788 860 exaudire

126 896 443 969 suffragiis,
487 899 745 954 Salvator
791 899 1012 954 mundi.
1052 898 1157 963 Qui
1200 915 1332 954 cum
1373 903 1584 954 aeterno
1624 900 1786 955 Patre

125 996 180 1045 et
208 991 435 1063 Spiritu
463 997 664 1048 sancto
688 992 827 1047 vivis
854 996 909 1047 et
936 1008 1166 1063 regnas.

643 1093 895 1144 Collectio
913 1095 1033 1158 post
1054 1092 1284 1143 nomina.

194 1178 472 1248 Domine,
509 1195 683 1251 quem
721 1183 1018 1234 vocantem
1052 1179 1228 1233 sancti
1269 1179 1509 1252 apostoli
1551 1180 1786 1235 Iacobus

124 1277 179 1326 et
216 1272 524 1327 Iohannes
558 1271 670 1327 ﬁde
716 1272 940 1343 integra
980 1275 1115 1327 sunt
1148 1272 1344 1337 secuti,
1382 1276 1439 1327 et
1487 1289 1660 1344 quem
1704 1264 1786 1328 se'-

122 1370 372 1436 quentes
411 1382 489 1421 ex
532 1364 766 1421 caritate
813 1366 1040 1437 integra
1077 1368 1212 1419 sunt
1254 1364 1437 1435 electi,
1481 1370 1547 1421 ut
1585 1367 1785 1422 mundi

120 1459 477 1529 piscatores,
486 1459 716 1526 ﬁerent,
759 1458 857 1530 qui
895 1457 1164 1529 profundi
1212 1458 1353 1513 retia
1403 1458 1782 1531 reliquissent,

128 1551 372 1607 auribus
410 1552 670 1624 percipe,
699 1567 1051 1624 quaesumus,
1083 1551 1397 1608 orationem
1426 1557 1697 1623 nostram,
1730 1559 1787 1609 et

128 1645 322 1701 tribue
351 1651 423 1701 ut
458 1646 601 1701 dum
637 1646 969 1718 apostolicos
992 1646 1314 1718 triumphos
1350 1646 1706 1703 admiramur
1730 1651 1787 1702 et

121 1740 388 1807 colimus,
429 1740 479 1795 si
509 1740 746 1812 adsequi
775 1757 974 1796 eorum
999 1741 1147 1795 facta
1174 1757 1292 1795 non
1320 1757 1643 1812 possumus,
1674 1741 1783 1796 im-

1886 519 1988 571 est.
2023 517 2144 587 Ipse
2174 517 2328 573 enim
2353 518 2453 591 qui
2480 518 2662 590 pridie
2682 536 2855 591 quam
2884 524 3002 592 pat.

2440 619 2742 671 Benedictio
2767 621 2966 685 populi.

1957 700 2124 769 Deus,
2153 700 2251 771 qui
2278 704 2404 756 tuos
2430 701 2712 772 apostolos
2738 702 2984 773 pretiosa
3011 702 3268 774 gentium
3306 704 3522 760 lumina

1885 794 2236 864 preeparasti,
2275 795 2412 849 dum
2450 794 2717 849 Iacobum
2762 800 2819 851 et
2861 797 3178 852 Iohannem
3218 798 3291 853 ad
3341 798 3521 853 inlus-

1884 886 2113 941 traudas
2141 887 2357 942 animas
2402 887 2550 943 inter
2570 905 2700 943 vasa
2730 889 2991 945 Ecclesiae
3029 891 3361 946 candelabra
3390 892 3521 948 ﬁdei

1885 980 2205 1051 prtetulisti.
2232 984 2435 1036 Amen.
2478 982 2556 1036 Da
2592 982 2743 1053 plebi
2778 987 2892 1037 tum
2928 984 3160 1054 imitari,
3193 986 3344 1056 quod
3374 1002 3523 1041 unus

1888 1074 2194 1141 exorando,
2219 1074 2363 1129 alius
2382 1075 2632 1131 docendo
2658 1076 2940 1132 formavit.
2972 1080 3173 1134 Amen.
3204 1079 3522 1136 Fructiﬁcet

1886 1166 1945 1222 in
1973 1168 2080 1221 hoc
2123 1169 2354 1241 populo,
2384 1169 2536 1240 quod
2562 1169 2863 1225 seminavit
2888 1170 2993 1226 iste
3025 1172 3215 1241 verbo,
3244 1173 3522 1245 plantavit

1886 1260 1977 1316 ille
2002 1262 2297 1334 martyrio.
2329 1264 2399 1318 Ut
2425 1279 2625 1318 eorum
2672 1264 2992 1320 interventu
3024 1266 3147 1321 haec
3174 1267 3343 1322 turba
3369 1267 3520 1324 illius

1884 1355 2172 1411 reﬁciatur
2196 1356 2515 1424 dulcedine,
2544 1373 2717 1428 supra
2742 1358 2903 1429 cujus
2926 1364 3123 1430 pectus
3141 1377 3301 1416 carus
3317 1361 3519 1416 Iohan-

1884 1464 1985 1505 nes
2018 1450 2299 1505 accubuit.
2328 1453 2530 1506 Amen.
2575 1451 2736 1515 Quod
2774 1451 2892 1522 ipse
2934 1457 3203 1524 praestare
3245 1454 3515 1526 digneris,

1884 1543 1984 1615 qui
2009 1543 2068 1598 in
2095 1544 2367 1600 Trinitate
2388 1545 2657 1617 perfecta.

2408 1639 2527 1688 Post
2558 1638 3004 1690 communionem.

1956 1718 2196 1790 Repleti,
2220 1719 2476 1789 Domine,
2499 1722 2888 1791 apostolorum
2915 1720 3238 1777 celebritate
3268 1725 3518 1793 tuorum,

120 1833 278 1905 plere
318 1834 522 1889 saltim
548 1833 774 1889 monita
809 1835 1238 1889 contendamus.
1271 1834 1432 1900 Quod
1462 1835 1585 1907 ipse
1610 1852 1782 1907 Ρτεεε,
1800 1833 1858 1906 Β
1884 1828 2216 1907 quaesumus
2240 1817 2307 1868 ut
2330 1818 2386 1869 te
2417 1830 2643 1886 semper
2672 1815 2730 1870 in
2758 1832 2956 1871 eorum
2987 1816 3521 1872 commemoratione

120 1932 244 1983 tare
275 1926 565 1999 digneris,
595 1927 693 2000 qui
715 1944 846 1982 cum
870 1929 1033 1983 Patre
1060 1932 1117 1983 et
1144 1927 1376 1999 Spiritu.

671 2029 920 2079 Collectio
952 2029 1019 2079 ad
1053 2043 1257 2094 pacem.

192 2113 447 2171 Domine
493 2119 728 2183 (sterne,
769 2115 860 2170 cui
904 2114 983 2170 ita
1023 2115 1085 2169 in
1129 2114 1338 2171 sanctis
1377 2115 1646 2188 apostolis
1674 2114 1787 2170 tuis

123 2208 335 2263 Iacobo
373 2214 435 2264 et
472 2208 737 2263 Iohanne
779 2208 996 2280 placuit
1040 2226 1313 2265 arcanum
1356 2210 1786 2282 dispensationis

126 2301 326 2357 im.....
364 2307 433 2357 ut
480 2302 725 2373 glorioso
760 2302 1039 2374 passionis
1079 2303 1360 2375 exemplo,
1402 2304 1786 2376 apostolorum

132 2395 380 2451 chorum
414 2396 508 2449 ille
547 2395 917 2467 praecederet,
947 2396 1052 2452 iste
1075 2398 1469 2468 praemitteret,
1509 2402 1678 2469 atque
1708 2397 1787 2451 ita

133 2489 286 2545 inter
311 2494 634 2561 utrumque
661 2507 798 2561 grex
825 2496 1317 2547 consummaretur
1336 2492 1552 2562 beatus,
1579 2496 1646 2547 ut
1671 2509 1788 2547 om-

138 2584 300 2638 nium
331 2584 697 2638 devotionem
732 2584 827 2639 ille
864 2585 1232 2655 praecederet,
1264 2585 1368 2641 iste
1404 2587 1782 2655 concluderet,

136 2677 411 2733 miserere
436 2677 639 2747 nostri,
669 2682 725 2732 et
764 2677 967 2732 exaudi
1004 2695 1128 2747 nos,
1157 2682 1213 2733 et
1246 2681 1472 2750 praesta,
1513 2684 1580 2735 ut
1600 2680 1783 2751 possi-

133 2787 263 2826 mus
286 2771 703 2843 przedictorum
742 2776 1064 2844 martyrum
1100 2777 1331 2828 tuorum
1367 2774 1783 2845 apostolorum-

137 2880 272 2937 que,
301 2865 393 2919 vel
421 2864 575 2919 illius
600 2866 860 2936 exemplo
886 2866 1059 2921 ﬁdem
1090 2870 1303 2937 tenere,
1320 2884 1433 2938 qua
1460 2871 1783 2931 coronatur,

132 2959 226 3013 vel
254 2958 425 3013 istius
455 2958 788 3030 magisterio
818 2959 1111 3015 caritatem
1149 2960 1385 3031 discere,
1416 2978 1587 3033 quam
1628 2962 1788 3017 doce-

129 3058 253 3107 tur.
284 3053 396 3107 Per
421 3052 730 3107 Dominum
758 3058 1021 3109 nostrum
1042 3055 1234 3110 Iesum
1260 3054 1546 3111 Christum
1576 3055 1785 3111 Filium

129 3150 328 3212 tuum,
361 3146 460 3217 qui
485 3150 563 3202 te.

698 3240 989 3291 Immolatio
1027 3241 1216 3291 missas.

212 3325 469 3398 Dignum
494 3329 552 3381 et
572 3326 797 3397 justum
824 3329 927 3382 est.
948 3328 1088 3381 Vere
1119 3343 1348 3399 aequum
1377 3333 1434 3384 et
1454 3328 1675 3400 justum
1702 3332 1788 3384 est

127 3437 240 3475 nos
293 3419 400 3474 tibi
454 3418 665 3491 gratias
716 3437 907 3492 agere,
962 3426 1089 3476 vota
1143 3422 1483 3494 persolvere,
1550 3422 1785 3478 Domine

130 3519 354 3583 sancte,
406 3516 575 3569 Pater
617 3515 994 3587 omnipotens,
1040 3520 1250 3572 aeterne
1291 3517 1457 3572 Deus.
1508 3517 1783 3580 Quoniam

130 3608 241 3663 tibi
267 3606 516 3663 vivimus
542 3609 734 3663 omnia
761 3626 932 3681 opera
957 3613 1076 3679 tua,
1106 3614 1163 3665 et
1184 3610 1246 3665 in
1271 3610 1490 3666 factura
1508 3627 1708 3667 eorum
1729 3616 1784 3667 te

130 3703 489 3758 conlaudant
508 3707 565 3758 et
582 3703 926 3759 benedicunt
946 3719 1142 3759 omnes
1163 3704 1339 3759 sancti
1358 3704 1463 3773 tui,
1486 3722 1627 3777 quos
1641 3722 1786 3778 prae-

129 3796 434 3852 destinasti
465 3797 783 3852 conformes
810 3796 933 3851 ﬁeri
961 3796 1199 3869 imagini
1219 3798 1342 3852 Filii
1367 3798 1472 3854 tui.
1499 3801 1559 3854 In
1591 3799 1639 3872 1
1656 3798 1783 3873 98

130 3907 251 3964 quo
277 3892 594 3946 exaltatum
634 3895 719 3946 est
755 3908 930 3946 cornu
976 3891 1168 3947 salutis
1203 3908 1402 3947 eorum
1441 3893 1539 3965 qui
1574 3910 1785 3949 nomen

131 3986 280 4056 ejus,
313 3985 470 4057 quod
491 3989 575 4040 est
598 4001 770 4056 super
795 4001 963 4041 omne
998 4000 1227 4056 nomen,
1254 4002 1444 4041 coram
1469 3987 1701 4059 regibus
1727 3991 1783 4043 et

134 4078 515 4150 potestatibus
562 4078 737 4149 hujus
791 4078 981 4134 saeculi
1033 4095 1168 4135 voce
1210 4078 1389 4135 libera
1430 4079 1780 4152 conﬁtentes,

131 4171 316 4243 ipsius
360 4170 589 4226 Domini
614 4172 916 4228 Salvatoris
943 4174 1203 4246 exemplo
1234 4189 1340 4245 per
1369 4174 1625 4245 patibula
1659 4192 1779 4247 poe-

131 4281 371 4335 narum,
400 4266 472 4321 de
507 4266 968 4338 persecutoribus
994 4267 1108 4322 suis
1132 4271 1187 4322 et
1212 4267 1432 4322 diabolo
1459 4268 1779 4341 triumpha-

130 4365 296 4425 runt,
327 4364 384 4415 et
425 4376 662 4432 corpora
700 4378 803 4416 sua
838 4362 1034 4416 dantes
1075 4360 1319 4416 hostiam
1364 4362 1497 4434 Deo,
1538 4363 1783 4435 pretiosa

133 4451 244 4508 tibi
272 4458 459 4509 morte
498 4454 843 4510 ceciderunt.
878 4456 955 4509 Ex
987 4453 1194 4525 quibus
1228 4459 1453 4511 exstant
1476 4455 1778 4512 beatissimi

1884 1906 2199 1977 laudemus,
2248 1910 2304 1962 et
2344 1911 2502 1963 tuam
2544 1908 3010 1980 misericordiam,
3051 1909 3252 1965 iisdem
3299 1927 3523 1983 semper

1887 2000 2336 2071 deprecantibus,
2367 2018 2801 2075 consequamur.
2824 2005 2930 2058 Per
2956 2003 3278 2060 Dominum.

2436 2106 2688 2157 Collectio
2713 2106 2962 2171 sequitur.

1956 2186 2373 2257 Apostolorum,
2416 2199 2765 2259 quaesumus,
2822 2188 3076 2256 Domine,
3124 2187 3520 2246 intercessione

1885 2294 1988 2332 nos
2011 2279 2078 2333 ad
2076 2279 2099 2350 j
2107 2297 2236 2350 uva,
2259 2298 2364 2352 pro
2382 2297 2629 2353 quorum
2643 2281 3016 2336 sollemnitate
3033 2281 3306 2352 laetantes,
3331 2286 3522 2337 sancta

1886 2375 1983 2427 tua
2010 2376 2366 2446 percepimus
2396 2375 2562 2430 dona.
2590 2377 2696 2430 Per
2723 2375 3045 2431 Dominum.

2031 2482 2142 2535 νη.
2185 2497 2343 2537 ηιεελ
2381 2498 2434 2537 IN
2487 2498 2689 2539 NA‘I‘ALE
2727 2497 3048 2537 ssscroacu
3086 2497 3377 2537 INFANTUM.

1961 2584 2121 2655 Deus,
2150 2585 2249 2656 qui
2275 2584 2602 2640 universam
2628 2585 2934 2641 Ecclesiam
2960 2589 3120 2640 tuam
3145 2583 3522 2656 pretiosorum

1889 2675 2080 2749 199
2110 2683 2428 2749 martyrum
2465 2682 2697 2733 tuorum
2733 2678 3058 2748 virtutibus,
3096 2678 3251 2733 velut
3294 2677 3524 2749 quibus-

1886 2770 2018 2825 dam
2058 2772 2291 2826 ﬂoribus
2331 2772 2632 2843 coronasti,
2670 2777 2735 2827 ut
2778 2788 2881 2845 per
2917 2772 3114 2839 trium,
3155 2771 3259 2826 hos
3292 2776 3523 2826 tuorum

1886 2864 2116 2919 testium
2161 2870 2218 2920 et
2264 2866 2707 2921 sollemnitatum
2764 2865 3001 2938 gloriam
3051 2870 3108 2920 et
3161 2864 3523 2920 devotionum

1885 2959 2144 3037 exempla
2193 2960 2527 3031 susciperes,
2573 2959 2717 3014 sicut
2744 2958 2804 3013 in
2843 2960 2949 3013 hoc
2978 2959 3088 3027 die,
3122 2975 3234 3031 quo
3272 2975 3376 3030 pro
3412 2958 3520 3012 Do-

1886 3052 2044 3106 mino
2068 3056 2261 3107 nostro
2286 3054 2414 3108 Iesu
2438 3052 2658 3108 Christo
2687 3053 2969 3107 lnfantum
3000 3051 3381 3107 innocentiam
3421 3068 3519 3106 ex-

1885 3146 2032 3200 tollis
2083 3162 2263 3217 usque
2312 3146 2385 3201 ad
2442 3145 2645 3201 merita
2696 3146 3045 3219 passionum.
3113 3145 3370 3201 Feliciter
3418 3162 3522 3216 pro

1806 3208 1860 3281 C
1886 3238 2108 3295 Christo
2132 3208 2345 3294 mortui
2366 3244 2527 3310 sunt;
2558 3239 2657 3294 sed
2674 3208 2890 3295 felicius
2914 3256 3046 3294 cum
3062 3239 3263 3296 eodem
3281 3238 3340 3293 in
3362 3208 3524 3294 aeter-

1884 3332 2060 3389 nitate
2090 3333 2289 3389 victuri
2322 3350 2335 3388 :
2366 3334 2465 3406 qui
2494 3334 2565 3389 ad
2590 3334 2697 3388 hoc
2725 3337 2950 3389 tantum
2973 3350 3077 3406 per
3098 3333 3413 3389 humanam
3441 3332 3524 3388 in-

1884 3426 2211 3483 ﬁrmitatem
2222 3427 2341 3483 nati
2360 3432 2493 3483 sunt
2516 3428 2587 3483 ad
2608 3440 2947 3499 aerumnam,
2964 3432 3028 3483 ut
3041 3444 3145 3500 per
3161 3428 3256 3484 Dei
3280 3427 3523 3501 gratiam

1884 3527 2253 3578 nascerentur
2276 3527 2555 3595 martyres
2588 3523 2657 3578 ad
2694 3539 2982 3578 coronam.
3012 3524 3240 3592 Praesta,
3272 3522 3525 3594 omnipo-

1883 3620 2009 3672 tens
2032 3619 2198 3688 Deus,
2239 3617 2298 3672 in
2337 3618 2443 3672 hac
2490 3616 2867 3672 sollemnitate
2904 3615 3014 3671 diei
3042 3617 3235 3687 hujus,
3275 3621 3341 3671 ut
3379 3616 3522 3670 sicut

1884 3710 1994 3765 illis
2020 3710 2221 3765 dedisti
2246 3711 2463 3782 palmas
2481 3710 2752 3778 victorias,
2775 3710 2853 3764 ita
2866 3709 3031 3764 nobis
3050 3725 3277 3781 quoque
3301 3725 3521 3764 consor-

1883 3805 2029 3859 tium
2054 3804 2271 3859 tribuas
2310 3803 2740 3875 sempiternum.
2780 3805 2885 3858 Per
2918 3802 3222 3857 Dominum
3261 3807 3518 3857 nostrum

1882 3900 2069 3953 Iesum
2096 3898 2381 3953 Christum
2419 3897 2622 3952 Filium
2650 3902 2835 3966 tuum,
2877 3896 2975 3969 qui
3002 3900 3192 3952 tecum
3216 3896 3370 3952 vivit.

2434 4000 2683 4051 Collectio
2712 3999 2963 4064 sequitur.

1956 4088 2102 4143 Deus
2126 4086 2547 4159 omnipotentiae
2572 4104 2636 4141 ac
2661 4086 3003 4158 benignatis,
3032 4086 3177 4140 Deus
3206 4084 3519 4140 misericor-

1884 4187 1991 4241 diae
2018 4190 2185 4258 atque
2215 4185 2460 4258 pietatis,
2491 4185 2588 4258 qui
2614 4184 3056 4241 Bethleemiticm
3073 4183 3224 4256 plebi
3252 4200 3315 4238 ac
3340 4184 3519 4239 domi-

1882 4280 2025 4335 nicm
2076 4280 2285 4335 civitati
2360 4296 2465 4351 pro
2523 4279 2925 4351 temporalibus
2991 4277 3261 4333 agrumuis
3314 4277 3520 4349 gaudia

1884 4379 2095 4430 aeterna
2121 4374 2384 4445 tribui‘sti,
2412 4379 2478 4429 ut
2504 4374 2711 4430 Rachel
2738 4378 2928 4428 sancta
2952 4373 3180 4444 plorans
3197 4371 3341 4426 filios
3365 4388 3513 4442 suos,

1882 4485 2012 4541 quae
2042 4469 2380 4540 praeferebat
2405 4485 2475 4523 ex
2505 4467 2696 4523 dolore
2736 4468 2977 4534 luctum,
3012 4467 3189 4521 nollet
3219 4482 3289 4520 ex
3328 4482 3517 4521 conso-

136 4547 384 4617 3W5t°1i
424 4552 481 4661 (ξι
506 4551 786 4661 [Diliges
812 4547 1170 4661 ἴξιίιίθθοδυε
1206 4553 1262 4603 εἴ
1301 4550 1602 4618 ῘΟῘΠΗΠΙΘΒ,
1645 4568 1859 4661 quo-D
1882 4562 2089 4617 latione
2136 4561 2423 4629 solatium,
2470 4561 2605 4634 quia
2652 4562 2784 4616 licet
2815 4560 3101 4615 videretur
3143 4561 3212 4616 de
3247 4561 3515 4633 praesenti

135 4657 273 4697 rum
297 4640 551 4696 natalem
584 4641 751 4697 hodie
780 4641 1148 4711 celebramus,
1178 4643 1532 4699 obsecrantes
1558 4644 1777 4700 miseri-

132 4734 395 4790 cordiam
434 4739 615 4802 tuam,
644 4734 894 4806 piissime
935 4740 1104 4808 atque
1135 4736 1493 4809 omnipotens
1528 4740 1690 4808 Deus,
1718 4743 1784 4794 ut

132 4844 341 4883 eorum
370 4827 586 4883 meritis
612 4828 1071 4900 suifragantibus,
1104 4847 1299 4903 preces
1332 4837 1553 4887 nostras
1585 4831 1780 4904 propi-

133 4921 252 4976 tius
281 4920 573 4991 exaudias,
616 4938 720 4994 per
756 4922 1059 4978 Dominum
1099 4930 1357 4981 nostrum
1399 4927 1590 4981 Iesum
1626 4925 1783 4981 Chri-

136 5019 295 5069 stum
326 5014 531 5069 Filium
557 5019 741 5086 tuum,
760 5017 858 5088 qui
879 5023 965 5074 est
978 5023 1301 5074 sanctorum
1321 5019 1580 5074 omnium
1604 5020 1782 5076 virtus

134 5112 198 5164 et
223 5108 427 5180 gloria,
449 5107 682 5164 victoria
700 5115 1018 5183 martyrum
1034 5117 1092 5167 et
1110 5129 1334 5184 corona,
1354 5119 1547 5186 pastor
1567 5114 1778 5185 svium,

135 5206 199 5257 et
226 5202 418 5257 hostia
443 5203 819 5273 sacerdotum,
847 5206 1164 5278 redemptio
1192 5208 1471 5279 gentium,
1501 5213 1557 5265 et
1583 5209 1778 5282 propi-

134 5295 302 5351 tiatio
343 5298 727 5368 peccatorum.
756 5302 900 5354 Ante
935 5301 1097 5372 cujus
1124 5302 1553 5357 sacratissimam
1590 5304 1781 5360 sedem

136 5393 295 5444 stant
322 5389 514 5461 angeli
539 5395 708 5463 atque
726 5393 1072 5466 archangeli,
1103 5398 1160 5450 et
1185 5395 1305 5452 sine
1325 5396 1629 5454 cessatione
1656 5413 1784 5470 pro-

136 5482 417 5551 clamant,
443 5483 692 5541 dicentes
720 5503 732 5540 :
764 5487 1020 5555 Sanctus,
1055 5488 1310 5558 Sanctus,
1345 5490 1599 5547 Sanctus.

631 5597 880 5649 Collectio
904 5602 1024 5663 post
1054 5600 1290 5650 Sanctus.

206 5681 474 5736 Hosanna
522 5681 581 5737 in
624 5684 874 5739 excelsis.
914 5684 1057 5741 Vere
1098 5690 1342 5758 sanctus,
1384 5702 1514 5743 vere
1555 5686 1781 5743 benedi-

136 5779 264 5830 ctus
291 5775 568 5832 Dominus
605 5780 797 5834 noster
817 5779 977 5835 Iesus
1001 5779 1256 5837 Christus
1291 5781 1465 5838 Filius
1494 5786 1645 5851 tuus,
1682 5782 1779 5856 qui

139 5867 382 5927 Sanctus
411 5870 471 5929 in
504 5871 708 5928 sanctis
742 5888 847 5947 pro
870 5879 1055 5932 morte
1094 5876 1286 5951 vitam,
1317 5892 1421 5951 pro
1455 5893 1625 5952 poena
1654 5877 1777 5952 glo-

472 5968 745 6038 ΡΑτιιοι.
792 5971 1030 6042 LXXII.

1883 4657 2167 4712 lnfantum
2195 4657 2496 4712 amissione
2534 4655 2857 4727 conterrita,
2886 4659 3007 4711 erat
3032 4658 3223 4710 tamen
3256 4655 3421 4710 beata
3446 4654 3515 4711 de

1882 4754 2199 4823 martyrum
2224 4750 2601 4822 perpetuitate
2630 4766 2846 4805 secura.
2878 4750 2956 4803 Da
2992 4750 3228 4817 cunctis,
3257 4749 3513 4817 Domine,

1882 4845 1941 4899 in
1966 4846 2073 4900 hoc
2114 4846 2235 4899 loco
2277 4843 2734 4914 consistentibus,
2764 4848 2820 4899 et
2857 4843 3135 4898 universas
3176 4843 3328 4916 plebi
3354 4843 3516 4899 istius

1881 4940 2007 5010 loci,
2049 4944 2115 4995 ut
2150 4939 2226 4994 sic
2268 4939 2515 4994 habeant
2558 4955 2627 4994 ex
2671 4940 2881 4993 sanctae
2925 4939 3052 4993 vitae
3097 4939 3516 5021 conversatione

1881 5035 2165 5107 palmam;
2182 5033 2327 5088 sicut
2350 5032 2677 5088 habuerunt
2700 5032 2918 5103 parvuli
2946 5049 3015 5088 ex
3050 5032 3311 5104 passione
3336 5033 3512 5089 victo—

1881 5128 2044 5183 riam.
2068 5130 2173 5182 Per
2191 5127 2495 5183 Dominum
2510 5129 2769 5181 nostrum
2788 5127 2978 5182 Iesum
2999 5127 3285 5183 Christum
3310 5127 3513 5182 Filium

1880 5226 2066 5290 tuum,
2096 5222 2193 5294 qui
2221 5226 2411 5278 tecum
2438 5221 2594 5277 vivit.

2367 5324 2617 5376 Collectio
2648 5328 2767 5389 post
2788 5325 3017 5376 nomina.

1952 5412 2118 5479 Deus,
2146 5409 2247 5483 qui
2271 5410 2329 5465 id
2355 5410 2507 5482 quod
2533 5427 2635 5482 per
2659 5410 2957 5467 infantiam
2995 5410 3216 5465 videtur
3240 5408 3514 5479 exiguum

1880 5520 2159 5576 magnum
2182 5504 2320 5560 facis
2340 5521 2459 5561 esse
2478 5521 2582 5577 per
2606 5505 2828 5577 merita,
2866 5504 2964 5577 qui
2992 5503 3298 5574 primordia
3315 5503 3517 5559 adven-

1881 5600 1973 5652 tus
2014 5598 2099 5653 tui
2133 5598 2441 5672 triumphis
2482 5598 2758 5671 gloriﬁcas
2790 5597 3175 5669 parvulorum,
3213 5597 3373 5669 prius
3420 5613 3513 5651 eos

1880 5692 2154 5766 passionis
2179 5693 2451 5766 martyrio
2466 5710 2639 5767 quam
2664 5691 2841 5747 aetatis
2858 5690 3124 5763 provehis
3142 5692 3510 5747 incremento.

1882 5787 2035 5843 Felix
2084 5805 2239 5844 mors
2287 5805 2505 5857 eorum,
2563 5789 2619 5841 et
2669 5783 3041 5840 beatiﬁcanda
3091 5785 3354 5853 conditio,
3408 5797 3510 5853 per

1880 5897 2054 5957 quam
2078 5882 2157 5939 eis
2182 5882 2417 5955 contigit
2452 5885 2517 5937 ut
2553 5878 2829 5935 saevitiam
2867 5877 3242 5935 crudelissimi
3283 5873 3513 5933 Herodis

3164 5984 3202 6039 8

3414 323 3521 378 234
3586 374 3591 379 .
