3968 6224
402 324 503 381 ‘235

1197 306 1529 366 APPENDIX
1564 306 1653 362 AD
1688 302 1910 361 OPERA
1947 302 2180 360 SANCTI
2217 302 2517 359 GERMANI
2553 300 2979 359 PARISIENSIS.

3675 294 3793 347 236

404 434 714 497 devicerint
736 427 1163 502 triumphando,
1195 429 1251 481 et
1273 424 1560 478 Christum
1597 420 1953 474 mererentur
1978 417 2039 471 in
2061 429 2119 501 Α
2138 388 2352 488 pareat.
2373 417 2566 473 Cordis
2580 416 2758 472 nostri
2778 412 3080 487 praeputia,
3103 425 3233 483 quae
3254 406 3563 482 gentilibus
3579 402 3777 477 201

403 529 661 607 praemio.
696 528 774 581 Da
799 524 932 581 huic
951 521 1182 595 populo,
1210 524 1308 574 tuo
1328 515 1548 571 nomini
1573 515 1915 579 consecrato,
1939 526 2041 582 per

405 622 710 683 consimilis
732 618 927 692 gratia:
951 611 1517 679 administrationem,
1540 606 1876 662 meritorum
1892 603 2042 658 simi-

402 720 549 775 lium
587 714 942 787 dignitatem,
970 713 1037 764 ut
1073 706 1171 779 qui
1211 705 1359 759 hanc
1394 704 1718 757 sanctorum
1756 698 2041 753 Infantum

404 812 766 870 festivitatem
808 822 912 878 pro
958 804 1175 858 honore
1211 796 1460 853 nominis
1501 795 1585 850 tui
1631 792 1934 861 celebrant,
1970 791 2041 845 ad

407 910 663 981 ipsorum
693 901 979 957 lnfantum
1008 892 1419 951 beatitudinem
1448 889 1705 962 profectu
1729 885 1859 941 ﬁdei
1889 900 2039 940 sem-

405 978 511 1076 per
536 996 857 1055 ascendant.
884 989 1042 1055 Quod
1069 988 1187 1060 ipse
1216 989 1489 1059 praestare
1518 980 1791 1055 digneris,
1821 978 1940 1050 qui.

966 1089 1258 1141 Immolatio
1289 1087 1479 1138 missae.

479 1187 727 1258 Dignum
753 1185 810 1236 et
825 1179 1049 1251 justum
1074 1180 1177 1232 est.
1198 1175 1341 1229 Vere
1366 1172 1607 1243 dignum
1628 1172 1684 1224 et
1694 1168 1914 1239 justum
1937 1169 2041 1234 est,

407 1298 510 1337 nos
532 1278 634 1335 tibi
655 1289 880 1347 semper
904 1276 961 1327 et
981 1269 1189 1341 ubique
1212 1266 1418 1340 gratias
1444 1279 1636 1335 agere,
1663 1259 1898 1317 Domine
1923 1274 2046 1314 san-

406 1380 514 1445 cte,
550 1375 715 1428 Pater
746 1366 1126 1438 omnipotens,
1173 1366 1383 1416 aeterne
1421 1360 1589 1427 Deus,
1627 1372 1732 1428 pro
1774 1354 1863 1409 his
1902 1368 2047 1424 prae-

407 1469 572 1540 cipue
611 1478 858 1537 quorum
886 1458 1165 1514 hodierno
1202 1454 1291 1510 die
1318 1469 1507 1508 annua
1549 1448 1849 1506 festivitate
1884 1461 2042 1501 reco-

408 1537 589 1613 lentes
617 1549 956 1608 memoriam
984 1543 1258 1619 passionis
1287 1542 1660 1609 celebramus,
1693 1554 1835 1609 quos
1868 1537 2043 1589 Hero-

410 1650 615 1706 dianus
658 1645 877 1701 satelles
912 1643 1224 1697 lactantum
1251 1633 1443 1709 200
1485 1636 1735 1689 matrum
1778 1628 2046 1684 uberibus

408 1739 701 1798 abstraxit.
733 1736 838 1803 Qui
862 1736 994 1808 jure
1013 1732 1281 1789 dicuntur
1306 1730 1625 1798 martyrum
1648 1724 1836 1790 ﬂores,
1863 1720 1961 1793 qui
1986 1720 2046 1775 in

411 1833 598 1891 medio
625 1832 836 1903 frigore
862 1803 1206 1883 inﬁdelitatis
1232 1820 1433 1887 exorti,
1449 1818 1605 1874 velut
1629 1817 1842 1889 primas
1861 1830 2048 1871 erum-
2063 1803 2122 1875 B

410 1932 608 2000 pentes
677 1921 939 1979 Ecclesiae
1013 1932 1266 1990 gemmas
1320 1911 1582 1986 quaedam
1642 1907 2049 1982 persecutionis

410 1998 617 2093 pruina
651 2013 929 2083 discussit,
972 2010 1241 2066 rutilante
1269 2007 1424 2062 fonte
1464 2006 1525 2060 in
1555 2002 1884 2059 Bethlehem
1910 1998 2045 2054 civi-

412 2119 547 2169 tate.
582 2110 824 2166 lnfantes
858 2105 1011 2162 enim
1038 2103 1175 2175 quia
1216 2105 1378 2156 astate
1426 2098 1583 2170 loqui
1624 2113 1743 2151 non
1768 2097 2047 2167 poterant,

408 2206 638 2262 laudem
664 2200 889 2257 Domini
914 2216 1047 2255 cum
1077 2195 1282 2269 gaudio
1315 2192 1537 2266 [Forsan
1575 2189 1778 2263 gladio]
1826 2203 2052 2244 resona-

411 2300 568 2354 bant.
596 2295 769 2353 Occisi
799 2292 1133 2367 praedicant,
1164 2288 1316 2361 quod
1346 2286 1455 2341 vivi
1486 2301 1602 2340 non
1627 2286 1910 2355 poterant.
1940 2281 2048 2335 Lo-

412 2392 670 2460 quuntur
714 2383 1011 2455 sanguine,
1055 2378 1208 2451 quod
1246 2375 1444 2446 lingua
1478 2373 1878 2445 nequiverunt.
1913 2370 2053 2425 Con-

412 2482 548 2536 tulit
570 2479 660 2534 his
686 2475 1031 2547 martyrium
1053 2471 1301 2537 laudem,
1324 2467 1532 2539 quibus
1547 2466 1925 2537 abnegaverat
1948 2462 2054 2518 lin-

416 2589 529 2645 gua
569 2585 912 2626 sermonem.
946 2563 1245 2621 Praemittit
1280 2560 1527 2616 Infantes
1566 2558 1756 2614 Infans
1797 2556 2053 2612 Christus

415 2666 487 2721 ad
523 2664 721 2734 caelos;
767 2658 1100 2718 transmittit
1140 2673 1282 2712 nova
1326 2654 1524 2710 exenia
1559 2651 1738 2722 Patri;
1775 2649 2055 2722 primitias

416 2758 650 2814 exhibet
663 2754 915 2813 Genitori
934 2751 1300 2808 Parvulorum
1318 2747 1502 2820 prima
1515 2744 1808 2817 martyria,
1822 2742 2054 2799 Herodis

416 2852 626 2909 scelere
652 2851 996 2924 perpetrata.
1023 2847 1257 2901 Praestat
1289 2841 1474 2897 hostia
1503 2838 1745 2911 corpori,
1775 2838 1914 2893 dum
1946 2853 2051 2892 no-

418 2949 541 3017 cet;
570 2943 912 3002 beneﬁcium
936 2937 1156 3008 tribuit,
1179 2937 1317 2992 dum
1340 2933 1576 3003 occidit;
1605 2930 1898 2987 moriendo
1923 2929 2057 2984 vivi-

416 3048 532 3113 tur,
562 3038 812 3096 cadendo
840 3032 1177 3105 resurgitur,
1207 3028 1440 3085 victoria
1463 3044 1567 3099 per
1587 3024 1882 3081 interitum
1909 3040 2057 3079 com-

416 3136 710 3210 probatur.
754 3133 861 3187 Pro
907 3127 996 3183 his
1041 3141 1177 3197 ergo
1224 3121 1512 3179 beneﬁciis
1554 3123 1611 3175 et
1648 3136 1751 3191 pro
1790 3118 2056 3189 praesenti

418 3226 791 3286 sollemnitate
818 3221 1123 3277 immensas
1148 3215 1347 3289 pietati
1371 3219 1487 3270 tuae
1516 3212 1725 3284 gratias
1750 3212 2058 3267 referentes

417 3322 605 3395 potius
632 3333 808 3391 quam
834 3312 1237 3385 rependentes,
1261 3324 1392 3364 cum
1418 3306 1624 3362 sanctis
1647 3304 1866 3376 angelis
1895 3308 1952 3359 et
1974 3320 2059 3358 ar-

419 3412 731 3485 changelis,
772 3408 871 3480 qui
904 3421 1087 3462 unum
1125 3407 1181 3458 te
1216 3404 1392 3457 Deum
1428 3400 1836 3468 dominantem,
1867 3396 2059 3453 distiu-

417 3514 594 3576 ctum,
635 3520 741 3559 nec
785 3500 1055 3568 divisum;
1085 3496 1323 3567 trinum,
1360 3511 1465 3550 nec
1491 3493 1815 3567 triplicem;
1849 3492 2055 3561 solum,

420 3618 527 3658 nec
570 3596 925 3663 solitarium;
955 3608 1197 3648 consona
1230 3589 1530 3645 laudamus
1564 3604 1719 3658 voce,
1765 3586 2054 3642 dicentes:

423 3697 679 3763 Sanctus,
707 3691 960 3756 Sanctus,
984 3687 1240 3742 Sanctus.

975 3786 1281 3839 Benedictio
1302 3784 1504 3851 papuli.

497 3886 661 3952 Deus,
691 3878 791 3953 qui
818 3876 921 3933 tibi
949 3872 1286 3931 consecrasti
1308 3870 1589 3944 primitias
1630 3872 1949 3940 martyrum
1991 3869 2061 3925 ab

426 3974 750 4034 innocentia
774 3970 1159 4044 parvulorum.
1187 3969 1389 4022 Amen.
1420 3967 1487 4020 Et
1514 3964 1671 4036 prius
1705 3962 1808 4018 tibi
1836 3967 2060 4035 coapta-

2141 512 2289 567 vitiis
2314 516 2705 579 excrevcrunt,
2723 525 2840 565 non
2851 509 3022 575 ferro,
3050 505 3148 560 sed
3161 503 3364 576 spiritu
3388 498 3791 566 circumcidat,

2141 607 2318 661 donec
2337 605 2548 660 carnali
2560 605 2932 669 incremento,
2954 597 3301 654 facinoribus
3318 593 3647 667 amputatis,
3671 592 3794 645 hoc

2141 700 2323 754 solum
2359 698 2420 753 in
2454 702 2663 753 natura
2706 701 2896 751 nostra
2936 693 3105 748 faciat
3141 692 3347 759 vivere,
3394 687 3549 760 quod
3582 685 3696 741 sibi
3732 688 3799 739 et

2141 793 2351 849 servire
2392 793 2573 847 valeat
2620 795 2677 846 et
2717 790 2957 861 placere.
3002 785 3163 851 Quod
3213 784 3334 857 ipse
3388 785 3665 854 praestare
3706 778 3799 833 di-

2144 891 2370 959 gnetur,
2396 886 2492 959 qui
2523 901 2655 940 cum
2681 886 2845 939 Patre
2872 887 2927 937 et
2952 879 3167 952 Spiritu
3189 881 3380 933 sancto
3405 876 3480 931 vi.
3499 879 3557 931 et
3580 890 3713 945 reg.

2693 970 2941 1022 Colleclio
2966 967 3217 1032 sequitur.

2214 1050 2435 1116 Sancte,
2465 1044 2845 1117 omnipotens,
2880 1045 3091 1097 aeterne
3116 1040 3284 1108 Deus,
3312 1041 3377 1092 tu
3410 1052 3515 1092 nos
3540 1049 3791 1090 conver-

2142 1146 2269 1198 tens
2295 1140 2532 1206 viviﬁca,
2562 1141 2620 1194 et
2644 1154 2787 1210 quos
2811 1152 2970 1191 error
2990 1131 3318 1206 gentilitatis
3344 1129 3598 1197 involvit,
3624 1126 3798 1199 agni-

2143 1236 2311 1292 tionis
2358 1238 2475 1290 tum
2511 1248 2721 1288 munus
2763 1230 3033 1299 absolvat,
3079 1232 3145 1282 ut
3203 1225 3399 1280 aculeo
3446 1222 3645 1278 mortis
3693 1237 3797 1277 ex-

2144 1330 2339 1396 tincto,
2371 1326 2596 1383 aeternis
2621 1324 2972 1380 viviﬁcemur
3007 1320 3274 1388 oraculis;
3305 1323 3373 1373 ut
3392 1317 3537 1372 sicut
3561 1332 3665 1388 per
3690 1316 3793 1369 in-

2143 1422 2470 1479 ﬁrmitatem
2498 1419 2681 1475 carnis
2706 1416 3037 1473 servivimus
3074 1412 3368 1485 injustitiaa
3388 1417 3445 1466 et
3470 1409 3796 1482 iniquitati,

2145 1519 2226 1575 ita
2259 1532 2411 1572 nunc
2452 1513 2675 1569 liberati
2709 1529 2743 1566 a
2791 1509 3054 1583 peccatis,
3092 1507 3403 1563 serviamus
3437 1487 3677 1576 iustitiae
3725 1503 3797 1557 in

2146 1608 2604 1668 sanctiﬁcatione.
2633 1609 2738 1662 Per
2762 1603 3071 1659 Dominum
3088 1604 3351 1657 nostrum
3376 1600 3571 1654 Iesum
3594 1596 3799 1652 Chris-

2147 1710 2271 1761 tum
2296 1703 2504 1758 Filium
2529 1705 2714 1757 tuum.

2629 1786 2880 1839 Collectio
2904 1788 3023 1849 post
3048 1783 3283 1834 nomina.

2216 1866 2434 1922 Auditis
2463 1861 2790 1919 nominibus
2812 1855 3384 1926 oﬂ'erentum,fratres
3412 1850 3791 1921 dilectissimi,

2145 1961 2433 2017 Christum
2473 1956 2782 2012 Dominum
2824 1953 3217 2024 deprecemur,
3255 1953 3318 2004 ut
3342 1949 3486 2003 sicut
3513 1964 3619 2018 pro
3664 1946 3794 2016 ejus

2148 2052 2584 2111 Circumcisione
2609 2048 2819 2104 carnali
2843 2044 3137 2102 sollemnia
3163 2043 3535 2110 celebramus,
3564 2040 3646 2094 ita
3671 2038 3795 2111 spi-

2147 2148 2395 2203 ritalium
2453 2143 2842 2216 nequitiarum
2902 2137 3187 2194 inlusione
3235 2134 3450 2191 devicta
3499 2133 3795 2200 laetemur,

2148 2244 2453 2314 praestante
2478 2238 2689 2311 pietate
2716 2252 2844 2304 sua;
2874 2237 2938 2289 ut
2970 2232 3095 2288 haec
3129 2228 3401 2285 sacriﬁcia
3436 2227 3517 2281 sic
3554 2224 3801 2281 viventi-

2149 2336 2254 2390 bus
2281 2331 2580 2406 proﬁciant
2604 2329 2675 2384 ad
2708 2325 3188 2393 emendationem,
3216 2327 3281 2377 ut
3305 2319 3588 2377 defunctis
3612 2318 3804 2391 opitu-

2151 2429 2340 2484 lentur
2384 2426 2455 2481 ad
2492 2423 2769 2496 requiem.
2819 2422 2924 2475 Per
2953 2417 3261 2474 Dominum
3292 2419 3554 2470 nostrum
3599 2414 3798 2468 Jesum

2151 2520 2437 2578 Christum
2462 2517 2671 2573 Filium
2690 2531 2878 2582 suum,
2908 2528 3100 2568 secum
3119 2511 3421 2578 viventem,
3451 2521 3800 2579 semperque

2153 2632 2316 2688 regn.
2346 2612 2406 2668 in
2443 2612 2663 2667 unitate
2693 2608 2932 2680 Spiritus
2959 2605 3136 2661 sancti
3162 2604 3223 2659 in
3250 2603 3455 2658 saecula
3485 2601 3684 2656 saecul.

2687 2695 2936 2748 Collectio
2966 2695 3031 2745 ad
3056 2708 3262 2759 pacem.

2225 2777 2373 2831 Deus
2397 2772 2498 2845 qui
2520 2770 2702 2843 magis
2730 2767 3215 2824 circumcisionem
3241 2764 3424 2821 cordis
3458 2778 3634 2835 quam
3662 2777 3801 2815 cor-

2153 2869 2308 2943 poris
2340 2867 2547 2939 diligis,
2578 2869 2635 2920 et
2671 2879 2787 2918 non
2812 2861 3062 2918 admittis
3088 2860 3378 2915 inductam
3404 2874 3509 2929 per
3544 2857 3805 2911 litteram

2154 2961 2422 3037 prazputii
2457 2957 2965 3025 circumcisionem,
3011 2954 3110 3010 sed
3153 2953 3283 3009 ﬁdei
3346 2952 3619 3007 innexam
3660 2966 3801 3004 cum

2154 3059 2303 3112 bono
2348 3069 2517 3127 opere
2559 3052 2874 3121 caritatem,
2915 3053 2980 3104 tu
3015 3051 3237 3104 nostras
3266 3062 3432 3101 aures
3464 3046 3681 3115 deseca,
3723 3058 3808 3098 ne

2156 3148 2391 3205 audiant
2413 3146 2778 3218 sanguinem;
2811 3143 2999 3209 corda,
3027 3158 3101 3196 ne
3140 3143 3371 3197 teneant
3400 3139 3626 3208 dolum;
3656 3154 3808 3192 ocu-

2155 3245 2256 3313 los,
2301 3259 2373 3298 ne
2410 3240 2679 3295 invadant
2724 3238 2992 3292 alienum.
3038 3237 3121 3291 Tu
3165 3236 3226 3290 in
3270 3233 3532 3289 manibus
3569 3230 3810 3287 succide

2156 3336 2307 3410 quod
2333 3333 2555 3407 polluit,
2583 3333 2643 3388 in
2679 3331 2921 3403 pedibus
2955 3329 3110 3401 quod
3148 3328 3219 3384 ad
3251 3327 3465 3382 malum
3509 3325 3709 3395 currit,
3740 3325 3809 3378 in

2156 3427 2451 3502 prmputiis
2475 3426 2626 3499 quod
2653 3424 2906 3479 carnalia
2934 3422 3297 3494 concupiscit.
3328 3421 3411 3476 Tu
3437 3419 3623 3475 incide
3647 3417 3811 3490 quod

2157 3523 2352 3593 laniat,
2381 3520 2627 3594 prmcide
2670 3518 2820 3591 quod
2866 3517 3144 3585 vulnerat,
3190 3513 3453 3570 abscinde
3478 3513 3634 3585 quod
3658 3513 3815 3567 lace-

2159 3620 2266 3683 rat,
2293 3615 2489 3672 excide
2515 3613 2668 3687 quod
2697 3611 2958 3667 scandala
2986 3609 3380 3678 incrementat,
3420 3612 3487 3663 ut
3509 3609 3815 3678 amputato

2159 3710 2427 3778 facinore,
2468 3709 2583 3765 sola
2614 3707 2677 3762 in
2716 3723 2819 3761 nos
2854 3704 3037 3760 valeat
3078 3703 3279 3759 caritas
3327 3699 3650 3774 propagari.
3696 3701 3817 3755 Per

2162 3805 2467 3860 Dominum
2491 3804 2751 3857 nostrum
2776 3801 2967 3855 Jesum
2990 3798 3278 3853 Christum
3307 3796 3509 3851 Filium
3541 3798 3733 3849 tuum.

2234 3964 2484 4037 Dignum
2510 3966 2567 4019 et
2584 3963 2807 4034 justum
2826 3890 2957 4016 [ergit1
2959 3887 3117 4014 {iiii}:
3128 3924 3361 4029 aequum
3388 3960 3446 4010 et
3463 3955 3687 4026 justum
3721 3958 3821 4009 est

428 4073 498 4128 sti
524 4072 586 4125 in
615 4064 962 4124 confessione
990 4061 1287 4118 infantiam
1314 4075 1487 4131 quam
1520 4057 1720 4129 lingua
1756 4057 2066 4112 solveretur
2162 4076 2267 4114 nos
2310 4059 2412 4113 tibi
2452 4056 2664 4129 gratias
2714 4070 2905 4126 agere,
2957 4057 3128 4125 teque
3168 4049 3503 4106 benedicere
3541 4049 3603 4103 in
3645 4047 3819 4103 omni

428 4167 489 4221 in
513 4163 704 4219 verba.
744 4162 944 4215 Amen.
974 4155 1228 4213 Concede
1252 4153 1482 4226 plebem
1504 4155 1663 4206 tuam
1699 4150 2066 4206 innocentem
2164 4158 2442 4225 tempore,
2471 4150 2851 4221 omnipotens,
2885 4150 3097 4202 aeterne
3129 4146 3297 4214 Deus,
3326 4143 3461 4216 quia
3495 4142 3557 4198 in
3581 4146 3636 4197 te
3661 4141 3817 4196 vivi-

428 4274 533 4331 per
572 4253 832 4328 gratiam,
869 4251 975 4307 etsi
1014 4267 1130 4306 non
1174 4248 1287 4303 sint
1319 4250 1576 4316 tempore
1619 4243 1897 4316 sanguine
1939 4244 2065 4299 fuso
2165 4260 2635 4317 mus,movemur
2658 4246 2715 4299 et
2738 4257 2957 4305 sumus,
2987 4243 3045 4294 et
3066 4239 3293 4294 nullum
3307 4243 3535 4308 tempus
3557 4235 3822 4291 nullum-

326 4375 330 4379 ’
430 4330 721 4423 martyria.
775 4350 974 4402 Amen.
1026 4345 1290 4400 Servetur
1339 4338 1431 4393 hic
1494 4337 1738 4410 populus
1792 4343 2069 4410 purgatus
2166 4357 2277 4414 que
2303 4343 2658 4395 momentum
2683 4341 2769 4393 est
2792 4352 2907 4408 quo
2936 4352 2969 4389 a
2992 4332 3281 4390 beneﬁciis
3309 4330 3533 4404 pietatis
3560 4334 3675 4385 tua:
3718 4346 3821 4385 va-

432 4444 792 4518 baptismate,
819 4440 919 4513 qui
943 4438 1049 4494 tibi
1072 4434 1339 4508 placitam
1356 4431 1537 4487 fecisti
1555 4431 1940 4488 innocentiam
1965 4450 2069 4505 per
2169 4450 2343 4490 cuum
2380 4438 2794 4503 transagamus.
2836 4428 2930 4484 His
2968 4432 3161 4483 autem
3202 4425 3421 4495 diebus,
3460 4441 3603 4496 quos
3640 4423 3823 4480 variis

434 4514 715 4597 cruorem.
744 4539 945 4591 Amen.
975 4533 1046 4587 Ut
1069 4528 1186 4622 illic
1205 4543 1306 4582 suo
1331 4526 1653 4622 interventu
1680 4543 1819 4599 grex
1844 4528 2072 4584 accedat
2088 4549 2149 4622 D
2172 4526 2614 4584 sollemnitatum
2642 4524 2822 4579 causis
2848 4522 3183 4578 salutarium
3215 4520 3379 4575 nobis
3402 4514 3641 4591 operum
3674 4522 3817 4573 tuo-

433 4650 539 4706 per
565 4634 875 4699 lavacrum,
910 4624 1012 4681 ubi
1045 4621 1235 4678 felices
1275 4619 1496 4676 Parvuli
1531 4620 1744 4692 perfusi
1778 4637 1905 4677 rore
1950 4640 2073 4678 san-

438 4726 627 4801 guinis
679 4722 1015 4797 gloriantur.
1065 4719 1267 4771 Amen.
1314 4716 1421 4770 Per
1461 4714 1766 4772 Dominum
1814 4720 2073 4772 nostrum

436 4822 627 4878 Jesum
659 4816 947 4874 Christum
994 4809 1198 4866 Filium
1244 4813 1430 4880 tuum,
1474 4809 1572 4882 qui
1611 4814 1802 4867 tecum
1844 4811 1983 4866 vivit
2020 4815 2076 4866 et

437 4917 661 4988 regnat.

438 5032 574 5087 VIII.
631 5042 776 5086 oano
834 5038 1007 5080 mssa
1055 5037 1110 5077 IN
1167 5035 1585 5078 cmcuucrsxone
1636 5036 1827 5078 comm

1058 5108 1183 5151 JESU
1224 5109 1458 5150 CHRISTI.

513 5191 734 5251 Christo
760 5188 998 5246 Domino
1023 5191 1233 5258 nostro,
1265 5186 1363 5259 qui
1382 5202 1487 5258 pro
1512 5184 1675 5240 nobis
1704 5185 1968 5258 dignatus
1996 5189 2082 5242 est

443 5304 612 5347 carne
652 5284 825 5354 nasci,
870 5284 997 5356 lege
1035 5278 1385 5349 circumcidi,
1426 5278 1663 5335 ﬂumine
1701 5278 1993 5352 baptizari,
2020 5281 2081 5336 in

420 5387 551 5451 hac
575 5386 769 5437 octava
805 5377 1119 5435 Nativitatis
1144 5375 1267 5446 ejus
1302 5372 1413 5440 die,
1442 5389 1555 5445 qua
1593 5371 1653 5427 in
1685 5390 1745 5429 se
1782 5374 2084 5430 Circumci-

445 5476 617 5534 sionis
653 5475 1070 5530 sacramentum
1098 5466 1413 5523 secundum
1444 5462 1715 5539 praecepti
1741 5468 1944 5524 veteris
1972 5470 2084 5525 for-

446 5588 599 5628 mam
629 5569 722 5642 agi
744 5567 943 5635 voluit,
961 5564 1164 5618 fratres
1189 5559 1485 5629 carissimi,
1508 5560 1801 5618 humiliter
1825 5563 2087 5636 deprece-

446 5684 597 5734 mur,
623 5670 690 5721 ut
725 5663 874 5719 intra
898 5655 1161 5713 Ecclesiae
1197 5660 1429 5711 uterum
1467 5672 1570 5711 nos
1608 5656 1857 5713 viventes
1882 5658 2085 5714 cotidie

446 5758 793 5820 recreatione
817 5751 1116 5827 parturiat,
1145 5766 1442 5825 quousque
1472 5750 1534 5807 in
1559 5751 1723 5807 nobis
1757 5768 1857 5808 sua
1882 5752 2084 5826 forma,

449 5854 508 5909 in
539 5867 650 5924 qua
680 5845 944 5918 perfectae
983 5841 1163 5899 (etatis
1188 5838 1608 5913 plenitudinem
1634 5844 1951 5912 teneamus,
1982 5860 2088 5918 ap-

1882 5037 2075 5078 NOSTRI

2171 4638 2303 4678 rum
2340 4626 2397 4675 et
2428 4634 2739 4675 munerum
2776 4616 3055 4672 memoria
3086 4614 3352 4687 signavit,
3379 4613 3468 4667 vel
3504 4612 3822 4666 innovante

2171 4713 2367 4771 laetitia
2391 4712 2667 4786 prazteriti
2687 4711 2899 4784 gaudii,
2919 4711 3008 4765 vel
3028 4706 3417 4781 permanentis
3429 4706 3566 4761 boni
3582 4710 3827 4776 tempus

2173 4806 2553 4880 agnoscimus.
2590 4807 2657 4861 Et
2690 4809 2992 4877 propterea
3034 4803 3352 4858 exultamus
3382 4798 3636 4866 uberius,
3678 4796 3828 4869 quia

2175 4902 2319 4958 sicut
2342 4901 2405 4958 in
2432 4915 2630 4957 recens
2659 4899 2933 4972 gaudium
2959 4898 3029 4952 de
3053 4893 3392 4952 venerabilis
3409 4893 3606 4965 gratiae
3630 4906 3826 4946 recor-

2176 4997 2402 5053 datione
2428 4993 2834 5051 reviviscimus.
2857 4992 3014 5047 Unde
3025 4990 3367 5046 hodiernum
3387 4984 3583 5060 202
3610 4985 3767 5041 diem
3786 5002 3829 5040 a

2178 5090 2268 5147 die
2309 5089 2584 5145 salutiferi
2625 5087 2832 5144 Natalis
2860 5090 3141 5155 octavum,
3177 5082 3434 5156 legitima
3474 5079 3708 5135 Domini
3742 5094 3833 5134 se-

2180 5185 2445 5240 cundum-
2457 5199 2688 5239 carnem
2715 5180 2894 5253 geniti
2921 5177 3362 5236 Circumcisione
3382 5176 3699 5247 signatum,
3732 5189 3830 5228 ομ

2182 5279 2372 5334 dinata
2413 5275 2950 5332 commemoratione
2988 5273 3318 5341 recolentes,
3355 5268 3700 5326 sacriﬁcium
3732 5284 3835 5340 pa-

2183 5372 2260 5428 cis
2284 5373 2345 5428 in
2367 5372 2509 5428 votis
2535 5370 2902 5429 sollemnibus
2930 5370 3299 5437 honoramus,
3326 5369 3385 5421 et
3420 5367 3595 5420 tanta:
3621 5362 3834 5435 digna-
3862 5430 3881 5439 κ

2183 5466 2351 5523 tionis
2375 5483 2518 5539 opus
2546 5466 2605 5521 in
2630 5463 2854 5520 Domini
2879 5461 3153 5520 Altissimi
3178 5461 3271 5533 pia
3299 5458 3627 5515 humilitate
3664 5472 3841 5511 vene-

2185 5576 2401 5617 ramur.
2440 5560 2547 5625 Qui
2582 5559 2727 5615 sicut
2754 5557 3161 5614 mortalitatem
3196 5558 3449 5611 nostram
3488 5550 3838 5623 adsumpsit,

2186 5661 2253 5712 ut
2292 5659 2537 5711 mortem
2579 5657 2957 5723 consumeret,
3007 5652 3085 5706 ita
3122 5655 3180 5706 et
3212 5649 3404 5721 jugun
3439 5645 3582 5718 legis
3622 5645 3687 5700 in
3734 5660 3847 5699 sua

2190 5765 2357 5806 carne
2396 5749 2662 5823 suscepit,
2702 5753 2769 5805 ut
2805 5747 3018 5821 jugum
3058 5742 3268 5802 diaboli
3306 5759 3337 5798 a
3382 5744 3578 5799 nostra
3618 5738 3847 5795 cervice

2191 5842 2516 5903 discuteret.
2545 5842 2921 5900 Circumcisus
2948 5844 3032 5897 est
3055 5839 3115 5896 in
3149 5853 3319 5895 carne
3348 5834 3602 5909 corporis
3627 5831 3847 5911 nostri,
