3968 6224
131 394 210 448 237

1157 384 1244 443 DE
1282 387 1593 444 LITURGIA
1629 388 2003 443 GALLICANA
2042 388 2241 445 LIBER
2282 390 2370 445 Ill.

3334 399 3436 450 '238

129 503 178 554 ut
195 513 281 553 nos
292 509 386 568 per
409 492 644 549 verbum
660 493 898 565 Spiritus
915 493 1004 548 sui
1022 493 1086 549 in
1105 496 1273 551 corde
1293 496 1545 569 purgati,
1573 496 1695 551 sine
1717 508 1777 582 Α
1796 496 1910 551 ritu
1961 503 2152 553 sancto
2201 496 2341 553 vivis
2389 501 2447 554 et
2482 513 2688 570 regnas
2728 497 2790 554 in
2832 500 3038 557 saecula
3074 502 3435 560 saeculorum.

129 592 273 646 carnis
284 589 498 644 vulnere
509 587 1046 644 circumcideremur
1060 588 1121 643 in
1137 589 1340 661 spiritu
1357 608 1374 660 ;
1396 596 1460 646 ut
1475 591 1703 663 utrique

128 683 251 740 sexui
270 683 546 756 pmﬁceret
570 681 923 737 circumcisio
948 682 1237 754 spiritalis,
1280 684 1416 756 quia
1438 702 1542 756 pro
1567 687 1701 741 uni-

127 779 335 835 versitate
365 776 581 847 generis
616 775 858 831 humani
896 776 1147 832 Salvator
1186 777 1508 836 advenerat.
1546 780 1704 836 Unde

125 878 378 942 utrumque
401 886 599 925 sexum
624 874 1040 926 sacramentum
1065 872 1472 929 lncarnatiouis
1495 874 1707 946 ample-

126 982 208 1020 xus
226 970 312 1034 est,
341 964 642 1035 suscipiens
664 963 882 1034 Virum,
912 969 1081 1020 natus
1119 982 1185 1021 ex
1215 966 1464 1023 Femina.
1492 970 1703 1033 Quam-

126 1058 297 1123 obrem,
328 1057 574 1126 Domine,
610 1056 949 1112 sacriﬁcium
988 1057 1445 1116 Circumcisionis
1470 1062 1703 1118 sollem-

126 1153 261 1207 nitate
281 1152 445 1206 votiva
493 1167 598 1223 pro
629 1154 837 1206 nostra:
876 1152 1208 1208 aeternitatis
1250 1154 1456 1224 gaudio
1488 1156 1704 1229 suppli-

125 1245 232 1299 citer
245 1244 538 1311 offerentes,
554 1244 776 1316 placido
791 1244 1028 1317 dignare
1042 1252 1343 1317 conspectu
1359 1248 1703 1320 conspicere,

126 1346 168 1393 et
190 1338 514 1394 offerentium
541 1354 742 1410 preces
758 1338 1014 1409 placatus
1040 1339 1268 1410 exaudi,
1296 1358 1400 1412 per
1421 1342 1705 1399 Christum

126 1432 378 1489 Dominum
401 1436 679 1487 nostrum.
701 1433 806 1487 Per
832 1449 1004 1505 quem
1035 1434 1387 1505 majestatem
1415 1440 1571 1492 tuam
1589 1437 1708 1494 lau-

126 1525 233 1581 dant
246 1525 435 1597 angeli.

683 1596 807 1647 Post
844 1596 1086 1648 Sanctus.

181 1670 295 1727 Vere
338 1671 586 1740 Sanctus,
643 1687 775 1727 vere
822 1672 1157 1728 benedictus
1209 1673 1480 1729 Dominus
1517 1678 1710 1731 noster

126 1761 248 1814 Jesus
267 1760 504 1815 Christus
530 1760 709 1815 Filius
736 1764 890 1831 tuus,
920 1761 1021 1833 qui
1045 1761 1200 1818 venit
1229 1779 1483 1835 quaerere
1508 1768 1566 1819 et
1594 1764 1706 1819 sal-

1802 593 2004 647 Amen.

2186 663 2439 714 Collectio
2472 666 2591 728 post
2624 663 3064 716 communionem.

1873 745 2085 802 Refecti
2116 747 2356 820 spiritali
2384 749 2529 819 cibo,
2573 754 2631 805 et
2669 750 2880 806 crelesti
2917 752 3120 823 poculo
3167 754 3437 824 reparati,

1803 840 2254 912 omnipotentem
2284 843 2485 913 Deum,
2507 844 2706 899 fratres
2732 845 3023 913 carissimi,
3047 846 3438 918 deprecemur,

1805 937 1868 987 ut
1890 933 1989 1004 qui
2026 950 2130 990 nos
2156 935 2409 1006 corporis
2449 937 2535 992 sui
2571 938 3001 1010 participatione
3047 944 3105 995 et
3148 941 3443 1013 sanguinis

1805 1026 2076 1084 eﬂ‘usione
2110 1029 2370 1099 redemit,
2417 1029 2479 1085 in
2515 1030 2770 1103 requiem
2803 1033 3206 1104 sempiternam
3244 1034 3446 1106 jubeat

1806 1121 2114 1177 conlocare.
2145 1123 2252 1178 Per
2279 1122 2585 1180 Dominum
2626 1129 2885 1182 nostrum
2922 1128 3114 1183 Jesum
3149 1127 3441 1184 Christum

1806 1213 2013 1271 Filium
2038 1232 2227 1272 suum.

2355 1287 2605 1338 Collectio
2639 1288 2889 1353 sequitur.

1877 1371 2314 1427 Misericordiam
2335 1375 2513 1443 tuam,
2538 1374 2798 1443 Domine,
2821 1376 3102 1447 supplices
3122 1393 3442 1449 exoramus,

1806 1470 1872 1521 ut
1899 1466 2005 1520 hoc
2035 1469 2199 1521 tuum
2239 1467 2666 1523 Sacramentum
2696 1485 2816 1524 non
2848 1469 2919 1524 sit
2948 1470 3108 1525 nobis
3148 1475 3337 1527 reatus
3363 1471 3441 1525 ad

1806 1576 2055 1632 poenam,
2110 1560 2206 1616 sed
2257 1561 2354 1616 ﬁat
2397 1561 2721 1618 intercessio
2767 1563 3030 1618 salutaris
3076 1565 3149 1619 ad
3196 1564 3442 1621 veniam.

1806 1654 1964 1718 Quod
1993 1654 2115 1726 ipse
2139 1659 2409 1727 praestare
2436 1655 2711 1728 digneris.

2336 1765 2640 1818 Benedictio
2658 1768 2684 1808 b
2713 1768 2913 1832 populi.

128 1840 893 1926 vumfacérequodperierat.
938 1856 1059 1927 Ipse
1107 1856 1473 1929 enimpridie
1514 1874 1788 1956 quam.B
1876 1878 1947 1956 ἒ*
1994 1878 2187 1956 ’ἐμέ
2232 1879 2245 1893 ·
2292 1880 2427 1956 ’ἑο
2598 1880 2668 1895 -·
2714 1877 2966 1956 ’για
3013 1881 3027 1895 ο
3074 1882 3146 1956 1·
3192 1882 3205 1896 ·
3254 1880 3325 1956 οξ
3373 1882 3386 1896 ·
3432 1882 3446 1896 ·

709 1954 831 2003 Post
852 1956 1073 2005 secreta.

181 2026 286 2081 Haec
308 2043 424 2096 nos,
450 2027 711 2099 Domine,
730 2028 991 2084 instituta
1011 2034 1067 2085 et
1078 2035 1358 2103 praecepta
1380 2031 1708 2097 retinentes,

128 2120 406 2192 suppliciter
426 2137 677 2191 oramus,
709 2121 790 2177 uti
828 2122 935 2177 hoc
962 2123 1298 2179 sacriﬁcium
1327 2125 1629 2198 suscipere,
1657 2131 1715 2182 et

128 2213 426 2281 benedicere,
484 2220 541 2270 et
580 2214 932 2270 sanctiﬁcare
986 2216 1257 2289 digneris,
1312 2223 1376 2273 ut
1416 2219 1514 2274 ﬁat
1550 2219 1713 2275 nobis

127 2308 423 2363 Eucharistia
450 2308 709 2382 legitima
734 2308 793 2363 in
834 2314 935 2365 tuo
965 2309 1207 2382 Filiique
1248 2311 1334 2367 tui
1378 2313 1631 2384 nomine,
1659 2317 1716 2369 et

128 2399 321 2472 Spiritus
354 2402 547 2473 sancti,
597 2402 659 2457 in
710 2402 1271 2460 transformationem
1298 2404 1323 2434 "
1362 2406 1613 2479 corporis
1650 2425 1715 2463 ac

128 2495 368 2566 sanguinis
402 2496 631 2552 Domini
672 2496 770 2552 Dei
806 2497 987 2552 nostri
1015 2499 1147 2554 Jesu
1182 2499 1391 2555 Christi
1427 2501 1716 2573 Unigeniti

128 2588 204 2643 tui.
237 2591 330 2644 Per
349 2607 517 2662 quem
544 2591 739 2646 omnia
763 2608 941 2659 creas,
971 2597 1158 2648 creata
1196 2594 1505 2661 benedicis,
1535 2595 1713 2652 bene-

126 2681 241 2736 dicta
283 2684 610 2753 sanctiﬁcas,
660 2689 718 2739 et
755 2685 1097 2741 sanctiﬁcata
1139 2686 1365 2758 largiris
1402 2688 1571 2759 Deus,
1618 2688 1717 2761 qui

128 2775 172 2829 in
190 2778 427 2835 Trinitate
452 2778 706 2852 perfecta
730 2778 874 2834 vivis
904 2785 959 2835 et
986 2796 1192 2852 regnas
1215 2780 1277 2836 in
1304 2781 1509 2837 saecula
1536 2798 1714 2838 saecu-

126 2868 292 2927 lorum.

169 2887 292 2927 rum.

487 2944 624 2994 Ante
648 2941 939 2994 orationem
964 2943 1308 2995 Dominicam.

180 3016 614 3091 Omnipotentem
655 3019 1072 3091 sempiternum
1106 3020 1410 3076 Dominum
1448 3022 1716 3094 deprece-

126 3128 246 3182 mur,
267 3118 327 3168 ut
350 3113 446 3185 qui
471 3114 533 3169 in
563 3112 792 3168 Domini
816 3113 1000 3169 nostri
1022 3115 1152 3170 Jesu
1170 3114 1378 3171 Christi
1407 3116 1718 3173 Circumci—

126 3205 250 3262 sione
260 3207 445 3262 tribuit
457 3208 635 3263 totius
646 3207 945 3280 religionis
956 3207 1189 3264 initium
1202 3209 1721 3284 perfectionemque

1882 1930 2183 1986 Benedicat
2212 1944 2305 1986 Vos
2335 1933 2610 1989 Dominus
2636 1933 3016 2005 omnipotens,
3046 1939 3102 1990 et
3129 1950 3233 2007 per
3260 1934 3446 1990 abun-

1813 2023 2067 2079 dantiam
2099 2024 2499 2081 misericordia:
2540 2044 2656 2081 sua:
2679 2043 2775 2081 cor
2797 2031 3061 2082 nostrum
3088 2028 3446 2084 conroboret.

1813 2120 2013 2173 Amen.
2052 2119 2293 2174 Mentem
2336 2118 2662 2190 sanctiﬁcet,
2701 2120 2875 2175 vitam
2909 2122 3238 2192 ampliﬁcet,
3282 2121 3448 2176 casti-
3504 2140 3507 2143 ·

1813 2212 2067 2266 moniam
2104 2212 2349 2283 decoret,
2381 2217 2551 2285 atque
2582 2230 2778 2269 sensus
2804 2220 3016 2270 vestros
3041 2214 3101 2269 in
3125 2214 3289 2269 bonis
3310 2230 3448 2286 ope-

1814 2304 1972 2360 ribus
1997 2322 2221 2376 semper
2250 2305 2508 2362 aediﬁcet.
2537 2310 2738 2363 Amen.
2770 2309 3044 2380 Prospera
3069 2307 3300 2379 tribuat,
3344 2323 3449 2381 pa-

1816 2414 1939 2453 cem
1978 2400 2267 2467 concedat,
2315 2400 2557 2456 salutem
2601 2401 2871 2472 conferat,
2919 2401 3172 2473 quietem
3214 2400 3450 2471 nutriat,

1815 2492 2105 2548 caritatem
2129 2493 2371 2564 muniat,
2400 2497 2458 2549 et
2484 2495 2554 2550 ab
2580 2494 2844 2550 omnibus
2863 2494 3159 2551 diabolicis
3177 2498 3233 2550 et
3250 2496 3454 2550 huma-

1814 2585 1903 2640 nis
1928 2586 2144 2642 insidiis
2172 2604 2273 2642 sua
2296 2604 2392 2643 vos
2421 2604 2646 2660 semper
2669 2588 3018 2660 protectione
3044 2594 3101 2645 et
3123 2589 3330 2645 virtute
3355 2589 3451 2644 de—

1815 2679 2027 2736 fendat.
2059 2684 2258 2737 Amen.
2289 2683 2357 2738 Et
2392 2682 2472 2737 ita
2510 2682 2873 2743 devotionem
2917 2688 3167 2740 vestram
3202 2684 3455 2755 placatus

1818 2795 2045 2852 semper
2066 2780 2355 2853 suscipiat,
2378 2786 2445 2837 ut
2472 2798 2868 2855 quaecumquae
2905 2783 2976 2838 ab
2999 2800 3066 2839 eo
3090 2782 3458 2855 postulaveri-

1818 2873 1909 2944 tis,
1937 2874 2244 2930 clementer
2271 2875 2560 2931 concedat.
2587 2879 2789 2933 Amen.
2810 2877 3043 2935 Auferat
3069 2877 3258 2932 omnia
3278 2876 3450 2947 mala,

1819 2988 1948 3044 quas
1981 2970 2178 3045 204
2209 2972 2479 3045 gessistis,
2511 2977 2570 3029 et
2599 2973 2813 3029 tribuat
2851 2975 3111 3047 gratiam,
3153 2991 3325 3047 quam
3360 2992 3454 3030 ro-

1822 3065 2012 3138 gastis.
2040 3069 2241 3123 Amen.
2269 3068 2376 3123 Per
2401 3067 2709 3124 Dominum
2740 3072 2999 3125 nostrum
3039 3069 3233 3125 Iesum
3258 3069 3453 3125 Chris-

1820 3163 1946 3215 tum
1973 3160 2176 3215 Filium
2202 3176 2390 3216 suum.

266 3259 353 3261 in,
369 3259 443 3262 ___
463 3259 505 3263 -_
647 3259 666 3261 _
685 3259 941 3280 ---οη-η
957 3259 1720 3284 __-____,--_--_-_-_-.,_-

126 3305 361 3370 constare,
388 3301 483 3357 det
506 3301 675 3356 nobis
708 3301 770 3356 in
797 3301 921 3373 ejus
957 3302 1220 3373 portione
1254 3305 1492 3375 censeri,
1521 3305 1581 3360 in
1608 3322 1721 3378 quo
1741 3259 1797 3335 Ο
1823 3304 1905 3358 ΙΧ.
1970 3319 2243 3361 INCIPIUNT
2305 3318 2705 3368 PR.EFATIONES,
2769 3319 2878 3359 cum
2946 3319 3343 3364 COLLECTIONES
3406 3322 3459 3365 IN

123 3394 262 3449 totius
280 3395 465 3450 salutis
488 3396 765 3451 humanae
792 3396 1062 3467 perfectio
1090 3413 1314 3457 summa
1345 3398 1616 3470 consistit,
1665 3404 1722 3456 et

124 3489 394 3545 orationem
421 3506 600 3562 quam
630 3507 735 3545 nos
772 3490 1045 3546 Dominus
1069 3498 1266 3548 noster
1311 3492 1553 3565 edocuit,
1591 3510 1723 3549 cum

126 3579 296 3638 ﬁducia
317 3584 500 3641 dicere
528 3583 846 3657 permittat.
886 3586 1051 3641 Pater
1077 3590 1289 3641 noster.

486 3682 613 3732 Post
642 3682 936 3732 orationem
969 3682 1313 3733 Dominicam.

184 3760 359 3818 Libera
394 3780 496 3819 nos
540 3780 575 3818 a
618 3763 791 3830 malo,
821 3762 1180 3835 omnipotens
1222 3763 1417 3839 203
1460 3766 1627 3836 Deus,
1669 3771 1726 3823 et

128 3861 317 3927 praesta,
345 3862 408 3913 ut
431 3856 613 3912 incisa
642 3856 793 3911 mole
817 3857 1156 3929 facinorum,
1198 3859 1313 3913 sola
1338 3858 1397 3914 in
1423 3876 1526 3914 nos
1547 3860 1725 3932 proﬁ-

128 3948 247 4005 ciant
282 3951 628 4007 incremanta
665 3951 964 4006 virtutum.
1003 3953 1110 4006 Per
1136 3952 1444 4009 Dominum
1472 3957 1730 4009 nostrum

125 4042 285 4099 Iesum
304 4046 593 4102 Christum
618 4044 827 4100 Filium
850 4049 1038 4101 tuum.

650 4142 950 4194 Benedictio
967 4144 1167 4209 populi.

184 4214 313 4273 Deus
335 4234 528 4275 rerum
555 4218 816 4274 omnium
832 4223 1019 4274 rector
1039 4224 1096 4274 et
1111 4218 1387 4291 conditor,
1417 4220 1517 4293 qui
1542 4221 1734 4277 omnia

127 4325 231 4380 quae
256 4328 287 4366 a
310 4317 363 4368 te
384 4314 531 4368 facta
557 4316 711 4381 sunt,
738 4312 1035 4384 majestate
1074 4312 1302 4386 imples,
1329 4315 1561 4371 scientia
1587 4315 1733 4371 ordi-

128 4419 224 4465 nas.
250 4405 445 4477 pietate
472 4406 740 4462 custodis.
782 4409 981 4463 Amen.
1024 4407 1321 4480 Respicere
1358 4408 1592 4481 dignare
1631 4410 1735 4465 hos

130 4499 333 4569 populos
349 4506 495 4569 tuos,
525 4501 629 4573 qui
648 4517 752 4573 per
770 4500 947 4556 nostri
974 4500 1088 4556 oris
1108 4501 1362 4557 ofﬁcium
1383 4503 1733 4560 benedictio-

130 4607 246 4648 num
268 4598 491 4650 tuarum
519 4595 668 4650 dona
692 4595 1035 4651 desiderant.
1067 4598 1266 4651 Amen.
1300 4597 1475 4669 Reple
1505 4615 1601 4654 eos
1619 4603 1733 4654 tua:

132 4685 333 4743 scientia
354 4689 682 4759 voluntatis,
710 4694 776 4745 ut
799 4690 860 4745 in
896 4689 1160 4745 omnibus
1200 4691 1597 4747 mandatorum
1622 4694 1733 4748 im-

130 4780 267 4851 perio
309 4782 413 4854 pia:
467 4782 847 4839 venerationis
886 4784 1239 4840 famulentur
1282 4785 1488 4843 ofﬁcio.
1532 4790 1735 4844 Amen.

131 4876 389 4932 Averteab
414 4878 506 4932 his
532 4877 834 4935 inhonesta
858 4883 915 4934 et
938 4878 1133 4951 turpia
1167 4879 1470 4936 libidinum
1509 4882 1737 4953 probra.

131 4969 305 5026 Averte
356 4971 635 5043 jocundas
686 4977 744 5027 et
791 4971 992 5027 noxias
1055 4989 1361 5045 corporum
1403 4976 1737 5048 voluptates.

131 5063 304 5119 Averte
328 5064 603 5121 invidiam
626 5066 736 5121 tuis
758 5065 1047 5122 beneﬁciis
1073 5072 1131 5123 et
1153 5067 1318 5122 bonis
1340 5069 1603 5124 omnibus
1626 5069 1739 5125 ini-

133 5154 331 5213 micam.
359 5162 561 5215 Amen.
581 5160 652 5215 Ut
678 5160 736 5214 in
758 5160 916 5215 omni
932 5160 1206 5231 patientia
1226 5166 1284 5217 et
1307 5162 1741 5234 longanimitate

133 5257 437 5323 crescentes,
483 5270 517 5307 a
556 5257 612 5308 te
655 5253 835 5309 vocati
868 5253 941 5309 ad
981 5255 1207 5311 Patrem
1251 5256 1449 5311 aeterni
1485 5257 1738 5328 luminis,

134 5344 392 5403 transeant
430 5346 496 5402 in
532 5363 781 5420 regnum
812 5347 1172 5403 hereditariae
1207 5348 1497 5406 claritatis.
1536 5354 1738 5407 Amen.

188 5437 333 5501 Quod
355 5440 478 5513 ipse
504 5446 776 5513 praestare
797 5441 1067 5514 digneris,
1090 5443 1193 5516 qui
1214 5460 1346 5500 cum
1365 5445 1529 5499 Patre
1551 5449 1607 5500 et
1626 5444 1745 5517 Spi-

187 5568 208 5596 ⁸
234 5570 381 5629 Idem
408 5574 749 5650 vocabulum
771 5574 1015 5650 infrain
1058 5577 1229 5632 missa
1272 5581 1343 5634 20
1389 5594 1495 5650 pro
1536 5578 1742 5635 Cathe-

131 5638 234 5732 (Ιξῇ
250 5646 425 5732 sancti
465 5646 733 5732 Petri,_.et
767 5647 828 5732 in
850 5647 1039 5732 inissa
1084 5652 1151 5705 65
1188 5650 1259 5705 de
1298 5638 1494 5732 san‘cto
1531 5651 1743 5732 Leode-

135 5718 477 5805 gagionltem
509 5718 567 5773 in
600 5718 807 5805 hlissali
850 5719 1417 5805 Francorumtnuni.
1467 5722 1745 5805 Bullflgiiﬁe

133 5783 465 5844 ordinatione
510 5790 999 5863 presbyterorum;
1053 5783 1281 5848 item'in
1329 5791 1534 5849 Missali
1571 5792 1744 5849 Galli-

135 5868 274 5917 cano.
298 5875 464 5916 num.
488 5863 570 5917 t7.

195 5899 726 5991 rage-“benedictio
778 5939 864 5991 est
901 5934 1132 5994 alterius
1185 5936 1394 6009 missa,
1431 5937 1576 5995 forte
1627 5937 1748 6010 ejus

1754 4637 1814 4711 D

2332 3391 2551 3431 VIGILIIS
2606 3390 2948 3433 ΕΡΗΙΡΗΔΝᾸΞ.

2514 3467 2769 3519 Praefatio.

1895 3552 2290 3609 Miraculorum
2310 3553 2645 3626 primordia,
2660 3570 2787 3625 quas
2803 3554 3078 3610 Dominus
3097 3560 3289 3611 noster
3304 3557 3331 3611 Ι
3334 3572 3462 3611 esus

1824 3646 2078 3704 Christus
2092 3646 2345 3718 proferre
2371 3646 2432 3701 in
2457 3647 2772 3719 adsumptae
2792 3649 2979 3703 carnis
2998 3648 3244 3704 novitate
3265 3649 3466 3720 digna-

1824 3746 1917 3797 tus
1945 3745 2047 3809 est,
2074 3740 2274 3795 fratres
2297 3739 2589 3809 carissimi,
2621 3740 2814 3796 debita
2842 3741 3190 3795 exultatione
3237 3757 3468 3797 venere-

1826 3850 1978 3904 mur,
2007 3833 2139 3906 quia
2162 3833 2300 3888 dum
2330 3849 2389 3888 se
2417 3834 2598 3888 Deum
2635 3833 2786 3888 intra
2810 3834 3065 3888 humana
3093 3834 3304 3889 viscera
3328 3851 3462 3906 pro-
3562 3896 3567 3903 ι

1830 3928 2067 3998 ferebat,
2089 3927 2211 3999 jam
2241 3927 2311 3982 de
2341 3926 2533 3981 salutis
2568 3932 2772 3983 nostrae
2798 3927 3147 3984 absolutione
3168 3929 3463 3984 tractabat.

1829 4025 2007 4078 Homo
2033 4026 2117 4078 est
2159 4021 2357 4094 utique
2391 4020 2661 4077 invitatus
2695 4022 2765 4077 ad
2814 4022 3073 4094 nuptias;
3119 4028 3175 4078 et
3213 4022 3365 4095 quod
3408 4022 3468 4077 in

1830 4116 2045 4189 nuptiis
2068 4116 2322 4189 protulit,
2352 4116 2533 4171 Deum
2551 4116 2831 4188 probavit.
2859 4116 3032 4189 Cujus
3057 4117 3344 4188 praeconia
3363 4132 3468 4172 nec

1832 4211 1983 4267 inter
2006 4211 2128 4282 ipsa
2152 4210 2382 4283 quidem
2413 4210 2692 4266 virtutum
2717 4227 3014 4282 possumus
3032 4210 3357 4267 rudimenta
3378 4211 3472 4266 de-

1831 4320 2115 4377 promere,
2147 4305 2245 4360 sed
2266 4305 2403 4361 dum
2424 4309 2713 4361 tantarum
2741 4322 2936 4361 rerum
2960 4305 3331 4378 stupescimus
3359 4306 3475 4378 glo-

1831 4399 1999 4468 riam,
2051 4397 2430 4455 temeritatem
2473 4399 2829 4471 proferendae
2869 4399 3053 4455 laudis
3087 4399 3466 4471 ingredimur.

1833 4493 2042 4550 Humili
2070 4508 2209 4565 ergo
2240 4493 2493 4549 oratione
2528 4510 2824 4565 poscamus
2848 4499 2915 4548 ut
2940 4509 3044 4565 per
3068 4493 3258 4565 ipsum
3283 4493 3354 4547 ad
3384 4493 3470 4546 vi-

1834 4593 1951 4644 tam
1980 4592 2253 4643 aeternam
2279 4587 2442 4643 nobis
2469 4588 2756 4643 tribuatur
2795 4587 3106 4660 ingressus,
3136 4587 3298 4658 cujus
3322 4587 3472 4642 nati-

1835 4682 2023 4739 vitatis
2053 4681 2270 4737 lumine
2295 4681 2445 4736 orbis
2473 4679 2808 4737 inlustratus
2836 4686 2921 4737 est
2964 4680 3283 4737 universus.
3310 4682 3475 4746 Quod

1836 4777 1956 4849 ipse
1979 4778 2253 4848 praestare
2280 4774 2568 4847 dignetur,
2600 4774 2699 4847 qui
2726 4775 2784 4830 in
2809 4775 3080 4831 Triuitate
3112 4776 3363 4848 perfecta
3389 4775 3474 4831 vi-

1838 4870 1918 4926 vit
1946 4874 2003 4926 et
2031 4874 2232 4943 regnat
2258 4868 2317 4924 in
2336 4868 2546 4924 saecula
2568 4868 2931 4923 saeculorum.

2389 4974 2637 5026 Collectio
2666 4974 2915 5039 sequitur.

1912 5062 2283 5135 Omnipotens
2310 5064 2366 5117 et
2390 5059 2706 5117 misericors
2736 5061 2903 5132 Deus,
2934 5061 3088 5132 plebi
3114 5066 3229 5118 tuae
3257 5064 3477 5136 suppli-

1841 5157 1981 5213 citer
2005 5156 2266 5212 oxorauti
2291 5156 2383 5229 pia
2401 5154 2751 5227 benignitate
2773 5156 3073 5227 responde,
3097 5172 3269 5229 quam
3295 5157 3481 5212 cernis

1840 5251 1901 5305 in
1928 5250 2036 5306 hoc
2055 5250 2145 5305 die
2166 5249 2316 5304 ﬁdeli
2337 5249 2632 5305 devotione
2661 5248 2929 5321 gaudere,
2953 5250 3105 5322 quod
3124 5249 3397 5304 Dominus
3416 5266 3480 5303 ac

1843 5345 1993 5400 Deus
2033 5348 2245 5412 noster,
2275 5358 2408 5399 vera
2442 5342 2762 5399 humilitate
2795 5348 3076 5415 suscepta,
3105 5342 3184 5397 sic
3219 5342 3482 5398 servilem

1842 5438 2087 5495 formam
2112 5436 2551 5493 misericorditer
2578 5436 2824 5493 ostendit
2864 5436 2925 5492 in
2960 5435 3185 5507 saeculo,
3229 5440 3296 5491 ut
3335 5436 3481 5493 divi-

1844 5593 1973 5649 quae
1998 5580 2119 5633 erat
2141 5576 2211 5632 ad
2240 5576 2662 5649 prohibendum
2687 5575 2758 5629 ab
2784 5574 3485 5649 idolis._Communionem

1842 5645 2057 5725 tibique
2080 5645 2351 5725 praecedit
2373 5646 2713 5714 benedictio,
2756 5663 2827 5701 ex
2855 5646 3027 5725 dictis
3057 5645 3125 5725 in
3162 5645 3262 5701 lib.
3287 5662 3482 5725 i,_c_ap.

1847 5721 1899 5790 4,
1926 5716 2102 5776 nimi.—
2124 5722 2208 5789 14,
2254 5725 2522 5792 patetque
2557 5734 2642 5792 ex_
2663 5716 2976 5792 praemissis
3018 5721 3075 5792 et
3117 5717 3485 5792 sequentibus

1846 5786 2051 5865 missis,
2078 5786 2459 5865 praeterquam
2480 5790 2541 5845 in
2567 5786 2740 5844 missa
2776 5790 2837 5842 21
2888 5803 2992 5861 pro
3026 5786 3483 5859 Quadragesimse

1848 5863 2029 5921 initio.
