3968 6224
434 384 536 437 239

1226 383 1557 439 APPENDIX
1593 382 1682 437 AD
1718 380 1939 437 OPERA
1976 376 2209 437 SANCTI
2245 378 2544 437 GERMANI
2582 378 3006 436 PARJSIENSIS.

3712 374 3813 433 240

433 506 569 546 nam
593 490 907 562 potentiam
933 506 1094 546 suam
1120 489 1457 546 mirabiliter
1472 495 1812 547 monstraret
1831 492 1891 546 in
1907 492 2061 547 calo.
2087 504 2146 577 Α
2167 490 2313 545 didit
2339 490 2504 545 nobis
2530 490 2727 545 salutis
2747 490 2976 561 jugum,
3006 491 3069 542 ut
3098 500 3300 543 omnes
3322 502 3427 541 nos
3458 486 3748 541 exaltaret
3765 487 3816 541 in

432 584 540 650 Qui
564 585 719 639 enim
743 601 848 657 pro
889 586 1050 640 nobis
1087 602 1231 656 puer
1267 585 1537 656 parvulus
1576 585 1705 655 fuit,
1743 586 1863 657 ipse
1899 586 1971 640 ad
2004 602 2064 640 se

431 693 629 749 magos
653 677 836 732 ofﬁcio
869 678 1042 733 stellae
1069 678 1371 748 praeeuntis
1398 679 1652 733 adduxit.
1694 678 2065 747 Obsecremus

430 769 641 842 itaque,
672 772 928 839 Domine,
960 770 1318 826 clementiam
1348 776 1527 841 tuam,
1551 776 1624 839 jut
1650 772 1795 829 sicut
1827 772 1937 827 illis
1963 774 2062 828 de-

430 863 562 918 disti
586 864 874 919 Christum
892 870 1057 919 tuum
1083 862 1280 919 verum
1306 866 1485 920 Deum
1514 866 1573 920 in
1610 882 1741 921 vera
1777 882 1947 920 carne
1968 883 2062 921 co-

431 973 727 1027 gnoscere,
759 958 835 1010 sic
857 974 1062 1011 omnes
1086 957 1286 1012 ﬁdeles
1307 962 1453 1026 tuos,
1480 976 1623 1029 quos
1642 963 1909 1014 materno
1937 959 2065 1013 sinu

431 1053 627 1103 sancta
668 1054 856 1120 gestat
898 1051 1168 1118 Ecclesia,
1222 1052 1282 1105 in
1324 1054 1593 1123 praesenti
1628 1056 1890 1123 tempore
1941 1070 2067 1123 pro-

426 1146 590 1213 tegas
616 1142 838 1197 invictse
869 1143 1091 1197 virtutis
1122 1145 1351 1212 auxilio,
1379 1148 1439 1199 et
1469 1145 1526 1198 in
1553 1147 1747 1200 futuro
1775 1145 1951 1200 facias
1981 1162 2065 1199 re-

426 1235 526 1305 gni
547 1237 784 1290 caelestis
811 1236 1050 1307 adipisci
1073 1254 1314 1292 munere
1348 1240 1720 1309 sempiterno.
1748 1240 1860 1293 Per
1880 1239 2065 1310 ipsum

426 1329 739 1383 Dominum
770 1333 1030 1384 nostrum
1068 1333 1263 1385 Jesum
1302 1331 1590 1387 Christum
1630 1332 1836 1387 Filium
1880 1336 2064 1399 tuum,

429 1422 527 1493 qui
546 1426 739 1478 tecum
771 1423 972 1478 beatus
1004 1425 1074 1478 vi.

1134 1494 1387 1546 Praefatio.

500 1574 973 1645 Omnipotentem
1019 1576 1353 1643 Dominum,
1400 1576 1608 1630 fratres
1657 1577 1963 1645 carissimi,
2011 1580 2070 1631 et

426 1669 621 1722 Jesum
655 1667 944 1722 Christum
988 1668 1191 1722 Filium
1246 1669 1368 1739 ejus
1418 1673 1475 1723 et
1529 1670 1884 1724 Salvatorem
1932 1688 2063 1725 nos-

426 1764 603 1829 trum,
633 1760 730 1831 qui
761 1762 935 1815 tantis
965 1761 1268 1816 virtutibus
1298 1779 1365 1817 se
1382 1762 1772 1817 manifestavit
1791 1764 1848 1817 in
1880 1765 2063 1832 terris,

2165 601 2442 655 regnum,
2494 586 2716 639 Fratres
2789 581 3179 649 dilectissimi,
3244 580 3484 652 supplici
3554 580 3817 634 oratione

2164 695 2485 750 precemur,
2520 681 2583 731 ut
2638 678 2883 747 expellat
2928 677 3001 731 de
3052 676 3311 730 sensibus
3363 672 3572 729 nostris
3629 689 3817 743 prava:

2166 771 2532 855 cogitationis
2564 771 2991 837 obscuritatem,
3026 774 3090 823 ut
3117 769 3286 823 nullis
3318 768 3594 838 deinceps
3624 782 3822 838 pecca-

2166 866 2357 917 torum
2390 863 2682 916 fuscemur
2727 861 2985 927 maculis,
3029 860 3234 931 quibus
3275 859 3454 929 jubar
3481 873 3601 911 suae
3634 858 3822 928 splen-

2167 956 2292 1010 duit
2353 956 2626 1011 caritatis.
2659 957 2768 1009 Per
2795 954 3108 1009 Dominum
3136 956 3399 1008 nostrum
3436 955 3634 1009 Jesum
3659 952 3816 1008 Chri-

2168 1052 2319 1105 stum
2345 1050 2549 1104 Filium
2572 1054 2756 1117 tuum,
2787 1048 2886 1120 qui
2917 1064 3131 1103 secum.

2712 1172 2967 1223 Collectio
3008 1172 3260 1237 sequitur.

2238 1277 2452 1332 Exaudi
2480 1293 2584 1332 nos
2611 1276 2875 1331 salutaris
2903 1280 3117 1344 noster,
3149 1280 3207 1330 et
3236 1276 3385 1330 hanc
3406 1293 3669 1331 annuam
3697 1276 3808 1331 sol-

2168 1372 2484 1426 lemnitatis
2523 1374 2734 1425 nostras
2773 1369 3143 1425 devotionem
3196 1369 3508 1440 dignanter
3550 1370 3811 1442 suscipe;

2167 1468 2232 1519 ut
2258 1465 2401 1519 sicut
2436 1465 2612 1535 Magis
2642 1464 2716 1519 ad
2743 1463 3135 1519 ostensionem
3166 1464 3431 1518 salutaris
3458 1464 3563 1518 viae
3592 1464 3817 1518 refulsit

2168 1560 2349 1625 stella,
2383 1556 2576 1631 206
2612 1558 2694 1613 ita
2732 1558 2941 1612 nostris
2977 1557 3270 1612 mentibus
3305 1574 3411 1628 per
3436 1557 3694 1628 gratiam
3732 1559 3810 1611 tui

2168 1651 2426 1706 muneris
2453 1652 2649 1706 lumen
2680 1651 2972 1719 infundas,
3002 1655 3065 1705 ut
3092 1651 3376 1722 possimus
3404 1650 3460 1704 in
3487 1650 3647 1705 viam
3674 1650 3818 1705 veri-

2166 1745 2302 1799 tatis
2337 1746 2697 1813 conﬁtentes,
2736 1748 2792 1798 te
2832 1747 3197 1815 protegente,
3236 1744 3527 1799 incedere.
3554 1745 3672 1799 Per
3704 1744 3813 1799 Do-

426 1858 485 1908 et
526 1855 709 1908 multa
748 1854 1038 1909 mirabilia
1073 1856 1491 1911 demonstravit
1531 1857 1589 1910 in
1632 1858 1877 1928 populis,
1938 1858 2065 1912 uni-
2088 1882 2144 1954 B
2168 1838 2392 1894 “linum
2419 1843 2681 1895 Ποδῖτυιω
2703 1840 2895 1895 Jesum
2922 1839 3213 1894 Chrismm
3240 1838 3446 1893 Filium
3470 1841 3661 1893 tuum-

422 1947 572 2001 versi
612 1947 850 2001 summis
900 1948 1161 2019 precibus
1209 1949 1619 2020 deprecemur,
1667 1954 1729 2004 ut
1774 1950 1871 2021 qui
1914 1951 2068 2004 infir-

425 2056 555 2095 mos
597 2041 833 2107 curavit,
872 2044 930 2094 et
971 2046 1230 2096 mortuos
1266 2042 1572 2110 suscitavit,
1612 2044 1867 2114 leprosos
1895 2061 2063 2098 mun-

426 2133 600 2200 davit,
647 2151 827 2188 caecos
862 2134 1245 2203 inluminavit,
1292 2139 1349 2190 et
1389 2137 1460 2190 de
1501 2137 1756 2208 quinque
1798 2137 2063 2208 panibus,

425 2230 483 2280 et
504 2227 726 2282 duobus
746 2228 994 2299 piscibus
1016 2229 1271 2301 quinque
1294 2229 1454 2284 milia
1477 2230 1781 2285 hominum
1801 2231 2027 2285 satiavit
2050 2248 2062 2299 ;

424 2324 488 2374 ut
531 2322 629 2391 qui
664 2322 788 2375 hac
836 2326 1104 2393 operatus
1152 2326 1238 2377 est
1278 2324 1338 2376 in
1378 2324 1564 2391 terris,
1611 2324 1778 2379 nobis
1835 2340 2063 2395 quoque

422 2414 705 2484 propitius
736 2414 936 2469 adesse
1192 2415 1462 2486 dignetur
1487 2416 1545 2470 in
1577 2417 1795 2471 cunctis
1822 2417 2061 2484 delictis,

425 2505 687 2561 Salvator
712 2507 936 2575 mundi,
968 2508 1067 2578 qui
1096 2525 1226 2562 cum
1251 2512 1467 2564 aeterno
1503 2511 1668 2564 Patre
1696 2511 1832 2564 vivit
1857 2514 1915 2564 et
1937 2526 2060 2580 reg.

975 2600 1224 2650 Collectio
1254 2601 1505 2665 sequitur.

495 2679 873 2751 Omnipotens
909 2680 1258 2751 sempiterne
1290 2683 1457 2751 Deus,
1493 2684 1695 2738 mundi
1742 2687 1968 2739 creator
2007 2688 2065 2738 et

422 2776 630 2840 rector,
660 2774 758 2843 qui
805 2775 956 2829 hunc
992 2779 1420 2847 superventurae
1459 2777 1860 2832 sollemnitatis
1909 2778 2061 2831 diem

423 2867 717 2922 electionis
774 2869 1036 2937 gentium
1094 2869 1361 2940 primitiis
1434 2873 1809 2941 consecrasti,
1888 2873 2061 2943 imple

420 2962 704 3015 mundum
737 2962 923 3032 gloria
946 2966 1064 3031 tua,
1095 2966 1153 3017 et
1184 2964 1425 3017 subditis
1455 2964 1556 3018 tibi
1589 2966 1814 3037 populis
1843 2982 1947 3037 per
1975 2967 2060 3019 lu-

419 3055 593 3109 minis
640 3055 724 3109 tui
769 3056 966 3110 lumen
1012 3073 1248 3128 appare,
1298 3060 1358 3111 ut
1412 3059 1661 3113 salutare
1701 3063 1866 3113 tuum
1912 3075 2061 3114 nova

419 3150 690 3203 caelorum
716 3149 971 3204 claritate
999 3150 1261 3204 mirabile
1291 3152 1498 3205 nostris
1522 3169 1751 3223 semper
1776 3153 2056 3207 innovan-

420 3242 508 3297 dis
535 3243 802 3297 cordibus
834 3243 1071 3298 oriatur.
1105 3245 1214 3297 Per
1239 3245 1550 3300 Dominum
1574 3250 1837 3301 nostrum
1867 3249 1894 3301 J
1901 3263 2062 3301 esum
2083 3254 2139 3328 ρ

420 3336 711 3391 Christum
739 3337 967 3405 Filium,
997 3336 1096 3408 qui
1122 3339 1314 3392 tecum
1346 3339 1481 3394 vivit
1511 3342 1569 3394 et
1597 3343 1823 3412 regnat.

1115 3432 1372 3483 Praefatio.

493 3511 676 3564 Deum
709 3511 1193 3582 omnipotentem,
1224 3514 1323 3585 qui
1345 3514 1509 3568 nobis
1532 3514 1699 3585 hujus
1734 3515 1919 3569 noctis
1950 3515 2061 3569 fes-

418 3603 699 3658 tivitatem
729 3605 983 3675 indulsit,
1016 3607 1224 3661 fratres
1250 3607 1549 3673 carissimi,
1574 3608 1972 3677 deprecemur,
2001 3612 2065 3663 ut

421 3698 520 3753 det
545 3698 710 3753 nobis
758 3699 932 3754 etiam
971 3701 1322 3755 munditiam
1370 3700 1578 3768 cordis,
1612 3704 1674 3754 ut
1708 3701 1852 3755 sicut
1879 3702 2058 3773 magi,

421 3792 584 3846 stella
614 3797 930 3863 praeeunte,
961 3794 1271 3848 Dominum
1300 3795 1490 3849 Jesum
1517 3793 1807 3849 Christum
1830 3795 2062 3849 invene-

416 3889 572 3954 runt,
606 3890 664 3940 et
689 3890 887 3957 Optata
919 3888 1211 3942 consecuti
1244 3891 1376 3941 sunt
1404 3888 1636 3959 gaudia,
1660 3892 1833 3959 atque
1849 3889 2061 3960 apertis

416 3980 704 4033 thesauris
741 3980 876 4047 suis,
908 3980 1241 4034 obtulerunt
1271 3982 1323 4034 ei
1370 3998 1614 4035 munera
1648 3998 1876 4049 aurum,
1905 3983 2057 4050 thus,

419 4075 476 4126 et
516 4073 837 4142 myrrham,
868 4073 947 4126 ita
974 4076 1032 4125 et
1057 4090 1161 4127 nos
1191 4074 1395 4127 famuli
1426 4074 1530 4140 sui,
1567 4074 1827 4144 ejusdem
1865 4076 2059 4130 Salva-

416 4164 558 4219 toris
588 4165 767 4218 nostri
798 4165 1007 4219 auxilio
1033 4166 1383 4236 prmmoniti,
1414 4170 1631 4221 terram
1662 4168 2061 4238 promissionis

418 4262 757 4311 mereamur
777 4257 1025 4327 ingredi,
1048 4262 1111 4312 ut
1136 4258 1493 4329 gaudeamus
1520 4278 1626 4315 nos
1647 4264 1863 4316 aeterna
1892 4263 2060 4334 regni

418 4350 659 4405 caelestis
688 4352 1047 4422 possessione
1074 4352 1265 4406 ditari.
1304 4355 1411 4407 Per
1443 4354 1755 4409 Dominum
1801 4359 2060 4410 nostrum

415 4445 611 4501 Iesum
661 4446 951 4501 Christum
1008 4446 1213 4501 Filium
1264 4465 1460 4516 suum,
1511 4465 1704 4504 secum
1751 4450 2058 4519 viventem,

419 4555 766 4612 semperque
796 4544 1163 4611 regnantem.

982 4634 1231 4684 Collectio
1270 4635 1520 4698 sequitur.

491 4714 659 4780 Deus,
690 4713 787 4785 qui
816 4713 984 4767 Verbi
1010 4715 1093 4769 tui
1129 4715 1592 4771 incarnationem
1618 4717 1879 4788 praeclari
1908 4717 2064 4771 testi-

420 4806 619 4862 monio
642 4806 844 4860 sideris
867 4807 1153 4876 indicasti,
1183 4810 1338 4880 quod
1358 4809 1619 4865 videntes
1647 4811 1827 4881 magi,
1853 4810 2060 4864 oblatis

420 4900 778 4971 Majestatem
800 4904 960 4954 tuam
993 4902 1329 4957 muneribus
1351 4904 1686 4971 adorarunt,
1721 4903 1972 4958 concede
2001 4907 2063 4958 ut

421 5010 653 5066 semper
678 4994 736 5047 in
764 4994 1057 5050 mentibus
1082 4998 1290 5053 nostris
1315 5002 1428 5053 tuae
1456 5000 1735 5069 appareat
1757 4998 1935 5052 stellae
1964 5015 2062 5052 no-

418 5088 564 5155 titia,
593 5104 657 5142 ac
692 5093 888 5143 noster
912 5089 971 5143 in
1000 5093 1099 5145 tua
1119 5092 1191 5146 sit
1212 5092 1572 5147 confessione
1606 5091 1927 5145 thesaurus.
1953 5092 2063 5146 Per

418 5183 733 5239 Dominum
754 5187 1012 5239 nostrum
1037 5187 1230 5242 Jesum
1249 5186 1539 5241 Christum
1561 5184 1765 5239 Filium
1793 5188 1978 5241 tuum.

1123 5278 1363 5328 Prefatio.

496 5357 967 5429 Omnipotentem
1019 5358 1441 5429 sempiternum
1502 5360 1850 5427 Dominum,
1904 5361 2063 5432 cujus

422 5466 539 5506 non
562 5451 756 5507 minor
780 5456 865 5507 est
890 5451 1286 5506 misericordia
1314 5469 1487 5524 quam
1514 5457 1788 5525 potestas,
1809 5455 1909 5526 qui
1932 5456 2065 5509 licet

424 5545 807 5602 aestimatione
844 5562 1087 5616 Operum
1122 5545 1522 5602 universorum
1557 5565 1793 5602 suorum
1844 5549 2060 5617 vicerit,

420 5640 543 5712 ipse
578 5644 773 5695 tamen
818 5656 1053 5694 suorum
1077 5656 1320 5712 Oper-um
1348 5641 1817 5713 magnitudinem
1849 5644 2062 5714 pietate

420 5734 582 5802 vicit,
659 5732 944 5788 mittendo
1011 5733 1177 5790 nobis
1246 5737 1443 5791 Jesum
1508 5736 1799 5793 Christum
1860 5736 2063 5792 Filium

420 5844 589 5883 suum
616 5825 930 5882 Dominum
958 5832 1243 5899 nostrum,
1268 5831 1427 5903 cujus
1465 5835 1523 5887 et
1549 5849 1695 5887 onus
1719 5832 1843 5887 leve
1874 5834 1978 5900 est,
2008 5834 2067 5887 et

414 5922 625 6000 jugum
654 5937 847 5992 suave,
866 5922 1131 5997 virginali
1160 5927 1325 5983 utero
1354 5929 1690 6001 procreatus
1721 5926 1796 5982 ad
1819 5927 1931 5984 hoc
1953 5929 2067 5982 tra-

2855 1963 3107 2015 Praefatio.

2237 2068 2545 2121 Narrantes
2572 2066 2770 2121 laudes
2800 2066 3051 2133 Domini,
3084 2068 3142 2120 et
3170 2064 3461 2137 potentias
3488 2067 3547 2119 et
3571 2064 3814 2119 mirabi-

2166 2160 2243 2215 lia
2274 2178 2401 2232 quaa
2441 2161 2594 2229 fecit,
2628 2161 2835 2214 fratres
2869 2159 3169 2227 carissimi,
3206 2176 3336 2213 cum
3382 2162 3517 2213 ante
3566 2175 3811 2229 conspe-

2166 2258 2320 2308 ctum
2342 2255 2538 2325 populi
2560 2254 2643 2308 sui
2666 2271 2826 2308 mare
2851 2253 3149 2321 divideret,
3173 2253 3372 2307 lumen
3400 2252 3813 2323 praetenderet,

2166 2347 2364 2418 ignem
2392 2349 2711 2419 praeferret,
2746 2347 2866 2401 caeli
2888 2347 3097 2418 januas
3129 2346 3402 2418 aperiret,
3444 2362 3661 2417 panem
3710 2362 3814 2398 an-

2168 2442 2412 2511 gelicum
2483 2442 2866 2508 ministraret,
2914 2456 3189 2510 rogemus
3237 2440 3318 2494 uti
3364 2456 3595 2511 quoque
3646 2438 3817 2493 nobis

2166 2535 2444 2590 similibus
2485 2535 2757 2590 virtutum
2796 2551 3030 2589 suarum
3075 2533 3395 2588 circumdet
3435 2533 3711 2599 excubiis,
3744 2550 3816 2586 ne

2164 2631 2251 2683 vel
2283 2629 2475 2684 saeculi
2498 2629 2669 2700 hujus
2694 2630 2899 2683 ﬂuctus
2921 2629 3205 2696 obvolvat,
3233 2628 3321 2681 vel
3356 2627 3642 2682 incertum
3680 2627 3816 2680 vita

2164 2740 2394 2778 cursum
2429 2724 2540 2777 iter
2584 2726 2799 2791 teneat,
2850 2723 2936 2775 vel
2977 2723 3100 2776 caeli
3149 2721 3336 2776 aditus
3391 2720 3637 2776 orationi
3693 2737 3815 2775 non

2164 2820 2378 2889 pateat,
2407 2818 2493 2871 vel
2519 2817 2685 2889 panis
2710 2816 2866 2870 vivus
2892 2816 3094 2884 vitam,
3118 2832 3176 2869 se
3206 2815 3497 2887 negando,
3522 2831 3640 2869 non
3667 2831 3820 2886 prae-

2162 2910 2317 2978 beat,
2347 2911 2446 2965 sed
2475 2911 2537 2964 in
2564 2910 3033 2981 redemptionem
3068 2909 3490 2981 adquisitionis,
3539 2911 3723 2979 atque
3760 2909 3819 2962 in

2164 3004 2397 3059 laudem
2426 3004 2623 3075 gloriae
2653 3021 2788 3070 sum,
2819 3003 2975 3075 quod
3000 3002 3202 3057 tribuit
3226 3003 3557 3073 aenigmate,
3589 3001 3817 3056 tribuat

2160 3098 2406 3152 veritati.
2457 3100 2566 3152 Per
2608 3099 2919 3153 Dominum
2962 3102 3225 3152 nostrum
3264 3098 3459 3152 Jesum
3510 3095 3816 3152 Christum

2164 3191 2369 3246 Filium
2392 3209 2578 3261 suum,
2609 3192 2706 3264 qui
2730 3192 2866 3246 vivit
2892 3195 2950 3246 et
2977 3195 3207 3263 regnat.

2718 3312 2968 3363 Clolectio
2997 3312 3249 3377 sequitur.

2237 3417 2490 3487 Operum
2510 3419 2764 3484 tuorum,
2793 3415 2962 3483 Deus,
2994 3419 3277 3487 quantum
3304 3413 3575 3470 miranda
3600 3418 3813 3487 poten-

2164 3508 2262 3576 tia,
2290 3512 2519 3564 tantum
2538 3510 2725 3580 magis
2751 3513 2836 3563 est
2865 3509 3051 3580 gratia
3072 3508 3385 3580 diligenda.
3409 3510 3527 3563 Tuo
3551 3525 3817 3581 namque

2163 3603 2408 3675 imperio
2436 3605 2600 3658 stella
2620 3603 2809 3674 magis
2836 3602 3108 3657 ducatum
3135 3602 3400 3674 praebuit,
3430 3606 3489 3657 et
3520 3619 3704 3674 usque
3742 3603 3819 3658 ad

2163 3697 2454 3753 Christum
2484 3701 2641 3752 certa
2684 3696 2909 3751 itineris
2953 3696 3272 3751 directione
3300 3696 3568 3767 perduxit
3605 3714 3619 3751 :
3650 3697 3820 3768 cujus

2164 3790 2493 3845 humanitas
2531 3808 2668 3845 vera
2700 3790 2781 3845 sic
2818 3791 2927 3845 fuit
2951 3791 3011 3844 in
3046 3807 3240 3859 carne,
3275 3794 3336 3844 ut
3368 3807 3504 3844 vera
3537 3790 3819 3861 majestas

2162 3886 2563 3956 resplenderet
2588 3885 2649 3939 in
2681 3901 2875 3956 opere.
2904 3885 3100 3939 Infans
3128 3882 3286 3938 enim
3322 3884 3487 3938 astris
3526 3884 3822 3938 famulan-

2160 3979 2312 4033 tibus
2361 3978 2701 4045 ostenditur,
2764 3982 2821 4033 et
2870 3996 2903 4034 a
2958 3978 3146 4049 magis
3196 3978 3462 4049 parvulus
3510 3977 3815 4032 adoretur.

2163 4073 2500 4137 Quaesumus
2539 4088 2698 4143 ergo,
2729 4071 2993 4140 Domine,
3018 4076 3081 4126 ut
3108 4071 3283 4126 etiam
3320 4074 3550 4126 nostros
3582 4088 3820 4126 errores

2162 4165 2613 4221 misericorditer
2655 4166 2929 4237 corrigas,
2968 4169 3025 4219 et
3055 4164 3129 4219 ad
3159 4165 3415 4219 veritatis
3446 4168 3560 4219 tuae
3610 4165 3817 4219 saluti-

2161 4260 2345 4315 feram
2385 4260 2686 4327 visionem,
2732 4259 3095 4331 praecedente
3131 4276 3237 4314 nos
3272 4261 3386 4313 tuae
3417 4258 3821 4314 miserationis

2160 4353 2626 4421 inluminatione,
2681 4353 2981 4425 perducas.
3038 4354 3145 4407 Per
3185 4352 3499 4408 Dominum
3544 4356 3819 4408 nostrum

2158 4450 2185 4504 J
2192 4465 2354 4504 esum
2378 4447 2669 4504 Christum
2698 4447 2906 4503 Filium
2933 4449 3125 4501 tuum.

2859 4566 3112 4618 Praefatio.

2077 4632 2138 4703 D
2233 4673 2438 4739 Deum,
2480 4670 2578 4741 qui
2620 4669 2995 4724 sanctiﬁcavit
3035 4669 3301 4724 Jordanis
3344 4668 3582 4735 ﬂuenta,
3637 4669 3824 4724 bene-

2162 4766 2301 4820 dixit
2328 4764 2598 4835 conjugia
2626 4763 2996 4835 nuptialium,
3024 4764 3233 4817 fratres
3264 4761 3562 4829 carissimi,
3608 4762 3823 4834 depw

2163 4875 2377 4925 cemur,
2410 4861 2473 4912 ut
2495 4858 2656 4929 cujus
2681 4857 2960 4911 miracula
2992 4856 3200 4911 annuis
3228 4856 3535 4911 recolimus
3565 4856 3818 4923 vicibus,

2164 4954 2284 5008 sola
2314 4952 2436 5022 ejus
2470 4951 2657 5023 gratia
2699 4967 3032 5005 mereamur
3069 4950 3495 5021 indulgentiam
3538 4953 3817 5020 peccato-

2163 5062 2311 5101 rum.
2350 5045 2515 5109 Quod
2547 5045 2668 5114 ipse
2703 5047 2976 5115 praestare
3009 5043 3300 5114 dignetur,
3329 5043 3429 5114 qui
3470 5042 3603 5097 cum
3644 5044 3823 5098 Patre

2165 5144 2222 5195 et
2247 5138 2460 5210 Spiritu
2488 5140 2685 5193 sancto
2708 5137 2847 5191 vivit
2873 5141 2933 5192 et
2956 5142 3183 5209 regnat.

2720 5258 2971 5310 Collectio
3001 5259 3253 5323 sequitur.

2236 5363 2451 5420 Exaudi
2479 5380 2604 5432 nos,
2634 5363 2900 5431 Domine,
2926 5363 2985 5417 in
3016 5364 3187 5435 hujus
3210 5362 3618 5418 sollemnitatis
3646 5379 3826 5418 excu-

2163 5458 2306 5530 bias,
2333 5461 2389 5512 et
2416 5474 2741 5529 quaesumus
2767 5461 2830 5512 ut
2858 5458 3044 5530 plebis
3072 5458 3243 5529 hujus
3271 5455 3446 5511 corda
3472 5456 3534 5510 in
3560 5457 3676 5510 tuis
3706 5458 3829 5511 mi-

2164 5552 2441 5607 rabilibus
2466 5555 2718 5607 sacratas
2738 5552 2842 5607 tibi
2870 5552 3134 5607 excubias
3146 5550 3593 5618 celebrantibus,
3615 5550 3832 5622 benig-

2165 5664 2272 5701 nus
2316 5646 2516 5703 adesse
2562 5646 2846 5718 digneris;
2895 5650 2952 5701 et
2997 5647 3094 5718 qui
3140 5644 3407 5701 Jordanis
3455 5644 3835 5699 sanctiﬁcare

2167 5740 2436 5812 dignatus
2491 5758 2552 5796 es
2608 5758 2806 5813 aquas,
2865 5757 2970 5797 nos
3018 5756 3247 5812 quoque
3299 5736 3405 5793 tibi
3479 5742 3714 5794 sanctos
3771 5740 3836 5793 et.

2166 5835 2568 5891 immaculatos
2610 5836 2810 5891 sistere
2848 5834 3043 5890 facias.
3079 5834 3188 5901 Qui
3229 5848 3361 5892 cum
3394 5834 3566 5891 Patre
3602 5837 3663 5890 et
3690 5833 3835 5907 Spi-

2165 5929 2280 5986 ritu
2303 5931 2501 5985 sancto
2528 5929 2669 5986 vivis
2695 5934 2754 5985 et
2779 5945 3009 6007 regnas.
