3968 6224
408 467 470 523 Χ.
513 479 674 524 mssa
711 481 766 524 IN
805 479 1026 523 VIGILIIS
1065 480 1432 525 remensum.

186 635 361 711 207
381 561 1200 708 Ιηροπυρῒδωέὶΐῗξιῗξιιῗτπυω
1217 635 1627 692 beneﬁciorum
1645 639 1748 692 Do-

125 733 318 788 minum
359 749 424 786 ac
452 732 636 786 Deum
667 735 944 797 nostrum,
986 730 1187 785 fratres
1229 729 1523 798 carissimi,
1552 733 1749 803 depre-

123 843 311 895 cemur,
347 830 410 879 ut
441 841 546 879 nos
577 825 637 878 in
669 824 1022 896 Epiphaniae,
1064 825 1121 879 id
1160 830 1244 880 est
1282 823 1745 881 Manifestationis

123 937 221 975 sua:
241 919 404 988 diem,
427 919 501 974 ad
531 936 746 973 sacram
773 919 1142 974 excubiarum
1163 920 1603 974 sollemnitatem
1634 921 1747 975 col-

124 1016 290 1076 lectos,
317 1013 454 1067 tales
497 1014 683 1080 faciat,
724 1013 822 1084 qui
855 1013 1313 1068 inlustrationem
1343 1014 1744 1068 incarnationis

124 1109 244 1180 ejus,
261 1108 342 1161 vel
368 1107 724 1162 nativitatem
744 1124 812 1161 ex
843 1108 1092 1178 Virgine,
1117 1109 1202 1162 vel
1221 1108 1566 1178 baptismum
1592 1109 1744 1179 apud

122 1202 416 1268 Iordanem,
447 1203 540 1255 vel
579 1201 838 1255 mirabile
874 1201 1026 1272 apud
1053 1202 1205 1255 Cana
1250 1201 1478 1272 signum
1513 1219 1617 1272 pro
1646 1219 1745 1256 no-

124 1301 217 1351 stra
249 1295 420 1349 salute
458 1295 749 1350 credimus
778 1295 1013 1362 factum,
1050 1298 1243 1349 nostro
1289 1295 1349 1349 in
1378 1295 1540 1349 nobis
1574 1312 1743 1367 opere

125 1391 578 1458 demonstremus,
618 1393 683 1443 ut
712 1388 1121 1443 beneficiorum
1167 1388 1612 1443 immensitatem
1648 1406 1744 1443 no-

124 1483 232 1537 stris
258 1482 708 1536 confessionibus
751 1482 1091 1537 lucidemur.
1133 1484 1239 1536 Per
1277 1483 1582 1537 Dominum
1619 1500 1744 1538 nos-

125 1582 254 1631 trum
276 1579 462 1631 Iesum
483 1576 772 1631 Christum
799 1577 1004 1630 Filium
1023 1593 1220 1632 suum:
1245 1576 1344 1647 qui
1371 1592 1563 1631 secum
1586 1577 1739 1632 vivit.

658 1675 908 1724 Collectio
933 1675 1182 1738 sequitur.

183 1753 331 1818 Deus,
353 1749 471 1822 qui,
494 1765 599 1821 per
625 1750 995 1821 L'nigenitum
1016 1752 1208 1805 Jesum
1224 1751 1515 1812 Christum
1536 1752 1743 1807 Filium

126 1850 264 1898 tuum
306 1844 615 1898 Dominum
664 1849 948 1913 nostrum,
999 1844 1504 1900 sanctiﬁcationem
1547 1847 1818 1922 salutisB

127 1944 323 1994 aeternae
342 1955 518 2009 aquas
537 1939 1005 2009 regenerantibus
1025 1939 1365 2009 praestitisti;
1391 1944 1464 2008 et,
1481 1940 1741 1995 veniente

124 2049 268 2103 super
317 2039 482 2103 caput
536 2032 686 2086 illius
734 2032 972 2102 spiritali
1018 2033 1302 2102 columba,
1337 2050 1440 2103 per
1467 2033 1740 2104 Spiritum

126 2131 348 2181 sanctum
393 2127 515 2197 ipse
559 2125 792 2193 venisti;
839 2128 1006 2194 dona,
1053 2143 1401 2197 quaesumus,
1441 2132 1506 2181 ut
1551 2127 1742 2181 veniat

126 2236 269 2291 super
301 2221 442 2274 hanc
471 2237 708 2274 omnem
739 2220 1040 2274 Ecclesiam
1080 2225 1236 2275 tuam
1273 2221 1364 2274 illa
1396 2221 1736 2290 benedictio,

125 2331 229 2384 quae
275 2319 500 2368 cunctos
546 2313 766 2384 jugiter
806 2318 1086 2385 protegat,
1136 2331 1265 2385 quae
1321 2315 1575 2369 diversos
1618 2315 1738 2369 sine

126 2406 396 2462 cessatione
424 2407 747 2476 benedicat,
771 2424 899 2478 quae
928 2424 1160 2462 cursum
1187 2413 1241 2462 te
1272 2408 1632 2479 sequentium
1660 2409 1740 2464 di-

127 2500 262 2570 rigat,
303 2517 429 2571 qute
470 2517 533 2554 se
569 2500 947 2571 expectationi
992 2501 1252 2555 omnium
1291 2502 1533 2571 januam
1575 2503 1737 2572 regni

128 2593 328 2647 celestis
339 2594 579 2664 aperiat.
601 2595 708 2647 Per
728 2594 1034 2648 Dominum
1060 2599 1320 2649 nostrum
1337 2596 1528 2650 Jesum
1553 2595 1739 2650 Chris-

129 2689 226 2740 tum
250 2687 443 2742 Filium
469 2692 660 2752 tuum,
691 2687 790 2758 qui
819 2704 1044 2758 semper
1072 2693 1261 2743 tecum
1281 2689 1418 2742 vivit
1444 2693 1517 2744 et.

585 2784 835 2834 Collectio
860 2788 979 2847 post
1002 2786 1234 2835 nomina.

183 2860 388 2928 Prmsta,
419 2860 789 2931 omnipotens
817 2861 983 2927 Deus,
1013 2877 1115 2931 per
1140 2860 1486 2916 ineffabilem
1514 2860 1734 2916 miseri-

128 2953 297 3008 cordiae
324 2959 436 3008 tuae
464 2954 782 3020 caritatem,
810 2958 874 3007 ut
896 2954 1058 3023 cujus
1078 2954 1256 3008 virtus
1273 2960 1444 3026 atque
1470 2955 1735 3025 majestas

128 3046 172 3100 in
199 3047 533 3102 mirabilium
559 3052 791 3101 tuorum
821 3047 1144 3102 diversitate
1171 3048 1392 3117 claruit,
1421 3049 1481 3102 in
1509 3053 1731 3103 nostra-

128 3156 232 3193 rum
255 3157 475 3212 quoque
514 3141 798 3195 mentium
833 3141 1228 3212 puriﬁcatione
1261 3143 1546 3196 clarescat.
1579 3144 1730 3196 Prte-

125 3239 308 3288 sentem
344 3235 541 3306 itaque
575 3234 920 3289 oblationem
956 3236 1035 3289 ita
1062 3234 1332 3301 inlabere,
1363 3238 1426 3288 ut
1451 3235 1732 3290 medelam
1753 3223 1807 3296 C

127 3327 421 3395 viventibus,
464 3327 747 3382 defunctis
793 3327 1157 3399 refrigerium
1199 3332 1458 3398 prmstet;
1503 3333 1559 3383 et
1597 3345 1734 3400 quo-

127 3435 232 3473 rum
255 3422 424 3476 texuit
452 3421 715 3476 recitatio
748 3421 1042 3492 praemissa
1076 3424 1307 3490 sortem,
1346 3423 1495 3477 inter
1531 3422 1732 3477 electos

119 3512 285 3580 jubeas
335 3516 671 3586 adgregare.
729 3517 835 3570 Per
880 3516 1191 3571 Dominum
1235 3519 1494 3571 nostrum
1539 3517 1730 3571 Jesum

126 3605 372 3663 Christum
397 3609 613 3663 Filium
637 3613 821 3663 tuum.

624 3701 874 3752 Collectio
909 3701 976 3750 ad
1001 3715 1203 3765 pacem.

183 3776 310 3830 Deus
349 3777 724 3832 inluminator
765 3777 1022 3831 omnium
1067 3776 1348 3848 gentium,
1389 3777 1461 3832 da
1498 3777 1730 3850 populis

129 3869 216 3921 tuis
240 3876 506 3942 perpetua
527 3886 664 3942 pace
703 3871 978 3941 gaudere;
1009 3873 1066 3924 et
1089 3870 1227 3925 illud
1256 3870 1453 3925 lumen
1479 3871 1727 3942 splendi-

129 3960 239 4014 dum
281 3963 513 4018 infunde
554 3963 820 4018 cordibus
847 3963 1075 4032 nostris,
1108 3979 1281 4034 quem
1319 3964 1498 4018 trium
1527 3980 1726 4034 mago-

130 4071 233 4109 rum
257 4058 538 4112 mentibus
577 4057 860 4129 aspirasti.
891 4059 995 4112 Per
1021 4057 1328 4111 Dominum
1353 4059 1612 4112 nostrum
1635 4059 1726 4112 Je-

130 4163 230 4202 sum
251 4150 530 4205 Christum
558 4151 761 4205 Filium
790 4156 974 4217 tuum,
1007 4155 1196 4205 tecum
1223 4150 1296 4205 vi.

650 4248 940 4297 lmmolatio
973 4248 1163 4297 misste.

186 4321 410 4393 Dignum
428 4328 484 4379 et
495 4323 723 4395 justum
743 4328 846 4378 est.
876 4325 1014 4377 Vere
1042 4323 1283 4392 dignum
1302 4326 1357 4377 et
1369 4323 1593 4394 justum
1621 4327 1724 4394 est,

131 4429 210 4467 nos
233 4420 280 4470 te
313 4417 563 4487 laudare,
597 4417 958 4488 omnipotens
986 4417 1330 4488 sempiterne
1374 4418 1559 4487 Deus;
1592 4417 1728 4489 quia

132 4513 287 4563 notam
313 4511 484 4566 fecisti
529 4511 588 4565 in
620 4511 849 4583 populis
887 4511 1155 4565 virtutem
1182 4515 1359 4581 tuam,
1394 4515 1450 4565 et
1476 4511 1726 4566 Salutare

1194 356 1278 413 DE
1316 355 1628 414 LITURGIA
1664 356 2037 413 GALLICANA
2076 358 2276 414 LIBER
2315 359 2403 414 IIl.

3381 363 3481 416 2&2

1770 477 1828 550 Α
1849 467 2032 538 pallor
2063 467 2190 523 vina
2216 464 2506 540 produxit.
2538 465 2740 523 Amen.
2779 466 2907 522 Esto
2945 467 3059 522 tuae
3095 463 3328 524 familia
3363 466 3484 542 ipse

1848 562 1946 616 lux
1973 561 2212 632 itineris,
2241 561 2339 634 qui
2366 562 2526 616 stella
2554 561 2739 617 indice
2776 560 3112 629 clariﬁcatus
3149 579 3208 616 es
3243 565 3361 619 Rex
3392 581 3482 619 sa-

1847 655 2004 711 lutis.
2051 660 2251 711 Amen.
2296 657 2570 711 Converte
2613 657 2684 710 ad
2719 660 2774 710 te
2817 657 3193 728 quaerendum
3230 658 3483 728 stupidas

1846 753 2066 803 mentes
2093 751 2414 816 hominum,
2445 750 2540 821 qui
2572 749 2824 820 nuptiale
2856 750 3110 804 convivio
3150 750 3363 804 vertisti
3397 752 3481 805 la-

1846 843 1982 897 tices
2009 843 2066 897 in
2102 844 2408 898 falernum.
2439 847 2642 898 Amen.
2685 846 2754 899 Ut
2773 845 2974 915 juncta
3014 861 3145 898 cum
3177 845 3392 916 angelis
3424 846 3483 901 in

1847 937 2100 1003 excelsis,
2151 937 2264 989 Deo
2321 937 2423 991 tibi
2475 941 2661 991 cantet
2714 937 2948 1007 gloriam
2995 937 3154 1008 plebs
3206 941 3480 1008 protecta.

1845 1032 2047 1084 Amen.
2094 1031 2326 1098 Praesta,
2369 1030 2621 1085 Salvator
2660 1031 2882 1101 mundi,
2925 1031 3024 1102 qui
3063 1048 3195 1086 cum
3227 1033 3389 1088 Patre
3427 1037 3483 1088 et

1845 1122 2057 1193 Spiritu
2089 1128 2282 1176 sancto
2307 1122 2466 1177 vivis.

2042 1236 2124 1288 XI.
2165 1250 2324 1290 MISSA
2364 1251 2414 1290 IN
2459 1251 2586 1289 mea
2627 1250 2871 1291 SANCTUM
2912 1253 3272 1292 EPRIPRANLE.

1914 1336 2307 1390 Venerabilem
2337 1355 2400 1390 ac
2427 1336 2781 1408 primitivum
2809 1338 2867 1392 in
2906 1339 3261 1396 mirabilibus
3302 1339 3478 1411 Ephi-

1843 1430 2070 1502 phaniae
2099 1430 2272 1498 diem,
2303 1431 2361 1484 in
2389 1448 2503 1503 quo
2533 1436 2725 1486 noster
2753 1432 3099 1504 Redemptor
3124 1439 3179 1488 et
3207 1434 3480 1489 Dominus

1844 1525 2065 1578 virtutis
2097 1541 2213 1578 sum
2241 1525 2581 1579 documenta
2607 1526 2985 1596 praetendens,
3019 1527 3088 1580 ab
3113 1527 3274 1581 annis
3301 1528 3483 1582 infan-

1843 1619 1936 1674 tiae
1964 1624 2262 1690 paternam
2293 1619 2528 1690 protulit
2555 1620 2911 1690 potestatem,
2939 1620 3344 1690 obsequiorum
3375 1639 3479 1675 no-

1844 1718 2090 1766 strorum
2118 1713 2526 1767 famulantibus
2553 1713 2718 1782 votis,
2749 1716 2805 1767 et
2846 1713 3054 1768 celebri
3083 1714 3478 1781 sollemnitate,

1843 1807 2044 1860 fratres
2087 1806 2386 1874 carissimi,
2418 1823 2778 1876 veneremur,
2817 1807 2910 1877 pia
2950 1808 3336 1863 obsecratione
3376 1825 3481 1880 po-

1843 1905 2060 1955 scentes
2099 1904 2161 1953 ut
2194 1899 2293 1970 qui
2322 1905 2457 1954 tunc
2498 1917 2670 1970 aquas
2706 1901 2763 1954 in
2795 1902 2926 1954 vina
2956 1901 3215 1969 mutavit,
3238 1918 3388 1956 nunc
3421 1903 3481 1957 in

1842 1993 2180 2065 sanguinem
2207 2009 2374 2047 suum
2414 1993 2761 2046 oblationum
2806 2000 3131 2048 nostrarum
3172 1995 3300 2049 vina
3343 2012 3478 2050 con-

1842 2090 2040 2155 vertat,
2071 2091 2126 2140 et
2157 2087 2253 2157 qui
2297 2087 2420 2140 aliis
2457 2087 2809 2140 saturitatem
2840 2088 2982 2141 meri
3024 2088 3311 2159 potatione
3342 2106 3479 2144 con-

1842 2181 2022 2250 cessit,
2055 2197 2156 2233 nos
2186 2179 2488 2250 potationis
2523 2197 2637 2233 suae
2679 2180 2950 2234 libamine
2978 2185 3033 2234 et
3061 2182 3318 2236 Paracliti
3347 2182 3476 2253 Spi-

1840 2274 1982 2328 ritus
2025 2274 2304 2328 infusione
2349 2273 2678 2328 sanctiﬁcet.
2720 2275 2826 2328 Per
2865 2273 3168 2329 Dominum
3219 2278 3476 2330 nostrum

1838 2369 2028 2422 Jesum
2055 2367 2340 2422 Christum
2374 2367 2580 2422 Filium
2612 2383 2802 2436 suum,
2832 2368 2930 2439 qui
2958 2384 3149 2422 secum
3180 2369 3333 2424 vivit.

2391 2465 2641 2514 Collectio
2668 2463 2919 2528 sequitur.

1912 2547 2080 2615 Deus,
2113 2545 2210 2617 qui
2239 2544 2491 2600 mirificis
2516 2545 2794 2600 virtutum
2820 2550 3051 2600 tuarum
3080 2545 3256 2617 signis
3286 2547 3480 2603 salutis

1839 2643 2048 2694 nostrae
2088 2640 2297 2694 indicia
2325 2638 2639 2707 declarasti,
2673 2639 2791 2710 qui,
2832 2639 3016 2710 magis
3045 2640 3201 2694 stella
3240 2641 3476 2712 praeful-

1839 2737 2008 2804 gente
2061 2733 2360 2803 degressis,
2416 2733 2650 2787 adorare
2695 2738 2750 2787 et
2790 2733 3104 2803 promereri
3160 2738 3214 2788 te
3263 2735 3479 2806 Regem

1838 2830 2117 2881 aeternum
2143 2827 2565 2898 Dominumque
2595 2828 2941 2897 perpetuum
2981 2826 3233 2896 mysticis
3271 2844 3475 2882 mune-

1835 2920 1993 2973 ribus
2036 2920 2368 2991 praestitisti,
2416 2921 2515 2990 qui
2563 2921 2622 2973 in
2674 2935 2908 2989 corpore
2960 2924 3151 2974 nostro
3199 2920 3476 2975 mirabilis

1835 3013 2105 3084 baptismi
2131 3018 2484 3067 sacramento
2514 3016 2878 3082 regeneratos
2911 3029 2977 3067 ex
3010 3013 3221 3084 Spiritu
3252 3031 3354 3068 nos
3382 3016 3480 3069 ab-

1835 3107 1942 3161 luis
1983 3107 2347 3175 renascendo,
2377 3109 2434 3160 et
2474 3105 2773 3160 ineffabilis
2814 3106 3083 3176 potentiae
3127 3108 3274 3161 dono
3308 3108 3475 3162 hodie

1833 3218 2006 3271 aquas
2035 3201 2091 3255 in
2118 3200 2248 3254 vina
2281 3201 2574 3270 mutando,
2614 3199 2903 3271 discipulis
2933 3200 3046 3254 tuis
3087 3204 3245 3255 tuam
3287 3203 3472 3256 mani-

1832 3295 2044 3349 festasti
2102 3293 2302 3367 209
2355 3293 2727 3363 divinitatem,
2785 3294 2986 3348 exaudi
3041 3312 3144 3349 nos
3195 3296 3475 3367 supplices

1833 3393 1960 3443 tuos
1987 3389 2058 3443 ob
2097 3389 2247 3442 diem
2294 3387 2684 3442 sacratissima:
2731 3388 3142 3458 sollemnitatis,
3173 3394 3230 3444 et
3272 3395 3475 3461 praesta

1831 3485 1914 3552 ut,
1933 3483 2111 3553 gloria
2125 3486 2222 3536 tua
2253 3481 2594 3550 inluminati,
2616 3483 2821 3537 saeculo
2848 3483 3182 3551 moriamur,
3203 3484 3307 3537 tibi
3329 3485 3470 3555 Regi

1831 3577 2053 3632 Christo
2093 3576 2365 3645 vivamus,
2409 3577 2660 3631 Salvator
2712 3575 2934 3645 mundi,
2966 3577 3068 3647 qui
3108 3593 3238 3631 cum
3286 3579 3467 3644 Patre,

1831 3675 1888 3725 et
1913 3669 2124 3741 Spiritu
2148 3674 2338 3725 sancto
2368 3669 2505 3724 vivis
2532 3673 2588 3724 et
2614 3685 2819 3740 regnas
2844 3669 2903 3723 in
2931 3670 3153 3724 saecula.

2320 3767 2570 3816 Collectio
2604 3770 2722 3830 post
2745 3766 2976 3815 nomina.

1903 3847 2120 3902 Auditis
2149 3847 2480 3902 nominibus
2517 3864 2582 3900 ac
2626 3846 2917 3900 desideriis
2959 3845 3320 3917 otferentum,
3360 3848 3470 3902 fra-

1828 3946 1942 3997 tres
1969 3941 2265 4011 carissimi,
2307 3941 2406 3995 Dei
2451 3941 2626 3995 Patris
2657 3940 3064 4011 omnipotentis
3105 3940 3468 3997 clementiam

1830 4037 2221 4107 deprecemur,
2251 4039 2315 4089 ut
2342 4034 2439 4106 qui
2464 4034 2632 4089 hodie
2661 4050 2765 4106 per
2794 4035 2998 4088 Filium
3027 4051 3195 4088 suum
3224 4036 3468 4092 mirifice

1829 4146 1992 4200 aqua;
2030 4129 2279 4200 speciem
2321 4128 2492 4183 vertit
2520 4128 2578 4182 in
2618 4128 2836 4195 vinum,
2880 4128 2958 4183 ita
3001 4129 3260 4183 omnium
3295 4130 3469 4186 simul

1829 4223 2139 4278 oblationes
2156 4227 2212 4277 et
2240 4227 2370 4277 vota
2396 4227 2721 4277 convertere
2753 4222 3023 4294 dignetur
3048 4223 3107 4277 in
3131 4223 3468 4280 sacriﬁcium

1829 4318 2107 4387 divinum,
2126 4321 2182 4372 et
2205 4323 2434 4389 accepto
2461 4317 2631 4386 ferre,
2663 4321 2728 4370 ut
2752 4321 2981 4388 accepto
3011 4317 3138 4371 tulit
3165 4317 3304 4372 Abel
3326 4318 3469 4388 justi

1829 4411 1915 4466 sui
1955 4427 2193 4466 munera
2236 4415 2293 4466 et
2337 4411 2578 4466 Abrahae
2613 4411 2956 4465 Patriarcha:
3002 4410 3089 4464 sui
3127 4409 3358 4464 hostias.
3402 4411 3469 4463 Et

1828 4522 2075 4577 quorum
2104 4504 2335 4559 nomina
2360 4505 2500 4559 texit
2524 4504 2778 4560 recitatio
2799 4503 3107 4576 praemissa,
3135 4519 3334 4557 eorum
3355 4519 3469 4556 sor-

135 4604 265 4656 tuum
290 4606 498 4659 cunctis
527 4604 794 4676 gentibus
819 4603 1131 4670 declarasti,
1161 4603 1507 4660 hodiernum
1537 4605 1724 4660 decla-
1746 4596 1804 4667 D
1827 4603 1943 4654 tem
1984 4599 2134 4652 inter
2173 4599 2378 4653 electos
2411 4598 2611 4668 jubeat
2639 4597 2971 4668 adgregare.
3014 4598 3119 4650 Per
3161 4594 3464 4650 Dominum

134 4709 234 4749 rans
257 4696 414 4766 diem,
445 4699 507 4752 in
546 4714 680 4769 qua,
715 4697 786 4752 ad
823 4697 1170 4752 adorandam
1201 4697 1321 4751 veri
1346 4697 1514 4768 Regis
1540 4697 1725 4752 infan-

132 4786 261 4859 tiam,
288 4791 551 4847 excitatos
593 4792 663 4846 de
693 4791 892 4845 mundi
935 4791 1189 4862 partibus
1223 4790 1371 4845 viros
1401 4789 1606 4845 clarior
1633 4808 1724 4846 ce-

132 4883 238 4936 teris
269 4885 554 4953 sideribus,
591 4883 785 4958 208
827 4885 985 4940 stella
1025 4885 1378 4956 perduceret,
1411 4889 1466 4940 et
1503 4885 1626 4938 caeli
1665 4902 1729 4939 ac

131 4978 264 5031 terrae
276 4979 596 5048 Dominum,
613 4979 671 5033 in
700 4980 939 5034 salutem
964 4978 1224 5032 omnium
1247 4977 1620 5049 corporaliter
1634 4995 1730 5032 na-

131 5070 246 5136 tum,
271 5073 453 5127 radius
480 5077 597 5127 tute
623 5071 765 5126 lucis
791 5071 1131 5126 ostenderet.
1162 5073 1465 5143 Pr0pterea
1485 5071 1729 5143 profusis

138 5163 315 5228 gaudiis
338 5170 490 5220 totus
527 5183 632 5238 per
659 5163 856 5221 orbem
884 5170 1170 5221 terrarum
1194 5165 1444 5220 mundus
1471 5166 1684 5220 exultat
1711 5185 1726 5219 :

136 5253 205 5306 sed
227 5261 274 5310 et
297 5275 553 5329 supernae
578 5259 883 5314 concinunt
900 5262 1205 5330 potestates
1224 5259 1508 5329 hymnum
1531 5258 1728 5330 gloriae

137 5349 240 5416 tua,
265 5350 375 5406 sine
401 5353 513 5407 ﬁne
550 5353 799 5409 dicentes
832 5370 845 5406 :
889 5353 1146 5422 Sanctus,
1186 5353 1438 5421 Sanctus,
1472 5353 1724 5408 Sanctus.

642 5448 943 5500 Benedictio
967 5449 1166 5513 populi.

191 5520 334 5593 Deus,
357 5525 812 5597 quiprzesentem
837 5525 988 5580 diem
1009 5525 1084 5579 ita
1106 5524 1365 5596 dignaris
1389 5524 1644 5595 diligere,
1667 5529 1731 5579 ut

141 5626 244 5667 eum
261 5621 338 5672 tot
361 5619 596 5692 elegeris
617 5619 902 5675 miraculis
934 5619 1255 5674 inlustrare.
1285 5621 1490 5674 Amen.
1519 5617 1625 5682 Qui
1651 5618 1731 5673 di-

142 5712 306 5772 gnatus
354 5728 409 5766 es
461 5730 562 5784 pro
609 5714 788 5768 forma
843 5713 1075 5767 factura:
1121 5711 1317 5766 salutis
1382 5715 1612 5781 nostrae,
1671 5711 1730 5766 in

140 5795 354 5857 Iordanis
381 5805 593 5861 fontem
620 5808 762 5861 Fons
789 5822 954 5878 aquae
975 5805 1115 5860 vivae
1137 5804 1495 5860 descendere.
1525 5807 1726 5860 Amen.

143 5887 189 5941 1n
209 5908 302 5963 quo
335 5902 386 5951 te
429 5899 774 5957 adorandum
810 5900 969 5956 stella
1007 5916 1203 5973 magos
1245 5898 1455 5969 docuit,
1485 5902 1542 5955 et
1567 5915 1729 5972 aqua

1827 4697 2089 4747 nostrum
2128 4693 2318 4746 Iesum
2361 4691 2651 4746 Christum
2692 4690 2895 4744 Filium
2933 4705 3122 4758 suum,
3155 4706 3348 4745 secum
3383 4689 3467 4744 vi-

1815 4790 2077 4852 ventem,
2111 4800 2447 4856 semperque
2473 4788 2830 4854 regnantem.

2356 4881 2604 4931 Collectio
2639 4880 2704 4929 ad
2731 4893 2935 4944 pacem.

1902 4963 2138 5019 Domine
2177 4962 2398 5017 Christe
2434 4963 2584 5030 Iesu,
2629 4961 2729 5032 qui
2767 4961 3060 5032 majestate
3097 4963 3356 5018 sublimis
3387 4981 3467 5032 es,

1831 5063 1885 5112 et
1925 5060 2199 5130 potestate
2229 5056 2524 5124 subnixus,
2567 5071 2697 5109 cum
2743 5054 2800 5109 in
2843 5056 3052 5111 virtute
3088 5057 3266 5112 Patris
3305 5059 3469 5112 obse-

1830 5151 2024 5222 queris
2047 5150 2402 5220 jussionibus
2427 5149 2637 5217 Matris,
2669 5153 2735 5202 ut
2761 5153 2816 5203 et
2845 5149 3052 5204 Filium
3093 5150 3340 5205 hominis
3377 5167 3469 5204 os-

1830 5244 2090 5299 tenderes
2125 5243 2428 5313 obsequiis,
2459 5246 2514 5296 et
2547 5243 2726 5296 Deum
2766 5241 3070 5298 virtutibus
3106 5243 3468 5315 adprobares,

1831 5337 1928 5410 qui
1947 5337 2016 5392 ad
2037 5336 2296 5390 omnium
2319 5336 2579 5407 gentium
2598 5336 2944 5391 lavationem
2963 5337 3221 5391 Iordanis
3246 5337 3468 5391 alveum

1831 5429 2280 5486 sanctiﬁcatums
2312 5429 2556 5500 intrasti,
2587 5435 2654 5486 ut
2695 5435 2923 5502 peccata
2957 5431 3149 5483 nostra
3186 5430 3466 5498 ablueres,

1833 5525 2315 5596 conscientiasque
2341 5541 2638 5596 purgares,
2670 5525 2832 5578 visita
2861 5521 3166 5578 Ecclesiam
3206 5530 3383 5595 tuam,
3416 5530 3470 5581 et

1829 5620 2040 5691 perﬁce
2071 5618 2330 5673 omnium
2362 5623 2517 5688 vota;
2556 5635 2751 5689 pacem
2783 5617 2953 5672 etiam
2988 5632 3105 5670 non
3146 5619 3468 5689 petentibus

1830 5717 2055 5785 przesta,
2090 5718 2152 5767 ut
2179 5713 2431 5768 osculum
2465 5712 2616 5783 quod
2635 5712 2693 5765 in
2721 5710 2884 5765 labiis
2910 5710 3096 5776 datur,
3122 5710 3181 5765 in
3207 5711 3466 5766 cordibus

1832 5824 1947 5862 non
1989 5811 2252 5878 negetur.
2284 5807 2444 5872 Quod
2469 5806 2590 5878 ipse
2616 5809 2881 5874 praestare
2907 5802 3178 5873 digneris,
3208 5804 3306 5874 qui
3332 5818 3460 5856 cum

1833 5903 1996 5956 Patre
2022 5903 2079 5956 et
2108 5900 2315 5973 Spiritu
2344 5902 2536 5954 sancto
2561 5895 2699 5950 vivis
2729 5899 2786 5952 et
2806 5911 3032 5966 regnas.
