3968 6224
494 328 594 385 243

1134 442 1471 494 Contestatio.

563 528 700 583 Vere
729 524 970 599 dignum
996 531 1052 583 et
1070 527 1291 617 iustum
1322 534 1406 585 est
1430 544 1662 600 aequum
1691 534 1748 585 et
1765 529 1991 602 justum
2018 535 2122 603 est,

488 638 591 677 nos
627 620 731 676 tibi
772 638 998 694 semper
1037 625 1093 678 et
1135 622 1349 694 ubique
1394 622 1603 693 gratias
1652 640 1842 695 agere,
1888 624 2128 680 Domine

492 720 703 784 sancte,
743 718 910 771 Pater
942 714 1320 786 omnipotens,
1351 720 1564 772 aeterne
1605 717 1771 773 Deus.
1818 718 1925 782 Qui
1962 719 2128 774 nobis

492 826 667 881 super
700 810 956 865 Iordanis
982 810 1205 864 alveum
1243 810 1313 863 de
1360 809 1507 864 cmlis
1545 826 1741 866 vocem
1786 811 1844 866 in
1890 813 2127 868 modum

490 903 727 959 tonitrui
752 902 1061 974 praebuisti,
1091 906 1156 956 ut
1180 902 1525 958 Salvatorem
1551 903 1741 958 saeculi
1770 904 2125 960 demonstra-

490 1014 600 1066 res,
620 1002 678 1053 et
702 999 927 1051 Patrem
952 996 1185 1050 luminis
1202 996 1399 1051 aeterni
1425 997 1777 1066 ostenderes;
1810 998 1975 1054 czelos
2000 1016 2130 1070 ape-

490 1090 676 1159 ruisti,
694 1106 885 1144 aerem
903 1089 1260 1159 benedixisti,
1286 1089 1502 1145 fontem
1528 1091 1862 1162 puriﬁcasti,
1884 1097 1938 1147 et
1962 1095 2128 1148 tuum

492 1183 731 1239 Unicum
759 1198 863 1254 per
892 1182 1216 1237 columbam
1236 1183 1416 1237 sancti
1438 1183 1679 1255 Spiritus
1709 1184 2126 1242 demonstrasti.

491 1278 873 1348 Susceperunt
914 1277 1096 1332 fontes
1141 1275 1309 1331 hodie
1349 1276 1804 1331 benedictionem
1843 1281 2025 1349 tuam,
2074 1284 2130 1334 et

489 1370 745 1427 tulerunt
769 1370 1227 1425 maledictionem
1253 1374 1505 1425 nostram
1534 1389 1547 1425 :
1579 1370 1657 1425 ita
1677 1375 1741 1425 ut
1768 1371 2130 1427 credentibus

488 1463 943 1536 puriﬁcationem
989 1464 1249 1518 omnium
1302 1463 1639 1518 delictorum
1695 1464 2019 1536 exhibeant,
2074 1470 2131 1522 et

493 1559 606 1613 Deo
649 1556 793 1612 ﬁlios
838 1558 1228 1628 regenerando
1270 1556 1476 1612 faciant
1517 1557 1588 1612 ad
1623 1558 1796 1613 vitam
1832 1563 2126 1626 azternam,

491 1667 632 1722 quos
660 1652 731 1705 ad
758 1651 1127 1722 temporalem
1150 1650 1323 1705 vitam
1345 1650 1583 1706 carnalis
1600 1651 1860 1707 nativitas
1881 1651 2126 1708 fuderat.

1292 334 1623 391 APPENDIX
1662 335 1749 390 AD
1785 335 2007 391 OPERA
2044 335 2277 393 SANCTI
2315 336 2615 395 GERMANI
2651 337 3079 397 PARlSlENSlS.

3773 340 3871 398 244

2144 448 2543 532 Arecurrenti
2579 451 2837 521 tempore
2878 447 3269 521 multiplicasti
3309 450 3507 505 Pastor
3541 446 3675 505 vina
3715 448 3874 522 prius

2225 540 2285 595 in
2313 540 2551 613 hydriis,
2583 542 2789 598 deinde
2806 542 2959 598 cibos
2984 543 3044 598 in
3071 543 3365 615 cophanis.
3392 547 3600 600 Amen.
3630 544 3871 599 Descen-

2226 634 2321 690 dat
2345 653 2378 688 a
2406 634 2633 690 sedibus
2660 636 2772 691 tuis
2812 653 2985 708 super
3012 637 3195 709 capita
3220 637 3572 693 famulorum
3599 642 3660 693 et
3681 637 3869 693 famu-

2227 729 2413 784 larum
2442 733 2673 784 tuarum
2701 730 2940 801 Spiritus
2967 735 3193 787 sanctus
3218 737 3350 787 tuus
3378 731 3494 799 ille,
3527 731 3625 803 qui
3655 731 3719 786 in
3748 733 3868 787 Jor-

2226 823 2392 893 dane,
2432 823 2755 895 baptizante
2795 824 3069 895 Johanne,
3099 825 3159 879 in
3198 825 3458 881 columba
3494 825 3873 897 corporaliter

2227 916 2377 971 visus
2416 920 2501 971 est
2542 918 2915 973 descendisse.
2944 920 3146 974 Amen.
3188 919 3367 991 Reple
3403 919 3625 975 animas
3669 935 3868 975 eorum

2227 1011 2358 1065 vino
2376 1010 2631 1081 justitise,
2659 1011 2757 1083 qui
2777 1028 3038 1067 sermone
3067 1015 3161 1067 tuo
3187 1012 3357 1068 hodie
3383 1029 3454 1068 ex
3479 1029 3769 1085 aquarum
3795 1030 3873 1067 sa-

2227 1120 2365 1176 pore
2404 1105 2658 1160 mutasti.
2708 1108 2908 1161 Amen.
2961 1107 3163 1162 Adesto
3215 1110 3326 1161 tua;
3366 1106 3519 1179 plebi
3573 1107 3870 1163 devotione

2231 1197 2417 1271 211
2473 1198 2747 1269 singulari
2793 1202 2845 1255 te
2894 1216 3049 1254 sacra
3089 1216 3193 1272 per
3235 1200 3505 1273 mysteria
3550 1201 3865 1255 veneranti.

2229 1296 2428 1348 Amen.
2474 1292 2728 1363 Porrige,
2780 1294 2995 1363 Pastor,
3040 1294 3295 1365 epulum,
3341 1311 3476 1365 quo,
3523 1294 3672 1349 victa
3723 1294 3867 1350 fame

2228 1386 2441 1455 saeculi,
2468 1385 2604 1440 cibis
2640 1386 2972 1442 teternitatis
2996 1387 3205 1441 animae
3236 1388 3588 1459 saginentur.
3631 1388 3867 1443 lnfunde

2229 1479 2399 1534 etiam
2427 1496 2599 1551 super
2640 1496 2735 1535 eos
2761 1480 3100 1552 spiritalium
3128 1482 3275 1535 dona
3301 1481 3600 1550 virtutum,
3630 1487 3699 1536 ut
3728 1481 3867 1536 nihil

2228 1571 2289 1627 in
2318 1572 2396 1627 eis
2421 1573 2686 1628 inimicus
2713 1578 2811 1628 aut
2835 1574 3104 1629 violentia
3132 1574 3418 1646 subrepat,
3437 1579 3536 1629 aut
3557 1575 3763 1629 fraude
3782 1575 3870 1629 de-

2229 1665 2418 1738 cipiat.
2447 1669 2647 1721 Amen.
2678 1667 2785 1722 Sed
2816 1683 2920 1739 per
2947 1668 3112 1722 bona:
3140 1668 3580 1723 conversationis
3606 1684 3865 1740 perseve-

491 1745 633 1798 Νθηι
669 1760 811 1815 quos
847 1761 1000 1799 mors
1033 1760 1138 1814 Per
1175 1744 1698 1815 Prmml‘icaﬁonem
1739 1750 1984 1817 ceperat,
2026 1746 2177 1832 1103”
2231 1758 2474 1814 rantiam
2500 1759 2560 1828 ii,
2588 1760 2688 1831 qui
2731 1760 3033 1832 adeptione
3075 1761 3258 1816 vocati
3293 1766 3425 1816 sunt
3465 1762 3742 1831 ﬁliorum,
3780 1762 3862 1816 in-

493 1837 607 1893 vita
644 1842 857 1893 aeterna
894 1855 925 1890 a
970 1842 1150 1893 morte
1194 1838 1494 1910 recipiens,
1535 1838 1605 1893 ad
1650 1838 1918 1894 caelorum
1953 1856 2129 1911 regna

2237 1856 2381 1907 lrare
2418 1853 2478 1908 in
2514 1853 2923 1924 possessionem
2961 1859 3291 1910 mereantur
3332 1855 3631 1910 heredum.
3664 1860 3861 1910 Amen.

493 1935 736 1986 revocat.
765 1931 916 1987 Unde
937 1930 1127 1985 debita
1156 1931 1500 1986 exultatione
1520 1948 1685 1986 voces
1704 1937 1923 1988 nostras
1935 1933 2129 2005 jungi-

492 2042 620 2079 mus
657 2023 1100 2079 confessionibus
1137 2024 1499 2095 angelorum,
1541 2024 1637 2096 qui
1682 2026 1919 2097 gloriam
1968 2032 2127 2082 tuam

493 2117 750 2173 mirabile
786 2122 1136 2173 sacramento
1160 2117 1435 2172 hodierna
1456 2118 1831 2174 sollemnitate
1852 2136 2126 2175 veneran-

491 2216 593 2281 tes,
627 2210 743 2284 21
760 2210 820 2284 ο
848 2226 951 2283 pro
977 2211 1333 2283 apparitione
1362 2213 1492 2266 Jesu
1519 2212 1725 2267 Christi
1756 2213 1981 2268 Domini
2006 2231 2130 2269 nos-

492 2305 584 2375 tri,
617 2310 673 2360 et
699 2322 802 2376 pro
827 2310 1035 2360 nostra:
1069 2305 1374 2359 vocationis
1404 2306 1635 2360 exordio
1660 2306 2000 2362 sacriﬁcium
2027 2307 2130 2362 tibi

490 2399 675 2453 laudis
703 2398 1012 2468 offerimus,
1042 2414 1146 2469 per
1171 2399 1359 2470 ipsum
1388 2399 1697 2454 Dominum
1717 2404 2000 2456 nostrum.
2024 2402 2131 2457 Per

490 2508 665 2563 quem
692 2491 1044 2562 majestatem
1068 2496 1225 2545 tuam
1255 2492 1490 2547 laudant
1523 2492 1735 2564 angeli.

971 2602 1226 2652 Collectio
1256 2605 1375 2667 post
1412 2603 1649 2652 Sanctus.

562 2684 702 2737 Vere
727 2686 972 2749 sanctus,
1000 2698 1131 2738 vere
1156 2682 1485 2739 benedictus
1516 2683 1790 2739 Dominus
1820 2689 2011 2740 noster
2038 2687 2129 2741 Je-

492 2794 587 2832 sus
628 2775 887 2832 Christus
929 2775 1098 2831 Filius
1128 2779 1280 2847 tuus,
1314 2777 1414 2849 qui
1452 2777 1525 2832 ad
1567 2778 1857 2850 puerperii
1896 2779 2132 2835 caelestis

491 2870 790 2936 indicium,
819 2870 941 2925 haec
968 2870 1139 2925 hodie
1176 2870 1418 2925 contulit
1455 2872 1671 2926 mundo
1708 2888 1826 2926 suze
1856 2872 2131 2927 miracula

494 2964 825 3035 majestatis,
854 2967 919 3018 ut
942 2964 1289 3019 adorandam
1316 2964 1501 3036 magis
1530 2965 1851 3020 ostenderet
1878 2965 2128 3035 stellam;

494 3063 549 3114 et
577 3062 858 3113 transacto
886 3058 1159 3130 temporis
1192 3058 1505 3126 intervallo,
1539 3075 1713 3130 aquas
1747 3059 1808 3113 in
1840 3059 1970 3114 vino
2010 3076 2135 3115 mu-

490 3156 655 3223 taret,
682 3168 898 3223 suoque
923 3152 1259 3224 baptismate
1284 3152 1659 3207 sanctiﬁcaret
1690 3152 1904 3207 ﬂuenta
1934 3153 2131 3207 Jorda-

490 3244 599 3314 nis,
630 3246 786 3300 Jesus
811 3245 1063 3301 Christus
1094 3244 1369 3299 Dominus
1395 3249 1606 3300 noster.
1638 3245 1744 3311 Qui
1769 3246 1920 3317 prid.
1957 3263 2133 3319 quam

493 3343 733 3410 pateret.

1074 3409 1198 3458 Post
1229 3408 1551 3473 mysterium.

566 3488 857 3546 Sacriﬁciis
905 3489 1300 3561 przesentibus,
1352 3489 1609 3561 Domine,
1647 3507 1999 3562 quaesumus,
2040 3493 2129 3547 in—

494 3584 662 3639 tende
690 3583 946 3656 placatus
974 3601 987 3639 :
1032 3584 1242 3656 quibus
1272 3600 1388 3639 non
1420 3584 1543 3655 jam
1571 3584 1597 3614 ⁸
1636 3602 1863 3655 aurum,
1893 3585 2047 3653 thus,
2078 3590 2135 3641 et

493 3680 727 3751 myrrha
751 3677 1058 3750 profertur,
1082 3678 1179 3733 sed
1212 3676 1404 3751 [quod]
1436 3677 1641 3734 iisdem
1668 3678 2004 3734 muneribus
2030 3679 2129 3735 de-

492 3775 757 3843 claratur,
786 3772 1042 3843 effertur,
1086 3772 1437 3842 immolatur,
1483 3772 1745 3827 sumitur.
1789 3774 1897 3827 Per
1936 3772 2130 3827 Domi-

492 3884 635 3923 num
677 3871 937 3923 nostrum
981 3868 1173 3922 Jesum
1216 3866 1505 3922 Christum
1553 3866 1758 3921 Filium
1802 3871 1987 3938 tuum,
2030 3866 2132 3939 qui

492 3966 703 4031 tecum,
736 3964 792 4016 et
817 3977 949 4015 cum
976 3959 1190 4030 Spiritu
1216 3963 1409 4013 sancto
1434 3958 1510 4013 vi.

898 4061 1029 4111 Ante
1056 4060 1344 4110 orationem
1376 4058 1722 4111 Dominicam.

565 4152 688 4204 Non
724 4149 917 4202 nostro
968 4150 1403 4216 praesumentes,
1455 4145 1714 4216 Domine,
1755 4145 1981 4215 merito,
2033 4147 2131 4202 sed

494 4241 719 4298 Domini
748 4239 927 4295 nostri
968 4238 1097 4294 Jesu
1125 4238 1333 4293 Christi
1361 4238 1486 4293 Filii
1525 4238 1629 4306 tui,
1670 4255 1839 4310 quem
1867 4245 1933 4295 ut
1970 4257 2072 4295 nos
2098 4258 2132 4295 a

493 4334 743 4393 tenebris
768 4338 825 4389 et
848 4332 1055 4389 umbra
1088 4332 1287 4387 mortis
1323 4332 1587 4388 liberaret
1613 4332 1835 4401 misisti,
1868 4334 2133 4389 obedien-

494 4436 578 4486 tes
606 4428 869 4501 imperio.
896 4427 1120 4499 lndigni
1136 4426 1367 4499 quidem
1387 4442 1584 4480 sumus
1604 4426 1834 4483 nomine
1859 4427 2126 4500 ﬁliorum,

492 4525 587 4580 sed
610 4523 887 4596 jubemur
914 4522 1099 4578 dicere
1128 4537 1142 4576 :
1173 4522 1339 4575 Pater
1362 4524 1572 4575 noster.

906 4625 1029 4675 Post
1051 4621 1343 4674 orationem
1368 4621 1712 4672 Dominicam.

562 4713 760 4769 Libera
784 4728 888 4766 nos
924 4728 957 4765 a
996 4710 1168 4779 malo,
1211 4708 1572 4780 omnipotens
1612 4712 1821 4763 aeterne
1864 4709 2032 4780 Deus,
2074 4712 2132 4765 et

489 4807 782 4864 dominare
816 4810 882 4860 tu
919 4803 1119 4874 nostri,
1150 4803 1251 4874 qui
1287 4802 1486 4858 mortis
1514 4819 1547 4856 a
1572 4802 1733 4857 nobis
1760 4802 2011 4857 dominia
2036 4818 2128 4858 re-

488 4900 706 4974 pulisti,
771 4902 836 4954 ut
882 4901 980 4953 tua
1023 4913 1269 4968 semper,
1324 4896 1586 4964 Domine,
1636 4896 1951 4969 cogitemus
1993 4913 2128 4951 cum

488 4992 776 5049 alacritate
801 4991 1086 5059 mandata,
1115 5006 1247 5044 cum
1274 4989 1722 5061 timorejudicia,
1747 5007 1879 5045 cum
1909 4990 2127 5045 exulta-

490 5088 643 5143 tione
670 5085 966 5158 promissa.
995 5085 1099 5140 Per
1126 5099 1260 5138 eum
1284 5083 1385 5155 qui
1406 5087 1592 5138 tecum
1619 5084 1774 5151 vivit,
1806 5082 2131 5139 dominatur

488 5189 544 5240 et
573 5185 776 5253 regnat
818 5181 967 5235 Deus
994 5178 1053 5234 in
1083 5177 1301 5233 unitate
1330 5176 1573 5250 Spiritus
1608 5177 1785 5233 sancti
1822 5178 1881 5233 in
1925 5178 2131 5235 saecula

490 5276 853 5335 szcculorum.

1041 5342 1344 5394 Benedictio
1384 5342 1582 5408 pepuli.

558 5430 930 5501 Omnipotens
944 5425 1157 5482 Artifex
1168 5466 1181 5493 ,
1197 5423 1297 5497 qui
1317 5440 1468 5497 sazpe
1481 5439 1651 5497 quam
1658 5423 1940 5495 plurimis,
1960 5423 2129 5479 hodie

488 5527 683 5579 tamen
709 5520 1030 5593 insignibus
1056 5525 1111 5576 te
1136 5517 1436 5576 declarasti
1460 5516 1771 5572 miraculis.
1799 5520 2001 5573 Amen.
2023 5516 2129 5582 Qui

560 5664 586 5694 ⁸
625 5666 751 5722 Ηίεο
779 5666 977 5722 eadem
1017 5663 1187 5718 verba
1220 5662 1283 5715 in
1320 5658 1574 5715 oratione
1605 5656 1828 5712 Secreta
1854 5673 1958 5729 pro
1993 5656 2125 5729 Epi—

488 5737 699 5809 phania
735 5738 793 5792 in
832 5736 1041 5792 Ordine
1081 5732 1445 5803 Gregoriano.
1473 5729 1619 5809 Olim
1658 5729 2003 5809 Francorum
2045 5743 2130 5809 r_e-

530 5827 608 5877 es,
629 5809 890 5878 exemplo
908 5800 1234 5878 magorum,
1257 5819 1484 5878 aurum,
1506 5802 1640 5857 thus
1664 5804 1721 5856 et
1744 5801 2043 5878 myrrham
2066 5800 2127 5878 i_n

530 5828 608 5877 es,
629 5828 890 5878 exemplo
908 5828 1234 5872 magorum,
1257 5828 1484 5869 auruul,
1511 5828 1640 5857 tuus
1664 5828 1721 5856 cI.
1744 5828 2041 5871 ulyu'u-‘uu
2067 5828 2127 5853 ιιι

489 5828 578 5935 Sic
607 5876 939 5951 Epiphaniae
967 5870 1040 5930 ad
1073 5874 1248 5930 altare
1287 5873 1617 5941 offerebant,
1659 5888 1729 5928 ex
1768 5869 1970 5942 Nangii
2005 5871 2129 5926 Gal-

2228 1948 2297 2001 l’t
2321 1963 2450 2000 cum
2490 1946 2623 2002 hinc
2664 1948 2960 2003 transferri
2990 1948 3291 2019 migrando
3330 1948 3724 2020 praecipietur,
3762 1947 3866 2002 illic

2228 2039 2449 2094 admitti
2489 2041 2871 2111 permittatur,
2898 2042 3051 2097 unde
3081 2047 3136 2096 te
3180 2044 3361 2097 Deum
3398 2042 3654 2097 adoravit
3690 2040 3865 2112 magis

2229 2132 2575 2188 admiratum
2619 2134 2845 2189 adstans
2897 2134 3052 2189 sidus
3101 2135 3401 2207 praesepio.
3454 2139 3657 2190 Amen.
3713 2134 3861 2199 Quod

2229 2226 2348 2298 ipse
2375 2231 2647 2299 praestare
2684 2227 2956 2299 digneris,
2986 2227 3087 2299 qui
3120 2228 3180 2282 in
3217 2228 3487 2285 Trinitate
3518 2228 3769 2301 perfecta
3794 2226 3863 2281 vi-

2228 2319 2327 2389 vis,
2360 2320 2668 2376 dominaris
2695 2327 2751 2376 et
2776 2338 3002 2393 regnas.
3025 2324 3227 2377 Amen.

2779 2415 2899 2464 Post
2922 2414 3316 2465 Eucharistiam.

2303 2488 2558 2544 Divinam
2621 2488 3087 2560 misericordiam,
3140 2491 3342 2546 fratres
3384 2490 3682 2560 carissimi,
3732 2506 3855 2545 con-

2231 2584 2385 2639 cordi
2416 2584 2667 2639 oratione
2704 2600 3021 2655 poscamus,
3057 2585 3142 2639 uti
3186 2585 3308 2640 haec
3346 2585 3636 2641 salutifera
3672 2586 3855 2641 Sacra-

2232 2682 2427 2732 menta
2449 2677 2655 2733 nostris
2681 2682 2906 2750 recepta
2939 2679 3261 2750 pectoribus
3286 2679 3592 2751 puriﬁcent
3616 2680 3859 2735 animam

2232 2787 2550 2843 corpusque
2577 2771 2946 2841 sanctiﬁcant,
2977 2778 3148 2845 atque
3173 2773 3233 2827 in
3265 2790 3425 2845 spem
3450 2774 3763 2829 caelestium
3784 2774 3857 2827 vi-

2232 2879 2385 2919 scera
2403 2864 2615 2936 pariter
2629 2869 2685 2921 et
2703 2867 2872 2922 corda
2892 2865 3247 2923 conﬁrment.
3274 2867 3433 2932 Quod
3453 2867 3574 2939 ipse
3598 2872 3857 2940 praestare

2232 2958 2518 3030 dignetur,
2548 2959 2649 3031 qui
2674 2958 2819 3015 vivit‘
2835 2964 2892 3015 et
2919 2965 3145 3033 regnat.

2770 3048 3023 3099 Collectio
3056 3048 3305 3113 sequitur.

2306 3121 2561 3194 Respice,
2592 3123 2855 3194 Domine,
2896 3124 3176 3197 propitius
3212 3124 3282 3179 ad
3321 3124 3550 3195 plebem
3589 3129 3783 3194 tuam;
3811 3130 3859 3180 et

2153 3201 2208 3276 Ο
2233 3233 2407 3289 quam
2431 3216 2635 3272 divinis
2657 3217 2862 3272 tribuis
2884 3218 3175 3291 {proﬁcere
3207 3220 3596 3287 sacramentis,
3634 3219 3708 3273 ab
3743 3236 3853 3274 om-
3940 3266 3941 3269 η

2231 3312 2400 3367 nibus
2426 3311 2650 3367 absolve
2677 3312 2943 3383 peccatis.
2983 3313 3090 3367 Per
3131 3312 3435 3367 Dominum
3474 3317 3737 3369 nostrum
3774 3315 3853 3368 Je-

2233 3421 2361 3460 sum
2388 3404 2679 3461 Christum
2706 3405 2912 3461 Filium
2936 3410 3125 3463 tuum.

2231 3500 2341 3554 ΧΠ.
2392 3514 2552 3555 MISSA
2599 3516 2653 3556 IN
2701 3515 3080 3558 ADSUMPTIONE
3114 3500 3142 3541 δ
3182 3516 3399 3557 ΒΛΝΟΤΕ
3446 3517 3627 3558 ΜΔωῶ
3674 3517 3854 3559 MATIUS

2840 3587 3032 3627 DOMINI
3075 3587 3289 3630 NOSTRI.

2303 3660 2596 3714 Generosa:
2644 3658 2757 3714 diei
2794 3660 3097 3716 dominicae
3138 3662 3436 3717 Genitricis
3471 3663 3854 3735 inexplicabile

2231 3754 2666 3820 sacramentum,
2721 3755 2880 3809 tanto
2921 3754 3103 3826 magis
3144 3756 3542 3827 praeconabile,
3588 3762 3853 3829 quantum

2233 3849 2317 3900 est
2342 3845 2491 3901 inter
2522 3845 2785 3902 homines
2818 3848 3219 3919 Assumptione
3260 3849 3504 3922 Virginis
3530 3851 3814 3923 singulare
3839 3865 3850 3903 :

2230 3940 2384 4011 apud
2408 3955 2581 4012 quem
2616 3940 2746 3995 vitae
2771 3940 3067 4012 integritas
3103 3941 3353 3999 obtinuit
3378 3944 3602 4014 Filium,
3632 3948 3692 4000 et
3718 3958 3854 3999 mors

2232 4050 2347 4088 non
2390 4032 2605 4089 invenit
2642 4050 2746 4105 par
2794 4034 3126 4107 exemplum
3161 4054 3176 4091 :
3216 4051 3322 4091 nec
3369 4037 3562 4091 minus
3602 4038 3853 4109 ingemas

2232 4131 2523 4197 stuporem
2568 4127 2639 4183 de
2683 4127 2945 4195 transitu,
3001 4144 3176 4199 quam
3228 4130 3642 4186 exultationem
3684 4132 3853 4186 ferens

2232 4220 2399 4275 unico
2418 4221 2580 4275 beata
2606 4221 2676 4276 de
2714 4227 2901 4293 partu.
2935 4223 3057 4277 Non
3085 4222 3271 4278 solum
3300 4223 3579 4279 mirabilis
3608 4225 3849 4296 pignore,
3928 4250 3929 4253 η

2231 4313 2385 4385 quod
2430 4314 2539 4368 ﬁde
2573 4317 2860 4387 concepit;
2908 4316 3005 4370 sed
3050 4316 3423 4371 translatione
3466 4316 3851 4388 praedicabilis,

2230 4423 2343 4479 qua
2368 4408 2653 4480 migravit.
2696 4408 2934 4480 Speciali
2958 4410 3230 4480 tripudio,
3272 4410 3477 4465 affectu
3502 4410 3847 4475 multimodo,
3926 4398 3927 4435 ξ

2230 4500 2381 4555 ﬁdeli
2405 4506 2553 4571 voto,
2579 4502 2779 4557 fratres
2805 4502 3174 4572 dilectissimi,
3192 4503 3359 4559 corde
3383 4504 3753 4575 deprecemur
3774 4507 3848 4557 at-
3924 4552 3925 4575 χ

2148 4577 2208 4649 D
2230 4597 2409 4663 tento,
2437 4599 2504 4650 ut
2543 4595 2665 4666 ejus
2697 4596 2873 4666 adjuti
2916 4595 3246 4650 muniamur
3283 4595 3577 4667 suﬁ‘ragio,
3609 4613 3735 4669 quae
3769 4596 3852 4649 fce-

2230 4687 2413 4742 cunda
2441 4688 2629 4761 Virgo,
2664 4688 2823 4743 beata
2859 4689 2928 4744 de
2954 4693 3141 4760 partu,
3174 4690 3324 4744 clara
3355 4690 3424 4745 de
3468 4691 3694 4760 merito,
3732 4688 3849 4744 felix

2228 4781 2570 4852 praedicatur
2612 4782 2873 4837 abscessu
2931 4799 2944 4837 :
3004 4782 3360 4838 obsecrantes
3416 4783 3846 4839 misericordiam

2228 4874 2620 4947 Redemptoris
2658 4876 2857 4946 nostri,
2883 4880 2949 4930 ut
2988 4876 3447 4932 circumstantem
3484 4877 3710 4948 plebem
3736 4878 3848 4932 illuc

2228 4969 2496 5040 dignetur
2530 4969 2910 5039 introducere,
2941 4986 3054 5041 quo
3080 4970 3305 5025 beatam
3332 4974 3579 5025 matrem
3616 4971 3845 5035 Mariam,

2228 5062 2635 5118 famulantibus
2661 5062 2947 5134 apostolis,
2975 5063 3263 5119 transtulit
3290 5064 3361 5119 ad
3388 5063 3691 5120 honorem.
3712 5062 3845 5129 Quod

2228 5156 2348 5228 ipse
2384 5158 2656 5228 prazstare
2682 5156 2971 5228 dignetur,
3018 5157 3116 5229 qui
3156 5173 3289 5211 cum
3333 5158 3521 5227 Patre,
3565 5162 3622 5214 et
3660 5156 3846 5231 Spiritu

2228 5254 2419 5305 sancto
2444 5248 2561 5322 21
2578 5248 2639 5323 2
2663 5249 2799 5305 vivit
2823 5254 2879 5305 et
2904 5254 3107 5322 regnat
3130 5252 3278 5306 Deus
3303 5250 3362 5305 in
3389 5252 3582 5307 sacul.

2771 5343 3022 5393 Collectio
3048 5343 3300 5408 sequitur.

2298 5420 2465 5487 Deus,
2489 5418 2589 5491 qui
2608 5419 2746 5474 dum
2779 5435 2924 5490 opus
2940 5419 3081 5476 illud
3107 5420 3337 5476 fabrica:
3364 5421 3698 5492 mundialis,
3714 5417 3842 5492 quod

2226 5512 2343 5567 sola
2367 5512 2595 5585 imperii
2624 5512 2882 5584 jussione
2908 5529 3219 5585 creaveras,
3258 5514 3449 5587 perire
3477 5531 3597 5572 non
3633 5513 3838 5588 pateris,

2226 5654 2333 5709 lico
2360 5654 2771 5722 continuatore,
2799 5655 2871 5711 ad
2896 5672 3115 5711 annum
3143 5659 3298 5712 1578.

2297 5727 2325 5767 ιι
2342 5726 2769 5802 _Assumpt_ionis
2806 5727 2987 5802 beata:
3032 5728 3214 5802 Mariis
3243 5728 3451 5802 festum
3492 5730 3643 5802 apud
3680 5727 3838 5802 Callos

2226 5814 2325 5853 seu
2342 5798 2579 5869 Francos
2608 5798 2668 5869 in
2692 5798 2957 5853 Januario
2984 5800 3275 5869 quondam
3297 5798 3649 5858 celebratum
3667 5799 3835 5864 fuisse,

2226 5869 2475 5927 diximus
2501 5867 2560 5924 in
2589 5868 2685 5926 lib.
2714 5885 2773 5940 ιι,
2804 5884 2965 5924 num.
2997 5867 3084 5926 22.
