3968 6224
146 378 230 432 245
1186 371 1274 428 ΒΕ
1312 372 1626 432 LlTURGlA
1661 376 2034 438 GALLICANA
2071 380 2271 439 LIBER
2307 380 2399 438 lll.

3365 380 3469 442 246

142 484 342 540 domum
354 475 449 534 tibi
468 476 527 534 in
541 476 736 534 alvum
748 473 996 549 Virginis
1013 476 1324 551 fabricasti,
1339 484 1398 537 et
1416 499 1491 539 ne
1511 484 1729 556 periret
1746 498 1806 573 Α
1826 487 2193 545 ledictionem
2221 487 2281 544 in
2295 488 2495 546 dolore
2516 491 2773 564 generat,
2796 489 2906 548 ista
2919 488 3388 548 benedictionem
3406 491 3469 549 in

143 593 254 650 gens
275 593 305 630 a
321 577 372 629 te
391 574 691 646 plasmata,
714 575 983 631 revelasti
1004 575 1227 630 saeculis
1244 575 1505 633 inaudita
1516 581 1728 650 myste-

140 672 224 739 ria,
251 673 321 737 ut,
344 684 512 740 quem
546 670 820 725 caelorum
852 671 1074 725 excelsa
1092 687 1214 725 non
1239 670 1492 743 capiunt,
1516 689 1728 744 parvus

142 764 362 838 puellulae
397 763 551 816 alvus
592 762 939 831 includeret,
977 780 1289 835 precamur
1326 766 1628 836 supplices,
1664 772 1729 823 ut

139 860 195 913 de
215 857 413 929 quibus,
441 859 497 909 et
524 872 630 927 pro
653 857 859 928 quibus
883 857 1181 930 suscepisti
1214 859 1482 915 membra
1508 864 1728 916 morta-

138 953 211 1018 lia,
237 949 606 1005 intercedente
637 950 806 1006 beata
842 951 1018 1007 Maria
1046 952 1325 1023 genitrice
1368 955 1486 1022 tua,
1517 970 1726 1026 capere

135 1044 295 1110 facias,
331 1042 542 1098 devicta
579 1045 770 1099 saeculi
809 1046 1149 1115 ambitione,
1178 1045 1499 1117 victoriam,
1529 1048 1725 1104 Salva-

138 1144 208 1193 tor
232 1138 430 1203 mundi,
462 1137 557 1208 qui
599 1155 732 1194 cum
776 1143 994 1195 aeterno
1032 1143 1201 1195 Patre
1238 1140 1374 1196 vivis
1415 1145 1473 1196 et
1514 1159 1726 1213 regnas

137 1234 255 1286 Deus
275 1231 328 1286 in
355 1230 566 1286 unitate
599 1232 845 1303 Spiritus
871 1234 1054 1290 sancti
1084 1236 1236 1291 Deus
1262 1235 1321 1290 in
1349 1236 1541 1291 saecul.

559 1319 813 1371 Collectio
841 1326 961 1385 post
990 1323 1223 1374 nomina.
1665 1334 1701 1355 θ

191 1391 548 1446 Habitatorem
584 1391 879 1463 virginalis
928 1393 1181 1465 hospitii,
1228 1395 1517 1465 Sponsum
1570 1396 1725 1451 beati

137 1483 352 1550 thalami,
382 1485 693 1541 Dominum
720 1486 1098 1555 tabernaculi,
1129 1504 1331 1559 regem
1373 1489 1598 1560 templi,
1627 1489 1724 1561 qui

135 1596 239 1633 eam
262 1578 635 1633 innocentiam
659 1579 905 1634 contulit
929 1580 1222 1648 Genitrici,
1252 1598 1368 1653 qua
1385 1582 1726 1652 dignaretur

134 1673 383 1728 incarnata
396 1672 583 1728 Deitas
605 1673 875 1743 generari
896 1690 1057 1745 ;qua3
1085 1674 1228 1729 nihil
1255 1675 1445 1730 saeculi
1474 1675 1722 1745 conscia,

134 1769 313 1821 tantum
337 1766 589 1837 precibus
636 1783 806 1821 mens
837 1770 1079 1836 attenta,
1109 1768 1298 1823 tenuit
1320 1768 1634 1840 puritatem
1665 1768 1724 1824 in

1826 586 2010 639 salute
2042 584 2368 640 confirmat.
2407 584 2560 641 Illius
2590 585 2833 657 perﬁdia
2868 585 3123 658 serpenti
3156 586 3467 655 consensit,

1826 679 2134 749 conjugem
2153 678 2396 749 decepit,
2415 681 2637 750 prolem
2660 680 2985 749 damnavit;
3010 681 3180 751 hujus
3200 680 3473 736 obedien-

1826 772 1907 827 tia
1929 774 2160 828 Patrem
2189 772 2531 842 conciliavit,
2575 773 2779 828 Filium
2808 774 3039 841 meruit,
3070 774 3470 845 posteritatem

1828 866 2087 922 absolvit.
2124 868 2222 922 Illa
2264 868 2575 923 amaritudi
2622 884 2716 922 em
2752 868 2913 938 pomi
2944 884 3112 923 succo
3162 868 3468 940 propinat;

1826 960 1935 1015 ista
1964 977 2283 1032 perennem
2316 962 2683 1016 dulcedinem
2709 961 2837 1016 Nati
2872 962 3032 1016 fonte
3069 960 3333 1017 desudat.
3372 963 3473 1017 Illa

1827 1055 2034 1109 acerbo
2063 1059 2231 1126 gustu
2273 1059 2544 1111 natorum
2585 1055 2786 1109 dentes
2831 1054 3140 1123 deterruit;
3176 1057 3299 1109 haec
3338 1072 3471 1110 sua-

1823 1148 2038 1203 vissimi
2082 1150 2247 1220 panis
2294 1148 2618 1204 blandienti
2654 1148 2780 1203 cibo
2820 1149 3110 1216 formavit,
3153 1149 3245 1203 cui
3282 1150 3472 1203 nullus

1827 1243 2070 1314 deperit,
2096 1242 2203 1297 nisi
2230 1244 2326 1314 qui
2353 1243 2425 1297 de
2453 1243 2562 1296 hoc
2582 1258 2732 1313 pane
2760 1242 3007 1298 saturari
3032 1243 3199 1297 fauce
3226 1242 3466 1298 fastidit.

1825 1337 1939 1393 Sed
1961 1337 2085 1407 jam
2115 1340 2340 1391 veteres
2371 1336 2621 1407 gemitus
2648 1335 2705 1390 in
2735 1336 2949 1406 gaudia
2975 1352 3124 1391 nova
3152 1339 3467 1392 vertamus.

1823 1432 1910 1486 Ad
1944 1434 1999 1486 te
2041 1448 2179 1503 ergo
2216 1430 2576 1497 revertimur,
2614 1430 2785 1499 Virgo
2826 1429 2981 1497 foeta,
3014 1430 3190 1484 Mater
3232 1430 3469 1498 intacta,

1824 1525 2085 1580 nesciens
2109 1524 2294 1579 virum
2324 1540 2630 1596 puerpera,
2654 1524 2941 1578 honorata
2963 1539 3068 1594 per
3092 1523 3315 1589 Filium,
3346 1539 3467 1577 non

1824 1620 2059 1690 polluta.
2086 1618 2256 1685 Felix,
2285 1634 2389 1689 per
2410 1634 2587 1689 quam
2618 1616 2784 1671 nobis
2804 1616 3097 1687 insperata
3119 1615 3331 1687 gaudia
3353 1632 3473 1670 suc-

1824 1714 2132 1767 cesserant.
2164 1712 2336 1783 Cujus
2378 1711 2526 1766 sicut
2555 1710 2827 1782 gratulati
2867 1726 3063 1763 sumus
3109 1713 3258 1777 ortu,
3287 1709 3467 1780 tripu-

1825 1805 2106 1860 diavimus
2130 1809 2318 1877 partu,
2342 1805 2422 1859 ita
2450 1804 2841 1875 gloriﬁcamur
2865 1803 2923 1858 in
2963 1802 3226 1857 transitu.
3263 1804 3473 1856 Parum

135 1859 363 1965 [EOﬁbus’
385 1876 554 1930 quam
569 1862 1114 1965 θτθθΡεῖίῖδδθηεθῘί
1134 1861 1539 1965 δεηθᾷίθϋοηῗ
1551 1863 1722 1965 vjsfm'
1740 1872 1797 1944 B
1824 1900 2063 1954 fortasse
2090 1859 2371 1965 fderat,’si
2402 1859 2744 1953 teUChristus
2780 1898 2902 1951 solo
2932 1896 3341 1951 sanctiﬁcasset
3382 1894 3472 1949 in-

133 1953 284 2020 iibus;
308 1969 402 2007 nec
426 1970 528 2025 per
552 1954 1027 2025 Assumptionem
1050 1954 1121 2009 de
1150 1959 1341 2010 morte
1371 1956 1550 2011 sensit
1570 1955 1718 2011 inlu-

131 2045 267 2114 viem,
280 2063 396 2118 quae
406 2047 530 2101 vitae
543 2047 796 2119 portavit
814 2049 1154 2115 Auctorem;
1180 2049 1388 2104 fratres
1417 2049 1718 2118 carissimi,

132 2140 239 2194 tusis
262 2141 504 2211 precibus
524 2140 839 2196 Dominum
860 2141 1263 2214 imploremus,
1286 2146 1351 2197 ut
1381 2143 1505 2214 ejus
1531 2143 1717 2198 indul-

136 2233 289 2303 gentia
305 2234 425 2289 illuc
446 2235 703 2290 defuncti
731 2236 1051 2290 liberentur
1071 2253 1104 2290 a
1124 2239 1363 2304 tartaro,
1389 2253 1503 2308 quo
1533 2238 1721 2292 beatas

133 2327 329 2399 Virginis
355 2330 695 2384 translatum
727 2338 977 2400 corpusll
1011 2332 1097 2384 est
1127 2330 1199 2384 de
1233 2331 1515 2402 sepulcro.
1555 2331 1722 2395 Quod

132 2421 220 2493 ipse
247 2426 496 2493 praestare
525 2423 821 2495 dignetur,
847 2422 943 2494 qui
970 2423 1028 2477 in
1058 2423 1313 2480 trinitate
1340 2424 1600 2496 perfecta
1644 2424 1716 2479 vi.

600 2512 856 2562 Collectio
892 2512 956 2562 ad
982 2526 1187 2576 pacem.

184 2582 308 2635 Deus
330 2582 659 2639 universalis
684 2582 971 2639 machinae
1000 2588 1372 2656 propagator,
1397 2584 1577 2657 quiin
1595 2602 1723 2640 san-

132 2674 210 2727 ctis
233 2675 556 2745 spiritaliter,
586 2676 648 2732 in
674 2678 851 2733 Matre
876 2694 1011 2733 vero
1037 2678 1271 2749 Virgine
1303 2679 1480 2733 etiam
1514 2695 1716 2751 corpo-

133 2767 287 2822 raliter
306 2768 592 2836 habitasti;
635 2787 767 2842 quae
794 2770 977 2826 ditata
1000 2774 1115 2826 tuae
1146 2771 1522 2843 plenitudinis
1556 2772 1722 2827 uber-

132 2864 235 2927 tate,
267 2863 694 2919 mansuetudine
741 2864 975 2934 ﬂorens,
1019 2865 1260 2920 caritate
1305 2865 1525 2937 vigens,
1576 2882 1717 2937 pace

132 2954 358 3023 gaudens,
382 2955 590 3027 pietate
607 2959 965 3029 praecellens,
992 2959 1063 3013 ab
1085 2959 1294 3031 angelo
1318 2958 1504 3030 gratia
1524 2960 1714 3030 plena,

131 3046 184 3099 ab
200 3046 455 3104 Elisabeth
474 3049 803 3119 benedicta,
828 3069 862 3106 a
894 3052 1172 3107 Gentibus
1198 3052 1409 3107 merito
1436 3053 1715 3125 praedica-

132 3144 199 3192 tur
215 3140 388 3208 beata;
415 3144 573 3214 cujus
601 3144 769 3199 nobis
793 3144 937 3199 ﬁdes
964 3146 1325 3217 mysterium,
1354 3147 1551 3217 partus
1575 3163 1718 3218 gau-

129 3231 269 3297 dium,
291 3234 394 3291 vita
414 3240 769 3333 provectum,
790 3237 1069 3293 discessus
1082 3238 1273 3294 attulit
1292 3239 1401 3293 hoc
1424 3238 1715 3307 festivum;
1739 3241 1795 3317 C
1823 3231 1857 3333 ἓ

128 3341 383 3392 precamur
406 3330 710 3401 supplices,
732 3334 796 3385 ut
822 3348 1048 3403 pacem,
1075 3348 1203 3403 quae
1232 3332 1291 3386 in
1313 3331 1720 3405 adsumptione

126 3416 276 3473 Matris
325 3423 454 3478 tunc
498 3424 796 3495 praebuisti
843 3424 1152 3497 discipulis,
1203 3426 1499 3482 solemnib
1538 3443 1723 3499 nuper

128 3509 346 3582 largiaris
412 3515 469 3570 in
536 3517 777 3585 cunctis,
831 3519 1090 3575 Salvator
1150 3520 1374 3589 mundi,
1430 3520 1527 3593 qui
1589 3536 1721 3576 cum

130 3603 277 3673 Patre,
306 3610 359 3662 et
385 3609 596 3682 Spiritu
625 3613 824 3665 sancto
854 3611 1012 3666 vivis.

726 3700 1060 3750 Contestatio.

182 3764 396 3837 Dignum
420 3773 477 3824 et
490 3769 718 3841 justum
743 3774 848 3839 est,
880 3772 1249 3844 omnipotens
1279 3774 1449 3842 Deus,
1479 3789 1584 3829 nos
1617 3772 1719 3827 tibi

129 3873 325 3929 magnas
344 3863 542 3919 merito
565 3864 783 3936 gratias
807 3882 1003 3936 agere,
1027 3869 1290 3938 tempore
1318 3866 1716 3934 celeberrimo,

130 3948 197 4003 die
215 3968 315 4022 prae
332 3956 527 4011 ceteris
548 3957 918 4013 honorando.
945 3959 1068 4023 Quo
1090 3960 1275 4014 ﬁdelis
1295 3961 1509 4015 Israhel
1530 3976 1720 4031 egres-

128 4059 198 4096 sus
217 4050 288 4099 est
306 4047 371 4105 de
385 4051 651 4123 Egypto,
676 4067 790 4122 quo
810 4051 982 4123 Virgo
1004 4052 1104 4107 Dei
1126 4053 1380 4109 Genitrix
1402 4054 1472 4108 de
1495 4053 1716 4107 mundo

128 4135 345 4207 migravit
360 4142 428 4197 ad
443 4144 754 4199 Christum.
779 4144 918 4210 Quae
936 4162 1042 4201 nec
1054 4145 1124 4201 de
1143 4146 1511 4218 corruptione
1534 4163 1718 4201 susce-

128 4228 191 4297 pit
214 4235 539 4307 contagium,
571 4236 772 4311 213
803 4255 911 4293 nec
948 4240 1363 4295 resolutionem
1392 4239 1627 4311 pertulit
1657 4239 1715 4293 in

128 4325 370 4395 sePulcro;
400 4331 718 4400 pollutione
753 4331 955 4401 libera,
999 4333 1261 4403 germine
1303 4333 1575 4405 gloriosa,
1625 4349 1713 4387 as-

129 4419 400 4489 sumptione
440 4440 644 4479 secura
668 4425 937 4495 paradiso
978 4425 1111 4481 dote
1144 4427 1412 4497 praelata;
1454 4426 1716 4481 nesciens

130 4506 302 4565 damna
320 4514 384 4569 de
404 4517 573 4585 coitu,
599 4534 838 4572 sumens
857 4522 990 4573 vota
1011 4519 1082 4573 de
1104 4520 1321 4586 fructu;
1346 4536 1464 4575 non
1487 4519 1714 4575 subdita

1822 1992 2018 2061 troitu,
2039 1992 2144 2046 nisi
2164 1992 2340 2046 etiam
2356 1992 2532 2045 talem
2546 1994 2795 2044 matrem
2822 1991 3190 2045 adornassset
3216 2005 3468 2059 egressu.

1823 2088 1995 2141 Recte
2038 2086 2109 2139 ab
2142 2085 2261 2156 ipse
2303 2086 2565 2155 suscepta
2591 2101 2651 2137 es
2676 2083 2735 2137 in
2759 2082 3166 2153 Assumptione
3207 2081 3468 2149 feliciter,

1823 2196 1995 2251 quem
2027 2179 2121 2250 pie
2158 2177 2453 2250 suscepisti
2494 2179 2848 2248 conceptura
2873 2192 2979 2246 per
3009 2175 3210 2242 ﬁdem,
3246 2179 3309 2229 ut
3342 2192 3471 2245 quae

1824 2277 1992 2327 terra;
2018 2290 2135 2327 non
2159 2289 2286 2327 eras
2316 2270 2566 2339 conscia,
2598 2286 2716 2325 non
2751 2273 2981 2324 teneret
3016 2285 3189 2339 rupes
3228 2269 3466 2323 inclusa.

1822 2369 1966 2421 Vere
1997 2366 2234 2421 diversis
2266 2365 2460 2419 infulis
2488 2363 2686 2418 anima
2717 2363 3021 2434 redempta
3055 2380 3068 2417 :
3098 2362 3188 2416 cui
3225 2362 3470 2433 apostoli

1821 2477 2049 2515 sacrum
2071 2460 2324 2514 reddunt
2343 2457 2706 2528 obsequium,
2724 2455 2917 2528 angeli
2939 2459 3197 2523 cantum,
3214 2455 3471 2512 Christus

1821 2555 2171 2626 amplexum,
2197 2552 2366 2607 nubis
2385 2551 2733 2618 vehiculum,
2764 2549 3079 2621 assumptio
3108 2548 3465 2621 paradisum,

1819 2648 1973 2702 inter
2026 2648 2232 2703 choros
2275 2645 2568 2715 virginum
2638 2643 2823 2715 gloria
2883 2643 3306 2715 principatum,
3365 2658 3471 2713 per

1820 2741 2108 2799 Christum
2158 2739 2469 2794 Dominum
2524 2741 2807 2793 nostrum.
2861 2736 2964 2793 Cui
3017 2736 3227 2808 Angeli
3293 2739 3468 2806 atque

1817 2834 2166 2907 Archangeli
2196 2850 2315 2888 non
2346 2848 2488 2889 cess.

2314 2920 2565 2972 Collectio
2590 2923 2710 2984 post
2732 2920 2968 2969 Sanctus.

1889 2997 2031 3050 Vere
2059 2997 2309 3061 sanctus,
2338 3010 2471 3047 vere
2501 2992 2784 3063 gloriosus
2812 2988 3156 3061 Unigenitus
3186 2991 3316 3043 tuus
3354 2989 3467 3043 Do-

1819 3090 2012 3145 minus
2045 3091 2241 3143 noster
2264 3089 2289 3142 ,Ι
2297 3103 2424 3141 esus
2452 3085 2727 3153 Christus,
2761 3084 2857 3156 qui
2884 3100 3015 3137 cum
3046 3083 3116 3137 de
3140 3099 3263 3151 suo,
3292 3081 3463 3138 Geni-

1818 3183 1930 3239 tori
1970 3187 2120 3237 esset
2163 3180 2417 3253 aequalis,
2449 3181 2519 3235 de
2567 3181 2764 3234 nostro
2809 3178 2994 3232 factus
3036 3180 3123 3231 est
3161 3176 3355 3232 minor
3390 3176 3462 3231 ab

1862 3277 2064 3349 ngelis,
2117 3280 2175 3330 et
2220 3292 2287 3329 ex
2334 3276 2500 3329 Patre
2548 3272 2771 3328 habens
2816 3270 3339 3336 immortalitatem,
3399 3286 3467 3324 ex

1820 3372 1995 3427 Matre
2022 3370 2179 3443 quod
2208 3370 2537 3424 moreretur
2556 3366 2897 3439 adsumpsit,
2928 3364 3072 3419 utin
3104 3381 3163 3418 se
3193 3363 3469 3418 liberaret

1822 3482 2005 3537 genus
2038 3465 2362 3519 humanum
2390 3462 2462 3517 de
2489 3465 2728 3529 tartaro,
2764 3461 2902 3516 dum
2940 3459 3128 3531 ipsum
3159 3475 3316 3513 mors
3348 3473 3465 3513 non

1822 3558 2080 3614 tenuitin
2102 3558 2385 3630 sepulcro.
2410 3554 2527 3629 21
2544 3555 2604 3627 4
2628 3558 2749 3627 Ipse
2773 3553 2930 3609 enim
2958 3553 3104 3625 prid.
3136 3568 3313 3624 quam
3344 3553 3463 3624 pat.

2407 3651 2532 3698 Post
2559 3646 2886 3712 mysterium.

1891 3722 2231 3789 Descendat,
2275 3719 2538 3787 Domine,
2589 3718 2649 3773 in
2686 3717 2775 3772 his
2819 3715 3111 3772 sacriﬁciis
3150 3719 3263 3770 tua:
3292 3716 3467 3771 bene-

1822 3815 2086 3871 dictionis
2126 3818 2446 3871 coaeternus
2477 3816 2534 3866 et
2565 3813 2908 3882 c00perator
2940 3808 3252 3865 Paraclitus
3286 3808 3465 3880 Spiri-

1817 3913 1930 3977 tus,
1973 3912 2037 3964 ut
2072 3907 2425 3964 oblationem
2455 3922 2633 3977 quam
2666 3904 2771 3959 tibi
2800 3904 2871 3958 de
2904 3905 3005 3957 tua
3039 3904 3195 3956 terra
3220 3901 3461 3956 fructiﬁ-

1819 4006 1985 4058 cante
2043 4000 2439 4073 porregimns,
2491 3998 2745 4054 caelestic
2806 3994 3349 4068 permuneratione,
3409 3999 3464 4050 te

1816 4097 2229 4162 sanctiﬁcante,
2245 4110 2560 4161 sumamus,
2575 4095 2638 4146 ut
2651 4091 2929 4146 translata
2941 4092 3109 4161 fruge
3122 4089 3182 4144 in
3198 4106 3459 4161 corpore,

1817 4190 1991 4245 calice
2024 4190 2083 4244 in
2122 4204 2345 4256 cruore,
2380 4186 2647 4259 proﬁciat
2676 4184 2918 4254 meritis,
2953 4184 3110 4257 quod
3152 4182 3463 4238 obtulimus

1815 4282 2191 4356 pro'delictis.
2231 4283 2446 4337 Praesta
2482 4280 2854 4353 omnipotens
2882 4280 3051 4347 Deus,
3091 4276 3188 4351 qui
3226 4276 3364 4332 vivis
3403 4278 3461 4331 et

1816 4393 2029 4449 regnas
2056 4376 2115 4430 in
2148 4376 2375 4430 saecula.

2226 4469 2359 4518 Ante
2383 4466 2671 4517 orationem
2699 4463 3044 4516 Dominicam.

1886 4540 2122 4608 Exaudi,
2155 4539 2524 4610 omnipotens
2550 4541 2767 4593 aeterne
2795 4538 2945 4591 Deus
2981 4533 3296 4606 supplicem
3338 4536 3457 4606 ple-

130 4598 278 4700 ὀφθῇ
306 4624 401 4700 Per
429 4614 683 4681 partum,
719 4628 836 4666 non
871 4611 1057 4667 labori
1101 4628 1208 4684 Per
1247 4613 1575 4681 trimatum:
1608 4612 1948 4691 necDbem
1993 4598 2154 4688 tuam
2200 4633 2273 4688 ob
2316 4598 2604 4687 honorem
2661 4629 2851 4686 Mariae
2893 4598 3241 4684 beatissima:
3297 4598 3457 4700 geni-

129 4691 218 4748 Vita
242 4699 531 4771 voluntate,
556 4720 664 4758 nec
694 4704 869 4759 funus
894 4704 1132 4776 solvitur
1151 4705 1201 4760 vi
1228 4708 1467 4760 naturae.
1492 4706 1718 4777 Specio-

126 4802 198 4841 sus
228 4790 511 4864 thalamus,
548 4796 619 4851 de
670 4814 784 4868 quo
825 4796 1035 4869 dignus
1072 4798 1267 4870 prodit
1300 4799 1575 4871 Sponsus,
1620 4801 1716 4854 lux

127 4882 360 4955 gentium,
391 4904 517 4959 spes
554 4890 835 4958 ﬁdelium,
876 4907 1007 4962 spes
1049 4890 1329 4960 ﬁdelium,
1362 4891 1560 4963 praedo
1598 4891 1714 4947 dte-

128 4988 343 5048 monum,
367 4983 622 5039 confusio
648 4983 1001 5051 Iudaeorum,
1030 4986 1322 5040 vasculum
1348 4986 1500 5054 vitae,
1532 4984 1717 5040 taber-

127 5071 346 5127 naculum
377 5076 591 5146 gloriae,
613 5078 893 5149 templum
915 5078 1141 5132 caeleste
1168 5094 1181 5132 :
1204 5078 1366 5149 cujus
1389 5079 1716 5150 juvenculae

125 5162 290 5219 melius
313 5168 677 5238 predicantur
707 5170 936 5238 merita,
971 5187 1104 5226 cum
1125 5172 1335 5227 veteris
1360 5173 1489 5226 Eva:
1523 5171 1717 5227 confe-

129 5259 292 5312 runtur
316 5264 587 5334 exempla.
612 5263 912 5335 Siquidem
930 5263 1039 5320 ista
1071 5265 1290 5320 mundo
1316 5264 1491 5320 vitam
1514 5268 1712 5337 protu-

129 5344 190 5412 lit,
215 5348 296 5407 illa
316 5353 498 5426 legem
524 5357 727 5412 mortis
755 5357 1002 5427 invexit;
1028 5357 1126 5413 illa
1160 5357 1573 5429 prevaricando
1608 5374 1715 5413 nos

130 5442 353 5515 perdidit,
379 5448 483 5505 ista
509 5450 847 5523 generando
879 5452 1131 5507 salvavit.
1161 5453 1263 5508 Illa
1294 5468 1399 5508 nos
1422 5468 1598 5525 pomo
1621 5467 1713 5507 ar-

130 5529 248 5590 boris
272 5537 324 5594 in
354 5540 471 5614 ipsa
515 5545 706 5600 radice
741 5546 1052 5618 percussit;
1097 5563 1164 5600 ex
1202 5546 1371 5617 hujus
1410 5546 1573 5617 virga
1608 5545 1713 5601 ﬂos

131 5626 249 5696 “iit,
273 5634 362 5703 qui
386 5653 489 5692 nos
509 5638 684 5694 odore
708 5639 992 5707 reﬁceret,
1012 5639 1179 5711 fruge
1196 5642 1441 5695 curaret.
1471 5640 1573 5693 Illa
1594 5655 1714 5694 ma-

184 5750 414 5835 '_l§ader_n
437 5761 541 5835 fuit
563 5762 855 5835 persuasio
876 5763 1139 5835 Gregorii
1165 5764 1337 5835 episc.
1365 5763 1711 5819 Turonensis

133 5817 281 5906 inklib.
313 5844 327 5881 1
357 5817 636 5906 de_Gloria
661 5817 1245 5906 martﬁumrcapsi.

187 5892 209 5930 δ
232 5894 540 5971 Legendum
562 5908 720 5979 puto,
747 5892 1259 5979 sollemniterfseu,
1297 5909 1359 5962 ut
1388 5908 1610 5962 veteres
1643 5906 1709 5962 li-

1816 4727 1999 4796 tricis;
2053 4730 2111 4782 et
2153 4726 2233 4782 ita
2280 4742 2480 4798 preces
2521 4727 2745 4779 nostras
2764 4722 3051 4795 benignus
3098 4721 3357 4790 intende,
3398 4725 3463 4776 ut

1816 4838 1946 4877 cum
1992 4821 2201 4877 ﬁducia
2254 4819 2442 4875 dicere
2494 4834 2827 4873 mereamur
2873 4816 3223 4884 orationem,
3284 4832 3461 4888 quam

1816 4930 1923 4969 nos
1952 4915 2231 4969 Dominus
2257 4916 2453 4969 noster
2475 4914 2636 4968 Jesus
2662 4911 2917 4968 Christus
2942 4909 3114 4965 Filius
3139 4913 3271 4965 tuus
3292 4926 3460 4965 orare

1817 5008 1895 5062 sic
1923 5007 2137 5076 docuit,
2160 5007 2355 5062 dicens
2387 5024 2400 5062 :
2428 5008 2615 5061 Pater.

2231 5101 2352 5149 Post
2379 5098 2669 5149 orationem
2694 5097 3043 5148 Dominicam.

1889 5172 2095 5227 Libera
2116 5188 2220 5227 nos
2241 5172 2313 5225 ab
2335 5170 2495 5226 omni
2521 5172 2696 5238 malo,
2718 5171 2788 5225 ab
2813 5170 2974 5225 omni
3002 5169 3234 5235 delicto,
3261 5170 3462 5223 auctor

1817 5266 2077 5321 omnium
2129 5266 2417 5320 bonorum
2467 5267 2525 5319 et
2563 5263 2847 5333 conditor,
2900 5266 3079 5331 Deus;
3116 5268 3176 5317 et
3212 5261 3456 5316 interce-

1817 5360 1989 5414 dente
2028 5360 2201 5414 beata
2236 5358 2412 5414 Maria
2455 5357 2733 5429 genitrice
2778 5361 2898 5425 tua,
2945 5360 3147 5412 contra
3184 5354 3458 5410 cotidiani

1814 5453 1995 5507 hostis
2031 5452 2267 5507 insidias
2302 5452 2594 5508 cotidiana
2635 5469 2739 5507 nos
2785 5450 3146 5523 protectione
3187 5448 3456 5515 defende,

1816 5546 2077 5603 Salvator
2120 5546 2345 5615 mundi,
2387 5546 2485 5619 qui
2519 5563 2651 5602 cum
2688 5547 2877 5614 Patre,
2917 5548 2974 5599 et
3009 5543 3225 5616 Spiritu
3262 5544 3457 5598 sancto

1813 5639 1951 5695 vivis
1983 5642 2040 5696 et
2065 5657 2299 5711 regnas.

1812 5765 1922 5833 bri,
1952 5766 2342 5836 sollempniter,
2370 5781 2475 5836 pro
2505 5765 2754 5836 sollemni
2774 5756 2967 5836 nuper.

1882 5832 1913 5877 δ
1935 5838 2060 5891 Non
2090 5832 2289 5892 dubito
2318 5832 2456 5908 quin
2479 5834 2802 5908 legendum,
2816 5832 2926 5888 hoc
2945 5834 3094 5901 loco,
3120 5832 3316 5888 caelesti
3326 5843 3451 5901 per-

1809 5910 2125 5978 mutatione,
2156 5911 2216 5965 ut
2240 5904 2829 5981 seq—uentia'probant.
