3968 6224
483 360 584 414 ρειγ

1039 469 1340 522 Benedictio
1359 469 1557 535 populi.

1266 359 1596 415 APPENDIX
1634 360 1722 414 AD
1762 357 1983 413 OPERA
2020 356 2255 413 SANCTI
2291 356 2591 413 GERMANI
2629 356 3055 413 PARISIENSIS.

2136 468 2312 553 Avit.
2365 470 2506 523 Vere
2556 470 2643 523 est
2698 467 2855 523 enim
2922 465 3296 522 honorandus
3350 466 3519 538 hujus
3573 464 3693 521 diei
3762 483 3867 521 na-

3764 359 3871 412 248

550 546 715 613 Deus:
753 545 870 618 qui:
906 564 1037 603 cum
1069 551 1125 603 te
1168 565 1285 603 ηοη
1309 548 1542 618 capiunt
1580 545 1721 613 εαξη,
1756 544 2025 617 dignatus
2054 564 2115 601 es
2136 544 2195 553 η
2216 561 2361 628 talis,
2392 578 2519 633 quae
2551 562 2627 639 sic
2655 564 2887 616 terrena
2914 560 3290 633 generatione
3324 559 3655 631 processsit,
3694 562 3764 613 ut
3793 558 3869 614 ad

478 640 537 696 in
565 644 781 714 templo
815 642 961 697 uteri
990 642 1293 712 Virginalis
1326 640 1558 695 includi.
1591 642 1797 694 Amen.
1832 642 1901 695 Ut
1929 644 2114 695 mater

476 736 702 807 integra
731 737 973 791 haberet
1002 738 1249 790 fructum
1280 735 1350 788 de
1395 734 1616 805 spiritu,
1650 738 1707 788 et
1731 734 2110 805 incorruptio-

478 847 613 885 nem
641 831 712 883 de
739 834 926 901 partu.
954 832 1157 883 Amen.
1182 830 1266 883 Da
1290 828 1444 899 plebi
1475 829 1763 899 Angelum
1789 828 2109 894 custodem,

477 924 573 995 qui
599 924 799 978 Filium
824 924 1029 989 Mariae,
1054 923 1166 976 ﬁde
1188 922 1568 993 concipiente,
1598 922 1877 993 przedixit.
1907 924 2108 977 Amen.

476 1019 803 1074 Sanctiﬁcet
834 1034 1073 1087 gregem
1112 1021 1275 1070 tuum
1317 1016 1413 1070 illa
1450 1015 1797 1083 benedictio,
1827 1033 1954 1087 qua:
1990 1016 2111 1070 sine

476 1111 694 1166 semine
720 1112 973 1165 humano
1004 1111 1474 1181 Redemptorem,
1504 1109 1749 1180 Virginis
1780 1110 2025 1163 ﬁrmavit
2052 1110 2110 1164 in

474 1210 656 1259 utero.
685 1206 889 1258 Amen.
916 1205 1006 1271 Ut,
1038 1208 1092 1258 te
1120 1207 1482 1275 protegente,
1518 1205 1731 1257 exultet
1762 1203 2009 1257 Ecclesia
2040 1204 2110 1257 de

474 1301 825 1369 congregato
867 1300 1110 1369 populo;
1140 1298 1282 1351 sicut
1315 1298 1489 1351 Maria
1528 1297 1740 1351 meruit
1774 1297 2008 1367 gloriari
2039 1298 2109 1351 de

472 1392 680 1446 fructu.
726 1394 932 1446 Amen.
983 1392 1148 1456 Quod
1198 1392 1318 1462 ipse
1374 1394 1648 1462 praestare
1695 1390 1968 1461 digneris,
2013 1392 2109 1461 qui

470 1503 601 1541 cum
633 1488 800 1540 Patre
834 1490 890 1539 et
918 1485 1133 1556 Spiritu
1166 1489 1362 1540 sancto
1385 1486 1523 1541 vivis
1548 1489 1605 1539 et
1634 1501 1843 1556 regnas
1872 1486 2021 1539 Deus
2050 1486 2107 1539 in

472 1580 679 1634 saecula
702 1580 1059 1634 smeulorum.
1088 1581 1294 1633 Amen.

1016 1663 1137 1711 Post
1158 1660 1557 1711 Eucharistiam.

537 1737 773 1804 Adesto,
827 1754 1172 1808 quaesumus,
1230 1736 1473 1790 Domine
1531 1737 1796 1791 ﬁdelibus
1861 1735 1989 1801 tuis,
2048 1739 2110 1788 ut

2216 655 2528 710 divinitatis
2566 655 2917 711 consortium
2954 672 3059 726 per
3096 654 3596 709 consecrationem
3616 652 3865 725 virgini-

2216 750 2351 803 tatis
2378 750 2724 821 perveniret.
2758 751 2866 803 Per
2895 749 3227 804 Dominum.

2740 850 2989 901 Collectio
3015 850 3082 901 ad
3115 864 3317 915 pacem.

2284 939 2438 992 Laeta
2470 954 2594 1004 nos,
2638 936 2903 1004 Domine,
2955 953 3302 1008 quaesumus,
3345 936 3533 990 beata:
3583 936 3865 1013 martyris

2216 1034 2325 1085 tua:
2346 1033 2537 1101 Agnes
2562 1030 2838 1084 festivitas
2865 1046 3094 1101 semper
3119 1029 3383 1101 excipiat,
3412 1046 3541 1101 quas
3568 1032 3629 1083 et
3648 1028 3861 1099 jocun-

2214 1124 2455 1178 ditatem
2492 1124 2656 1179 nobis
2690 1141 2805 1179 suae
2843 1123 3296 1195 gloriﬁcationis,
3344 1126 3402 1176 et
3439 1123 3595 1194 pacis
3625 1121 3865 1177 sinceri-

2214 1220 2395 1273 tatem
2441 1217 2728 1285 infundat,
2771 1221 2830 1272 et
2874 1217 2979 1272 tibi
3029 1235 3132 1271 nos
3170 1216 3378 1271 reddat
3415 1219 3703 1288 acceptos.
3754 1217 3864 1270 Per

2212 1311 2541 1366 Dominum.

2881 1381 3188 1431 lmmolatio.

2280 1470 2423 1522 Vere
2468 1468 2729 1538 dignum,
2763 1471 2821 1521 et
2849 1467 3067 1538 justum
3107 1471 3211 1521 est.
3254 1467 3377 1522 Tibi
3425 1467 3604 1535 enim,
3654 1467 3861 1522 Domi-

2212 1579 2304 1628 ne,
2340 1562 2486 1615 festa
2522 1562 2856 1616 solemnitas
2881 1561 3090 1631 agitur,
3124 1560 3224 1615 tibi
3253 1560 3375 1615 dies
3401 1564 3624 1615 sacrata
3655 1559 3859 1633 216

2210 1656 2551 1722 celebratur,
2585 1672 2758 1725 quam
2802 1656 2986 1709 beatae
3016 1657 3209 1726 Agnes
3246 1654 3483 1726 virginis
3521 1655 3768 1725 sanguis
3798 1654 3858 1707 in

2210 1748 2462 1803 veritatis
2493 1751 2603 1802 tuae
2634 1748 3035 1803 testiﬁcatione
3072 1749 3356 1819 profusus,
3389 1748 3701 1818 magniﬁco
3752 1765 3856 1803 no-

468 1847 595 1903 quze
608 1830 1127 1901 sumpsitﬁdeliter,
1148 1833 1205 1883 et
1224 1834 1421 1884 mente
1440 1829 1546 1885 sibi
1566 1833 1623 1884 et
1637 1847 1898 1902 corpore,
1922 1830 2093 1883 beata

2215 1841 2380 1896 minis
2417 1842 2497 1895 tui
2551 1843 2771 1896 honore
2833 1842 3097 1912 signavit.
3143 1841 3246 1897 Cui
3291 1842 3366 1896 ad
3420 1841 3855 1896 miriﬁcandam

462 1924 650 1979 Mariae
676 1924 1085 1979 intercessione
1116 1923 1419 1979 custodiat.
1464 1925 1629 1988 Quod
1664 1924 1783 1995 ipse
1833 1925 2105 1994 praestare

463 2017 737 2088 digneris,
767 2017 863 2089 qui
890 2035 1021 2072 cum
1053 2020 1269 2073 aeterno
1296 2020 1464 2071 Patre
1492 2018 1627 2072 vivis
1656 2021 1714 2073 et
1738 2035 1968 2090 regnas.

1018 2101 1269 2151 Collectio
1294 2102 1546 2165 sequitur.

534 2173 892 2241 Quaesumus,
908 2174 1151 2232 Domine
1166 2175 1314 2228 Deus
1334 2179 1548 2242 noster,
1572 2178 1652 2242 ut,
1679 2175 2101 2231 interveniente

458 2268 628 2322 beata
653 2267 845 2335 Maria,
870 2271 1234 2322 sacrosancta
1253 2269 1548 2339 mysteria,
1581 2286 1709 2340 quae
1731 2270 2098 2341 sumpsimus,

459 2364 589 2416 actu
626 2362 1045 2433 subsequamur
1086 2365 1144 2415 et
1181 2379 1372 2427 sensu,
1417 2366 1475 2415 et
1518 2362 1640 2432 ejus
1673 2364 1837 2417 nobis
1878 2364 2103 2419 indulta

456 2454 692 2510 refectio
722 2456 898 2509 vitam
939 2457 1200 2510 conferat
1246 2455 1658 2526 sempiternam
1692 2474 1796 2527 per
1833 2475 1967 2512 eum
2004 2460 2101 2530 qui

456 2552 647 2603 tecum
674 2552 733 2603 et
762 2565 893 2602 cum
916 2548 1128 2619 Spiritu
1162 2553 1357 2603 sancto
1387 2549 1521 2603 vivit
1553 2553 1611 2605 et
1640 2555 1865 2622 regnat.

527 2648 657 2701 Xlll.
689 2662 847 2703 MISSA
874 2664 927 2702 IN
954 2663 1157 2703 NATALE
1180 2664 1350 2704 AGNES
1376 2664 1613 2704 vmoms
1642 2666 1706 2704 nr
1735 2666 2025 2707 MARTYRIS.

529 2736 721 2810 215
764 2740 823 2791 ln
852 2738 1036 2792 beatae
1075 2739 1342 2810 martyris
1374 2742 1567 2809 Agnes
1607 2740 1868 2794 natalitia
1918 2741 2095 2813 tripu-

458 2831 701 2899 diantes,
735 2833 942 2886 fratres
974 2832 1271 2899 carissimi,
1296 2834 1502 2887 devoto
1531 2834 1702 2887 corde
1728 2835 1973 2889 Domino
2002 2835 2098 2889 ad-

455 2924 740 2979 sistamus.
769 2926 911 2979 Vere
945 2925 1101 2979 enim
1132 2926 1301 2997 hujus
1335 2930 1421 2980 est
1448 2927 1823 2981 honorandus
1869 2928 2095 2996 natalis,

455 3035 583 3089 quas
614 3018 691 3074 sic
722 3021 859 3073 nata
886 3022 969 3073 est
992 3020 1233 3087 mundo,
1264 3023 1326 3073 ut
1355 3020 1426 3074 sit
1455 3021 1592 3075 czelo
1622 3025 1858 3088 renata;
1887 3022 1965 3075 sic
1993 3022 2095 3075 sub

454 3116 643 3167 morte
686 3112 829 3184 legis
867 3116 1187 3183 procreata,
1220 3116 1282 3167 ut
1308 3116 1635 3168 contereret
1674 3116 1875 3169 mortis
1907 3118 2099 3169 aucto-

453 3222 607 3273 rem;
657 3206 735 3260 sic
784 3206 1013 3261 inﬁrmo
1046 3224 1181 3260 sexu
1211 3207 1463 3275 condita,
1504 3211 1565 3261 ut
1605 3209 2171 3297 metuenda'virisc

452 3299 697 3353 fortibus
723 3299 1043 3371 despiceret
1074 3302 1401 3365 tormenta;
1436 3301 1513 3354 sic
1542 3302 1728 3373 fragili
1759 3303 2091 3360 conditione

451 3392 752 3463 producta,
780 3395 841 3445 ut
860 3393 1049 3462 puella
1067 3392 1385 3462 virginibus
1409 3397 1467 3447 et
1488 3394 1867 3465 potestatibus
1899 3396 2095 3451 trium-

452 3486 676 3557 pharet.
711 3484 754 3539 Ο
782 3502 917 3539 vera
954 3486 1239 3553 nobilitas,
1286 3503 1413 3558 quae
1458 3488 1538 3541 sic
1577 3491 1808 3542 terrena
1854 3505 2095 3559 genera-

451 3578 611 3634 tione
647 3579 939 3649 processit,
989 3582 1051 3633 ut
1088 3580 1161 3634 ad
1202 3579 1514 3635 divinitatis
1560 3582 1913 3635 consortium
1960 3600 2088 3653 per-

451 3672 698 3727 veniret!
723 3674 963 3728 Oremus
993 3690 1131 3746 ergo
1164 3678 1224 3728 ut
1251 3692 1355 3747 pro
1388 3674 1553 3729 nobis
1580 3673 1925 3731 interveniat
1961 3694 2091 3747 pre-

448 3766 627 3833 cibus,
669 3783 797 3837 quaa
839 3767 1017 3839 digna
1060 3766 1283 3822 adsistit
1329 3767 1535 3822 divinis
1573 3768 1884 3824 obtutibus.
1926 3770 2092 3834 Quod

444 3860 569 3931 ipse
599 3864 873 3932 praestare
919 3861 1192 3932 dignetur
1225 3861 1321 3933 qui
1362 3878 1495 3916 cum
1537 3863 1724 3929 Patre,
1775 3866 1833 3917 et
1875 3863 2091 3935 Spiritu

450 3958 649 4010 sancto
670 3954 807 4009 vivit
840 3957 899 4009 et
921 3958 1148 4026 regnat.

1007 4036 1259 4086 Collectio
1287 4035 1537 4100 sequitur.

518 4112 667 4166 Deus
697 4092 941 4165 victricis
966 4113 1158 4181 Agnes
1186 4092 1417 4181 adjutor
1446 4114 1502 4164 et
1538 4112 1857 4182 premium,
1887 4116 2090 4170 exaudi

446 4222 552 4260 nos
592 4204 740 4257 illius
779 4203 1125 4270 interventu,
1158 4204 1318 4273 cujus
1344 4203 1623 4275 passionis
1655 4208 1907 4261 natalem
1940 4210 2089 4263 cele-

441 4299 715 4363 bramus;
758 4296 845 4350 cui
894 4296 1037 4351 tanti
1080 4296 1335 4350 muneris
1378 4297 1625 4367 gratiam
1670 4301 1977 4367 contulisti,
2030 4305 2091 4354 ut

444 4390 759 4457 diabolum,
797 4388 894 4461 qui
937 4407 1041 4461 per
1084 4391 1258 4444 Evam
1306 4390 1625 4445 humanum
1671 4410 1854 4464 genus
1916 4410 2089 4447 omne

441 4484 816 4551 subverterat,
846 4486 1049 4538 tenera
1075 4486 1244 4538 aetate
1269 4485 1462 4555 Agnes
1490 4488 1836 4553 contereret,
1868 4489 1927 4540 et
1954 4504 2087 4541 sexu

2209 1935 2455 2005 gratiam
2480 1938 2657 2003 tuam,
2682 1935 2739 1988 in
2764 1939 2965 1989 tenero
2998 1934 3186 1989 adhuc
3213 1952 3472 2005 corpore,
3507 1938 3567 1988 et
3597 1934 3853 1988 necdum

2208 2030 2461 2099 puellare
2487 2028 2627 2082 ﬂore
2641 2031 2889 2095 maturo,
2920 2029 3067 2082 hanc
3098 2029 3369 2082 virtutem
3391 2028 3525 2081 ﬁdei
3549 2031 3607 2082 et
3627 2028 3856 2099 patien-

2209 2121 2301 2175 tiae
2332 2122 2734 2176 fortitudinem
2767 2121 3079 2189 contulisti,
3114 2124 3176 2174 ut
3201 2121 3429 2176 sznvitiaa
3462 2122 3854 2193 persecutoris

2207 2232 2323 2270 non
2378 2216 2611 2270 cederet
2654 2215 2980 2270 constantia
3028 2215 3344 2286 virginalis,
3370 2232 3483 2286 quo
3542 2215 3857 2286 gloriosior

2205 2311 2370 2364 ﬁeret
2393 2326 2603 2364 corona
2634 2308 2925 2380 martyrii;
2956 2308 3094 2379 quia
3124 2308 3279 2362 inter
3311 2310 3521 2363 acerba
3568 2308 3852 2379 supplicia

2206 2419 2310 2457 nec
2337 2402 2490 2457 sexui
2522 2402 2709 2474 potuit
2730 2403 2975 2473 eripere,
2996 2420 3101 2456 nec
3117 2403 3291 2457 artati.
3316 2403 3491 2473 Hujus
3514 2402 3695 2473 igitur
3718 2418 3850 2473 pas-

2204 2497 2380 2551 sionis
2405 2497 2559 2551 diem
2583 2496 2867 2551 hodierna
2893 2496 3199 2550 devotione
3222 2496 3603 2563 celebrantes,
3636 2495 3846 2550 immo-

2202 2592 2387 2645 lamus
2414 2591 2534 2658 tibi,
2568 2590 2809 2645 Domine
2855 2591 3006 2643 Deus
3045 2593 3258 2656 noster,
3298 2589 3591 2643 victimam
3637 2589 3847 2643 laudis.

2204 2684 2389 2748 Quam
2421 2701 2552 2738 cum
2582 2684 2721 2738 Filio
2764 2687 2862 2738 tuo
2894 2682 3140 2737 Domino
3170 2686 3365 2738 nostro
3407 2686 3465 2737 et
3491 2686 3693 2737 sancto
3729 2682 3851 2753 Spi-

2200 2778 2333 2845 ritu,
2368 2795 2471 2849 per
2499 2778 2819 2831 claritatem
2844 2779 3212 2848 regnantem,
3246 2793 3376 2831 cum
3403 2777 3629 2847 angelis
3662 2780 3726 2831 et
3755 2794 3846 2831 ar-

2200 2872 2495 2942 changelis
2528 2870 2973 2938 dominationes,
3013 2870 3383 2941 principatus,
3418 2874 3477 2923 et
3502 2872 3845 2941 potestates,

2200 2965 2343 3029 cmli,
2375 2966 2763 3035 coelorumque
2791 2964 3045 3031 virtutes,
3074 2981 3140 3018 ac
3170 2964 3342 3018 beata
3383 2964 3656 3034 seraphin
3689 2965 3847 3019 socia

2200 3058 2550 3113 exultatione
2582 3058 3007 3124 concelebrant,
3041 3057 3297 3111 dicentes
3326 3074 3338 3112 :
3376 3057 3641 3112 Sanctus.

2268 3181 2396 3234 XIV.
2442 3194 2598 3235 MISSA
2640 3196 2691 3235 ιη
2733 3196 2935 3234 unus
2975 3194 3192 3235 suam
3232 3195 3468 3235 omnia;
3504 3196 3773 3236 naeuus.

2268 3290 2669 3345 Venerabilem
2691 3308 2755 3344 ac
2778 3289 3087 3344 sublimem
3106 3291 3290 3345 beata:
3311 3292 3581 3363 martyris
3598 3293 3845 3349 Caeciliae

2197 3385 2524 3457 passionem
2551 3387 2610 3438 et
2633 3386 2894 3438 sanctam
2927 3384 3358 3439 solemnitatem
3388 3384 3485 3455 pia
3529 3385 3843 3442 devotione

2195 3480 2571 3544 celebrantes,
2595 3481 3060 3533 conservatorem
3104 3478 3367 3532 omnium
3392 3480 3595 3546 Deum,
3633 3481 3842 3535 fratres

2194 3572 2492 3640 carissimi,
2522 3572 2919 3642 deprecemur,
2953 3574 3015 3624 ut
3060 3571 3166 3641 piis
3204 3572 3464 3627 Ecclesia:
3504 3589 3623 3627 suae
3656 3574 3839 3645 preci-

2192 3667 2299 3720 bus
2325 3665 2666 3737 prepitiatus
2697 3664 2963 3729 adsistat;
2998 3667 3056 3718 et
3076 3664 3220 3719 sicut
3245 3665 3326 3719 illi
3354 3666 3526 3720 hodie
3559 3683 3839 3722 coronam

2194 3756 2370 3823 dedit,
2413 3756 2578 3810 nobis
2626 3772 2855 3826 quoque
2896 3754 3354 3810 miscricordiam
3386 3756 3690 3828 largiatur.
3735 3760 3840 3813 Per

2193 3850 2503 3905 Dominum
2534 3852 2797 3903 nostrum
2834 3850 3027 3904 Iesum
3059 3848 3348 3904 Christum
3390 3850 3597 3905 Filium
3649 3867 3835 3918 suum,

2194 3960 2387 3998 secum
2417 3942 2725 3997 viventem.

2750 4024 3000 4075 Collectio
3019 4024 3270 4089 sequitur.

2264 4111 2643 4181 Omnipotens
2683 4110 3033 4181 sempiterne
3059 4112 3229 4177 Deus,
3267 4112 3367 4183 qui
3402 4111 3569 4183 eligis
3603 4112 3838 4169 inﬁrma

2192 4204 2412 4272 mundi,
2464 4206 2527 4257 ut
2568 4203 2740 4258 fortia
2784 4220 3023 4275 quasque
3066 4206 3406 4273 confundas,
3457 4206 3532 4260 da
3573 4207 3743 4262 nobis
3777 4208 3835 4261 in

2191 4297 2495 4352 festivitate
2519 4300 2729 4351 sanctae
2768 4298 3006 4353 Caeciliae
3054 4302 3324 4370 martyras
3369 4315 3631 4371 congrua
3671 4301 3837 4355 devo-

2192 4391 2346 4445 tione
2381 4390 2653 4462 gaudere,
2697 4393 2759 4444 ut
2795 4393 2854 4444 et
2884 4378 3207 4462 potentiam
3240 4396 3401 4448 tuam
3437 4393 3496 4447 in
3540 4394 3667 4463 ejus
3702 4411 3834 4465 pas-

2190 4486 2351 4540 sione
2403 4484 2723 4551 laudemus,
2775 4487 2834 4537 et
2875 4484 3167 4555 provisum
3217 4486 3385 4541 nobis
3440 4487 3835 4559 percipiamus

439 4576 687 4633 inbecilli
744 4581 1060 4649 superaret,
1105 4577 1358 4634 veritatis
1412 4580 1774 4634 confectione
1828 4578 2475 4667 proster-Dauxilium.
2522 4580 2629 4633 Per
2667 4578 2981 4633 Dominum
3008 4582 3270 4634 nostrum
3295 4581 3491 4635 Iesum
3541 4580 3835 4636 Christum

439 4674 606 4726 neret
633 4689 646 4726 :
680 4671 975 4726 evidenter
1001 4672 1311 4727 ostendens
1339 4673 1494 4744 quod
1524 4690 1642 4727 non
1671 4673 1856 4727 solum
1884 4689 2084 4744 perpe-

436 4768 550 4818 tua:
594 4764 937 4834 virginitatis
978 4768 1234 4837 martyra
1283 4769 1434 4820 esset
1479 4768 1535 4818 et
1580 4764 1740 4835 virgo
1791 4783 2084 4835 mansura,

435 4857 535 4912 sed
566 4857 715 4928 Agni
742 4856 1090 4914 immaculati
1120 4876 1331 4931 sponsa
1358 4858 1481 4912 ﬁeri
1506 4862 1829 4913 mereretur
1859 4860 2085 4931 integre

435 4952 507 5005 de
541 4951 794 5007 nomine.
825 4953 1077 5008 Adsume
1119 4969 1257 5023 ergo
1297 4952 1467 5022 hujus
1509 4952 1770 5007 sacriﬁcii
1817 4953 2083 5008 immola-

431 5044 652 5099 tionem
681 5048 997 5116 gratanter,
1031 5046 1127 5116 qui
1158 5046 1445 5099 coronasti
1471 5045 1779 5116 gloriosam
1820 5063 1923 5117 pro
1963 5050 2087 5100 tan-

430 5139 501 5193 tis
528 5139 748 5193 meritis
777 5139 1083 5209 virginem.
1111 5140 1220 5192 Per
1248 5139 1557 5195 Dominum
1594 5142 1853 5195 nostrum
1889 5141 2081 5195 Jesum

446 5232 735 5288 Christum
768 5232 975 5287 Filium
1006 5234 1188 5287 tuum.
1278 5236 1291 5253 ’

936 5314 1188 5365 Collectio
1214 5318 1333 5379 post
1356 5316 1589 5367 nomina.

500 5393 668 5458 Deus,
695 5390 792 5462 qui
816 5390 1139 5462 virgineum
1166 5392 1370 5448 ﬂorem
1398 5410 1501 5463 per
1523 5392 1714 5447 Mariae
1738 5395 1969 5448 uterum
1992 5410 2080 5448 re-

425 5501 623 5552 novas,
669 5484 918 5540 reddens
966 5487 1225 5543 nobisin
1268 5488 1443 5542 Matre
1477 5486 1721 5557 virgine,
1771 5487 1927 5557 quod
1972 5504 2077 5558 per

423 5576 883 5634 incontinentem
960 5581 1252 5652 perditum
1322 5580 1511 5633 fuerat
1559 5581 1845 5645 matrem,
1902 5596 2077 5651 quam

425 5676 732 5744 sequentes
763 5678 975 5729 sanctae
1018 5672 1271 5743 virgines
1303 5689 1434 5726 cum
1471 5673 1667 5743 palma
1709 5673 1969 5745 martyrii
2001 5673 2077 5729 ad

422 5769 586 5822 tuum
618 5784 795 5838 usque
834 5767 1158 5821 thalamum
1188 5770 1595 5838 pervenerunt.
1634 5768 1713 5823 Ex
1752 5767 1959 5840 quibus
1990 5770 2077 5823 est

421 5862 594 5915 beata
608 5862 803 5930 Agnes
820 5861 1096 5930 martyra,
1117 5861 1279 5932 cujus
1294 5860 1466 5917 hodie
1490 5862 1771 5935 passionis
1797 5861 2069 5918 solemni-

422 5957 510 6007 tas
528 5951 739 6026 agitur,
760 5968 889 6025 quae
902 5967 1008 6008 nos
1024 5953 1098 6009 ad
1111 5954 1372 6013 laetitiam
1391 5973 1507 6015 suae
1528 5956 1850 6015 devotionis
1868 5955 2073 6014 excita-

2190 4672 2395 4727 Filium
2423 4674 2609 4725 tuum.

2687 4742 2940 4793 Collectio
2962 4746 3081 4807 post
3098 4743 3329 4793 nomina.

2259 4827 2515 4898 Respice,
2575 4827 2840 4895 Domine,
2881 4845 3230 4899 quasumus,
3269 4828 3500 4900 plebem
3547 4832 3713 4886 tuam
3767 4831 3835 4885 de

2188 4924 2398 4975 sancta
2431 4920 2668 4976 Caecilia:
2694 4921 2961 4992 martyris
2983 4921 3401 4993 gloriﬁcatione
3438 4923 3833 4993 gratulantem

2188 5017 2245 5068 et
2275 5014 2701 5085 beneplacitum
2740 5014 2925 5069 tribue
2975 5018 3332 5070 sacratarum
3383 5015 3491 5070 tibi
3544 5018 3833 5073 mentium

2185 5108 2547 5175 famulatum,
2578 5109 2640 5161 ut
2674 5108 2769 5179 qui
2807 5107 2865 5161 in
2907 5108 3118 5162 sanctis
3156 5109 3267 5163 tuis
3296 5113 3351 5163 te
3393 5094 3691 5166 honorare
3718 5128 3832 5166 non

2184 5200 2473 5267 desinunt,
2501 5204 2780 5272 perpetua
2821 5201 3109 5257 donorum
3144 5205 3375 5257 tuorum
3414 5204 3690 5276 largitate
3732 5221 3831 5277 po-

2184 5294 2435 5361 tiantur;
2489 5298 2547 5349 et
2589 5294 2744 5366 quod
2778 5294 3078 5350 visibiliter
3126 5296 3416 5363 exhibent,
3469 5297 3832 5354 invisibiliter

2182 5388 2651 5459 adprehendant;
2686 5391 2749 5443 ut
2778 5388 2925 5443 sicut
2948 5389 3100 5444 illius
3130 5393 3297 5461 grata
3322 5394 3461 5445 sunt
3491 5393 3729 5461 merita,
3757 5393 3830 5447 sic

2180 5485 2392 5537 nostrae
2445 5482 2729 5538 servitutis
2784 5486 3020 5554 accepta
3074 5482 3395 5539 reddantur
3450 5485 3666 5542 ofﬁcia.
3726 5488 3829 5541 Per

2178 5575 2489 5632 Dominum
2526 5580 2787 5632 nostrum
2825 5578 3022 5631 Jesum
3060 5575 3353 5632 Christum
3397 5577 3613 5635 Filium
3644 5583 3824 5636 tuum.

2705 5678 2956 5730 Collectio
2976 5678 3041 5729 ad
3066 5691 3271 5743 pacem.

2246 5765 2471 5821 Sanctae
2497 5768 2769 5837 martyrae
2802 5768 2911 5819 tua:
2938 5763 3197 5834 Caeciliae,
3229 5764 3497 5836 Domine,
3539 5769 3825 5841 supplica-

2178 5858 2427 5915 tionibus
2462 5860 2648 5915 tribue
2692 5875 2797 5913 nos
2846 5858 3046 5927 foveri,
3095 5862 3156 5913 ut
3205 5858 3367 5930 cujus
3428 5862 3825 5917 venerabilem

2176 5952 2626 6011 sollemnitatem
2646 5950 3031 6027 praevenimus
3062 5951 3359 6026 obsequio,
3391 5954 3520 6027 ejus
3546 5955 3824 6014 interces-
