3968 6224
160 341 261 400 249

1262 358 1347 415 DE
1386 360 1699 418 LITURGIA
1735 362 2106 421 GALLICANA
2145 365 2345 422 LIBER
2382 364 2471 423 III.

3443 360 3545 423 250

160 454 939 559 sionibus_commendemur
968 467 1026 519 et
1044 465 1284 522 meritis.
1307 469 1377 524 Et
1405 473 1633 540 praesta,
1663 488 1815 543 quie-
1834 483 1893 559 Α
1914 476 2066 545 simi,
2083 474 2498 549 omnipotentis
2518 476 2623 533 Dei
2640 473 3097 531 misericordiam
3117 473 3400 549 supplices
3421 493 3549 535 exo-

160 566 371 617 sumus,
401 552 684 622 Domine,
720 555 916 630 217
953 562 1015 613 ut
1042 577 1153 631 pax
1181 578 1310 633 quae
1336 564 1627 634 profertur
1650 564 1811 621 inla-

159 644 263 701 biis
289 646 472 702 etiam
502 648 784 705 cordibus
806 668 921 707 non
952 658 1216 725 negetur.
1243 657 1370 711 Per.

735 750 1028 802 Immolatio
1051 751 1241 803 missa.

225 826 485 897 Dignum
511 833 571 883 et
590 829 818 900 justum
841 835 944 901 est,
973 849 1206 904 (equum
1231 837 1291 889 et
1318 836 1567 891 salutare
1586 841 1690 906 est,
1708 855 1812 893 nos

158 919 256 973 tibi
288 937 532 994 semper
562 925 784 994 gratias
814 942 1008 996 agere,
1045 927 1413 999 omnipotens
1460 931 1811 1003 sempiterne

155 1013 322 1081 Deus,
349 1016 453 1086 qui
482 1017 717 1088 perﬁcis
737 1019 794 1072 in
816 1019 1149 1075 infirmitate
1175 1022 1461 1077 virtutem.
1479 1024 1624 1089 Quia
1639 1026 1811 1080 beata

154 1108 535 1181 gloriosaque
576 1112 824 1180 Caecilia,
859 1113 1129 1185 despecto
1166 1116 1367 1171 mundi
1403 1118 1692 1189 conjugio,
1735 1120 1809 1173 ad

153 1205 455 1259 consortia
504 1222 759 1277 superna
804 1208 1181 1276 contendens,
1214 1228 1320 1265 nec
1352 1214 1520 1266 aetate
1548 1213 1808 1267 mutabili

156 1298 486 1368 pracpedita
532 1304 640 1367 est,
673 1318 780 1355 nec
827 1300 1129 1357 inlecebris
1163 1307 1251 1358 est
1279 1309 1545 1361 revocata
1571 1306 1809 1361 carnali-

151 1390 280 1458 bus,
301 1409 415 1446 nec
429 1410 570 1448 sexu
587 1395 917 1465 fragilitatis
942 1395 1220 1453 deterrita
1244 1416 1257 1465 ;
1291 1399 1393 1453 sed
1419 1399 1569 1454 inter
1587 1401 1804 1471 puella-

153 1502 247 1539 res
277 1503 495 1554 annos,
530 1488 683 1542 inter
713 1489 904 1544 saeculi
942 1490 1361 1560 blandimenta,
1401 1493 1554 1547 inter
1592 1495 1803 1565 suppli-

153 1579 310 1633 cium
359 1583 863 1652 persequentium,
905 1584 1285 1656 multiplicem
1316 1586 1616 1642 victoriam
1644 1587 1805 1660 virgo

151 1677 316 1728 casta
344 1679 609 1745 martyra
637 1676 914 1747 implevit,
944 1682 1002 1731 et
1029 1678 1104 1732 ad
1131 1680 1417 1750 potiorem
1448 1680 1805 1753 triumphum

151 1784 357 1822 secum
410 1768 487 1822 ad
537 1785 720 1839 regna
764 1770 1012 1825 caelestia
1052 1773 1440 1841 Valerianum,
1488 1775 1578 1829 cui
1618 1776 1809 1832 fuerat

1915 588 2127 639 remus,
2160 573 2224 625 ut
2256 570 2583 626 interventu
2611 571 2794 626 sancti
2821 570 3134 626 Clementis
3173 572 3446 628 antistitis
3490 576 3549 628 et

1913 666 2184 737 martyris
2221 668 2335 735 sui,
2382 665 2668 722 defunctis
2710 665 3134 722 absolutionem
3159 711 3172 735 ,
3227 666 3547 723 viventibus

1912 761 2129 816 tribuat
2168 742 2431 816 salutem.
2462 762 2743 816 Memores
2770 762 2947 817 etiam
2975 761 3153 816 simus
3179 758 3543 816 fidelissimo-

1910 872 2041 909 rum
2077 871 2311 909 suorum
2354 854 2644 910 Sisennii'l
2671 858 2845 926 atque
2875 854 3209 923 Theodorse,
3238 858 3304 909 ut
3340 854 3546 926 quibus

1911 965 2017 1019 per
2056 948 2292 1003 beatum
2337 950 2653 1019 martyrem
2683 948 2859 1002 fidem
2890 964 2948 1003 se
2978 947 3255 1003 credendi
3280 948 3542 1015 inseruit,

1911 1042 1993 1095 eis
2037 1040 2287 1111 paradisi
2319 1058 2502 1111 regna
2540 1041 2865 1112 participet.
2902 1042 3012 1096 Per
3052 1041 3364 1097 Dominum
3409 1057 3541 1097 nos-

1910 1138 2061 1188 trum
2082 1135 2279 1189 “Iesum
2308 1134 2598 1189 Christum
2623 1135 2827 1189 Filium
2854 1151 3039 1203 suum,
3067 1151 3261 1190 secum
3286 1134 3361 1190 vi.

2438 1227 2687 1279 Collectio
2716 1227 2781 1277 ad
2807 1241 3008 1291 pacem.

1978 1303 2372 1359 Concordator
2401 1302 2722 1372 discordiae,
2755 1307 2814 1358 et
2848 1303 3010 1373 origo
3047 1304 3334 1358 societatis
3373 1306 3538 1357 aeter-

1910 1414 1999 1451 nae
2014 1396 2261 1452 indivisa
2279 1395 2545 1465 Trinitas,
2570 1398 2740 1463 Deus,
2755 1396 2854 1467 qui
2875 1396 3124 1451 Sisennii
3140 1395 3543 1451 infidelitatem

1908 1491 1979 1545 ab
2013 1490 2277 1545 Ecclesia:
2321 1490 2542 1544 unitate
2574 1490 2941 1561 disjunctam,
2983 1506 3088 1560 per
3116 1492 3377 1543 sanctum
3415 1490 3539 1545 Cle-

1906 1588 2164 1638 mentem
2192 1584 2511 1639 antistitem
2547 1587 2605 1637 et
2636 1584 2833 1638 subdis
2863 1583 3158 1637 catholica).
3183 1581 3339 1650 ﬁdei,
3364 1586 3423 1636 et
3449 1583 3538 1637 in-

1908 1677 2089 1731 nectis
2113 1681 2409 1748 perpetuae
2437 1677 2684 1744 caritati,
2720 1677 2926 1732 exaudi
2954 1692 3152 1747 preces
3189 1678 3433 1742 nostras,
3472 1675 3538 1729 il-

1908 1772 2137 1842 lamque
2169 1770 2336 1824 nobis
2360 1787 2563 1841 pacem
2594 1770 2805 1838 tribue,
2840 1786 3015 1841 quam
3047 1768 3338 1841 quondam
3373 1768 3545 1822 ethe-

150 1865 363 1933 nupta,
390 1862 677 1932 perduxit.
711 1865 779 1917 Et
807 1864 886 1919 sic
911 1881 1187 1920 coronam
1229 1867 1519 1938 pudicitiae
1570 1870 1801 1939 meruit,
1824 1858 1881 1929 B
1905 1881 2031 1918 rem
2058 1880 2398 1918 ascensurus
2431 1863 2706 1935 apostolis
2743 1864 3045 1934 reliquisti,
3088 1866 3152 1916 ut
3175 1862 3274 1933 qui
3300 1877 3543 1932 presen-

150 1959 217 2009 ut
258 1957 495 2027 regium
522 1957 843 2011 thalamum
881 1976 999 2013 non
1039 1960 1225 2014 solum
1268 1961 1449 2031 virgo,
1483 1962 1584 2016 sed
1630 1953 1815 2019 etiam

150 2052 420 2120 martyra
446 2050 709 2117 intraret,
732 2068 837 2122 per
864 2051 1152 2107 Christum
1182 2054 1493 2109 Dominum
1520 2061 1801 2112 nostrum.

148 2144 266 2198 Per
290 2160 472 2214 quem
490 2145 848 2215 Majestatem
868 2148 1029 2200 tuam
1050 2146 1291 2202 laudant
1307 2148 1536 2220 Angeli,
1560 2150 1808 2205 adorant

150 2236 324 2292 Dom.

716 2309 1020 2359 Benedictio
1052 2311 1256 2375 papuli.

227 2388 497 2455 Summe,
529 2390 768 2460 optime,
796 2389 1328 2448 misericordissime
1356 2395 1525 2462 Deus,
1559 2396 1804 2453 benedic

149 2483 413 2537 famulos
443 2486 503 2537 et
529 2483 775 2537 famulas
805 2486 948 2539 tuas.
980 2487 1186 2540 Amen.
1218 2488 1421 2542 Tribue
1463 2489 1545 2545 eis
1570 2507 1674 2561 per
1714 2490 1801 2545 in-

149 2580 491 2630 terventum
508 2580 722 2631 sanctae
738 2577 979 2633 Czeciliee
996 2579 1250 2650 virginis,
1271 2598 1370 2637 cor
1392 2582 1450 2636 in
1480 2586 1577 2637 tuo
1605 2600 1804 2640 amore

148 2670 491 2737 sollicitum,
520 2670 578 2725 in
626 2672 725 2725 tuo
764 2672 971 2727 timore
1019 2674 1310 2743 devotum,
1359 2676 1417 2730 in
1459 2679 1554 2732 tuo
1581 2677 1803 2733 honore

144 2765 504 2836 perfectum.
524 2767 729 2818 Amen.
754 2766 838 2819 Da
853 2765 934 2819 eis
946 2767 1425 2837 tranquillitatem
1450 2774 1800 2842 temporum,

146 2857 562 2912 salubritatem
589 2874 917 2928 corporum,
949 2861 1195 2915 salutem
1216 2861 1562 2918 animarum.
1593 2866 1800 2919 Amen.

144 2952 489 3006 Mereantur
519 2953 573 3004 te
604 2951 718 3005 ﬁde
750 2963 1031 3022 quaerere,
1061 2954 1330 3025 operibus
1359 2956 1638 3024 invenire,
1669 2975 1799 3028 gra-

146 3045 237 3099 tia
254 3044 819 3115 promereri.Amen.
834 3046 904 3100 Et
922 3046 1017 3101 illa
1039 3048 1311 3103 studeant
1332 3066 1526 3120 agere,
1543 3053 1597 3105 te
1624 3053 1800 3120 teste;

145 3155 287 3210 qua:
315 3138 499 3208 digna
524 3137 668 3192 fiant
690 3138 751 3192 in
776 3141 1267 3209 remuneratione,
1284 3146 1338 3197 te
1354 3142 1569 3213 judice.
1593 3145 1797 3199 Amen.

1907 1958 2050 2012 tium
2086 1956 2377 2024 Jabiorum
2406 1957 2785 2027 impressione
2814 1956 3042 2027 inligati
3070 1955 3287 2009 fuerint
3328 1956 3540 2021 osculo,

1908 2056 2004 2105 tua
2031 2048 2292 2105 custodia
2336 2050 2559 2122 paciﬁci
2602 2053 2991 2121 permaneant
3030 2050 3088 2103 in
3132 2050 3344 2103 futuro.
3376 2048 3541 2112 Quod

1907 2145 2027 2216 ipse
2056 2146 2330 2216 praestare
2353 2144 2610 2216 digneris
2635 2144 2734 2214 qui
2759 2160 2890 2198 cum
2908 2145 3095 2197 Patre.

2474 2235 2765 2286 Immolatio
2789 2235 2978 2286 missae.

1977 2314 2227 2385 Dignum
2258 2316 2316 2368 et
2330 2313 2551 2384 justum
2582 2316 2686 2366 est.
2719 2314 2862 2366 Vere
2891 2311 3132 2382 dignum
3162 2311 3266 2377 est,
3300 2326 3407 2364 nos
3437 2307 3542 2364 tibi

1906 2408 2119 2479 gratias
2158 2424 2361 2478 agere,
2408 2406 2652 2461 Domine
2694 2407 2910 2473 sancte,
2945 2406 3115 2460 Pater
3150 2403 3539 2474 omnipotens,

1906 2505 2121 2556 aeterne
2138 2502 2308 2567 Deus,
2332 2501 2391 2554 in
2410 2500 2798 2554 sollemnitate
2820 2498 3002 2553 sancti
3018 2497 3289 2568 martyris
3315 2496 3398 2550 tui
3415 2496 3539 2552 Cle-

1904 2595 2134 2649 mentis.
2164 2594 2272 2658 Qui
2292 2593 2703 2664 cognationem
2730 2592 2965 2664 reliquit
2981 2594 3038 2646 et
3058 2590 3326 2662 patriam,
3343 2592 3401 2643 et
3414 2590 3545 2660 post

1905 2688 2145 2743 odorem
2175 2688 2259 2741 tui
2296 2687 2549 2743 nominis
2596 2690 2779 2741 terras
2817 2685 3119 2756 mariaque
3155 2687 3540 2750 transmeans,

1904 2782 2318 2853 abnegansque
2356 2780 2754 2852 semetipsum,
2798 2795 3027 2833 crucem
3057 2775 3544 2849 peregrinationis

1904 2875 2242 2946 adsumpsit,
2282 2878 2347 2929 ut
2380 2878 2437 2929 te
2466 2890 2572 2944 per
2599 2874 2992 2944 apostolorum
3032 2875 3267 2926 tuorum
3300 2868 3543 2939 vestigia

1903 2971 2260 3040 sequeretur.
2311 2967 2414 3023 Cui
2440 2970 2522 3035 tu,
2555 2966 2823 3032 Domine,
2861 2964 3180 3019 secundum
3212 2961 3542 3035 promissio-

1902 3079 2037 3116 nem
2061 3062 2185 3117 Filii
2209 3061 2311 3129 tui,
2328 3063 2446 3115 tam
2469 3061 2530 3114 in
2552 3059 2821 3132 praesenti
2842 3060 3047 3113 saeculo
3072 3074 3249 3128 quam
3267 3056 3327 3110 in
3348 3057 3540 3110 futuro

1904 3154 2290 3226 centuplicata
2320 3154 2577 3208 muneris
2600 3153 2838 3225 praemia
2864 3151 3206 3223 repensasti.
3240 3151 3383 3204 Nam
3409 3149 3542 3203 bea-

143 3232 328 3297 Quod
362 3231 484 3302 ipse
510 3234 787 3302 praestare
831 3233 1106 3304 digneris,
1147 3235 1246 3306 qui
1274 3234 1331 3290 in
1362 3236 1636 3292 Trinitate
1672 3255 1775 3309 per

1913 3249 2107 3303 tissimi
2132 3248 2286 3302 Petri
2306 3265 2441 3303 mox
2462 3248 2707 3302 traditus
2735 3245 3069 3318 disciplinis,
3098 3246 3370 3316 parentes
3399 3259 3542 3314 quos

142 3327 311 3381 fecta
334 3324 494 3392 vivis,
529 3325 867 3394 dominaris,
896 3330 954 3381 et
983 3344 1213 3399 regnas.

224 3434 334 3487 XV.
370 3448 527 3488 MISSA
566 3450 618 3488 IN
658 3450 862 3489 NATALE
900 3450 1088 3491 SANCTI
1126 3452 1420 3493 CLEMENTIS
1459 3453 1727 3496 EPISCOPI.

227 3532 396 3585 Diem
408 3532 561 3586 hunc
578 3531 845 3603 gloriosae
856 3533 1137 3603 passionis
1159 3535 1341 3589 sancti
1367 3552 1431 3590 ac
1457 3537 1803 3593 venerabilis

142 3624 476 3681 Clementis
496 3624 768 3696 episcopi,
783 3641 889 3697 per
909 3642 1082 3697 quem
1106 3628 1500 3699 superstitiosa
1512 3630 1803 3701 gentilitas

142 3719 391 3773 conruit
412 3718 766 3786 Judaaorum,
799 3722 856 3772 et
882 3719 1026 3773 ﬁdes
1042 3721 1325 3776 catholica
1347 3721 1407 3776 in
1428 3723 1603 3777 corda
1622 3724 1804 3779 homi-

144 3830 299 3868 num
339 3811 600 3879 radiavit,
634 3813 844 3867 fratres
881 3812 1178 3882 carissimi,
1212 3817 1471 3871 revoluto
1517 3817 1656 3871 anni
1693 3817 1798 3871 cir-

142 3908 306 3971 culo,
337 3904 535 3960 debito
580 3922 927 3961 veneremur
974 3906 1283 3978 obsequio,
1315 3908 1545 3963 Domini
1588 3909 1803 3965 miseri-

142 3999 419 4055 cordiam
465 4002 788 4068 exorantes,
834 4003 901 4054 ut
945 4000 1042 4071 qui
1083 4016 1214 4055 cum
1260 4002 1459 4057 lumen
1502 4003 1801 4060 teterrima

143 4092 501 4166 gentilitatis
531 4093 713 4148 errori
734 4093 999 4165 praebuit,
1034 4111 1139 4149 nos
1157 4112 1260 4150 suo
1278 4095 1496 4151 lumine
1524 4096 1715 4152 oriens
1736 4115 1802 4152 ex

145 4189 273 4243 alto
304 4186 585 4241 clariﬁcet
612 4203 626 4241 ε
662 4187 759 4258 qui
790 4187 951 4242 illum
979 4204 1155 4242 sacrae
1182 4189 1493 4260 praeposuit
1527 4190 1799 4259 ecclesiae,

147 4298 261 4336 nos
293 4280 403 4334 sub
428 4279 816 4335 mundialium
846 4281 999 4335 fasce
1031 4298 1299 4336 curarum
1329 4285 1650 4353 gementes,
1678 4284 1801 4356 ipso

147 4377 462 4439 exorante,
490 4373 788 4428 sublevare
839 4373 1132 4443 dignetur.
1179 4376 1289 4429 Per
1342 4376 1651 4431 Dominum
1697 4395 1799 4433 no-

146 4472 345 4522 strum
369 4468 564 4521 Iesum
587 4467 877 4522 Christum
908 4467 1111 4522 Filium
1132 4484 1322 4537 suum,
1355 4485 1550 4525 secum
1575 4470 1647 4525 vi.

714 4563 966 4615 Collectio
992 4565 1242 4629 sequitur.

226 4638 457 4696 Christe
479 4638 848 4711 omnipotens
868 4640 1037 4707 Deus,
1059 4640 1155 4711 qui
1176 4640 1411 4695 beatum
1442 4641 1803 4698 Clementem

147 4733 481 4789 antistitem
504 4736 747 4805 propter
767 4750 981 4788 nomen
1003 4736 1167 4788 tuum
1194 4732 1254 4787 in
1284 4733 1585 4790 altitudine
1606 4736 1801 4803 maris,

144 4844 528 4901 paganorum
562 4828 904 4898 tempestate
938 4825 1131 4900 218
1162 4826 1498 4897 dimersum,
1522 4828 1657 4884 utin
1679 4847 1798 4885 cer-

143 4922 378 4976 tamine
397 4919 655 4992 probasti
682 4920 987 4988 bellorum,
1006 4920 1086 4975 ita
1112 4923 1243 4992 post
1266 4922 1485 4976 bellum
1500 4923 1803 4993 patefactis

144 5014 351 5070 arenis
375 5013 575 5068 educis
598 5012 934 5085 gloriosum,
959 5030 1286 5086 qumsumus
1312 5014 1589 5086 pietatem
1618 5020 1800 5085 tuam,

148 5114 212 5164 ut
254 5125 368 5163 nos
412 5125 448 5163 a
487 5107 966 5179 concupiscentiae
996 5108 1261 5179 procellis
1300 5110 1513 5176 erutos,
1540 5110 1802 5165 Paterna:

148 5202 358 5274 gloriae
406 5203 789 5271 repraesentes
836 5201 1119 5269 innoxios,
1150 5201 1412 5257 Salvator
1438 5202 1659 5257 mundi.
1696 5203 1802 5268 Qui

144 5312 284 5351 cum
336 5297 558 5349 aeterno
607 5295 777 5349 Patre
808 5293 944 5349 vivis
966 5297 1024 5348 et
1051 5310 1263 5367 regnas
1300 5295 1451 5350 Deus
1492 5295 1550 5351 in
1580 5296 1800 5353 unitate

149 5388 425 5463 Spiritus.

654 5457 905 5509 Collectio
930 5459 1051 5523 post
1073 5456 1304 5507 nomina.

216 5544 542 5601 Nominum
564 5543 711 5598 serie
739 5545 920 5600 relata
947 5544 1374 5611 defunctorum,
1402 5543 1610 5598 fratres
1636 5546 1803 5601 caris-

218 5688 247 5717 ⁸
278 5686 425 5741 Hinc
466 5686 747 5758 probatur
786 5686 1100 5758 antiquitas
1119 5688 1402 5758 Actorum
1450 5686 1631 5758 sancti
1681 5688 1803 5744 Cle-

150 5758 388 5838 mentis,
412 5756 491 5838 .in
530 5757 739 5838 quibus
764 5756 1077 5838 laudantur
1106 5756 1797 5838 Si‘sinnius,ﬂ1jiervze-Imp_.

152 5828 477 5901 familiaris,
512 5828 756 5901 ejusque
802 5845 943 5884 uxor
984 5828 1306 5896 Theodore,
1339 5844 1373 5883 a
1399 5828 1693 5885 Clemente
1727 5828 1799 5885 ad

156 5899 332 5955 ﬁdem
361 5899 649 5956 conversi.

1902 3343 1963 3397 in
1995 3343 2231 3415 genitali
2256 3344 2378 3398 solo
2404 3341 2761 3413 perdiderat,
2792 3340 2852 3394 in
2884 3342 3123 3394 externa
3151 3337 3391 3409 regione
3421 3352 3539 3390 res-

1902 3437 2094 3503 tituis;
2125 3452 2270 3507 quos
2297 3440 2543 3490 terrenae
2576 3433 2968 3505 generationis
2994 3432 3286 3498 amiserat,
3335 3429 3543 3485 divinas

1903 3529 2099 3584 reddis
2131 3533 2352 3584 natura;
2378 3528 2706 3600 participes.
2741 3526 2963 3581 Deinde
2992 3524 3257 3596 magistri
3286 3523 3373 3578 sui
3397 3523 3543 3578 vica-

1903 3622 2055 3677 rium
2080 3639 2184 3693 per
2204 3623 2472 3678 ordinem
2503 3620 2895 3691 subrogando,
2924 3620 3204 3673 Romanae
3232 3616 3409 3684 urbis,
3442 3633 3538 3671 cu-

1895 3716 1991 3787 jus
2020 3719 2260 3787 propter
2275 3719 2333 3770 te
2361 3715 2703 3786 despexerat
2724 3712 3090 3783 dignitatem,
3111 3713 3312 3765 tenere
3336 3708 3542 3764 consti-

1902 3808 2015 3862 tuis
2042 3808 2453 3880 principatum.
2481 3809 2591 3861 Pro
2614 3822 2729 3877 quo
2754 3803 3091 3860 transituria
3119 3802 3396 3868 claritate,
3430 3817 3537 3855 caa-

1901 3902 2031 3957 lesti
2068 3902 2207 3957 facis
2246 3902 2469 3956 honore
2499 3898 2896 3970 conspicuum.
2934 3898 3236 3952 Postremo
3273 3893 3539 3965 martyrii

1903 3995 2087 4066 gloria
2116 3993 2309 4067 219
2340 3993 2735 4059 sublimatum,
2767 4008 2871 4063 pro
2912 3988 3329 4062 temporalibus
3366 3986 3542 4059 gestis

1903 4088 1976 4143 ad
2008 4091 2287 4143 azternam
2335 4087 2602 4159 provehis
2649 4102 2949 4153 coronam,
2978 4100 3083 4156 per
3106 4081 3395 4139 Christum
3426 4081 3538 4135 Do-

1903 4182 2129 4237 minum
2159 4185 2441 4236 nostrum.
2481 4182 2590 4235 Per
2625 4196 2803 4251 quem
2829 4179 3187 4250 Majestatem
3223 4179 3387 4230 tuam
3417 4175 3537 4229 lau-

1904 4274 2045 4329 dant
2063 4275 2292 4346 Angeli,
2322 4277 2496 4346 atque
2525 4271 2857 4343 archangeli
2887 4288 3004 4327 non
3023 4271 3251 4325 cessant
3267 4269 3536 4333 clamare,

1904 4367 2182 4437 dicentes,
2215 4368 2476 4436 Sanctus,
2515 4367 2775 4434 Sanctus,
2815 4365 3077 4420 Sanctus.

2454 4459 2757 4511 Benedictio
2780 4458 2983 4523 pOpuli.

1973 4537 2174 4591 Custos
2204 4535 2529 4602 sacerdotii,
2549 4535 2770 4590 dicator
2797 4531 3080 4603 martyrii,
3110 4530 3303 4601 palma
3333 4527 3536 4582 trium-

1821 4598 1881 4669 D
1904 4628 2023 4700 phi,
2056 4630 2206 4683 Deus
2230 4628 2477 4683 benedic
2506 4598 2753 4683 famulos
2784 4628 2844 4680 et
2876 4598 3129 4681 famulas
3149 4625 3294 4677 tuas.
3327 4621 3535 4675 Amen.

1904 4723 2067 4777 Dona
2088 4722 2172 4777 eis
2188 4721 2460 4792 martyris
2482 4720 2652 4791 hujus
2669 4720 2910 4775 obtentu
2928 4720 3086 4772 recte
3112 4716 3322 4783 vivere,
3350 4714 3541 4769 sobrie

1906 4832 2098 4886 agere,
2132 4814 2439 4869 salubriter
2482 4812 2829 4869 conversari.
2863 4813 3071 4865 Amen.
3110 4810 3185 4864 Ut
3226 4809 3324 4864 illa
3361 4811 3542 4879 agant

1904 4925 2006 4963 suo
2049 4908 2310 4976 arbitrio,
2350 4924 2478 4979 quas
2524 4907 2703 4978 digna
2734 4905 3059 4960 habeantur
3086 4906 3185 4960 tuo
3220 4901 3438 4975 judicio
3485 4905 3545 4956 et

1906 5001 2147 5073 indigna
2202 5001 2573 5056 inveniantur
2628 5000 2923 5071 subjacere
2983 4997 3282 5070 supplicio.
3330 4998 3539 5051 Amen.

1906 5095 2072 5159 Quod
2116 5096 2236 5167 ipse
2280 5098 2556 5167 praestare
2606 5092 2863 5166 digneris
2902 5091 3004 5164 qui
3029 5091 3089 5146 in
3111 5090 3385 5146 Trinitate
3417 5105 3542 5160 per-

1905 5188 2054 5244 fecta
2081 5188 2220 5243 vivis
2247 5190 2305 5243 et
2327 5205 2557 5260 regnas.

2046 5293 2177 5347 XVI.
2221 5307 2380 5348 MISSA
2420 5308 2609 5348 SANCTI
2651 5307 2934 5348 summm
2961 5292 2990 5334 ι)
3038 5301 3281 5344 EPISCOPI
3332 5300 3396 5339 nr

2567 5378 2860 5419 MARTYRIS.

1976 5452 2182 5520 Deum,
2198 5451 2297 5523 qui
2307 5452 2670 5507 immortales
2684 5452 3067 5524 gloriosorum
3084 5448 3410 5517 martyrum
3421 5446 3540 5517 pal-

1905 5561 2031 5600 mas
2042 5544 2381 5617 triumphali
2401 5561 2603 5601 cruore
2614 5545 2888 5618 perfudit,
2911 5546 2969 5598 et
2992 5541 3226 5597 beatam
3239 5537 3353 5595 diei
3370 5538 3538 5610 hujus

1972 5699 2000 5739 ιι
2040 5687 2390 5742 Tolosatium
2435 5688 2652 5742 scilicet
2689 5685 2969 5756 episcopi,
3012 5682 3189 5756 cujus
3214 5681 3425 5756 festum
3474 5693 3534 5756 ru

1903 5758 2026 5812 Kal.
2067 5758 2361 5824 Decemb.,
2407 5759 2465 5813 id
2507 5761 2593 5813 est
2624 5758 2682 5810 in
2707 5748 2913 5826 Vigilia
2944 5748 3426 5826 sanctinndreaa,
3460 5748 3530 5801 de

1903 5844 2017 5900 quo
2048 5828 2220 5897 infra,
2250 5822 2353 5883 ubi
2375 5831 2543 5885 Roma
2572 5822 2835 5886 Garonn'ce
2862 5826 3065 5882 Tolosa
3095 5822 3317 5879 dicitur.
