3968 6224
478 380 571 441 251

1274 388 1604 447 ΛΡΡΕΝΙΠΧ
1642 387 1728 443 AD
1765 387 1987 444 ΟΡΕΒᾹ
2025 386 2258 444 SANCTI
2296 385 2594 444 GERMANI
2633 385 3059 443 PARISIENSIS.

3762 384 3868 444 232

472 495 927 555 sollemnitatem
955 496 1071 556 suis
1096 514 1200 573 pro
1219 515 1277 555 se
1298 496 1657 554 vincentibus
1670 495 1975 567 dedicavit,
1993 496 2107 553 fra-
2132 508 2193 582 Α
2212 512 2344 553 cum
2367 499 2480 553 tua
2503 494 2810 570 Majestatis
2831 513 3005 570 super
3026 511 3134 554 nos
3154 492 3487 571 apparuerit
3508 493 3719 569 gloria,
3746 510 3872 552 me-

475 594 594 647 tres
619 592 923 661 carissimi,
947 594 1281 667 suppliciter
1307 608 1560 659 oremus,
1589 596 1653 648 ut
1678 592 1777 664 qui
1807 591 1968 647 dedit
1998 591 2112 647 diei
2212 592 2457 647 ritorum
2484 596 2814 649 nostrorum
2842 592 3059 648 tribuas
3086 591 3531 663 indulgentiam,
3556 606 3664 662 per
3696 590 3867 647 Chri-

476 686 648 757 hujus
670 688 1253 753 sollemnitatem,det
1280 688 1516 758 plenum
1546 686 1951 741 sollemnitatis
1982 685 2114 741 effe-

477 783 657 835 ctum.
692 780 801 845 Qui
813 781 1092 836 dedithoc
1107 781 1257 852 quod
1280 781 1464 835 cultus
1481 780 1804 835 festivitatis
1822 778 2114 851 amplecti-

480 876 592 940 tur,
623 875 721 928 det
747 878 810 929 ut
834 875 1040 929 affectu
1059 873 1380 927 devotionis
1406 873 1724 929 imitemur.
1753 875 1823 929 Et
1841 872 2115 945 quicquid

462 972 678 1023 sancto
698 968 817 1022 viro
844 984 909 1022 ac
936 967 1267 1022 beatissimo
1289 968 1645 1039 martyrisuo
1677 967 1988 1024 Saturnino
2018 967 2115 1022 ho-

474 1061 679 1115 dierno
706 1060 797 1115 die
826 1060 1043 1131 profuit
1068 1061 1141 1116 ad
1164 1061 1435 1132 gloriam,
1459 1061 1625 1117 nobis
1642 1061 1908 1133 proficiat
1932 1060 2007 1116 ad
2029 1077 2115 1115 sa-

480 1156 681 1209 lutem.
728 1156 836 1208 Per
895 1154 1207 1209 Dominum
1259 1159 1522 1211 nostrum
1574 1157 1769 1212 Jesum
1827 1154 2114 1210 Christum

481 1248 682 1303 Filium
705 1263 891 1315 suum,
921 1247 1018 1320 qui
1040 1266 1235 1304 secum
1263 1253 1321 1304 et
1346 1267 1475 1305 cum
1510 1248 1725 1321 Spiritu
1750 1250 1969 1303 sancto.

1034 1338 1286 1388 Collectio
1310 1339 1562 1403 sequitur.

549 1408 799 1475 Debitas,
825 1409 1195 1480 omnipotens
1224 1410 1574 1481 sempiterne
1605 1410 1778 1477 Deus,
1810 1409 2117 1465 referimus

477 1502 695 1573 gratias
720 1504 852 1557 Jesu
877 1503 1103 1559 Christo
1130 1504 1378 1559 Domino
1396 1508 1615 1571 nostro,
1642 1504 1703 1558 in
1720 1503 1883 1574 cujus
1913 1503 2113 1576 simili-

479 1596 743 1651 tudinem
764 1596 1132 1651 beatissimus
1152 1598 1517 1665 Saturninus,
1548 1598 1688 1652 dum
1715 1596 2118 1652 offerretvicti-

478 1706 660 1757 mam,
676 1689 796 1761 ipse
814 1691 879 1745 fit
902 1689 1162 1758 victima;
1193 1692 1330 1746 dum
1344 1691 1731 1746 sacerdotium
1746 1692 1960 1746 electus
1972 1690 2113 1761 agit,

479 1782 821 1854 martyrium
837 1783 1074 1839 devotus
1095 1784 1375 1856 implevit,
1404 1787 1466 1839 ut
1481 1801 1587 1856 per
1606 1784 1987 1840 eminentiam
2001 1784 2118 1855 jus-

2214 690 2365 740 stum
2396 686 2709 741 Dominum
2742 686 3142 743 nostrum.Cui
3167 686 3376 741 merito
3403 702 3614 741 omnes
3640 684 3869 756 angeli,

2216 783 2388 850 atque
2408 779 3065 851 archangeli,cherubim
3086 796 3315 851 quoque
3340 784 3398 834 et
3412 779 3713 850 seraphim
3742 778 3868 833 sine

2213 872 2639 928 intermissione
2676 874 3059 945 proclamant,
3093 873 3348 931 dicentes
3379 890 3392 929 :
3423 872 3693 941 Sanctus,
3722 872 3871 928 San~

2215 971 2357 1035 ctus,
2380 968 2640 1022 Sanctus.

2285 1071 2439 1126 XVII.
2472 1085 2631 1126 mssa
2668 1086 2722 1128 IN
2764 1087 2965 1128 sum:
3004 1087 3193 1127 sucu
3230 1088 3457 1129 unus;
3492 1087 3794 1128 srosrou.

2284 1240 2675 1312 Apostolicum
2701 1244 2759 1296 et
2781 1159 3155 1297 toti
3174 1242 3381 1296 saculo
3410 1240 3592 1310 diem,
3625 1258 3746 1314 quo
3773 1258 3865 1296 re-

2215 1333 2352 1389 tifex
2380 1336 2474 1391 ille
2502 1337 2811 1407 praeclarus
2840 1334 3102 1389 Andreas
3132 1337 3261 1406 post
3276 1334 3696 1390 inluminatam
3718 1352 3871 1407 pra-

2217 1428 2501 1484 dicatione
2514 1429 2789 1483 Achaiam
2812 1427 2959 1483 felici
2985 1427 3263 1500 martyrio
3286 1428 3598 1496 decoravit,
3626 1430 3719 1484 vel
3739 1446 3872 1501 pro-

2216 1522 2326 1594 prii
2364 1522 2621 1594 corporis
2655 1522 2905 1577 hostiam
2944 1521 3125 1577 crucis
3159 1520 3409 1593 insignia
3447 1522 3869 1594 amplectenda

2218 1615 2480 1687 gestavit,
2504 1616 2711 1671 fratres
2736 1615 3037 1684 carissimi,
3066 1614 3302 1670 intentis
3328 1615 3611 1683 sensibus,
3637 1620 3697 1671 et
3729 1616 3872 1671 totis

2215 1709 2526 1763 visceribus
2575 1711 2921 1777 excolamus,
2966 1709 3243 1781 inclytam
3290 1709 3718 1781 omnipotentis
3766 1710 3869 1765 Dei

2218 1802 2675 1858 misericordiam
2695 1803 3091 1875 deprecantes,
3110 1802 3189 1857 uti
3210 1803 3362 1858 hunc
3379 1804 3661 1875 populum
3676 1803 3868 1858 crucis

476 1877 618 1931 tilia
649 1880 822 1948 atque
852 1878 1121 1945 victoria,
1165 1881 1224 1933 et
1266 1878 1425 1933 testis
1456 1879 1629 1933 fuerit
1655 1881 1713 1933 et
1739 1878 1980 1933 antistes
2010 1894 2022 1933 :
2058 1877 2116 1932 in
2138 1883 2195 1956 Β
2219 1914 2336 1951 sum
2352 1896 2646 1969 signaculo
2871 1895 3866 1968 prmmonitum’illucjubeatadire,

479 1988 592 2042 quo
623 1972 932 2041 proficiens
961 1971 1095 2026 fidei
1126 1972 1392 2039 latitudo,
1424 1973 1563 2027 dum
1590 1971 1929 2027 cathedram
1948 1971 2117 2026 susci-

476 2065 563 2137 pit
592 2065 933 2131 sanctitatis,
971 2082 1247 2120 coronam
1279 2066 1470 2137 rapuit
1492 2066 1792 2137 passionis.
1814 2067 1896 2120 lta
1924 2066 2118 2137 Majas-

477 2162 659 2213 tatem
707 2162 889 2227 tuam,
937 2159 1203 2229 Domine,
1240 2160 1525 2231 supplices
1560 2176 1884 2225 exoramus,
1918 2163 1981 2214 ut
2021 2162 2116 2232 qui

479 2253 533 2307 ei
577 2256 801 2308 tantam
846 2270 951 2324 pro
980 2254 1215 2309 nomine
1247 2258 1345 2309 tuo
1378 2254 1690 2325 prastitisti
1722 2255 2113 2324 tolerantiam,

476 2363 581 2417 per
611 2347 735 2416 ejus
765 2346 1240 2402 intercessionem
1288 2347 1505 2401 tribuas
1556 2363 1661 2418 pro
1714 2348 1933 2402 delictis
1962 2349 2115 2419 plebi

478 2439 609 2493 huic
645 2438 895 2494 veniam.
925 2442 1034 2496 Per
1057 2440 1368 2495 Dominum
1400 2443 1662 2495 nostrum
1690 2442 1883 2496 Jesum
1924 2442 2112 2498 Chris-

479 2535 602 2611 tum
624 2532 828 2589 Filium
860 2535 1042 2587 tuum.

970 2620 1222 2672 Collectio
1243 2626 1363 2685 post
1384 2621 1618 2672 nomina.

546 2693 817 2762 Magnum
864 2693 1029 2748 nobis
1065 2697 1152 2748 est
1199 2710 1543 2766 semperque
1573 2694 1861 2762 festivum,
1906 2696 2115 2749 fratres

477 2785 777 2854 carissimi,
793 2786 1001 2841 summi
1024 2786 1309 2858 pontificis
1326 2789 1384 2841 et
1398 2787 1666 2858 martyris
1688 2787 1983 2843 Saturnini
1998 2804 2117 2842 me-

476 2880 619 2946 ritis,
654 2880 923 2952 depensis
945 2880 1193 2935 fideliter
1218 2880 1480 2952 precibus
1509 2897 1767 2950 exorare,
1802 2881 1901 2952 qui
1927 2882 2117 2937 Salva-

476 2974 617 3029 toris
646 2972 839 3047 220
868 2973 1049 3029 nostri
1081 2977 1369 3045 praecepta
1400 2974 1747 3041 custodiens,
1779 2990 1895 3029 non
1926 2975 2113 3029 solum

476 3068 863 3123 sacerdotium
886 3084 951 3122 ac
976 3066 1105 3121 vita
1136 3066 1559 3122 beatitudinem
1586 3067 1817 3134 meruit,
1850 3084 1909 3122 se
1938 3068 2114 3123 etiam

474 3160 621 3215 tanti
653 3161 889 3216 honoris
929 3161 1185 3216 officium
1231 3161 1382 3215 felici
1431 3161 1708 3231 martyrio
1738 3161 2110 3217 consecravit.

474 3256 584 3309 Per
608 3254 768 3325 cujus
780 3254 1003 3309 meritis
1029 3253 1884 3324 deprecemuromnipotentem
1907 3255 2112 3322 Deum,
2136 3251 2191 3325 α

477 3351 540 3400 ut
586 3347 698 3401 illic
744 3348 1150 3402 defunctorum
1192 3346 1415 3401 animas
1452 3348 1766 3402 transferat
1806 3364 1841 3401 a
1872 3350 2111 3415 tartaro,

479 3457 592 3510 quo
634 3439 795 3494 illum
822 3456 993 3494 causa
1021 3440 1238 3495 amoris
1273 3440 1357 3493 sui
1393 3440 1699 3494 adsumere
1731 3439 2004 3511 dignatus
2030 3445 2117 3496 est

480 3536 608 3606 post
620 3532 995 3604 triumphum.
1009 3535 1117 3588 Per
1129 3533 1441 3589 Dominum
1456 3535 1715 3589 nostrum
1735 3535 1761 3590 J
1767 3550 1930 3589 esum
1951 3534 2112 3590 Chri-

478 3632 629 3682 stum
650 3626 855 3682 Filium
881 3643 1070 3695 suum,
1100 3644 1318 3682 secum.

1001 3714 1253 3765 Collectio
1280 3714 1345 3764 ad
1376 3729 1580 3779 pacem.

545 3790 712 3858 Deus,
736 3788 837 3861 qui
861 3788 1079 3843 viscera
1098 3786 1512 3843 misericordia
1527 3790 1700 3859 atque
1731 3787 1893 3842 uberi
1920 3787 2113 3842 multi-

476 3882 626 3955 plici,
659 3882 737 3938 sic
757 3885 982 3939 sanctos
1002 3885 1129 3938 tuos
1146 3896 1389 3937 coronas
1408 3898 1510 3952 pro
1538 3880 1779 3947 meritis,
1806 3884 1868 3935 ut
1897 3881 2111 3937 discor-

476 3976 742 4031 dantium
764 3976 991 4032 animos
1002 3992 1209 4031 eorum
1230 3974 1640 4030 intercessione
1663 3974 1947 4044 pacifices,
1963 3991 2115 4046 qua-

477 4086 671 4124 sumus
697 4086 802 4140 per
822 4068 1211 4123 interventum
1243 4068 1425 4122 sancti
1445 4066 1740 4123 Saturnini
1770 4066 2038 4121 antistitis
2059 4071 2117 4122 et

478 4162 745 4232 martyris
768 4161 846 4216 tui
866 4165 928 4215 ut
947 4161 1310 4232 pacificatam
1344 4160 1597 4231 plebem,
1630 4161 1797 4231 hujus
1824 4159 2115 4215 festivitati

477 4256 798 4322 collectam,
831 4254 910 4308 sic
940 4254 1011 4308 ab
1038 4253 1200 4309 omni
1226 4253 1518 4308 simultate
1545 4270 1797 4325 separes,
1830 4257 1894 4308 ut
1922 4254 2111 4325 perfe-

475 4352 627 4402 ctam
646 4350 745 4402 tuo
766 4346 1098 4418 conspectui
1116 4347 1330 4402 habere
1358 4346 1631 4418 digneris.
1665 4348 1773 4403 Per
1803 4346 2114 4403 Dominum

476 4443 738 4496 nostrum
766 4442 962 4496 Jesum
989 4440 1277 4497 Christum
1307 4439 1509 4495 Filium
1528 4443 1714 4495 tuum.

1123 4528 1460 4579 Contestatio.

544 4601 795 4672 Dignum
822 4605 881 4657 et
899 4602 1121 4673 justum
1150 4605 1253 4656 est.
1289 4601 1588 4674 Optimum
1611 4618 1750 4657 sane
1782 4606 1886 4671 est,
1918 4602 2110 4658 nobis-
2132 4617 2192 4691 Β

474 4712 585 4766 que
613 4694 845 4766 speciali
873 4695 1180 4751 devotione
1222 4695 1596 4767 praecipuum,
1627 4695 2111 4768 omnipotentiam

475 4793 651 4855 tuam,
673 4787 918 4843 Trinitas
957 4790 1129 4857 Deus,
1152 4805 1257 4860 pro
1304 4791 1640 4844 cunctorum
1668 4788 2111 4861 triumphalibus

472 4880 655 4952 panis
713 4881 942 4936 servitio
989 4882 1205 4953 lingua
1263 4881 1637 4953 supplicantis
1685 4883 1979 4949 extollere,
2009 4882 2110 4937 sed

470 4973 757 5044 pracipue
772 4973 881 5028 hoc
896 4975 1157 5046 tempore
1170 4974 1405 5029 beatum
1419 4973 2110 5042 Saturninum,tremendi

474 5065 726 5121 nominis
761 5065 843 5120 tui
874 5067 1505 5121 conclamantissimum
1537 5069 1747 5121 testem
1778 5067 1971 5123 debito
2003 5068 2107 5125 ho-

471 5176 612 5216 nore
639 5159 925 5231 suscipere
954 5176 967 5215 :
1003 5176 1178 5231 quem
1203 5160 1371 5214 turba
1404 5160 1708 5231 gentilium
1747 5178 1880 5216 cum
1919 5162 2106 5234 impu-

470 5255 536 5309 lit
562 5271 593 5309 e
622 5254 782 5321 fano,
806 5252 1000 5308 intulit
1022 5253 1184 5308 calo.
1217 5252 1517 5324 Siquidem
1547 5253 1669 5326 ipse
1690 5255 1949 5326 pontifex
1980 5258 2109 5310 tuus

472 5348 543 5403 ab
566 5346 813 5403 Orientis
834 5346 1092 5418 partibus
1107 5346 1167 5400 in
1188 5347 1391 5402 urbem
1402 5347 1753 5403 Tolosatium
1766 5348 2106 5421 destinatus,

472 5443 654 5499 Roma
686 5442 971 5497 Garonna
1002 5440 1063 5496 in
1097 5440 1281 5496 vicem
1309 5442 1462 5497 Petri
1486 5442 1587 5510 tui,
1618 5446 1738 5497 tam
1764 5441 2105 5496 cathedram

470 5550 645 5605 quam
674 5534 1014 5607 martyrium
1041 5535 1483 5591 consummavit.
1516 5535 1679 5591 Unde
1710 5532 2110 5589 benedicimus

472 5632 547 5694 te,
592 5626 855 5694 Domine,
887 5628 946 5682 in
974 5628 1241 5700 operibus
1270 5629 1399 5696 tuis,
1433 5631 1492 5682 et
1517 5626 1799 5698 supplices
1833 5626 2105 5698 depreca-

468 5737 618 5787 mur,
652 5721 715 5775 ut
735 5720 1010 5792 spiritalia
1023 5722 1330 5778 Christiani
1346 5721 1542 5794 populi
1566 5719 1856 5776 desideria
1883 5720 2110 5776 sollem-

471 5815 622 5870 niter
670 5813 1040 5886 impleantur,
1088 5818 1146 5870 et
1193 5813 1590 5870 misericordia
1636 5830 1669 5868 a
1713 5816 1768 5868 te
1800 5813 1979 5887 petita
2006 5831 2110 5887 per

469 5908 650 5965 sancti
666 5908 749 5965 tui
767 5907 1062 5965 Saturnini
1080 5906 1354 5980 suffragia
1374 5906 1639 5963 celeriter
1659 5907 2022 5982 impetratur.
2037 5910 2110 5965 Ut

2218 1990 2671 2045 adminiculante
2712 1991 2845 2059 fide,
2878 2007 2991 2061 quo
3027 1994 3248 2062 martyr
3282 1990 3575 2062 pracessit
3614 1990 3864 2061 impleto

2218 2084 2559 2139 certamine.
2608 2084 2774 2149 Quod
2817 2084 2937 2155 ipse
2969 2087 3242 2155 praestare
3275 2082 3567 2155 dignetur,
3597 2084 3701 2156 qui
3729 2101 3864 2139 cum

2216 2179 2383 2232 Patre
2412 2180 2471 2232 et
2497 2176 2711 2249 Spiritu
2744 2180 2941 2232 sancto
2968 2177 3103 2232 vivit
3133 2181 3194 2232 et
3220 2194 3342 2249 reg.

2774 2269 3025 2320 Collectio
3051 2269 3301 2334 sequitur.

2288 2347 2509 2401 Christe
2536 2345 2801 2412 Domine,
2817 2345 3061 2399 crucifer
3073 2344 3340 2416 gloriose,
3357 2343 3454 2415 qui
3466 2345 3865 2400 constantiam

2215 2439 2370 2495 beati
2396 2439 2641 2493 Andrea
2674 2438 2917 2510 apostoli
2938 2441 3177 2510 propter
3208 2436 3454 2509 gloriam
3486 2438 3571 2492 tui
3603 2439 3866 2494 nominis

2218 2530 2469 2587 crucifixi
2505 2532 2587 2587 ita
2618 2531 2953 2586 confortasti
2992 2531 3051 2585 in
3092 2530 3314 2603 pralio,
3360 2533 3424 2585 ut
3462 2532 3778 2586 extolleres
3802 2532 3859 2587 in

2218 2625 2533 2697 triumpho,
2569 2625 2778 2679 exaudi
2804 2625 2957 2679 hunc
2970 2627 3177 2679 catum
3192 2623 3505 2695 supplicem
3522 2641 3589 2678 ac
3609 2641 3868 2695 prasen-

2216 2721 2433 2786 tem,et
2458 2721 2667 2790 prasta
2690 2721 2753 2772 ut
2775 2718 2874 2789 qui
2902 2718 3011 2772 hoc
3039 2721 3301 2788 tempore
3328 2716 3449 2788 ejus
3478 2718 3867 2773 sollemnitati

2216 2812 2477 2867 debitum
2506 2811 2691 2866 fanus
2718 2810 3082 2878 exsolvimus,
3114 2810 3319 2865 futuris
3342 2810 3710 2882 temporibus
3732 2829 3865 2867 mo-

2216 2905 2355 2961 dum
2383 2904 2513 2959 vita
2536 2904 2889 2971 castissima,
2905 2904 3028 2976 ipso
3048 2903 3386 2975 opitulante,
3417 2920 3738 2959 servemus.
3759 2907 3866 2960 Per

2214 3002 2293 3065 te,
2324 2998 2544 3054 Christe
2584 2998 2847 3053 Salvator
2879 2997 3103 3065 mundi,
3148 2997 3247 3069 qui
3274 3014 3403 3052 cum
3438 3001 3658 3052 aterno
3687 3000 3863 3053 Patre

2214 3092 2373 3159 vivis,
2418 3091 2737 3146 dominaris
2776 3094 2834 3145 et
2864 3107 3076 3161 regnas
3103 3091 3251 3145 Deus
3279 3090 3337 3145 in
3366 3090 3586 3145 unitate
3614 3090 3863 3164 Spiritus

2216 3184 2398 3240 sancti
2424 3184 2483 3239 in
2512 3185 2719 3239 saecula
2737 3186 3096 3239 saculorum.

2712 3277 2963 3328 Collectio
2994 3279 3114 3341 post
3130 3276 3361 3326 nomina.

2287 3351 2760 3422 Omnipotentem
2790 3353 2974 3406 Deum
2995 3368 3060 3406 ac
3082 3352 3393 3407 Dominum
3422 3353 3709 3419 nostrum,
3745 3353 3860 3407 fra-

2216 3449 2332 3501 tres
2361 3444 2657 3512 carissimi,
2683 3445 3080 3517 deprecemur,
3119 3448 3180 3499 ut
3206 3444 3491 3501 hodierna
3526 3446 3859 3511 sollemnia,

2218 3556 2330 3611 que
2360 3556 2465 3610 pro
2507 3539 2700 3593 natale
2729 3537 3045 3594 beatissimi
3094 3538 3340 3610 apostoli
3367 3541 3424 3593 et
3455 3538 3731 3610 martyris
3775 3540 3862 3593 sui

2214 3632 2460 3688 Andrea
2488 3631 2865 3704 suscepimus,
2892 3631 2998 3685 sibi
3024 3631 3145 3702 ipse
3173 3630 3574 3699 commendet;
3616 3649 3687 3687 ac
3716 3632 3863 3688 sicut

2218 3724 2301 3779 illi
2325 3725 2499 3781 hodie
2541 3725 2614 3781 ob
2656 3724 3131 3797 pradicationem
3169 3723 3328 3779 verbi
3365 3724 3449 3779 sui
3481 3728 3675 3796 capto,
3707 3725 3863 3781 inter

2214 3819 2440 3874 vincula
2468 3818 2731 3886 carceris,
2763 3818 2995 3890 ﬂagella
3024 3820 3084 3873 et
3108 3816 3290 3873 crucis
3322 3834 3529 3872 necem
3556 3818 3767 3887 adfuit,
3805 3822 3862 3873 et

2216 3912 2287 3968 de
2321 3912 2612 3984 triumpho
2655 3911 2833 3967 nobili
2873 3927 3151 3967 coronam
3190 3910 3369 3977 dedit,
3400 3910 3481 3965 ita
3521 3910 3861 3966 interventu

2215 4006 2340 4077 ejus
2385 4006 2553 4062 nobis
2596 4005 2656 4060 in
2698 4022 2759 4060 se
2801 4004 3188 4071 credentibus,
3220 4004 3317 4075 qui
3360 4003 3643 4075 pressuris
3683 4004 3858 4075 hujus

2216 4100 2442 4168 mundi,
2474 4102 2533 4154 et
2556 4096 2777 4154 insidiis
2807 4096 3120 4153 adversarii
3139 4096 3476 4169 fatigamur,
3502 4096 3560 4151 in
3583 4097 3861 4152 omnibus

2216 4192 2631 4249 tentationibus
2644 4192 2866 4259 adesse,
2887 4208 2953 4246 ac
2973 4190 3433 4246 misericordiam
3446 4190 3646 4263 largiri
3658 4191 3716 4246 di
3722 4208 3864 4263 gne-

2215 4290 2327 4355 tur,
2358 4290 2417 4341 et
2433 4285 2781 4341 oﬂ‘erentum
2800 4302 2867 4341 ac
2889 4288 3261 4356 pausantum,
3295 4300 3425 4356 qua
3450 4284 3694 4340 recitata
3724 4288 3862 4339 sunt

2215 4378 2475 4447 nomina,
2504 4379 2764 4450 Apostoli
2801 4378 2887 4433 sui
2927 4376 3339 4433 intercessione
3371 4377 3709 4433 sanctiﬁcat.
3749 4379 3861 4433 Per

2213 4472 2525 4537 Dominum
2566 4475 2828 4528 nostrum
2871 4473 3067 4527 Jesum
3094 4470 3385 4527 Christum
3415 4470 3622 4526 Filium
3661 4487 3855 4538 suum,

2216 4583 2410 4622 secum
2440 4565 2547 4620 viv.

2751 4635 3002 4687 Collectio
3027 4634 3092 4686 ad
3119 4648 3324 4700 pacem.

2282 4713 2667 4785 Omnipotens
2694 4711 3047 4784 sempiterne
3074 4712 3243 4780 Deus,
3260 4710 3359 4783 qui
3379 4713 3540 4765 tanta
3578 4710 3683 4765 tibi
3713 4711 3857 4766 cari-

2212 4809 2327 4862 tate
2370 4807 2607 4863 beatum
2650 4805 2945 4860 Andream
2993 4807 3319 4877 apostolum
3359 4802 3606 4871 vinxisti,
3654 4807 3718 4859 ut
3756 4808 3856 4860 tuo

2212 4899 2419 4955 auxilio
2464 4899 2669 4955 mundi
2718 4899 2976 4953 vinceret
3017 4898 3242 4966 fluctus,
3294 4897 3484 4953 carnis
3522 4900 3858 4954 contereret

2210 4996 2422 5061 motus,
2440 4992 2789 5064 nitentisque
2813 4991 2989 5063 gladii
3004 4995 3119 5047 n‘on
3134 4994 3369 5063 paveret
3381 4990 3658 5059 adsultus,
3674 5008 3852 5062 quem

2211 5104 2346 5141 crux
2372 5088 2595 5142 elevata
2612 5085 2861 5158 suscepit
2889 5083 3193 5154 humilem,
3210 5088 3275 5139 ut
3298 5083 3627 5140 restitueret
3653 5084 3856 5141 trium-

2210 5180 2514 5251 phantem,
2548 5178 2804 5250 pacifica,
2841 5195 3192 5250 quaesumus,
3220 5179 3371 5234 hanc
3400 5178 3689 5234 familiam
3731 5180 3854 5251 ejus

2210 5272 2587 5328 sollemnitati
2604 5272 2933 5340 collectam,
2957 5275 3020 5326 ut
3041 5272 3179 5327 dum
3206 5272 3427 5343 prabet
3452 5273 3645 5328 oscula
3666 5273 3855 5345 proxi-

2212 5366 2341 5432 mis,
2370 5364 2678 5436 indulgens
2704 5364 3047 5421 ladentibus
3074 5365 3301 5421 veniam
3327 5365 3588 5421 obtineat
3616 5383 3722 5438 pro
3753 5367 3853 5421 de-

2211 5458 2374 5514 lictis.
2404 5460 2513 5513 Per
2542 5459 2857 5514 Dominum
2890 5462 3152 5516 nostrum
3193 5462 3388 5516 Jesum
3432 5459 3723 5515 Christum
3764 5459 3848 5514 Fi-

2210 5553 2351 5608 lium
2378 5556 2565 5621 tuum,
2599 5552 2699 5624 qui
2723 5556 2940 5608 tecum.

2859 5645 3194 5697 Contestatio.

2281 5719 2533 5791 Dignum
2551 5722 2610 5774 et
2627 5720 2850 5791 justum
2869 5723 2973 5788 est,
3005 5736 3238 5791 aquum
3267 5723 3325 5775 et
3347 5719 3570 5791 justum
3592 5722 3698 5789 est,
3727 5718 3849 5792 pie-

2209 5813 2315 5869 tati
2342 5816 2456 5868 tua
2470 5813 2791 5870 ineffabiles
2817 5814 3032 5886 gratias
3044 5814 3280 5883 referre,
3297 5814 3690 5887 omnipotens,
3705 5829 3855 5868 sem-

2208 5906 2435 5982 piterne
2453 5907 2603 5963 Deus
2622 5924 2636 5975 ;
2662 5910 2720 5964 et
2740 5906 3134 5965 inaestimabili
3148 5907 3362 5983 gaudio
3378 5907 3710 5982 passionem
3728 5909 3855 5964 tuo-
