3968 6224
131 340 215 397 253

1185 338 1272 398 DE
1311 341 1623 400 LITURGIA
1659 343 2032 403 GALLICANA
2070 346 2270 406 LIBER
2306 348 2396 407 Ill.

3364 352 3469 411 254

129 462 237 503 rum
259 445 571 520 praedicare
593 448 947 517 sanctorum,
976 463 1079 522 per
1104 449 1393 507 Christum
1419 451 1734 509 Dominum
1756 466 1816 541 Α
1837 454 1977 512 dera
2017 456 2243 527 sedens,
2280 460 2503 516 almum
2536 460 2703 518 nobis
2734 461 2909 533 sidus,
2940 461 3141 519 beatos
3180 461 3470 535 apostolos

130 546 377 599 nostrum.
394 540 503 607 Qui
530 542 711 598 beato
733 542 976 599 Andreae
989 543 1047 599 in
1058 543 1249 616 prima
1265 545 1565 602 vocatione
1579 546 1740 603 dedit

128 636 297 701 ﬁdem,
327 638 384 691 et
408 635 468 691 in
490 637 767 707 passione
809 638 1045 693 donavit
1076 638 1395 694 victoriam.
1423 642 1738 712 Acceperat

128 733 229 786 haec
246 734 476 801 utraque
498 730 709 786 beatus
727 731 1013 799 Andreas;
1034 731 1164 786 ideo
1179 731 1430 788 habebat
1445 737 1503 788 et
1518 733 1576 787 in
1594 750 1737 805 prae-

127 824 379 879 dicatione
416 825 835 892 constantiam,
867 828 925 879 et
958 826 1017 880 in
1049 824 1314 896 passione
1341 827 1733 882 tolerantiam.

128 918 217 982 Qui
237 921 357 989 post
385 916 589 990 iniqua
622 919 878 988 verbera,
897 918 1092 993 222
1111 922 1243 991 post
1266 920 1510 975 carceris
1538 925 1733 993 saepta,

126 1012 357 1082 alligatus
383 1011 704 1083 suspendio
732 1029 791 1067 se
821 1029 1029 1084 purum
1058 1012 1400 1067 sacriﬁcium
1413 1012 1737 1069 tibiobtulit

127 1105 515 1160 Deo.Extendit
539 1104 885 1160 mitissimus
910 1106 1148 1161 brachia
1180 1107 1253 1161 ad
1280 1107 1470 1175 caelos,
1510 1109 1731 1179 ample-

126 1199 271 1253 ctitur
306 1198 485 1253 crucis
511 1200 806 1266 vexillum,
840 1199 1042 1271 deﬁgit
1075 1199 1135 1254 in
1180 1200 1385 1255 osculis
1432 1217 1552 1267 ora,
1583 1201 1735 1272 Agni

125 1292 387 1363 cognoscit
405 1308 644 1348 arcana.
670 1292 930 1364 Denique
960 1294 1100 1348 dum
1129 1293 1203 1348 ad
1223 1294 1546 1365 patibulum
1568 1295 1736 1349 duce-

126 1390 273 1451 retur,
304 1386 360 1439 in
392 1402 563 1441 cruce
598 1386 1069 1459 suspenderetur,
1100 1403 1272 1441 carne
1298 1387 1644 1459 patiebatur,
1678 1391 1737 1443 et

126 1479 297 1550 spiritu
308 1480 675 1552 loquebatur.
696 1480 1055 1535 Obliviscitur
1066 1480 1247 1534 crucis
1258 1483 1571 1549 tormenta,
1593 1482 1732 1536 dum

125 1574 182 1627 de
203 1590 351 1628 cruce
373 1574 672 1628 Christum
688 1577 1000 1645 praeconat.
1022 1573 1318 1638 Quantum
1344 1574 1504 1628 enim
1526 1590 1734 1646 corpus

127 1667 226 1737 ejus
252 1666 304 1721 in
336 1666 495 1738 ligno
522 1667 974 1734 extendebatur,
1012 1670 1239 1722 tantum
1275 1668 1333 1722 in
1364 1666 1564 1738 lingua
1612 1668 1735 1739 ejus

125 1760 348 1815 Christus
372 1760 756 1828 exaltabatur,
790 1759 924 1832 quia
950 1760 1215 1831 pendens
1236 1760 1293 1815 in
1316 1760 1495 1831 ligno,
1527 1761 1732 1815 sociari

1835 550 2136 623 reliquisti,
2164 568 2411 625 quorum
2438 554 2757 627 speciosam
2790 555 3275 623 cohortem,t‘elici
3302 555 3467 613 clari-

1836 647 1953 698 tate
1984 647 2320 716 pollentem,
2344 649 2502 719 prius
2528 651 2873 723 prazelegisti
2899 652 3129 722 merito,
3154 655 3217 706 ut
3243 651 3465 723 praede-

1836 737 2080 793 stinares
2135 739 2195 795 in
2234 757 2437 812 regno.
2478 746 2685 799 Amen.
2740 746 3003 801 Concede
3059 745 3340 818 propitius
3370 744 3472 800 cir-

1836 834 2221 888 cumstantem
2264 836 2493 906 plebem
2530 838 2710 893 crucis
2744 841 2859 893 tua:
2892 840 3106 895 muniri
3150 840 3467 911 signaculo,

1836 928 1899 980 ut
1924 926 2252 982 universum
2279 935 2509 1001 superet
2532 932 2784 988 adversa:
2814 934 3115 1005 potestatis
3152 932 3465 988 incursum.

1834 1021 2040 1075 Amen.
2057 1020 2151 1075 Inf
2150 1022 2299 1077 unde
2312 1024 2571 1079 sensibus
2584 1026 2706 1097 ejus
2717 1026 3031 1098 apostolica
3042 1027 3339 1099 dogmata,
3356 1043 3471 1098 qua

1835 1116 1892 1167 te
1922 1115 2349 1186 contempletur
2374 1121 2571 1173 mente
2594 1136 2819 1175 serena.
2842 1124 3050 1175 Amen.
3073 1121 3145 1175 Ut
3160 1120 3219 1174 in
3245 1120 3342 1174 illo
3360 1123 3469 1174 tre-

1836 1207 2434 1277 mendoZdiscussionis
2451 1213 2736 1283 tempore,
2762 1229 2965 1268 eorum
2985 1214 3319 1270 defensetur
3330 1229 3471 1284 pra:-

1834 1299 2000 1369 sidio,
2031 1317 2277 1372 quorum
2311 1306 2399 1357 est
2422 1307 2617 1359 secuta
2648 1308 3023 1377 praeceptum.
3053 1308 3261 1362 Amen.
3300 1305 3467 1370 Quod

1833 1392 1954 1464 ipse
1998 1398 2272 1465 praestare
2319 1395 2596 1468 digneris,
2625 1397 2723 1469 qui
2768 1415 2899 1454 cum
2946 1400 3134 1468 Patre,
3165 1403 3224 1454 et
3250 1397 3464 1471 Spiritu

1834 1491 2032 1543 sancto
2059 1487 2195 1543 vivis
2219 1491 2275 1544 et
2305 1506 2516 1561 regnas
2546 1492 2714 1547 Deus.

1868 1622 2042 1676 XVIII.
2070 1638 2228 1679 msss
2266 1640 2319 1680 1x
2359 1641 2561 1681 sum;
2600 1641 2818 1682 suum
2858 1643 3138 1690 acuum,
3177 1643 3433 1685 VIRGINIS.

1905 1730 2087 1785 Deum
2111 1732 2598 1804 omnipotentem,
2632 1734 2859 1789 Fratres
2890 1734 3190 1801 carissimi,
3219 1733 3317 1806 qui
3347 1737 3470 1789 tan-

126 1870 173 1907 εει
199 1853 245 1907 ei
274 1852 688 1923 gratulabatur.
716 1825 983 1909 Absolvi-a
1011 1871 1068 1908 se
1096 1871 1211 1909 non
1235 1825 1454 1925 patitur
1481 1825 1514 1909 a
1542 1871 1728 1922 cruce,
1751 1836 1808 1908 Β
1833 1826 1955 1925 ίξηη
1970 1825 2723 1925 Ρωάθηίθφνίῗείηίίθίθίη
2738 1827 3161 1925 δᾷθίδοθίθίδῐη
3176 1828 3334 1925 θΡίῩξδ
3354 1829 3472 1925 ἔξω

127 1964 184 2000 ne
200 1950 435 2018 tepescat
461 1950 767 2001 certamen
794 1947 853 2001 in
882 1946 1368 2019 tempore.Turba
1394 1947 1727 2020 circumspi-

126 2040 204 2105 cit,
227 2044 279 2093 et
298 2041 611 2106 lamentat;
643 2039 872 2095 demitti
904 2058 937 2095 a
966 2041 1192 2095 vinculo
1227 2041 1402 2112 cupit,
1437 2058 1611 2113 quem
1638 2057 1728 2095 re-

126 2137 417 2204 paratorem
430 2134 653 2188 mentis
674 2133 964 2205 intelligit.
984 2134 1186 2189 Laxari
1210 2135 1464 2205 postulat
1483 2135 1727 2206 justum,

126 2244 183 2281 ne
205 2229 387 2298 pereat
404 2229 660 2299 populus
681 2228 789 2281 hoc
810 2227 1038 2282 delicto.
1066 2230 1293 2282 Interea
1309 2227 1501 2282 fundit
1522 2229 1733 2299 Martyr

126 2320 374 2392 spiritum,
419 2337 793 2392 possessurus
832 2320 1171 2392 sempiterni
1207 2320 1421 2376 Judicis
1458 2338 1726 2393 regnum.

128 2416 212 2469 Per
231 2414 379 2486 cujus
402 2414 637 2469 meritis
663 2415 916 2469 concede
942 2414 1128 2482 nobis,
1160 2413 1531 2487 omnipotens
1559 2416 1727 2483 Deus,

126 2513 173 2561 ut
196 2525 224 2561 a
242 2508 400 2563 malis
428 2508 711 2563 omnibus
740 2507 851 2562 tuti
881 2510 1054 2579 atque
1076 2508 1320 2575 defensi,
1351 2508 1457 2562 tibi
1483 2509 1729 2564 Domino

125 2605 286 2656 nostro
302 2602 417 2656 Deo
435 2605 788 2673 martyrum,
810 2606 867 2657 et
880 2601 1129 2673 Principi
1159 2602 1575 2673 apostolorum,
1605 2603 1726 2657 lau-

127 2694 207 2748 des
228 2712 448 2767 semper
476 2699 537 2750 et
566 2696 787 2766 gratias
812 2695 1133 2749 referamus
1161 2711 1291 2750 cum
1315 2695 1539 2766 angelis
1556 2699 1613 2749 et
1637 2712 1726 2751 ar-

127 2788 399 2859 changelis,
432 2789 535 2861 qui
578 2788 824 2861 gloriam
851 2791 1014 2842 tuam
1052 2805 1169 2843 non
1200 2791 1425 2843 cessant
1454 2789 1728 2857 clamare,

128 2880 363 2936 dicentes.

580 2951 835 3003 Colleclio
859 2954 979 3016 post
1000 2951 1238 3002 Sanctus.

180 3032 423 3089 Hosanna
456 3034 517 3089 in
553 3033 811 3089 excelsis.
844 3034 987 3088 Vere
1014 3036 1263 3101 sanctus,
1305 3050 1436 3088 vere
1462 3032 1731 3089 benedic-

127 3128 213 3192 tus,
235 3143 356 3181 vere
401 3128 694 3199 gloriosus
730 3126 1012 3183 Dominus
1043 3130 1240 3181 noster
1271 3129 1431 3182 Jesus
1474 3126 1730 3183 Christus

126 3218 785 3293 Filiustuus,quibeatum
797 3221 1092 3276 Andream
1122 3221 1447 3291 apostolum
1474 3221 1730 3291 primum
1750 3207 1805 3281 C

125 3313 387 3381 electione,
416 3315 631 3370 exinde
657 3314 978 3370 certamine
1008 3313 1380 3370 consecravit.
1414 3316 1536 3385 Ipse
1570 3313 1729 3370 enim

127 3405 278 3477 pridie
300 3424 493 3480 quam.

593 3477 843 3528 Collectio
868 3480 987 3543 post
1004 3480 1226 3528 secreta.

182 3559 481 3615 Recolimus
511 3564 596 3627 te,
617 3559 885 3627 Domine,
916 3576 1149 3631 passum
1176 3576 1280 3631 pro
1310 3559 1515 3614 mundi
1545 3561 1729 3613 salute

128 3650 386 3721 humilem,
416 3654 518 3709 sed
547 3653 840 3708 credimus
870 3652 1178 3707 subsistere
1216 3669 1445 3723 semper
1469 3652 1528 3706 in
1556 3652 1728 3708 Geni-

126 3746 225 3798 tore
239 3749 563 3817 potentem:
600 3762 923 3817 precamur,
946 3748 1010 3800 ut
1032 3745 1129 3817 qui
1147 3745 1217 3799 de
1246 3746 1451 3801 altario
1474 3748 1573 3801 tuo
1595 3762 1726 3817 par-

127 3836 412 3909 ticipamur,
435 3857 571 3895 cum
593 3839 778 3893 beatis
795 3839 1069 3910 apostolis
1086 3838 1144 3893 in
1167 3838 1489 3894 coelestibus
1516 3839 1725 3910 glorie-

128 3946 249 3986 mur.
275 3934 498 3999 Praesta,
533 3933 799 3988 Salvator
824 3932 1047 4001 mundi,
1082 3931 1179 4004 qui
1213 3948 1345 3987 cum
1377 3935 1595 3987 aeterno
1620 3933 1724 3987 Pa-

129 4025 195 4078 tre
218 4029 269 4080 et
292 4027 502 4099 Spiritu
523 4029 725 4081 sancto
753 4026 912 4081 vivis.

362 4124 619 4176 Collectio
643 4128 762 4175 ante
791 4122 1083 4174 orationem
1108 4122 1451 4173 Dominicam.

182 4204 328 4273 Deus,
357 4207 452 4278 qni
503 4209 736 4262 sanctos
780 4206 1071 4277 apostolos
1122 4206 1271 4272 tuos,
1301 4207 1599 4275 exemptos
1653 4205 1726 4260 ab

130 4294 268 4366 hujus
287 4300 468 4355 saeculi
496 4299 785 4367 ﬂuctibus,
821 4297 1097 4371 angelicis
1115 4297 1333 4369 jussisti
1355 4297 1593 4353 coetibus
1622 4298 1723 4354 ad-

133 4405 512 4466 gregare,quos
524 4394 703 4449 etiam
727 4392 839 4447 tuis
862 4391 1339 4464 pmceptionibus
1353 4391 1723 4461 inhaerentes,

134 4485 341 4551 qualiter
373 4491 426 4543 te
464 4488 921 4560 deprecarentur
955 4486 1288 4541 exhortator
1317 4484 1606 4557 piissimus
1635 4486 1724 4540 in-

133 4575 371 4645 formasti,
415 4581 702 4653 supplices
751 4595 1100 4652 quaesumus,
1149 4581 1213 4632 ut
1252 4577 1351 4649 qui
1392 4578 1520 4634 illos
1558 4574 1804 4647 hilariD

132 4669 277 4726 aifatu
296 4674 592 4729 salubriter
615 4672 896 4740 imbuisti,
931 4671 1098 4728 nobis
1126 4671 1312 4743 ipsam
1341 4687 1573 4742 precem
1596 4689 1725 4727 cum

133 4761 306 4820 ﬁducia
330 4768 629 4838 permittas
658 4768 911 4822 clamare
943 4767 1032 4820 vel
1066 4764 1289 4821 dicere:
1316 4766 1488 4819 Pater
1507 4769 1723 4821 noster.

290 4872 306 4881 '
368 4865 617 4916 Collectio
641 4867 761 4928 post
786 4863 1073 4914 orationem
1100 4862 1445 4913 Dominicam.
1666 4916 1669 4921 ,

188 4942 357 5020 223
377 4948 460 5003 Ab
494 4947 824 5003 omnimalo
844 4963 949 5001 nos
975 4946 1154 5017 eripe,
1172 4945 1542 5017 omnipotens
1556 4946 1724 5014 Deus,

134 5039 367 5106 etpraesta
388 5044 449 5095 ut
459 5041 637 5113 jubar
659 5039 959 5111 apostolici
983 5038 1223 5094 luminis
1235 5038 1593 5106 circumdati,
1610 5056 1729 5094 om-

135 5145 241 5185 nem
276 5150 492 5189 naevum
539 5133 802 5188 criminis
839 5150 969 5188 cum
1002 5133 1232 5205 pompis
1264 5132 1455 5187 saeculi
1488 5150 1724 5205 respua-

134 5227 361 5283 mus.Per
376 5228 686 5285 Dominum
711 5229 973 5282 nostrum
993 5228 1185 5283 Iesum
1208 5225 1497 5284 Christum
1521 5227 1725 5282 Filium

135 5317 282 5374 tuum.

650 5389 950 5442 Benedictio
976 5389 1175 5455 populi.

186 5468 403 5528 Domine
434 5474 585 5529 Deus
612 5473 1003 5546 omnipotens,
1033 5471 1131 5545 qui
1154 5471 1438 5544 gloriosus
1467 5488 1639 5546 super
1659 5471 1727 5527 si-

160 5661 166 5668 .
189 5592 210 5621 ³
236 5596 349 5651 Haec
373 5599 595 5668 aliaque
619 5598 797 5654 verba
822 5598 1129 5668 desumpta
1159 5596 1428 5653 videntur
1443 5613 1509 5652 ex
1535 5597 1729 5668 vulga-

191 5616 210 5621 -
236 5616 349 5651 Haec
373 5616 481 5653 ana
524 5616 595 5653 ue
619 5616 797 5654 verna
822 5616 1129 5668 aesumpta
1159 5616 1428 5653 vmentur
1443 5616 1509 5652 ex
1535 5616 1729 5668 Vlllga-

138 5661 193 5713 lis
208 5668 369 5740 sancti
389 5616 636 5725 Angrew
659 5670 833 5737 Actis,
868 5685 999 5740 quae
1028 5669 1234 5724 saeculo
1259 5685 1361 5740 vm
1388 5672 1527 5725 nota
1561 5672 1730 5724 erant

139 5735 268 5810 apud
284 5737 551 5810 Hispanos
577 5742 750 5797 Beato
773 5735 991 5807 abbati,
1015 5740 1115 5810 qui
1146 5755 1211 5795 ex
1236 5739 1319 5794 eis
1344 5740 1519 5796 verba
1548 5740 1730 5795 refert

140 5803 220 5857 sub
242 5803 403 5865 ﬁnem
424 5812 551 5866 libri
582 5829 600 5866 I
625 5816 827 5867 contra
854 5803 1224 5867 Elin'andum.
1252 5810 1500 5865 Libellus
1532 5811 1602 5865 de
1624 5811 1723 5865 Mi-

140 5878 309 5933 raculis
349 5883 522 5939 sancti
546 5884 790 5939 Andreae
819 5878 1094 5938 laudatur
1118 5880 1177 5936 in
1201 5881 1469 5937 Chronici
1516 5883 1721 5938 Fonta-

1830 1917 1931 1972 riaa
1960 1919 2330 1987 consecravit,
2360 1922 2421 1974 ut
2448 1937 2553 1990 per
2580 1937 2753 1991 quem
2782 1922 2933 1977 facta
2958 1924 3044 1976 est
3064 1925 3254 1978 mater
3271 1920 3466 1989 Maria,

1832 2011 1997 2065 ﬁeret
2030 2015 2287 2082 martyra
2323 2013 2584 2069 Eulalia:
2627 2014 2724 2069 illa
2759 2013 3023 2085 pariendi
3064 2015 3269 2070 effectu
3310 2017 3464 2084 felix,

1831 2103 1938 2159 ista
1969 2104 2273 2161 moriendo
2305 2123 2317 2160 :
2350 2105 2447 2161 illa
2470 2106 2718 2179 implens
2746 2107 3158 2163 incarnationis
3190 2109 3467 2177 ofﬁcium,

1832 2197 1939 2252 ista
1967 2197 2197 2269 rapiens
2226 2199 2507 2269 passionis
2538 2201 2903 2272 exemplum;
2934 2200 3031 2255 illa
3065 2201 3310 2256 credidit
3349 2204 3465 2257 An-

1833 2292 1982 2362 gelo,
2009 2291 2117 2346 ista
2146 2292 2356 2348 restitit
2375 2293 2609 2349 inimico
2635 2311 2648 2350 :
2678 2294 2775 2349 illa
2796 2295 2998 2361 electa,
3020 2311 3127 2366 per
3154 2312 3331 2366 quam
3361 2313 3464 2351 na-

1831 2387 2087 2439 sceretur
2102 2385 2377 2455 Christus,
2392 2386 2500 2443 ista
2516 2405 2621 2459 per
2640 2404 2815 2459 quam
2826 2387 3151 2443 vinceretur
3171 2388 3433 2444 diabolus
3452 2406 3466 2446 :

1831 2478 2072 2550 supplici
2089 2479 2352 2535 oratione
2378 2498 2704 2552 poscamus,
2719 2485 2783 2536 ut
2796 2482 3030 2536 beatam
3059 2481 3339 2537 Eulaliam
3363 2500 3468 2555 pro

1832 2573 1998 2628 nobis
2032 2576 2300 2629 orantem
2339 2574 2608 2631 exaudiat
2640 2592 2654 2631 :
2705 2578 2763 2630 et
2802 2575 3021 2643 omnia,
3052 2592 3199 2647 quae,
3222 2576 3470 2647 peccatis

1830 2666 2283 2737 adversantibus,
2312 2668 2681 2741 impedimur,
2702 2670 2751 2741 ej
2760 2688 2825 2725 us
2842 2670 3048 2727 auxilio
3062 2670 3135 2725 ab
3151 2669 3311 2725 omni
3338 2670 3468 2726 labe

1830 2761 2233 2832 peccaminum
2248 2779 2540 2817 eruamur.
2553 2764 2663 2818 Per
2673 2764 2985 2820 Dominum
2998 2767 3261 2821 nostrum
3272 2765 3467 2821 Jesum

1831 2853 2120 2910 Christum
2149 2855 2353 2911 Filium
2374 2873 2565 2925 suum,
2594 2873 2812 2912 secum.

2379 2958 2631 3008 Collectio
2656 2958 2907 3023 sequitur.

1901 3042 2070 3108 Deus,
2094 3040 2190 3114 qui
2217 3043 2429 3097 sancta:
2452 3046 2725 3115 martyres
2756 3046 2869 3098 tuae
2904 3043 3137 3099 Eulaliae
3159 3061 3265 3117 pro
3296 3062 3467 3117 poena

1835 3134 2105 3204 gloriam,
2129 3152 2234 3206 pro
2246 3139 2434 3191 morte
2464 3136 2661 3205 vitam,
2682 3153 2786 3209 pro
2814 3136 3149 3192 inﬁrmitate
3175 3137 3465 3205 virtutem,

1830 3244 1935 3299 pro
1964 3228 2230 3299 passione
2252 3246 2528 3285 coronam
2548 3230 2795 3285 tribuisti
2820 3248 2833 3298 ;
2860 3233 3089 3302 praesta,
3118 3234 3182 3286 ut
3205 3230 3349 3286 sicut
3371 3231 3469 3286 illa

1831 3322 2047 3376 exultat
2071 3322 2129 3376 in
2150 3323 2354 3394 gloria,
2374 3322 2453 3379 sic
2466 3341 2572 3379 nos
2584 3323 2655 3379 de
2676 3327 2776 3380 tua
2801 3324 3197 3380 misericordia
3213 3326 3464 3396 gratule-

1831 3430 1993 3482 mur;
2027 3418 2085 3469 et
2113 3414 2172 3469 in
2204 3419 2488 3472 aeternum
2511 3417 2759 3487 veniam,
2792 3422 2850 3473 te
2882 3418 3160 3487 donante,
3194 3418 3467 3490 consequi

1830 3523 2180 3564 mereamur.
2226 3512 2335 3564 Per
2379 3511 2689 3566 Dominum
2730 3511 2927 3584 224
2974 3515 3235 3569 nostrum
3273 3516 3466 3570 Jesum

1830 3600 2121 3657 Christum
2154 3602 2361 3658 Filium
2390 3607 2575 3673 tuum,
2603 3605 2700 3676 qui
2731 3607 2942 3660 tecum.

2294 3704 2547 3756 Collectio
2579 3709 2698 3769 post
2731 3706 2964 3756 nomina.

1900 3789 2083 3842 Deum
2111 3789 2212 3860 qui
2240 3794 2454 3846 sanctas
2480 3791 2714 3846 famula:
2741 3807 2857 3845 sua:
2888 3789 3124 3845 Eulalize
3149 3791 3464 3861 gloriosam

1828 3885 1887 3937 et
1914 3880 2457 3937 immarcescibilem
2482 3899 2755 3938 coronam
2776 3883 3036 3955 martyrii
3067 3882 3328 3952 contulit,
3354 3883 3466 3938 fra-

1826 3978 1943 4030 tres
1976 3975 2273 4045 carissimi,
2304 3977 2587 4048 supplices
2631 3976 3029 4048 deprecemur,
3060 3980 3123 4032 ut
3150 3980 3463 4049 praestante

1828 4068 2022 4124 divina
2046 4068 2462 4138 misericordia,
2494 4068 2671 4141 ipsius
2690 4070 2955 4142 precibus
2979 4070 3346 4126 obtineamus
3367 4087 3462 4125 ve-

1826 4160 2008 4229 niam,
2039 4163 2136 4235 qui
2168 4162 2413 4235 gloriam
2452 4180 2570 4219 non
2600 4180 2915 4219 meremur.
2948 4164 3105 4220 Caris
3148 4164 3325 4220 etiam
3366 4180 3466 4219 no-

1826 4256 1975 4323 stris,
2000 4256 2230 4328 quinos
2264 4257 2322 4312 in
2359 4273 2566 4312 somno
2612 4257 2769 4329 pacis
2797 4261 3233 4330 praecesserunt,
3266 4274 3468 4330 peren-

1827 4350 1915 4405 nis
1943 4349 2047 4405 ωνὶ
2073 4350 2494 4406 beatitudinem
2521 4354 2580 4405 et
2601 4354 2899 4423 perpetua:
2925 4352 3066 4407 lucis
3097 4351 3345 4423 gratiam
3372 4368 3462 4406 re-

1825 4460 2137 4498 munerare
2167 4444 2458 4516 dignetur.
2492 4446 2602 4498 Per
2633 4444 2944 4501 Dominum
2981 4448 3241 4500 nostrum
3270 4446 3463 4500 Iesum

1827 4536 2118 4593 Christum
2148 4537 2352 4592 Filium
2379 4554 2566 4606 suum,
2590 4554 2787 4594 secum
2816 4538 2925 4592 viv.

2359 4639 2608 4690 Collectio
2631 4639 2697 4690 ad
2725 4652 2932 4704 pacem.

1898 4726 2049 4779 Deus
2073 4723 2433 4779 simultatum
2462 4723 2767 4791 discussor,
2796 4723 2954 4796 pacis
2986 4723 3276 4796 quaesitor,
3305 4722 3466 4796 cujus

1827 4820 1891 4871 ut
1919 4816 2151 4888 pietatis
2181 4819 2269 4870 est
2307 4816 2592 4887 disjuncta
2621 4817 2998 4889 conjungere,
3026 4816 3109 4872 ita
3134 4816 3349 4873 amoris
3379 4820 3467 4872 est

1798 4948 1799 4951 η
1827 4912 1984 4965 casta
2008 4908 2242 4981 paciﬁce
2273 4908 2532 4980 alligare,
2556 4912 2619 4964 tu
2633 4927 2785 4965 nunc
2812 4910 3219 4980 nos,Domine,
3243 4913 3467 4983 aposto-

1827 5003 2017 5058 lorum
2034 5006 2265 5057 tuorum
2287 5002 2563 5081 dogmate
2590 5003 2977 5076 obsequentes
2996 5021 3137 5076 pace
3163 5008 3349 5072 necte,
3380 5022 3467 5060 ca-

1828 5097 1998 5151 ritate
2022 5112 2185 5163 orna,
2219 5095 2479 5151 castitate
2506 5097 2819 5166 sanctiﬁca,
2839 5101 2903 5152 ut
2931 5098 3030 5170 qui
3060 5098 3131 5153 de
3152 5099 3336 5154 beatas
3362 5097 3468 5152 vir-

1829 5189 1980 5262 ginis
2006 5176 2241 5243 Eulaliw
2268 5189 2537 5261 passione
2553 5190 2871 5246 meruimus
2886 5192 3102 5247 habere
3116 5191 3462 5263 exemplum,

1826 5298 2178 5350 mereamur,
2209 5282 2432 5338 devicta
2451 5283 2767 5353 iracundia,
2796 5285 3056 5341 obtinere
3086 5284 3462 5356 triumphum.

1826 5379 1935 5433 Per
1989 5375 2297 5431 Dominum
2340 5380 2603 5433 nostrum
2654 5380 2853 5435 Josum
2907 5378 3198 5435 Christum
3261 5376 3464 5432 Filium

1826 5473 2014 5538 tuum,
2048 5468 2146 5542 qui
2172 5472 2363 5525 tecum
2389 5470 2497 5526 viv.

1829 5595 2099 5652 nellensis
2127 5612 2253 5667 cap.
2275 5596 2373 5667 14.

1898 5668 2075 5721 bNon
2127 5664 2586 5734 Barcinonensis,
2629 5666 2731 5720 sed
2772 5664 3163 5737 Emeritensis,
3194 5665 3292 5737 ide
3344 5680 3463 5737 qua

1826 5736 2172 5819 Prudentius
2201 5737 2261 5791 in
2287 5738 2741 5819 PeristephanQn
2764 5736 2985 5819 hymno
3012 5740 3063 5792 3.
3086 5737 3163 5819 De
3192 5736 3297 5790 hac
3328 5736 3457 5791 Ci‘e-

1830 5809 2024 5880 gorius
2043 5808 2390 5863 Turonensis
2412 5809 2470 5880 in
2492 5806 2592 5880 lib.
2623 5824 2640 5859 ι
2667 5806 2738 5859 de
2759 5806 2953 5861 Gloria
2970 5808 3310 5878 martyrum,
3330 5820 3454 5874 cap.

1829 5878 1915 5949 91,
1952 5882 2009 5934 et
2033 5881 2380 5935 Fortunatus
2407 5878 2465 5933 in
2490 5878 2588 5933 lib.
2623 5893 2743 5943 VIII,
2771 5893 2949 5932 carm.
2974 5880 3026 5932 4.
