3968 6224
464 299 566 365 255

1029 416 1319 469 lmmolatio
1343 417 1529 468 misse.

539 494 789 569 Dignum
830 500 890 554 et
925 497 1148 571 justum
1184 503 1288 567 est,
1330 514 1561 571 aequum
1600 501 1658 552 et
1700 498 1948 553 salutare
1994 501 2099 566 est,

467 605 573 646 nos
620 590 725 645 tibi
752 608 983 663 semper
1019 596 1077 646 et
1116 592 1325 663 ubique
1369 590 1584 662 gratias
1625 608 1821 663 agere,
1860 592 2101 646 Domine

466 687 683 751 sancte,
709 687 879 740 Pater
913 685 1303 756 omnipotens,
1343 688 1560 740 aeterne
1589 686 1758 753 Deus,
1786 688 1959 756 teque
1980 686 2099 740 lau-

469 778 607 833 dare
633 777 691 831 in
715 778 984 833 omnibus
1009 777 1275 848 operibus
1296 778 1424 832 tuis.
1458 778 1567 842 Qui
1588 778 1741 833 dono
1771 778 1971 849 gratiae
1991 780 2105 832 tua:

470 872 749 925 famulam
782 874 938 925 tuam
964 870 1241 925 Eulaliam
1276 871 1556 927 nobiliore
1594 871 1805 925 mentis
1832 871 2104 942 stigmate

468 962 769 1029 decorasti,
796 966 857 1017 ut
895 963 1153 1017 inlaesam
1182 963 1241 1017 in
1282 981 1341 1018 se
1377 963 1650 1035 imaginis
1691 967 1803 1018 tuae
1834 963 2104 1035 pulcritu-

469 1056 666 1111 dinem
709 1055 1037 1110 custodiret.
1090 1055 1278 1126 Digna
1302 1074 1435 1110 vere
1469 1073 1663 1111 comes
1691 1057 1814 1111 Filii
1844 1056 1948 1123 tui,
1978 1073 2106 1127 quas

468 1152 668 1203 tenero
711 1166 846 1203 sexu
875 1150 1094 1205 bellum
1140 1150 1305 1205 fortis
1347 1149 1683 1204 invaderet:
1714 1153 1773 1204 et
1814 1151 1963 1204 ultra
1990 1149 2108 1221 opi-

470 1242 708 1297 nionem
740 1243 1013 1297 humanae
1056 1243 1278 1298 virtutis
1305 1242 1380 1297 ad
1404 1243 1774 1298 tolerantiam
1805 1260 2105 1315 poenarum

468 1353 548 1402 se,
578 1336 699 1390 zelo
728 1336 809 1390 tui
837 1337 1069 1404 amoris,
1103 1336 1411 1402 obtulerit;
1445 1353 1573 1407 quae
1604 1337 1663 1390 in
1696 1336 1945 1408 speciem
1975 1354 2103 1408 pre-

468 1429 599 1483 tiosi
617 1428 913 1499 Unigeniti
940 1430 1283 1500 sanguinem
1298 1446 1462 1484 suum
1476 1430 1578 1484 sub
1590 1430 1922 1485 testimonio
1938 1430 2107 1485 bona:

470 1522 848 1577 confessionis
895 1523 1238 1589 effunderet,
1272 1526 1330 1577 et
1354 1524 1687 1594 incorrupta
1716 1523 1967 1578 ﬂammis
1995 1524 2104 1595 vis-

469 1631 601 1669 cera
632 1615 693 1668 in
735 1615 975 1671 odorem
1019 1616 1338 1670 suavissimi
1386 1616 1785 1687 thymiamatis
1824 1616 2104 1671 adoloret.

466 1707 635 1762 Vadit
662 1708 737 1762 ad
775 1708 1025 1764 tribunal
1050 1709 1274 1763 cruenti
1297 1710 1556 1780 prmsidis
1595 1726 1701 1764 nec
1740 1708 2001 1780 quaesita,
2030 1710 2109 1763 lu-

1252 309 1587 367 APPENDIX
1622 310 1710 365 AD
1745 309 1968 365 OPERA
2006 309 2241 366 SANCTI
2280 307 2580 367 GERMANI
2617 307 3047 366 PARISIENSIS.

2125 430 2183 505 A

3755 312 3856 363 236

2733 417 2983 469 Collectio
3000 414 3068 468 ad
3102 427 3305 481 pacem.

2274 504 2444 571 Deus,
2464 500 2561 575 qui
2574 499 2809 573 justitiae
2824 501 2985 573 leges
3007 499 3067 555 in
3092 499 3358 555 cordibus
3382 498 3762 556 credentium
3780 497 3859 556 di-

2207 597 2326 670 gito
2353 600 2451 652 tuo
2480 595 2695 662 scribis,
2730 594 2942 666 quique
2967 593 3027 649 in
3052 596 3293 649 Paulum
3320 594 3609 649 hodierna
3636 594 3741 649 die
3767 611 3859 650 vo-

2205 690 2446 747 cationis
2476 691 2599 761 ejus
2636 690 2707 743 de
2742 688 2912 755 caelis,
2952 705 3069 743 non
3108 691 3457 755 atramento,
3488 689 3593 743 sed
3630 688 3858 760 Spiritu

2204 789 2303 841 tuo
2342 784 2488 851 vivo,
2518 782 2769 838 caritatis
2800 787 2911 837 tua;
2951 783 3239 837 fervorem
3266 782 3348 837 ita
3387 781 3609 850 scribis,
3638 786 3709 836 ut
3730 799 3861 854 pro-

2205 878 2397 951 prium
2428 877 2818 949 quassandum
2846 893 3051 948 corpus
3082 892 3188 947 pro
3219 875 3483 931 Ecclesiae
3509 878 3624 931 tuae
3656 877 3861 931 tradat

2206 972 2506 1041 membris,
2539 971 2636 1043 qui
2656 970 2831 1043 ipsius
2851 969 3113 1025 Ecclesiae
3141 969 3281 1024 olim
3299 969 3655 1024 contriverat
3670 986 3860 1025 mem-

2205 1067 2330 1134 bra,
2369 1066 2447 1120 sic
2481 1066 2645 1121 nobis
2681 1064 2857 1136 ipsius
2898 1063 3225 1119 interventu
3270 1063 3520 1118 doctoris
3561 1068 3622 1117 et
3664 1063 3858 1118 ﬁdelis

2207 1160 2488 1232 magistri,
2520 1160 2789 1214 fraternae
2811 1157 3064 1213 caritatis
3092 1157 3329 1213 sincerae
3358 1157 3727 1213 consortium
3753 1158 3858 1213 do-

2209 1272 2312 1321 na;
2345 1257 2404 1308 et
2429 1254 2500 1308 de
2530 1256 2642 1307 tuae
2681 1250 3022 1318 dilectionis,
3044 1250 3232 1322 'quam
3270 1252 3363 1305 ille
3394 1252 3621 1319 habuit,
3654 1251 3856 1306 multi-

2207 1346 2338 1418 plici
2368 1347 2629 1412 ﬂamma,
2666 1346 2754 1399 vel
2789 1362 2965 1400 unam
3006 1344 3313 1399 scintillam
3349 1344 3595 1415 dignare
3627 1344 3855 1416 largiri,

2208 1444 2269 1494 ut
2290 1455 2603 1510 sequamur
2625 1455 2729 1509 per
2746 1437 3115 1493 dilectionem
3134 1438 3454 1493 ferventem
3473 1437 3853 1509 magistrum,

2210 1534 2369 1604 cujus
2398 1532 2706 1603 ﬂagrantia
2730 1531 2791 1586 in
2813 1531 3050 1586 caritate
3077 1533 3517 1603 frequentamus
3534 1536 3852 1603 praecepta.

2775 1620 3067 1670 Immolatio
3101 1620 3290 1670 missas.

2281 1702 2533 1775 Dignum
2558 1705 2616 1756 et
2632 1701 2855 1772 justum
2882 1704 2986 1755 est.
3019 1703 3164 1755 Vere
3190 1700 3387 1774 226
3419 1718 3659 1773 aequum
3687 1705 3750 1756 et
3769 1702 3857 1772 ju-

469 1805 698 1856 cratura
714 1819 981 1873 regnum,
997 1806 1401 1874 contemptura
1427 1803 1791 1874 supplicium,
1807 1803 2109 1857 inventura
2131 1806 2186 1877 Β
2212 1801 2362 1852 stum
2382 1800 2485 1864 est,
2506 1813 2612 1851 nos
2632 1794 2733 1850 tibi
2761 1794 2976 1866 gratias
3002 1811 3196 1865 agere,
3227 1794 3471 1877 Domine
3500 1799 3725 1863 sancte,
3747 1797 3853 1849 Pa-

471 1895 791 1965 quzesitum,
824 1897 1014 1950 visura
1042 1898 1405 1963 confessum;
1442 1914 1557 1950 non
1602 1896 1829 1967 trepida
1869 1897 1941 1950 de
1987 1913 2112 1950 sen-

472 1989 671 2055 tentia,
696 2006 814 2043 non
829 1990 1104 2061 ambigua
1121 1991 1192 2044 de
1221 2008 1454 2057 corona,
1485 2007 1604 2044 non
1632 1989 1859 2044 defessa
1884 1989 1955 2043 de
1978 2006 2108 2043 ecu-

474 2081 718 2148 leo,non
746 2082 935 2136 difﬂsa
957 2083 1027 2136 de
1052 2083 1311 2154 praemio.
1343 2085 1756 2153 lnterrogatur,
1784 2083 2108 2149 confitetur,

470 2173 809 2246 ingentique
827 2175 1105 2231 miraculo
1125 2176 1388 2247 Majestas
1405 2180 1503 2230 tua
1524 2176 1837 2230 exaltatum
1860 2174 2112 2245 Virginis

470 2266 756 2337 spiritum,
788 2285 963 2340 quem
992 2270 1313 2340 adsumpsit
1340 2286 1443 2340 per
1470 2268 1770 2323 ﬂammam
1790 2269 1836 2335 ⁸,
1866 2267 2113 2339 suscepit

469 2377 574 2431 per
621 2362 970 2429 columbam,
1018 2367 1081 2417 ut
1127 2364 1236 2417 hoc
1266 2362 1530 2433 prodigio
1575 2362 1635 2415 in
1671 2361 1822 2415 caelis
1865 2362 2027 2431 virgo
2054 2364 2113 2415 et

470 2458 691 2525 martyr
717 2456 1074 2521 ascenderet,
1103 2472 1217 2526 quo
1246 2455 1305 2509 in
1337 2456 1504 2509 terris
1524 2454 1729 2509 Filium
1752 2457 1914 2509 tuum
1944 2456 2113 2509 Pater

471 2547 826 2601 ostenderas.
873 2550 981 2603 Per
1029 2564 1201 2619 quem
1259 2549 1616 2618 Majestatem
1665 2552 1827 2602 tuam
1871 2548 2113 2602 laudant

471 2638 664 2712 225
707 2641 920 2711 angeli,
964 2645 1137 2712 atque
1186 2641 1520 2713 archangeli
1571 2658 1687 2696 non
1735 2644 1961 2696 cessant
2002 2641 2114 2695 cla-

472 2749 635 2787 mare
669 2734 944 2790 dicentes.

623 2854 747 2908 XIX.
789 2870 949 2911 MISSA
989 2872 1041 2911 IN
1082 2867 1508 2912 CONVERSIONEb
1547 2871 1736 2912 suam
1776 2872 1955 2912 pwu.

542 2965 711 3031 Deus,
736 2965 832 3036 qui
863 2966 1019 3022 beati
1043 2967 1205 3021 Pauli
1234 2966 1476 3037 apostoli
1513 2966 1857 3038 dignitatem
1899 2966 2110 3038 ubique

470 3056 609 3111 facis
646 3058 977 3127 gloriosam,
1008 3063 1235 3130 praesta,
1271 3076 1619 3131 quaesumus,
1654 3063 1718 3113 ut
1763 3063 1821 3113 et
1851 3059 2112 3114 doctrina

472 3166 701 3221 semper
731 3151 907 3222 ipsius
934 3153 1251 3219 foveamur,
1282 3155 1339 3206 et
1359 3152 1599 3208 meritis.
1633 3153 1760 3206 Per.

1027 3252 1273 3302 Collectio
1302 3253 1551 3316 sequitur.

544 3336 887 3391 Sanctorum
925 3337 1117 3404 decus,
1161 3342 1566 3420 remunerator
1592 3338 1904 3409 justorum,
1937 3338 2105 3405 Deus,

474 3429 571 3499 qui
598 3447 771 3500 super
799 3447 1001 3485 omnes
1033 3434 1089 3484 et
1118 3448 1220 3502 per
1246 3432 1445 3487 omnia
1476 3436 1533 3485 et
1564 3432 1621 3485 in
1650 3432 1918 3487 omnibus
1944 3431 2109 3485 nobis

473 3540 553 3589 es,
582 3523 672 3577 cui
695 3523 1035 3578 sacrificium
1062 3527 1148 3579 est
1162 3542 1260 3579 cor
1277 3525 1587 3580 contritum
1607 3529 1664 3579 et
1685 3525 1868 3581 oratio
1897 3541 2107 3596 purum

471 3616 791 3685 incensum,
820 3617 1007 3672 tribue
1033 3618 1198 3673 nobis
1224 3636 1329 3690 per
1356 3619 1830 3673 intercessionem
1856 3618 2107 3672 beatissi-

470 3709 553 3763 mi
582 3710 743 3765 Pauli
767 3710 1009 3781 apostoli
1040 3712 1553 3767 sanctiﬂcationem
1582 3712 1788 3779 cordis,
1820 3711 2103 3765 fervorem

471 3803 702 3874 spiritus
739 3804 995 3876 corporis
1019 3806 1354 3877 puritatem,
1384 3808 1446 3859 ut
1475 3804 1832 3860 mortificatis
1864 3805 2108 3859 terrenis

468 3896 637 3965 vitiis,
660 3897 1013 3952 immaculati
1035 3899 1235 3970 spiritu
1257 3903 1315 3954 et
1335 3916 1574 3970 corpore
1594 3901 1809 3966 nostro,
1839 3898 1941 3953 tibi
1964 3915 2110 3952 sem-

469 4007 575 4061 per
598 3990 785 4045 laudis
810 3992 1028 4046 hostias
1052 3994 1391 4047 ret‘eramus.
1429 3992 1612 4056 Quod.

542 4085 693 4137 Deus
737 4082 835 4154 qui
880 4085 1205 4154 apostolum
1252 4088 1413 4138 tuum
1458 4085 1719 4151 Paulum,
1762 4084 2106 4139 insolentem

470 4178 670 4249 contra
715 4175 1024 4230 Christiani
1070 4176 1321 4230 nominis
1370 4176 1675 4247 pietatem,
1724 4175 1936 4230 caelesti
1970 4194 2105 4231 voce

469 4285 601 4323 cum
620 4271 840 4323 terrore
857 4270 1203 4339 perculsum,
1222 4270 1506 4325 hodierna
1532 4270 1624 4325 die
1647 4270 1962 4325 vocationis
1984 4271 2107 4341 ejus

467 4364 723 4416 mentem
757 4379 888 4416 cum
922 4363 1158 4417 nomine
1204 4362 1604 4430 commutasti;
1645 4366 1703 4417 et
1739 4380 1909 4435 quem
1951 4364 2107 4435 prius

468 4458 899 4526 persecutorem
950 4456 1246 4510 metuebat
1282 4456 1559 4524 Ecclesia,
1602 4474 1753 4511 nunc
1793 4457 2105 4512 caelestium

2212 1896 2301 1945 ter
2336 1889 2726 1960 omnipotens,
2761 1892 2976 1943 aeterne
3010 1889 3181 1942 Deus.
3213 1888 3320 1953 Qui
3346 1874 3408 1943 ut
3433 1889 3778 1943 ostenderes
3798 1892 3854 1942 te

2213 1983 2476 2040 omnium
2512 2000 2721 2054 cupere
2761 1981 3061 2052 indulgere
3110 1981 3377 2053 peccatis,
3412 1986 3853 2053 persecutorem

2210 2076 2471 2132 Ecclesiae
2501 2080 2615 2131 tuae
2646 2076 2719 2129 ad
2746 2092 2927 2129 unum
2943 2075 3183 2129 verbum
3204 2077 3315 2130 tum
3334 2075 3654 2130 vocationis
3673 2076 3856 2130 lucra-

2211 2176 2302 2226 tus
2328 2187 2406 2237 es,
2440 2172 2498 2224 et
2524 2169 2719 2224 statim
2746 2168 2928 2223 fecisti
2957 2168 3124 2223 nobis
3153 2186 3220 2222 ex
3251 2171 3621 2239 persecutore
3650 2169 3852 2223 docto-

2212 2284 2358 2321 rem.
2401 2267 2547 2320 Nam
2588 2263 2685 2335 qui
2722 2262 2940 2317 alienas
2974 2262 3243 2333 epistolas
3282 2263 3357 2317 ad
3393 2263 3851 2317 destructionem

2211 2359 2592 2416 Ecclesiarum
2606 2361 2924 2429 acceperat,
2944 2355 3112 2428 coepit
3126 2373 3255 2411 suas
3271 2356 3346 2410 ad
3361 2357 3852 2411 restaurationem

2212 2471 2414 2509 earum
2451 2451 2733 2517 scribere;
2769 2452 2913 2505 etut
2953 2467 3012 2504 se
3041 2450 3229 2521 ipsum
3260 2450 3501 2504 Paulum
3529 2450 3753 2504 factum
3788 2468 3853 2505 ex

2213 2549 2384 2604 Saulo
2418 2548 2788 2611 monstraret,
2816 2546 3055 2615 repente
3084 2543 3427 2598 architectus
3452 2543 3685 2614 sapiens
3723 2545 3852 2599 fun-

2213 2642 2557 2696 damentum
2594 2638 2803 2710 posuit,
2832 2641 2897 2691 ut
2930 2640 3128 2692 sancta
3160 2637 3410 2691 Ecclesia
3438 2640 3541 2691 tua
3565 2638 3855 2693 catholica

2213 2752 2282 2789 eo
2309 2733 2630 2788 aedificante
2660 2731 2959 2803 gauderet,
2990 2748 3025 2785 a
3061 2747 3174 2802 quo
3211 2731 3399 2784 fuerat
3430 2734 3565 2785 ante
3593 2736 3850 2797 vastata;

2214 2831 2272 2881 et
2292 2830 2484 2881 tantus
2499 2826 2622 2897 ejus
2643 2825 2916 2879 defensor
2932 2823 3244 2892 exsisteret,
3269 2828 3333 2878 ut
3352 2824 3552 2879 omnia
3573 2824 3853 2897 supplicia

2213 2920 2486 2991 corporis,
2500 2923 2559 2974 et
2574 2919 2758 2990 ipsam
2781 2919 2999 2973 caedem
3012 2917 3268 2989 corporis
3288 2934 3404 2973 non
3424 2920 3677 2972 timeret.
3705 2921 3850 2974 Nam

2213 3016 2397 3069 factus
2422 3016 2510 3068 est
2525 3015 2696 3084 caput
2714 3011 3115 3082 Ecclesiaefqui
3136 3012 3406 3065 membra
3425 3012 3693 3066 Ecclesiae
3725 3030 3853 3068 con-

2214 3110 2610 3179 quassaverat;
2634 3109 2805 3176 caput
2822 3105 3039 3159 terreni
3055 3104 3309 3175 corporis
3326 3104 3581 3172 tradidit,
3606 3108 3671 3159 ut
3696 3105 3853 3161 Chri-

2132 3170 2188 3244 Ο
2214 3205 2366 3255 stum
2388 3203 2560 3271 caput
2578 3199 2638 3253 in
2666 3199 2779 3252 suis
2809 3198 3081 3253 omnibus
3106 3197 3384 3252 membris
3406 3198 3727 3269 acciperet;
3753 3215 3855 3271 per

2208 3295 2363 3365 quod
2393 3294 2571 3347 etiam
2588 3293 2697 3346 Vas
2717 3291 3014 3346 electionis
3041 3308 3165 3345 esse
3192 3291 3424 3359 meruit,
3444 3291 3543 3362 qui
3566 3293 3849 3347 eumdem

2210 3387 2522 3443 Dominum
2554 3389 2815 3441 nostrum
2841 3387 3035 3440 Jesum
3053 3385 3341 3441 Christum
3371 3385 3576 3440 Filium
3596 3390 3769 3441 tuum
3795 3388 3849 3441 in

2210 3483 2293 3536 sui
2319 3480 2566 3552 pectoris
2596 3479 3018 3535 habitationem
3046 3479 3311 3551 suscepit.
3341 3481 3449 3534 Per
3477 3496 3656 3551 quem
3675 3480 3846 3551 Made-

2210 3577 2417 3630 statem
2452 3578 2611 3628 tuam
2641 3573 2900 3629 laudant.

2207 3682 2307 3735 XX.
2364 3693 2523 3734 mssa
2586 3694 2639 3733 IN
2707 3692 2987 3732 cunmm
3026 3688 3047 3716 ο
3126 3692 3314 3732 SANCTI

2280 3770 2694 3828 Sollemnitatis
2706 3769 3089 3841 praedicanda;
3101 3768 3254 3824 diem
3268 3768 3553 3840 praecipue
3569 3770 3846 3833 nobilem.

2210 3867 2267 3921 in
2300 3883 2413 3937 quo
2444 3865 2622 3920 fidem
2643 3862 2993 3936 pracellenti
3022 3862 3194 3916 Filius
3215 3862 3420 3917 excelsi
3452 3862 3555 3917 Dei
3589 3864 3679 3917 ori
3698 3864 3847 3918 Petri

2210 3962 2563 4015 monstratus
2594 3961 2698 4024 est,
2722 3959 2781 4012 et
2805 3956 2864 4011 in
2888 3958 3248 4027 coapostolos
3274 3956 3675 4027 interrogante
3697 3958 3769 4012 de
3792 3974 3847 4011 se

2209 4054 2432 4110 Christo
2465 4052 2594 4125 quis
2631 4054 2800 4119 esset,
2830 4067 2961 4105 vere
3001 4051 3296 4105 confessus
3332 4052 3437 4118 est,
3476 4066 3610 4104 cum
3645 4051 3848 4106 beatus

2210 4150 2485 4203 Bar-Jona
2503 4162 2641 4201 voce
2659 4143 3061 4215 Redemptoris
3081 4144 3195 4198 fide
3214 4144 3420 4198 devota
3436 4145 3712 4215 praelatus
3742 4149 3844 4211 est,

2210 4245 2273 4296 ut
2300 4258 2403 4313 per
2427 4241 2578 4294 hanc
2603 4238 2755 4294 Petri
2786 4240 3041 4305 Petram,
3069 4238 3236 4292 bases
3270 4237 3532 4293 Ecclesia:
3566 4239 3715 4293 ﬁxus
3743 4242 3845 4306 est,

2208 4337 2569 4399 venerantes,
2592 4334 2800 4387 fratres
2820 4330 3192 4399 dilectissimi,
3221 4332 3622 4403 deprecemur,
3645 4336 3711 4387 ut
3727 4336 3845 4387 tam

2211 4428 2459 4500 gloriosa
2490 4426 2660 4481 laude
2689 4425 2867 4480 fidem
2898 4424 3052 4480 Petri
3079 4425 3177 4496 qui
3204 4425 3474 4496 praatulit,
3507 4425 3631 4497 ipse
3661 4426 3845 4481 beati-

3367 3691 3523 3731 PETRI
3557 3692 3846 3733 APOSTOLI.

468 4519 879 4605 mandatorum
897 4550 1127 4604 laetatur
1142 4566 1200 4603 se
1226 4550 1438 4605 habere
1456 4519 1753 4605 doctorem
1777 4568 1790 4619 ;
1818 4568 2108 4623 quemque
2128 4544 2187 4616 D
2210 4522 2425 4623 mdinis
2471 4524 2671 4576 amator
2709 4519 2941 4591 plebem
2979 4519 3343 4575 conmboret'
3385 4520 3493 4573 Per
3530 4520 3845 4575 Dominum

468 4642 600 4697 ideo
640 4643 780 4697 foris
820 4642 1064 4710 ceecasti,
1099 4646 1162 4696 ut
1191 4642 1471 4698 introrsus
1510 4643 1803 4699 videntem
1850 4645 2107 4711 faceres;

471 4735 676 4806 cuique
717 4740 847 4806 post
886 4736 1157 4790 tenebras
1201 4736 1553 4791 crudelitatis
1600 4738 1839 4806 ablatas,
1874 4739 1947 4792 ad
1976 4755 2107 4793 evo-

469 4827 681 4883 candas
709 4831 912 4898 gentes
937 4828 1143 4882 divinae
1165 4829 1309 4900 legis
1329 4829 1628 4885 scientiam
1655 4830 1975 4897 contulisti;
2006 4830 2109 4885 sed

469 4924 528 4975 et
558 4920 727 4974 tertio
765 4921 1211 4991 naufragantem
1242 4938 1348 4993 pro
1380 4923 1492 4977 fide
1529 4941 1703 4995 quam
1744 4940 2103 4995 expugnave-

467 5017 577 5081 rat,
600 5013 725 5084 jam
757 5013 1027 5069 devotum
1054 5014 1113 5069 in
1146 5016 1434 5073 elemento
1464 5016 1680 5089 liquido
1712 5017 1896 5071 fecisti
1926 5017 2105 5071 vitare

467 5106 813 5173 discrimen;
859 5106 936 5162 sic
965 5108 1151 5177 nobis,
1194 5126 1538 5181 quaesumus,
1572 5112 1695 5182 ejus
1738 5113 1797 5165 et
1830 5109 2103 5165 mutatio-

465 5218 602 5256 nem
636 5204 692 5257 et
720 5201 897 5255 fidem
928 5202 1266 5273 colentibus,
1314 5209 1445 5277 post
1488 5204 1806 5259 caecitatem
1837 5206 2102 5276 peccato-

466 5312 615 5364 rum,
647 5293 739 5349 fac
768 5297 825 5348 te
871 5295 1065 5351 videre
1112 5297 1171 5352 in
1212 5299 1384 5366 czelis,
1414 5298 1513 5370 qui
1562 5297 1919 5353 inluminasti
1956 5300 2103 5353 Pau-

464 5389 585 5441 lum
621 5388 680 5442 in
712 5388 918 5456 terris;
951 5392 1010 5445 et
1044 5408 1289 5447 munera
1328 5391 1638 5461 praesentia
1667 5392 1853 5447 libens
1889 5393 2102 5463 accipe,

466 5497 595 5552 quae
617 5482 874 5552 Apostoli
899 5484 985 5539 tui
1010 5486 1275 5556 precibus
1302 5484 1408 5538 tibi
1428 5485 1572 5539 fiant
1602 5490 1857 5557 accepta.

530 5615 555 5643 ⁸
588 5615 717 5691 Haec
768 5617 1023 5691 Eulaliae,
1069 5634 1193 5691 non
1247 5618 1677 5691 Barcinonensi,
1729 5636 1858 5691 qua:
1904 5620 2105 5691 capitis

466 5684 813 5759 abscissione
842 5687 1184 5759 martyrium
1196 5690 1632 5759 consummavit,
1648 5684 2107 5747 sed—Emeritensi

464 5757 832 5832 conveniunt,
854 5773 983 5832 quae
1005 5758 1139 5832 bibit
1157 5776 1246 5817 ore
1265 5777 1474 5832 rogum,
1489 5765 1552 5815 ut
1565 5757 1910 5817 Prudentius
1929 5764 2101 5832 canit,

467 5830 524 5882 et
535 5829 638 5884 sub
653 5828 840 5899 specie
863 5828 1146 5886 columbae
1167 5828 1347 5888 crelos
1359 5832 1543 5904 petiit.
1559 5832 1724 5899 Quod
1746 5828 2104 5907 postremum

2210 4618 2494 4671 nostrum.

2767 4683 3017 4735 Collectio
3048 4682 3297 4747 sequitur.

2281 4764 2449 4829 Deus,
2502 4761 2598 4833 qui
2637 4760 2920 4816 hodierna
2960 4760 3050 4815 die
3086 4760 3323 4814 beatum
3362 4761 3596 4813 Petrum
3635 4761 3769 4830 post
3795 4763 3848 4813 te

2210 4856 2417 4911 dedisti
2457 4858 2627 4926 caput
2665 4854 2949 4923 Ecclesiae,
2988 4870 3120 4908 cum
3166 4857 3224 4907 te
3260 4852 3355 4907 ille
3388 4870 3520 4907 vere
3557 4854 3849 4907 confessus

2209 4950 2299 5017 sit,
2335 4952 2393 5003 et
2423 4948 2540 5020 ipse
2569 4965 2602 5003 a
2634 4952 2690 5003 te
2721 4948 2894 5019 digne
2925 4948 3194 5019 praelatus
3216 4945 3307 5013 sit,
3339 4946 3623 5017 supplices
3648 4964 3846 5003 exora-

2210 5059 2359 5109 mus,
2401 5045 2463 5096 ut
2505 5042 2605 5113 qui
2648 5041 2857 5096 dedisti
2895 5043 3211 5112 pastorem,
3250 5057 3322 5095 ne
3362 5040 3503 5111 quid
3542 5041 3613 5094 de
3654 5042 3847 5097 ovibus

2207 5136 2498 5208 perderes,
2529 5138 2591 5189 ut
2610 5151 2749 5206 grex
2770 5135 3009 5206 effugiat
3023 5152 3269 5203 errores,
3297 5134 3420 5205 ejus
3435 5135 3844 5191 intercessione

2209 5246 2381 5302 quem
2410 5228 2735 5300 prmfecisti,
2759 5228 3053 5283 salvifices.
3080 5228 3246 5293 Quod
3270 5229 3391 5301 ipse
3420 5231 3609 5300 priest.

2830 5318 2955 5366 Post
2988 5316 3220 5367 nomina.
3423 5331 3431 5339 '

2277 5394 2482 5459 Deum,
2513 5390 2610 5463 qui
2637 5392 2808 5446 beato
2836 5392 3002 5447 Petro
3040 5395 3264 5447 tantam
3296 5394 3647 5464 potestatem
3686 5392 3844 5449 disci-

2206 5488 2340 5559 pulo
2369 5484 2627 5554 contulit,
2661 5489 2722 5539 ut
2760 5486 2804 5539 si
2838 5486 2960 5557 ipse
3001 5485 3283 5558 ligaverit,
3317 5503 3435 5542 non
3466 5486 3538 5541 sit
3566 5488 3716 5543 alter
3751 5487 3844 5561 qui

2207 5621 2384 5677 etiam
2418 5621 2490 5676 de
2523 5620 2932 5675 Barcinonensi
2962 5621 3230 5675 refertur.

2276 5694 2304 5733 b
2352 5695 2413 5747 In
2437 5692 2844 5763 Martyrologio
2867 5692 3214 5759 Gellonensi,
3244 5709 3536 5748 annorum
3564 5696 3668 5752 900
3695 5712 3709 5752 :
3748 5711 3844 5750 VIII

2205 5765 2331 5821 Kal.
2354 5764 2507 5820 Febr.
2536 5764 2680 5819 beati
2702 5764 2868 5820 Pauli
2895 5766 3164 5819 conversio
3189 5766 3250 5818 in
3275 5768 3560 5821 Damasco.

2277 5848 2300 5877 ο
2337 5836 2417 5891 De
2443 5834 2553 5890 hoc
2580 5834 2728 5891 festo
2757 5833 2886 5889 vide
2917 5834 3218 5893 observata
3245 5834 3306 5891 in
3334 5835 3431 5892 lib.
3466 5853 3527 5891 ιι.
