3968 6224
82 382 164 439 257
1130 375 1218 433 DE
1254 374 1569 434 LITURGIA
1605 370 1979 435 GALLICANA
2019 376 2217 433 LIBER
2255 376 2345 432 III.

3312 375 3416 434 258

84 512 291 580 solverit,
323 514 379 565 et
423 526 553 583 quae
586 509 648 567 in
678 515 832 568 terra
866 510 1113 578 solverit,
1150 511 1291 565 item
1324 512 1461 565 caelo
1493 511 1677 565 soluta
1700 488 1955 583 ΑῩῘΑΨῙΠ
1994 491 2296 583 sternar“:
2331 500 2695 583 regfmmfiue
2737 487 3081 557 Perpetuum
3118 486 3416 541 conlatum

84 608 189 673 sint,
230 605 482 678 precibus
513 606 916 677 imploremus,
945 611 1008 662 ut
1034 606 1253 662 eductis
1283 603 1474 678 227
1508 622 1541 660 a
1570 608 1682 659 tar-

87 704 185 754 taro
203 698 597 754 defunctorum
629 701 938 772 spiritibus,
964 718 1081 756 non
1112 700 1465 771 praevaleant
1491 699 1677 769 sepul-

85 794 140 847 tis
175 792 396 846 infernae
425 797 610 864 portas
646 811 752 866 per
787 795 1049 859 crimina,
1088 810 1231 865 quas
1278 809 1381 864 per
1425 793 1680 863 Apostoli

83 886 229 939 ﬁdem
246 885 384 939 vinci
410 887 597 941 credit
624 888 893 943 Ecclesia.
926 890 1034 942 Per
1057 886 1370 942 Dominum
1416 889 1678 940 nostrum

82 981 242 1034 Iesum
267 979 573 1035 Christum.

573 1086 823 1137 Collectio
850 1087 915 1138 ad
942 1100 1147 1151 pacem.

138 1170 573 1226 Clementissime
617 1171 915 1243 Conditor,
965 1172 1062 1243 qui
1098 1175 1260 1226 tanta
1293 1169 1529 1225 caritate
1565 1187 1684 1225 suc-

84 1263 284 1318 cendisti
321 1264 687 1336 discipulum,
725 1269 789 1319 ut
830 1281 889 1319 se
931 1265 1003 1319 de
1051 1281 1194 1319 nave
1226 1265 1466 1335 jactato,
1501 1263 1574 1317 ad
1626 1267 1681 1316 te

84 1359 206 1411 celer
234 1358 528 1413 festinaret
554 1358 705 1430 pede
742 1358 897 1413 nudo
930 1376 1034 1430 per
1077 1359 1336 1430 pelagus,
1385 1360 1443 1410 et
1484 1355 1683 1410 videns

84 1450 203 1504 hanc
242 1451 628 1519 dilectionem,
660 1453 845 1507 claves
891 1452 942 1505 ei
983 1452 1152 1505 dares
1204 1451 1481 1518 siderum,
1516 1466 1684 1504 voces

84 1549 263 1620 inspice
288 1550 755 1620 suggerentium;
795 1553 858 1603 ut
893 1548 1244 1621 quicumque
1289 1566 1354 1602 ex
1395 1551 1683 1619 praecepto

80 1643 362 1713 junguntur
381 1642 454 1697 ad
481 1645 764 1710 osculum,
792 1643 969 1698 livore
1016 1642 1264 1715 pectoris
1285 1643 1530 1708 excluso,
1553 1641 1683 1694 illuc

87 1751 171 1805 per
190 1736 420 1806 gratiam
454 1736 759 1804 ducantur,
788 1753 902 1807 quo
941 1736 1063 1792 coeli
1093 1738 1293 1791 Petrus
1328 1738 1415 1789 est
1442 1733 1680 1804 janitor.

86 1829 248 1883 Presta
275 1830 532 1885 Salvator
557 1829 784 1897 mundi,
818 1833 927 1884 etc.

702 1931 1039 1982 Contestatio.

143 2016 366 2087 Dignum
388 2019 445 2071 et
468 2016 694 2088 justum
726 2021 847 2071 est:
875 2016 972 2088 qui
1000 2016 1157 2070 dives
1176 2015 1417 2070 inﬁnitae
1439 2016 1688 2069 clemen-

92 2110 160 2164 tia:
182 2110 392 2183 copioso
430 2128 679 2165 munere
710 2113 997 2183 plasmam
1034 2114 1145 2165 tua:
1175 2112 1453 2164 creaturae
1479 2108 1537 2162 in
1567 2111 1690 2161 tan-

92 2207 188 2257 tum
220 2204 464 2276 dignaris
505 2206 754 2277 erigere,
800 2209 864 2259 ut
907 2206 1213 2259 vernaculo
1275 2203 1401 2257 limi
1452 2200 1687 2273 patiaris

94 2297 288 2353 homine
322 2299 391 2353 de
431 2303 669 2354 terrena
695 2316 977 2371 compage
1021 2300 1206 2353 claves
1252 2298 1374 2352 caeli
1412 2294 1685 2351 commit-

95 2395 229 2457 teres,
259 2396 312 2446 et
338 2393 412 2447 ad
430 2393 784 2464 judicandas
826 2394 1011 2448 tribus
1037 2393 1244 2447 solium
1276 2392 1511 2446 excelsa:
1539 2389 1690 2443 sedis

95 2485 373 2541 insublime
418 2504 826 2559 componeres.
869 2487 1050 2541 Testis
1094 2490 1179 2540 est
1215 2486 1338 2540 dies
1385 2483 1687 2551 hodierna,

96 2578 215 2633 beati
244 2581 385 2634 Petri
420 2582 715 2636 Cathedra
753 2582 1112 2653 episcopatus
1162 2578 1437 2651 exposita,
1476 2578 1535 2632 in
1578 2594 1692 2649 qua

97 2671 202 2727 ﬁdei
242 2674 440 2729 merito
478 2675 853 2730 revelationis
894 2674 1234 2746 mysterium
1257 2673 1302 2741 ³³,
1346 2672 1553 2726 Filium
1590 2671 1692 2725 Dei

99 2767 397 2837 conﬁtendo,
432 2770 707 2840 praelatus
744 2770 1033 2840 apostolos
1071 2768 1392 2822 ordinatur.
1430 2768 1492 2820 ln
1534 2766 1693 2836 cujus

98 2860 405 2917 confessione
424 2866 514 2917 est
525 2862 982 2917 fundamentum
996 2861 1283 2929 Ecclesiae,
1299 2878 1406 2915 nec
1424 2859 1695 2914 adversus

101 2951 215 3007 hanc
240 2956 459 3010 Petram
508 2959 693 3028 portas
726 2955 900 3010 inferi
942 2957 1277 3027 praevalent,
1311 2971 1416 3008 nec
1459 2969 1695 3024 serpens

99 3046 356 3118 vestigium
398 3051 708 3123 expremit,
741 3067 847 3105 nec
872 3050 1234 3121 triumphum
1263 3065 1421 3103 mors
1451 3047 1691 3102 obtinet.

101 3138 216 3202 Quid
243 3159 366 3198 vero
390 3144 565 3200 beato
602 3146 770 3199 Petro
804 3144 1027 3199 diverso
1065 3144 1168 3198 sub
1204 3147 1468 3214 tempore
1505 3158 1692 3195 acces-

1781 580 2061 637 bibituris.
2088 582 2197 636 Per
2223 581 2409 652 ipsum
2434 579 2769 634 Dominum.

2186 679 2318 728 Ante
2346 678 2635 728 orationem
2670 677 3016 729 Dominicam.

1854 764 2056 818 Divino
2092 764 2430 833 magisterio
2467 764 2675 829 edocti,
2715 768 2773 818 et
2818 764 3011 818 divina
3058 762 3416 819 institutione

1782 857 2038 922 formati,
2063 857 2345 911 audemus
2373 856 2562 911 dicere
2594 874 2606 911 :
2638 858 2810 911 Pater
2835 860 3048 911 noster.

2197 964 2319 1013 Post
2340 963 2629 1013 orationem
2652 963 2997 1014 Dominicam.

1854 1048 2057 1103 Libera
2082 1064 2206 1115 nos,
2237 1050 2454 1102 interna
2472 1048 2656 1102 Pietas
2679 1052 2735 1103 et
2758 1065 2895 1103 vera
2918 1048 3205 1116 Libertas;
3228 1066 3418 1121 neque

1784 1143 1937 1196 sinas
1968 1142 2040 1195 ab
2083 1141 2315 1195 inimico
2359 1141 2505 1212 capi,
2536 1142 2635 1212 qui
2672 1159 2705 1196 a
2744 1145 2801 1197 te
2837 1143 3074 1214 cupiunt
3114 1144 3415 1213 possideri,

1785 1235 2185 1306 Omnipotens.
2215 1233 2321 1298 Qui
2349 1234 2505 1287 vivis.

2439 1332 2760 1383 Benedictio.

1855 1415 2037 1485 Supra
2058 1415 2333 1468 caelorum
2359 1413 2596 1483 agmina
2617 1414 2842 1479 sedens,
2871 1417 3058 1469 totum
3084 1415 3285 1470 orbem
3308 1418 3421 1470 ter-

1784 1524 1980 1561 rarum
2011 1507 2227 1578 pugillo
2257 1507 2625 1574 concludens,
2652 1508 2841 1561 votiva
2860 1508 2983 1561 haec
3008 1508 3274 1563 hodierni
3303 1509 3419 1563 diei

1785 1600 2090 1655 sollemnia
2106 1601 2495 1656 celebraturos
2516 1600 2775 1672 perandi.
2797 1603 3005 1655 Amen.
3025 1602 3097 1655 Ut
3121 1601 3217 1672 qui
3241 1602 3421 1656 sancti

1786 1694 2013 1765 patroni
2061 1693 2240 1748 nostri
2273 1693 2425 1748 Petri
2465 1694 2664 1765 tuique
2699 1694 2943 1766 apostoli
2980 1696 3125 1749 festa
3159 1695 3420 1763 colimus,

1786 1803 1890 1858 per
1913 1788 2037 1857 ejus
2060 1787 2536 1841 intercessionem
2578 1787 2679 1842 tibi
2720 1789 3069 1858 placeamus.
3101 1790 3309 1843 Amen.
3340 1790 3424 1843 Da

1707 1871 1763 1942 B
1788 1881 2173 1948 sacerdotum,
2205 1898 2410 1951 regum
2449 1884 2905 1952 cunctorumque
2935 1883 3283 1953 populorum
3326 1883 3423 1937 illa

1788 1992 2016 2045 semper
2048 1975 2107 2029 in
2133 1978 2352 2042 mente,
2383 1978 2444 2028 ut
2478 1975 2575 2045 qui
2612 1976 2793 2029 Deum
2817 1992 3019 2029 verum
3057 1977 3420 2044 confitentes,
3480 2028 3485 2033 .

1786 2069 1986 2123 laudes
2012 2068 2285 2135 dicentes,
2313 2067 2493 2122 inlata
2510 2081 2533 2108 ο
2568 2070 2899 2122 nostrorum
2929 2069 3172 2123 crimina
3198 2070 3423 2124 salvan-

1790 2166 1898 2216 tur.
1924 2164 2132 2215 Amen.
2166 2162 2234 2215 Et
2264 2161 2765 2233 quemadmodum
2800 2178 2904 2215 nos
2930 2161 3115 2215 fecisti
3146 2162 3217 2216 de
3262 2179 3423 2217 sacro

1790 2257 1946 2310 fonte
1968 2255 2283 2327 procedere
2314 2271 2506 2325 puros,
2538 2254 2618 2309 ita
2646 2272 2751 2309 nos
2769 2254 2975 2325 jubeas
3001 2254 3060 2309 in
3092 2258 3311 2310 mterna
3340 2272 3426 2311 re-

1790 2350 1993 2420 pacula
2035 2365 2166 2403 cum
2210 2351 2541 2403 sanctorum
2582 2348 2820 2403 coetibus
2860 2348 3062 2403 sociari
3094 2352 3422 2420 perpetuos.

1793 2442 1958 2507 Quod
1987 2442 2106 2514 ipse
2132 2445 2406 2513 praestare
2429 2441 2705 2512 digneris,
2739 2440 2836 2513 qui
2862 2458 2993 2496 cum
3018 2444 3207 2496 Patre.

1917 2578 2040 2630 XXI.
2073 2592 2217 2631 onno
2255 2591 2427 2631 Missa;
2453 2593 2504 2632 IN
2534 2591 2740 2631 mrum
2774 2591 3224 2639 QUADRAGINSIMIE
3249 2574 3297 2630 ά.

1866 2694 2266 2767 Omnipotens,
2299 2695 2651 2766 sempiterne
2691 2696 2859 2763 Deus,
2908 2699 3119 2767 praesta
3169 2700 3231 2751 ut
3277 2696 3425 2761 Qua-

1795 2788 2205 2859 draginsimale
2233 2789 2342 2843 hoc
2364 2788 2656 2859 jejunium
2687 2790 2969 2843 sollemne
3010 2792 3069 2843 et
3099 2794 3431 2861 competen-

1796 2881 1947 2935 tibus
1971 2881 2313 2937 inchoemus
2340 2881 2649 2952 obsequiis,
2680 2886 2737 2935 et
2762 2881 2864 2935 tibi
2885 2881 3108 2953 placitis
3134 2882 3430 2937 effectibus

1797 2976 2174 3042 celebremus,
2206 2974 2448 3029 humani
2476 2975 2706 3045 generis
2736 2974 3013 3029 Conditor
3038 2978 3095 3030 et
3140 2975 3428 3047 Redemp-

1797 3072 1906 3137 tor,
1943 3068 2154 3140 largire
2197 3067 2499 3140 prOpitius,
2533 3071 2593 3121 ut
2615 3068 3034 3123 continentiam
3081 3072 3290 3124 nostras
3310 3086 3427 3123 res-

1799 3165 2138 3223 taurationis
2164 3166 2223 3220 in
2250 3166 2360 3220 tuis
2385 3166 2720 3237 deputatam
2750 3166 2973 3222 sincera
2999 3168 3431 3223 conversatione

102 3231 155 3285 είί
186 3234 361 3331 ξευάίδ
404 3242 461 3291 εἴ
502 3238 728 3309 ΒῙοΓίεθν
782 3254 911 3331 Quae
959 3254 1084 3304 V03:
1140 3253 1267 3331 (Ιυξθ
1307 3236 1525 3331 lingua»
1568 3233 1770 3331 quiSC
1796 3264 2127 3316 tractemus.
2157 3260 2323 3325 Quod
2348 3231 2478 3331 ipse
2493 3263 2787 3331 praestare.

102 3329 335 3398 explicet?
363 3331 503 3386 Hinc
530 3335 621 3385 est
648 3330 805 3402 quod
836 3346 998 3385 mare
1030 3330 1343 3384 tremulum
1372 3328 1481 3382 ﬁxo
1521 3328 1703 3382 calcat

102 3422 317 3494 vestigio,
344 3428 399 3478 et
422 3424 580 3479 inter
608 3424 789 3478 undas
814 3423 1061 3495 liquidas
1086 3423 1336 3495 pendula
1352 3422 1552 3494 planta
1578 3438 1702 3492 per-
1872 3441 2021 3494 Deus
2048 3438 2433 3507 abstinentiae,
2475 3441 2624 3494 Deus
2651 3422 3027 3509 castimoniae,
3056 3439 3155 3511 qui
3189 3440 3437 3496 libenter

105 3516 336 3572 δωδυίδίο
364 3519 461 3574 Hic
488 3518 565 3574 ad
599 3522 828 3590 Portam
861 3517 1192 3589 SP3Ciosam
1214 3516 1492 3571 contracu
1518 3514 1703 3569 tendit
1792 3532 2186 3604 jejunantium
2204 3533 2531 3588 humilitate
2550 3533 2814 3605 placaris,
2837 3538 2896 3586 et
2921 3534 3355 3590 humiliantium
3377 3551 3436 3588 se

103 3610 314 3681 vestigia,
344 3616 400 3665 et
425 3616 613 3667 tactus
637 3612 789 3666 Petri
817 3611 1019 3682 digito,
1050 3610 1286 3666 claudus
1311 3627 1430 3665 non
1477 3608 1702 3680 indiget
1799 3626 2064 3697 precibus
2099 3627 2386 3698 benignus
2419 3626 2748 3693 inﬂecteris,
2804 3627 3011 3680 exaudi
3052 3643 3251 3698 preces
3302 3644 3434 3683 nos-

104 3700 284 3759 baculo.
332 3706 468 3760 Hinc
522 3710 851 3761 carceratus
896 3705 1036 3759 dum
1089 3705 1399 3773 dormitat,
1447 3702 1702 3758 Christus
1802 3723 1918 3773 trag
1943 3719 2003 3773 in
2035 3720 2143 3774 hac
2164 3720 2449 3774 hodierna
2477 3720 2590 3786 die,
2625 3736 2739 3790 quo
2779 3719 3321 3789 Quadraginsimale
3348 3720 3438 3774 in-

108 3809 209 3849 cum
239 3797 349 3868 ίρεο
391 3800 727 3871 ρθτνὶείιειῐ;
777 3804 835 3853 ει
882 3802 1139 3853 “trusus
1184 3798 1496 3870 ενὲἃδῐιιλον
1548 3797 1705 3851 foras
1802 3812 2479 3883 choamusjejunium,et
2499 3812 2854 3867 diversarum
2883 3812 3274 3866 tentationum
3312 3813 3436 3883 qui-

108 3891 319 3957 procedit
336 3910 437 3964 per
461 3894 763 3965 angelum.
806 3893 948 3947 Hinc
978 3893 1357 3964 paralyticum
1396 3890 1575 3945 erexit
1603 3889 1687 3943 de-

1805 3907 1906 3961 bus
1951 3922 2281 3977 gravamur,
2322 3908 2667 3976 tempestate
2717 3905 2987 3972 discussa,
3019 3904 3440 3961 continentiam

108 3982 365 4040 cubantem
388 3986 445 4040 in
475 3988 711 4054 lectulo,
746 4004 812 4041 ac
840 3986 1337 4059 debilitatoﬁerbo
1361 3984 1522 4039 dedit
1540 3982 1687 4037 vesti-

1805 3999 1968 4056 nobis
1979 4018 2012 4054 a
2025 3999 2171 4053 vitiis
2185 4002 2281 4053 tua
2290 3999 2651 4070 benignitate
2665 3999 2926 4068 infunde,
2942 4000 3203 4055 Salvator
3214 3999 3438 4055 mundi.

114 4076 255 4144 gium.
276 4080 405 4135 Hinc
425 4081 733 4136 Tabitham
751 4080 1060 4135 mulierem
1080 4080 1367 4136 revocavit
1387 4078 1458 4132 de
1478 4079 1702 4143 funere,
2291 4096 2541 4147 οοιιεοιίο
2568 4100 2687 4161 post
2711 4096 2944 4148 nomine.

113 4172 157 4220 et
173 4170 351 4228 virtute
376 4174 695 4247 imperanti
722 4174 984 4247 praeclare
1012 4191 1131 4230 non
1160 4174 1336 4229 licuit.
1367 4173 1508 4227 Hinc
1543 4174 1706 4225 tanta
1874 4181 2254 4238 offerentium
2287 4182 2623 4238 nominibus
2649 4183 2965 4251 recensitis,
3000 4182 3098 4255 qui
3125 4182 3332 4238 devota
3361 4185 3440 4239 ει.

113 4260 214 4317 ﬁdei
240 4265 465 4323 dotemb
521 4270 680 4323 inter
707 4269 999 4341 apostolos
1026 4269 1210 4341 petiit,
1238 4271 1302 4322 ut
1327 4269 1557 4321 curaret
1586 4265 1707 4319 uni-
1804 4276 2021 4331 Laribus
2049 4294 2296 4331 munera
2322 4276 2613 4331 humiliati
2643 4277 2868 4348 jejunio
2900 4278 3114 4332 mentis
3389 4282 3448 4333 et,

111 4369 264 4412 Versus
282 4361 587 4434 ιειηειιοτεε
609 4363 750 4417 dum
773 4363 1047 4434 Ρτωίθνίιν
1072 4365 1130 4417 εί
1150 4360 1429 4416 cadavera
1449 4360 1709 4414 Vivere!“
1805 4370 2060 4442 corporis
2086 4389 2119 4425 a
2139 4371 2385 4426 Domino
2419 4371 2823 4447 deprecantur,
2853 4388 2957 4442 pro
2985 4369 3194 4427 merito
3226 4371 3445 4427 devotas

115 4450 278 4507 “Inhra
300 4456 534 4512 salubris
562 4474 693 4528 quas
714 4456 922 4528 tetigit,
943 4473 1048 4528 per
1073 4454 1361 4512 Christum
1390 4452 1704 4509 Dominum
1805 4464 2274 4519 sanctificationis
2294 4464 2616 4520 obtineant.
2645 4467 2770 4519 Per.

119 4546 350 4604 nostrum.
379 4551 480 4606 Cui
506 4567 657 4606 mer.

690 4644 810 4693 Post
838 4644 1072 4694 Sanctus.

174 4722 395 4799 Suscipe,
427 4728 695 4798 Domine,
725 4729 878 4784 inter
922 4727 1201 4801 angelicae
1240 4726 1390 4782 vocis
1430 4725 1707 4795 officium,

2358 3358 2605 3409 Collectio
2624 3358 2873 3423 sequitur.

2335 4562 2587 4613 Collectio
2613 4562 2678 4613 ad
2702 4576 2908 4626 pacem.

1724 4628 1783 4701 Ι)
1878 4646 2027 4699 Deus
2052 4643 2439 4713 continentiae,
2469 4646 2618 4698 Deus
2644 4643 2896 4699 caritatis
2921 4648 2980 4699 et
2999 4644 3174 4716 pacis,
3208 4644 3305 4716 qui
3324 4661 3450 4717 pre-

1813 4739 1971 4794 cibus
2017 4738 2454 4793 humiliantium
2497 4755 2555 4792 se
2597 4738 2925 4805 inﬂecteris,
2983 4739 3258 4794 miserere
3318 4757 3449 4795 nos-

121 4819 292 4874 nostra!
314 4838 537 4895 quoque
569 4823 857 4878 servitutis
879 4821 1243 4894 obsequium.
1266 4822 1376 4876 Per
1398 4821 1708 4875 Christum-
1815 4834 1907 4901 tri,
1942 4833 2145 4888 exaudi
2169 4849 2293 4900 nos,
2324 4835 2383 4886 et
2403 4830 2757 4886 diversarum
2788 4831 3085 4888 turbinum
3109 4836 3453 4906 tempestate

659 4927 782 4976 Post
802 4925 1126 4991 mysterium.
1813 4931 2059 4995 remota,
2106 4942 2310 4997 pacem
2357 4926 2523 4981 nobis
2567 4929 2679 4979 tuae
2728 4926 3055 4983 serenitatis
3103 4928 3450 5000 impertias:

175 5004 282 5061 Hec
311 5008 480 5080 igitur
525 5015 814 5084 praecepta
844 5015 1157 5080 servantes,
1191 5015 1555 5066 sacrosancta
1584 5026 1710 5064 πλη·
1817 5038 1992 5091 quam
2021 5021 2069 5075 si
2094 5023 2464 5092 peccatorum
2492 5022 2821 5075 nostrorum
2860 5020 3162 5077 nimietate
3202 5022 3457 5095 perdidi-

124 5112 233 5153 nera
295 5108 499 5159 nostrae
574 5106 770 5160 salutis
847 5105 1163 5174 offerimus,
1215 5105 1583 5161 obsecrantes
1655 5121 1687 5158 u

1820 5132 1969 5183 mus,
1991 5114 2546 5187 perindulgentiam
2578 5116 2689 5168 tum
2716 5114 3126 5172 misericordiae
3147 5131 3459 5187 consequa-

126 5186 288 5267 228
316 5196 629 5255 immittere
661 5200 920 5273 digneris
948 5200 1228 5272 Spiritum
1257 5203 1424 5254 tuum
1453 5202 1717 5254 sanctum
1822 5224 1971 5263 mur,
1996 5186 2107 5263 Per
2126 5209 2440 5264 Dominum
2457 5211 2720 5264 nostrum
2739 5211 2955 5271 Jesum,

128 5294 262 5351 super
288 5286 404 5343 hinc
430 5290 756 5358 sollemnia,
788 5294 850 5345 ut
876 5291 978 5344 fiat
1001 5289 1169 5345 nobis
1208 5289 1473 5369 tegitima
1497 5289 1714 5344 Eucha—
2384 5308 2676 5358 Ῑωωοιαιίο
2708 5307 2895 5359 missae.

131 5372 253 5472 nstia
273 5379 328 5434 in
352 5385 450 5437 tuo
481 5383 721 5455 Filiique
747 5383 831 5438 tui
862 5384 1123 5453 nomine,
1152 5387 1210 5438 et
1244 5383 1487 5456 Spiritus
1516 5382 1717 5450 sancti,
1892 5390 2031 5445 Vere
2061 5386 2303 5459 dignum
2338 5392 2396 5442 et
2418 5389 2641 5459 justum
2675 5393 2792 5455 est;
2847 5404 3077 5461 aequum
3120 5392 3177 5443 et
3211 5388 3459 5443 salutare

132 5480 176 5519 In
209 5474 695 5532 transformatione
737 5478 993 5549 corporis
1031 5495 1097 5533 ac
1145 5478 1443 5550 sanguinis
1489 5475 1723 5532 Domini
1826 5486 1931 5551 est,
1970 5500 2075 5537 nos
2112 5482 2213 5536 tibi
2258 5482 2474 5552 gratias
2513 5499 2706 5554 agere,
2751 5483 2996 5537 Domine
3035 5484 3250 5548 sancte,
3294 5482 3463 5536 Pater

136 5565 276 5620 nostri
310 5569 435 5624 Jesu
474 5571 683 5627 Christi
720 5571 1013 5643 Unigeniti
1060 5572 1161 5640 tui,
1214 5571 1517 5627 edentibus
1559 5569 1724 5625 nobis
1827 5576 2217 5648 omnipotens,
2250 5578 2465 5631 aeterne
2495 5576 2664 5643 Deus,
2694 5592 2799 5647 per
2823 5576 3111 5632 Christum
3146 5573 3461 5629 Dominum

191 5707 811 5792 deetur‘legendum,
858 5719 1488 5792 reuelationismysterio
1529 5716 1727 5792 Filium
1901 5733 1923 5761 ο
1958 5722 2065 5775 Pro
2094 5720 2403 5792 inlatis...”
2430 5716 2763 5792 criminibus.
2883 5786 2914 5792 ,Α
3008 5786 3018 5792 _
3109 5788 3128 5792 _
3221 5784 3255 5792 __
3412 5778 3421 5792 ⁸

142 5779 812 5910 ξῷωημεηάοήπκιαωέ
836 5790 1113 5863 apostolis,
1143 5789 1232 5845 vel
1264 5779 1537 5863 apostolus
1574 5787 1687 5845 0rd:

1901 5792 1929 5833 ά
1958 5793 2042 5846 Ita
2081 5790 2408 5847 scribebant
2447 5790 2530 5844 illi
2574 5791 2817 5856 veteres,
2877 5786 2959 5842 ita
3004 5786 3062 5842 in
3108 5779 3460 5842 Lectionario

1832 5862 2147 5921 Gallicana.

199 5898 378 6009 I"lege
405 5933 525 5990 dote
550 5937 689 5992 inter
713 5937 980 6011 apostolos
997 5936 1203 6008 prm’it.
