3968 6224
441 365 544 419 259

1230 346 1561 408 ΑΡΡΕΝΒΙΧ
1600 346 1688 402 ΑΙ)
1724 345 1947 400 OPERA
1984 343 2104 399 SAN

2256 304 2558 400 GEItMANI
2594 342 3022 400 PARISIENSIS.

3732 341 3845 393 260

444 472 725 526 nostrum.
769 463 877 531 Qui
911 466 998 520 est
1035 462 1204 518 Filius
1254 464 1384 514 tuus
1434 453 1785 525 unigenitus,
1831 468 2077 507 manens
2100 465 2159 538 Α
2179 452 2367 508 ctione
2402 452 2599 521 levari,
2629 452 2726 523 qui
2751 468 2883 507 cum
2908 452 3033 506 haec
3067 449 3223 505 dona
3255 446 3583 515 contulerit,
3617 448 3847 501 cuncta

442 565 504 619 in
534 561 719 634 gloria
744 562 861 626 tua,
896 557 951 611 in
981 573 1094 628 quo
1121 550 1513 626 jejunantium
1548 547 1692 601 ﬁdes
1718 546 1908 613 alitur,
1949 561 2077 616 spes

447 655 797 729 provehitur,
821 651 1027 707 caritas
1048 648 1369 703 roboratur.
1385 646 1508 715 Ipse
1536 639 1787 695 estenim
1807 637 1977 694 Panis
1996 637 2076 691 vi-

446 768 547 805 vus
563 755 621 804 et
639 764 823 813 verus,
839 745 935 817 qui
949 744 1019 797 de
1041 743 1179 797 caelo
1202 736 1517 803 descendit,
1534 737 1592 789 et
1606 733 1832 789 habitat
1851 748 2082 803 semper

448 844 506 899 in
540 844 675 897 caelo
703 858 716 908 ;
750 839 847 911 qui
875 841 961 891 est
989 832 1309 890 substantia
1340 827 1698 896 aeternitatis,
1731 828 1790 881 et
1819 842 1948 881 esca
1968 825 2077 879 vir-

450 938 603 992 tutis.
652 934 902 988 Verbum
948 929 1105 984 enim
1149 930 1334 993 tuum,
1381 940 1485 995 per
1533 921 1689 993 quod
1736 920 1888 974 facta
1952 920 2085 972 sunt

452 1029 669 1096 omnia,
696 1042 813 1081 non
833 1024 1018 1079 solum
1046 1002 1440 1076 humanarum
1467 1015 1777 1081 mentium,
1808 1012 1909 1066 sed
1931 1012 2083 1083 ipso-

450 1140 581 1179 rum
613 1135 842 1192 quoque
868 1115 1033 1189 panis
1063 1117 1150 1168 est
1174 1112 1537 1183 angelorum.
1567 1107 1743 1178 Hujus
1768 1105 1937 1160 Panis
1984 1104 2088 1158 ali-

453 1218 650 1273 mento
675 1211 876 1267 Moises
915 1213 1044 1263 tuus
1076 1206 1326 1262 famulus
1362 1200 1749 1275 quadraginta
1801 1198 2002 1253 diebus
2032 1200 2089 1251 et

453 1307 712 1366 noctibus
727 1306 916 1375 legem
944 1300 1276 1371 suscipiens,
1292 1296 1372 1368 jej
1382 1294 1595 1360 unavit,
1616 1296 1673 1347 et
1690 1310 1723 1347 a
1743 1291 2086 1356 carnalibus,

453 1401 613 1470 cibis,
641 1402 704 1454 ut
724 1402 836 1453 tua:
862 1393 1155 1450 suavitatis
1191 1390 1458 1462 capacior
1497 1389 1665 1454 esset,
1698 1383 1993 1451 abstinuit,
2018 1383 2089 1438 de

456 1497 631 1552 verbo
665 1496 763 1547 tuo
803 1490 1016 1545 vivens.
1054 1486 1227 1557 Cujus
1265 1487 1323 1539 et
1351 1481 1721 1537 dulcedinem
1766 1477 1998 1533 videbat
2031 1476 2091 1529 in

455 1590 676 1663 spiritu,
707 1588 764 1640 et
792 1585 979 1638 lucem
1015 1578 1333 1652 accipiebat
1372 1577 1430 1631 in
1460 1576 1636 1629 vultu.
1685 1572 1848 1628 Unde
1885 1586 1991 1625 nec
2014 1570 2096 1624 fa-

462 1698 619 1738 mem
643 1676 896 1749 corporis
916 1674 1114 1740 sensit,
1137 1675 1195 1726 et
1214 1675 1579 1726 terrenarum
1601 1669 1688 1721 est
1707 1664 1915 1721 oblitus
1936 1679 2092 1718 esca-

457 1793 608 1843 rum,
635 1772 769 1845 quia
799 1771 961 1823 illum
984 1771 1041 1821 et
1068 1765 1266 1837 gloriae
1295 1768 1408 1818 tuae
1437 1759 1790 1817 clariﬁcabat
1805 1758 2090 1828 aspectus,

2181 546 2345 602 nobis
2375 545 2539 600 utilia
2577 562 2693 600 non
2736 544 2997 618 negabis.
3037 546 3147 600 Per
3187 542 3505 599 Dominum
3553 543 3845 597 nostrum

2178 642 2374 696 Iesum
2404 639 2712 727 Christum.

2667 732 3054 784 Consummatio
3081 730 3254 781 missae
3280 733 3329 780 b.

2250 816 2539 871 Virtutum
2591 814 2905 870 caelestium
2964 815 3133 881 Deus,
3191 809 3287 883 qui
3338 812 3505 883 plura
3560 812 3846 881 praestas,

2184 926 2359 981 quam
2385 908 2635 980 petimus
2664 911 2763 963 aut
2792 923 3105 974 meremur,
3140 906 3347 973 tribue,
3374 920 3746 976 quaesumus,
3786 904 3853 955 ut

2185 1007 2285 1058 tua
2310 1002 2475 1058 nobis
2500 1001 2896 1056 misericordia
2923 1001 3276 1067 conferatur,
3300 998 3456 1070 quod
3488 1000 3847 1052 nostrorum

2188 1114 2304 1152 non
2338 1096 2511 1151 habet
2540 1094 2749 1151 ﬁducia
2792 1093 3156 1150 meritorum.
3192 1095 3301 1147 Per
3340 1091 3659 1147 Dominum
3713 1104 3852 1144 nos-

2187 1195 2341 1245 trum
2362 1191 2555 1245 Iesum
2583 1188 2893 1244 Christum.

2362 1281 2659 1332 Benedictio
2680 1281 2861 1346 papuli
2884 1280 2938 1330 in
2956 1279 3160 1330 initium
3187 1278 3657 1343 Quadragiusime.

2258 1364 2346 1419 Ad
2357 1363 2675 1418 custodiam
2689 1361 2883 1433 gregis
2893 1360 2997 1428 tui,
3013 1360 3342 1415 animarum
3354 1360 3576 1428 Pastor,
3592 1358 3699 1430 qui
3715 1356 3852 1412 dor-

2193 1458 2340 1513 mire
2363 1457 2565 1522 nescis,
2584 1454 2837 1526 invigila.
2852 1456 3059 1509 Amen.
3076 1455 3144 1508 Et
3164 1471 3236 1508 ne
3260 1452 3558 1508 nocturnis
3591 1452 3851 1507 terrori-

2192 1552 2298 1606 bus
2309 1551 2603 1622 fatigetur,
2621 1548 2890 1603 invisibili
2904 1564 3038 1603 eum
3051 1548 3283 1603 adtacta
3294 1547 3609 1602 sanctiﬁca.
3624 1548 3847 1600 Amen.

2193 1645 2481 1717 Fragilem
2495 1642 2697 1712 solida,
2715 1642 3028 1698 contritum
3047 1642 3226 1711 eleva,
3244 1640 3687 1712 invalidumque
3711 1656 3854 1695 con-

2194 1740 2383 1807 ﬁrma,
2437 1737 2652 1810 pietate
2704 1737 2906 1804 alleva,
2957 1735 3195 1790 caritate
3258 1734 3501 1803 aediﬁca,
3570 1734 3849 1788 castitate

462 1874 537 1937 et,
568 1827 841 1921 influente
869 1860 1102 1932 Spiritu,
1133 1857 1237 1913 Dei
1264 1872 1456 1911 sermo
1484 1852 1773 1925 pascebat.
1805 1851 1964 1904 Hunc
1992 1843 2168 1915 Pa-B
2191 1832 2430 1900 munda.
2460 1830 2743 1933 εδρίθξὶίίδ
2777 1828 3081 1937 inlumina:
3119 1827 3493 1883 miseratione
3534 1842 3849 1882 conserva-

463 1979 622 2029 nem,
650 1956 914 2023 Domine,
952 1952 1117 2008 nobis
1151 1967 1256 2023 per
1295 1951 1400 2004 hos
1437 1944 1825 2019 quadraginta
1860 1942 1982 1997 dies
2021 1941 2101 2013 (in

466 2056 671 2128 quibus
700 2050 893 2116 hodie,
919 2041 1474 2116 Quadraginsimalis
1512 2038 1971 2094 macerationem
2000 2035 2099 2089 ab-

465 2127 751 2205 stinentia}
772 2142 1130 2207 inchoantes,
1152 2133 1534 2208 ingredimur)
1557 2131 1884 2187 ministrare
1906 2127 2104 2200 digne-

465 2243 561 2310 ris,
607 2254 783 2311 quem
818 2239 883 2290 ut
919 2233 1182 2288 sitiamus
1220 2228 1618 2285 indesinenter
1636 2222 1902 2279 hortaris.
1932 2220 2105 2292 Cujus

466 2350 639 2391 carne
666 2350 700 2387 a
724 2334 782 2385 te
811 2330 936 2401 ipso
959 2325 1315 2381 sanctiﬁcata
1352 2322 1492 2376 dum
1531 2319 1841 2391 pascimur,
1874 2316 2106 2371 robora-

469 2444 603 2485 mur
622 2428 680 2480 et
706 2421 1006 2494 sanguine,
1032 2418 1170 2473 dum
1192 2417 1398 2471 hausto
1422 2414 1685 2468 sitienter
1702 2413 1991 2483 potamur,
2011 2407 2108 2462 ab-

469 2522 705 2587 luimur,
725 2532 828 2588 per
843 2513 1132 2570 Christum
1156 2509 1469 2565 Dominum
1486 2508 1767 2561 nostrum.
1782 2505 1893 2558 Per
1907 2517 2104 2573 quem.

1094 2609 1215 2658 Post
1246 2609 1481 2657 Sanctus.

547 2699 885 2757 Benedictus
927 2694 1024 2767 qui
1073 2692 1229 2749 venit
1274 2692 1333 2746 in
1383 2687 1620 2746 nomine
1672 2684 1924 2754 Domini,
1958 2685 2108 2739 Deus

477 2795 847 2853 scientiarum
894 2788 1191 2853 Dominus,
1241 2786 1340 2857 qui
1392 2785 1625 2855 praestat
1669 2778 2108 2836 adinventiones

476 2908 624 2957 suas,
648 2891 707 2943 et
723 2883 974 2957 disponit
995 2880 1191 2938 omnia
1215 2878 1495 2942 suaviter;
1528 2876 1628 2947 qui
1654 2873 1914 2929 ascendit
1939 2887 2111 2943 super

476 2997 761 3049 occasum,
793 2976 1073 3034 Dominus
1104 2990 1319 3030 nomen
1351 2974 1437 3027 est
1467 2969 1568 3025 illi.
1612 2969 1711 3024 Hic
1735 2967 1907 3023 Panis
1953 2965 2110 3019 vivus

475 3084 533 3136 et
555 3092 741 3145 verus,
765 3072 865 3146 qui
894 3072 966 3127 de
992 3070 1131 3125 caelo
1160 3064 1477 3133 descendit,
1505 3067 1569 3118 ut
1595 3063 1762 3117 daret
1786 3077 1947 3116 escas
1981 3075 2108 3113 esu-

477 3171 772 3237 rientium,
805 3167 984 3222 immo
1028 3166 1087 3218 et
1117 3160 1239 3233 ipse
1279 3161 1431 3214 esset
1469 3173 1600 3212 esca
1624 3153 1939 3210 viventium
1968 3169 1981 3209 :
2012 3153 2114 3206 ﬁat

480 3266 645 3322 nobis
670 3264 729 3318 in
771 3276 942 3333 pane,
977 3273 1091 3330 quo
1139 3253 1315 3309 corda
1348 3253 1672 3318 firmantur,
1711 3252 1774 3304 ut
1819 3248 1877 3302 in
1906 3247 2112 3301 virtute

478 3358 649 3416 Panis
677 3355 847 3426 hujus
872 3368 975 3424 per
1003 3351 1109 3405 hos
1135 3346 1520 3421 quadraginta
1546 3344 1687 3413 dies,
1716 3343 1839 3397 sine
1866 3339 2109 3412 impedi-

482 3455 682 3509 mento
704 3446 892 3504 carnis
913 3448 970 3499 et
989 3441 1283 3515 sanguinis
1292 3439 1561 3512 jejunare
1582 3439 1894 3503 valeamus,
1926 3434 2115 3506 ipsum

482 3561 699 3620 panem
725 3541 1024 3607 habentes,
1053 3536 1148 3608 qui
1180 3551 1465 3607 pauperes
1491 3531 1671 3604 pascit
1698 3528 1942 3602 panibus
1975 3544 1988 3583 :
2017 3526 2117 3597 qui

481 3639 655 3712 Moysi
704 3641 761 3691 et
788 3634 961 3689 Heliae
1000 3647 1104 3703 per
1146 3626 1531 3702 quadraginta
1567 3625 1690 3680 dies
1722 3620 2118 3694 jejunantibus

483 3730 677 3809 230
700 3725 1247 3799 Quadraginsimam
1270 3720 1587 3787 dedicavit;
1613 3716 1824 3772 deinde
1854 3715 2031 3771 etiam
2059 3714 2117 3768 in

486 3808 587 3884 suo
620 3827 738 3899 ipse
760 3821 1004 3895 jejunio,
1035 3817 1312 3874 eumdem
1346 3814 1512 3873 nobis
1543 3826 1856 3867 numerum
1891 3808 2117 3863 dierum

479 3920 687 3995 jejunii
718 3915 1107 3974 sollemnitate
1135 3909 1408 3982 signavit;
1434 3911 1497 3962 ut
1522 3904 1678 3978 quod
1704 3905 1824 3977 ipse
1842 3903 2120 3959 Dominus

485 4016 545 4072 in
582 4011 760 4070 nostri
799 4007 1053 4080 corporis
1087 4002 1426 4060 infirmitate
1456 4018 1561 4073 pro
1607 3999 1773 4055 nobis
1810 3997 2029 4069 jugiter
2061 3995 2120 4049 in

487 4128 555 4166 XL
581 4108 782 4164 diebus
804 4100 1065 4174 explevit,
1090 4098 1147 4152 id
1174 4115 1280 4152 nos
1306 4096 1394 4149 vel
1424 4092 1757 4148 minutatim
1784 4090 1991 4146 eodem
2023 4106 2123 4144 nu-

489 4219 654 4259 mero
683 4200 909 4254 dierum
962 4192 1177 4249 calculo
1232 4188 1537 4244 distributa
1582 4184 1963 4252 observantia,
1998 4200 2119 4239 ves-

493 4294 733 4371 pertinis
752 4290 775 4319 ⁸
804 4285 1214 4345 refectionibus
1240 4282 1574 4338 studeamus
1604 4277 1839 4335 imitari.
1866 4279 1992 4334 Per.

1069 4385 1193 4434 Post
1222 4377 1546 4446 mysterium.

563 4477 809 4550 Accepta
834 4470 940 4529 tibi
960 4469 1050 4539 sit,
1077 4467 1344 4534 Domine,
1369 4467 1580 4519 nostrae
1609 4461 1931 4518 devotionis
1965 4462 2123 4517 obla-

2201 1930 2406 1982 Amen.
2437 1923 2705 1979 Proﬁciat
2740 1922 2875 1977 ﬁdei
2909 1922 3173 1994 vigilanti
3202 1920 3417 1976 amoris
3443 1921 3527 1975 tui
3567 1936 3849 1992 perseve-

2201 2019 2409 2087 rantia,
2432 2033 2663 2073 morum
2684 2015 3092 2088 temperantia,
3110 2014 3521 2083 misericordiae
3538 2013 3855 2085 providen-

2202 2115 2303 2181 tia,
2336 2114 2567 2167 actuum
2595 2109 2914 2182 disciplina.
2936 2111 3143 2164 Amen.
3168 2110 3240 2164 Ut
3264 2124 3649 2181 perconcessa
3679 2107 3858 2161 mise-

2203 2206 2445 2262 rationis
2456 2204 2837 2276 indulgentia,
2858 2220 2975 2259 non
2989 2202 3224 2274 abjicias
3245 2219 3379 2257 eum
3394 2218 3428 2256 a
3438 2200 3858 2273 promissionis

2204 2305 2317 2356 tuae
2342 2298 2796 2372 magniﬁcentia,
2828 2297 2927 2352 sed
2956 2297 3236 2369 perducas
3268 2296 3343 2350 ad
3383 2294 3639 2363 veniam,
3672 2311 3858 2365 quem

2206 2395 2299 2450 hic
2320 2394 2421 2449 tibi
2439 2393 2725 2466 adoptasti
2741 2408 2846 2464 per
2862 2391 3131 2464 gratiam.
3145 2392 3353 2444 Amen.
3369 2392 3478 2446 Per
3502 2389 3856 2444 Dominum.

2657 2501 2805 2554 XXII.
2832 2514 2959 2554 mm
2988 2513 3147 2554 mssa
3176 2514 3393 2554 JEJUNII.

2278 2597 2462 2674 231
2510 2597 2892 2669 Omnipotens
2930 2596 3279 2668 sempiterne
3327 2597 3495 2663 Deus,
3533 2594 3637 2666 qui
3689 2592 3864 2648 nobis

2208 2695 2268 2749 in
2308 2692 2705 2749 observatione
2739 2690 2945 2762 jejunii
2988 2694 3046 2745 et
3080 2692 3585 2762 eleemosynarum
3627 2687 3861 2742 semine

2208 2786 2449 2860 posuisti
2486 2788 2816 2841 nostrorum
2854 2784 3115 2839 remedia
3152 2787 3541 2856 peccatorum,
3572 2781 3861 2845 concede,

2210 2898 2558 2954 quaesumus,
2606 2896 2711 2935 nos
2751 2896 2926 2951 Opere
2968 2878 3182 2933 mentis
3218 2882 3277 2933 et
3318 2877 3575 2949 corporis
3625 2891 3865 2948 semper

2208 2975 2311 3031 tibi
2340 2991 2463 3030 esse
2493 2974 2746 3029 devotos.
2784 2972 2949 3038 Quod
2975 2973 3098 3045 ipse
3127 2975 3422 3045 praestare.

2768 3070 3019 3121 Collectio
3035 3070 3287 3135 sequitur.

2282 3155 2431 3209 Deus
2456 3153 2729 3207 humanae
2748 3151 2945 3206 salutis
2967 3155 3256 3223 operator,
3282 3150 3356 3206 da
3383 3149 3553 3207 nobis
3582 3164 3861 3204 exercere

2133 3213 2188 3288 Ο
2206 3248 2431 3321 jejunii!
2451 3249 2856 3318 congruenter,
2881 3213 3088 3317 quibus
3105 3213 3317 3301 nostrae
3333 3244 3677 3301 substantiae
3706 3259 3866 3299 sem-

2214 3344 2441 3417 piterna
2467 3341 2728 3397 remedia
2748 3340 3064 3412 providisti.

2702 3436 2953 3488 Collectio
2983 3438 3101 3501 post
3120 3436 3352 3487 nomina.

2288 3523 2456 3590 Deus,
2489 3519 2587 3591 qui
2614 3535 2731 3574 non
2761 3521 2987 3573 tantum
3014 3533 3120 3572 nos
3150 3535 3184 3572 a
3211 3516 3536 3572 carnalibus
3565 3515 3735 3583 cibis,
3768 3514 3868 3569 sed

2217 3617 2289 3673 ab
2318 3615 2494 3688 ipsius
2520 3613 2729 3669 animm
2760 3610 2943 3667 noxiis
2972 3611 3452 3667 delectationibus
3478 3609 3754 3682 praecipis
3777 3609 3867 3681 je-

2211 3711 2442 3783 junare,
2496 3706 2575 3762 sic
2645 3704 2830 3774 nobis,
2903 3721 3251 3777 quaesumus,
3292 3703 3677 3776 indulgentiae
3756 3709 3868 3758 tuae

2219 3804 2411 3877 praebe
2439 3799 2775 3867 subsidium,
2806 3803 2870 3853 ut
2886 3798 3208 3871 jejunando
3231 3798 3302 3853 ab
3323 3798 3555 3853 inlicitis
3576 3798 3874 3870 contagiis

2220 3899 2295 3954 ad
2321 3913 2571 3969 superna
2598 3910 2939 3960 crescamus,
2964 3896 3024 3947 et
3046 3892 3284 3947 nomina
3312 3909 3438 3964 quae
3464 3892 3709 3948 recitata
3738 3898 3874 3947 sunt

2223 3993 2281 4048 in
2310 3990 2518 4048 caelesti
2545 3988 2758 4062 pagina
2788 3986 3073 4043 conscribi
3097 3985 3423 4058 praecipias.
3451 3988 3578 4041 Per.

2751 4084 3006 4136 Collectio
3036 4083 3100 4134 ad
3125 4097 3328 4148 pacem.

2294 4169 2556 4228 Concede
2600 4166 2786 4234 nobis,
2820 4165 3190 4237 omnipotens
3219 4166 3388 4232 Deus,
3426 4167 3489 4219 ut
3521 4181 3629 4236 per
3673 4181 3875 4221 annua

2226 4261 2786 4335 Quadraginsimalis
2813 4259 3084 4315 exercitia
3105 4258 3475 4328 sacramenti,
3505 4263 3565 4313 et
3590 4260 3670 4314 ad
3698 4260 3873 4315 intel-

2226 4358 2523 4432 ligendum
2562 4355 2768 4412 Christi
2810 4353 3179 4427 proﬁciamus
3210 4369 3508 4422 arcanum,
3540 4357 3599 4408 et
3630 4353 3876 4409 aﬁectus

2228 4454 2351 4525 ejus
2404 4452 2582 4522 digna
2627 4447 3061 4505 conversatione
3109 4450 3416 4515 sectemur,
3469 4451 3530 4502 ut
3582 4448 3877 4504 sinceram

494 4576 597 4645 tio,
626 4542 754 4646 quae
786 4572 843 4625 et
855 4565 1147 4640 jejunium
1186 4563 1472 4626 nostrum,
1511 4561 1567 4613 te
1599 4559 1897 4629 operante,
1925 4555 2207 4661 sancti-D
2230 4546 2394 4603 nobis
2422 4560 2625 4617 pacem
2652 4542 2888 4598 tribuas.
2923 4543 3031 4596 Per
3048 4542 3362 4597 Dominum
3385 4544 3653 4597 nostrum
3677 4544 3877 4599 Iesum

1068 4658 1076 4661 -
1285 4653 1341 4661 -.
1405 4655 1415 4661 .
1718 4651 1732 4661 .
1781 4652 1814 4661 ..
1905 4651 1915 4661 .
2232 4640 2515 4661 Nam“-

493 4671 645 4737 licet,
676 4667 735 4722 et
758 4658 1182 4734 indulgentiam
1207 4653 1374 4711 nobis
1400 4655 1515 4707 tuae
1540 4651 1948 4708 consolationis
1980 4650 2125 4705 obti-

496 4764 652 4822 neat.
675 4760 784 4816 Per
815 4768 968 4813 eum.

903 4854 1034 4904 Ante
1058 4848 1347 4902 orationem
1383 4844 1725 4900 Dominicam.

570 4944 697 4999 Non
738 4936 1136 5009 agnoscentes,
1167 4931 1434 4998 Domine,
1468 4929 1762 4993 meritum,
1796 4922 1894 4980 sed
1926 4936 2134 4994 praece-

498 5042 688 5113 ptum,
717 5031 853 5105 quia
875 5028 1081 5100 jubere
1109 5025 1379 5097 dignatus
1411 5041 1490 5093 es,
1521 5024 1806 5080 audemus
1840 5017 2050 5072 dicere.

917 5127 1039 5177 Post
1064 5124 1348 5176 orationem
1375 5123 1718 5174 Dominicam.

573 5216 807 5282 Adesto,
830 5206 1099 5276 Domine,
1121 5205 1384 5261 ﬁdelibus
1410 5204 1543 5271 tuis,
1567 5205 1627 5256 et
1652 5215 1797 5272 quos
1817 5196 2136 5252 coelestibus

504 5309 752 5371 instituis
783 5300 1188 5370 Sacramentis,
1220 5318 1253 5355 a
1274 5297 1522 5355 terrenis
1548 5308 1822 5351 conserva
1848 5288 2134 5364 periculis,

503 5407 765 5464 Salvator
796 5397 1019 5455 mundi.

1047 5480 1169 5529 Post
1194 5470 1592 5526 Eucharistiam.

575 5564 856 5634 Concede,
888 5560 1154 5625 Domine,
1187 5568 1536 5626 quaesumus,
1565 5564 1796 5605 morum
1826 5562 1930 5602 nos
1955 5561 2140 5601 corre-

575 5696 601 5751 ἓ
630 5690 940 5750 Notissima
967 5685 1203 5739 Patrum
1228 5680 1557 5751 nostrorum
1583 5675 1657 5731 ad
1681 5689 1984 5751 vesperam
1995 5672 2142 5744 jeju-

508 5748 758 5834 nia,_Sed
777 5766 997 5834 tantem
1020 5755 1109 5809 vel
1136 5752 1210 5808 ad
1237 5748 1625 5806 humilitatem
1650 5749 1907 5803 nostram
1936 5748 1992 5800 et
2035 5761 2139 5817 pu-

509 5825 713 5895 dorem
738 5825 1015 5887 notanda.

580 5886 942 5962 svi—’ﬂeculiaris
965 5897 1075 5954 hac
1100 5894 1194 5952 die
1220 5893 1425 5964 oratio,
1456 5891 1639 5967 qualis
1669 5891 1729 5946 in
1754 5886 2144 5963 superioribus

2230 4640 2541 4698 Christum.

2792 4706 3082 4758 Immolatio
3118 4705 3304 4758 missae.

2300 4792 2444 4848 Vere
2481 4790 2724 4862 dignum
2761 4791 2819 4842 et
2846 4788 3069 4859 justum
3118 4792 3205 4842 est
3255 4804 3360 4843 nos
3400 4787 3503 4843 tibi
3539 4804 3784 4861 semper
3823 4791 3880 4845 et

2232 4886 2444 4959 ubique
2474 4884 2686 4957 gratias
2717 4898 2911 4953 agere,
2944 4881 3189 4937 Domine
3231 4885 3448 4949 sancte,
3484 4883 3658 4936 Pater
3694 4883 3881 4938 omni-

2233 4984 2459 5054 potens,
2506 4981 2722 5033 aaterne
2781 4977 2949 5043 Deus,
2998 4975 3100 5030 tibi
3146 4974 3504 5030 sanctiﬁcare
3557 4975 3875 5047 jejunium,

2236 5074 2392 5147 quod
2422 5089 2528 5128 nos
2556 5071 2628 5126 ab
2650 5070 2815 5125 initio
2838 5070 3030 5125 saeculi
3054 5086 3281 5125 servare
3313 5068 3575 5124 docuisti.
3602 5069 3875 5141 Magnam

2237 5168 2394 5225 enim
2432 5167 2492 5222 in
2526 5166 2637 5221 hoc
2672 5175 2914 5220 munere
2955 5162 3213 5236 corporis
3260 5162 3509 5235 gratiam
3562 5163 3877 5218 contulisti.

2239 5261 2405 5328 Quod
2429 5260 2475 5315 si
2497 5260 2596 5314 illa
2623 5258 2862 5314 humani
2895 5258 3128 5329 generis
3155 5260 3344 5313 mater
3372 5256 3748 5312 interdictam
3775 5256 3878 5311 sibi

2240 5355 2506 5412 arborem
2530 5350 2890 5419 custodisset,
2920 5355 2979 5405 et
3008 5350 3512 5406 immortalitatem
3547 5350 3882 5406 retinuisset

2240 5454 2296 5507 et
2324 5448 2593 5522 patriam.
2616 5447 2730 5504 Sed
2756 5449 3058 5518 peccatum
3083 5444 3284 5500 matris
3311 5444 3586 5522 antiquae,
3610 5445 3774 5518 quod
3801 5446 3883 5499 in-

2239 5543 2396 5600 licita
2421 5542 2562 5614 ligni
2590 5540 2750 5597 vetiti
2793 5540 3168 5612 usurpatione
3214 5538 3524 5608 commisit,
3568 5518 3635 5594 in
3672 5539 3882 5596 nostris

2240 5669 2429 5726 missis
2459 5685 2577 5725 non
2602 5668 2867 5737 habetur,
2898 5670 3286 5740 praeterquam
3312 5666 3373 5722 in
3394 5665 3571 5740 missa
3601 5665 3675 5721 de
3694 5662 3881 5721 Natali

2242 5741 2494 5799 Domini.
2537 5740 2765 5797 Similes
2811 5740 2870 5794 in
2899 5737 3060 5794 'festo
3106 5737 3290 5795 sancti
3332 5738 3572 5795 Joannis
3630 5752 3879 5809 evange-

2241 5814 2405 5883 lista),
2448 5816 2506 5867 et
2550 5811 2611 5868 in
2655 5810 3122 5883 Circumcisione,
3169 5827 3360 5883 supra,
3421 5810 3565 5867 item
3609 5809 3767 5867 infra
3798 5808 3883 5863 in

2244 5885 2420 5941 missa
2438 5886 2506 5941 76
2532 5886 2590 5939 et
2615 5882 3005 5957 sequentibus.
