  <div class='ocr_page' id='page_1' title='image "/cluster/home/n/w/nwhite01/storage/ocr_20150623/72/uva.x000827084/147.png"; bbox 0 0 3968 6224; ppageno 0'>
   <div class='ocr_carea' id='block_1_1' title="bbox 482 301 584 353">
    <p class='ocr_par' dir='ltr' id='par_1_1' title="bbox 482 301 584 353">
     <span class='ocr_line' id='line_1_1' title="bbox 482 301 584 353; baseline -0.01 0"><span class='ocrx_word' id='word_1_1' title='bbox 482 301 584 353; x_wconf 83' lang='lat'>263</span> 
     </span>
    </p>
   </div>
   <div class='ocr_carea' id='block_1_2' title="bbox 1269 291 3065 350">
    <p class='ocr_par' dir='ltr' id='par_1_2' title="bbox 1269 291 3065 350">
     <span class='ocr_line' id='line_1_2' title="bbox 1269 291 3065 350; baseline -0.003 0"><span class='ocrx_word' id='word_1_2' title='bbox 1269 294 1600 350; x_wconf 77' lang='lat' dir='ltr'>APPENDIX</span> <span class='ocrx_word' id='word_1_3' title='bbox 1640 295 1726 349; x_wconf 79' lang='lat' dir='ltr'>AD</span> <span class='ocrx_word' id='word_1_4' title='bbox 1763 294 1985 349; x_wconf 84' lang='lat' dir='ltr'><strong>OPERA</strong></span> <span class='ocrx_word' id='word_1_5' title='bbox 2024 292 2256 348; x_wconf 78' lang='lat' dir='ltr'><strong>SANCTI</strong></span> <span class='ocrx_word' id='word_1_6' title='bbox 2295 291 2596 348; x_wconf 75' lang='lat' dir='ltr'>GERMANI</span> <span class='ocrx_word' id='word_1_7' title='bbox 2640 291 3065 348; x_wconf 75' lang='lat' dir='ltr'>PARISIENSIS.</span> 
     </span>
    </p>
   </div>
   <div class='ocr_carea' id='block_1_3' title="bbox 3763 297 3879 350">
    <p class='ocr_par' dir='ltr' id='par_1_3' title="bbox 3763 297 3879 350">
     <span class='ocr_line' id='line_1_3' title="bbox 3763 297 3879 350; baseline -0.017 0"><span class='ocrx_word' id='word_1_8' title='bbox 3763 297 3879 350; x_wconf 69' lang='grc'>264</span> 
     </span>
    </p>
   </div>
   <div class='ocr_carea' id='block_1_4' title="bbox 483 402 3876 488">
    <p class='ocr_par' dir='ltr' id='par_1_4' title="bbox 483 402 3876 488">
     <span class='ocr_line' id='line_1_4' title="bbox 483 402 3876 488; baseline -0.001 -28"><span class='ocrx_word' id='word_1_9' title='bbox 483 407 590 477; x_wconf 88' lang='lat' dir='ltr'>giis</span> <span class='ocrx_word' id='word_1_10' title='bbox 615 405 700 460; x_wconf 88' lang='lat' dir='ltr'>vel</span> <span class='ocrx_word' id='word_1_11' title='bbox 727 403 1054 460; x_wconf 62' lang='lat' dir='ltr'>laesionibus</span> <span class='ocrx_word' id='word_1_12' title='bbox 1081 419 1212 461; x_wconf 90' lang='lat' dir='ltr'>cum</span> <span class='ocrx_word' id='word_1_13' title='bbox 1238 405 1575 460; x_wconf 87' lang='lat' dir='ltr'>abstinentia</span> <span class='ocrx_word' id='word_1_14' title='bbox 1593 404 1967 475; x_wconf 83' lang='lat' dir='ltr'>quiescentes,</span> <span class='ocrx_word' id='word_1_15' title='bbox 1993 420 2119 474; x_wconf 86' lang='lat' dir='ltr'>pro-</span> <span class='ocrx_word' id='word_1_16' title='bbox 2141 415 2200 488; x_wconf 75' lang='grc' dir='ltr'><strong>Α</strong></span> <span class='ocrx_word' id='word_1_17' title='bbox 2220 404 2486 457; x_wconf 88' lang='lat' dir='ltr'>catricum</span> <span class='ocrx_word' id='word_1_18' title='bbox 2511 402 2775 456; x_wconf 89' lang='lat' dir='ltr'>morbida</span> <span class='ocrx_word' id='word_1_19' title='bbox 2809 402 2936 456; x_wconf 97' lang='lat' dir='ltr'>tabe</span> <span class='ocrx_word' id='word_1_20' title='bbox 2965 406 3263 474; x_wconf 65' lang='lat' dir='ltr'>corruptae,</span> <span class='ocrx_word' id='word_1_21' title='bbox 3297 402 3631 459; x_wconf 85' lang='lat' dir='ltr'>reviviscant</span> <span class='ocrx_word' id='word_1_22' title='bbox 3670 420 3740 460; x_wconf 84' lang='lat' dir='ltr'>ex</span> <span class='ocrx_word' id='word_1_23' title='bbox 3765 410 3876 459; x_wconf 82' lang='lat' dir='ltr'>tua</span> 
     </span>
    </p>
   </div>
   <div class='ocr_carea' id='block_1_5' title="bbox 481 499 1378 572">
    <p class='ocr_par' dir='ltr' id='par_1_5' title="bbox 481 499 1378 572">
     <span class='ocr_line' id='line_1_5' title="bbox 481 499 1378 572; baseline 0 -18"><span class='ocrx_word' id='word_1_24' title='bbox 481 499 711 572; x_wconf 84' lang='lat' dir='ltr'>pensius</span> <span class='ocrx_word' id='word_1_25' title='bbox 749 499 990 555; x_wconf 66' lang='lat' dir='ltr'>caelestia</span> <span class='ocrx_word' id='word_1_26' title='bbox 1017 500 1378 556; x_wconf 80' lang='lat' dir='ltr'>meditemur.</span> 
     </span>
    </p>
   </div>
   <div class='ocr_carea' id='block_1_6' title="bbox 1041 590 1564 642">
    <p class='ocr_par' dir='ltr' id='par_1_6' title="bbox 1041 590 1564 642">
     <span class='ocr_line' id='line_1_6' title="bbox 1041 590 1564 642; baseline -0.006 0"><span class='ocrx_word' id='word_1_27' title='bbox 1041 592 1330 642; x_wconf 87' lang='lat' dir='ltr'>Immolatio</span> <span class='ocrx_word' id='word_1_28' title='bbox 1377 590 1564 640; x_wconf 63' lang='lat' dir='ltr'>missae.</span> 
     </span>
    </p>
   </div>
   <div class='ocr_carea' id='block_1_7' title="bbox 555 665 2124 740">
    <p class='ocr_par' dir='ltr' id='par_1_7' title="bbox 555 665 2124 740">
     <span class='ocr_line' id='line_1_7' title="bbox 555 665 2124 740; baseline -0.001 -19"><span class='ocrx_word' id='word_1_29' title='bbox 555 668 803 740; x_wconf 84' lang='lat' dir='ltr'>Dignum</span> <span class='ocrx_word' id='word_1_30' title='bbox 849 673 905 723; x_wconf 90' lang='lat' dir='ltr'>et</span> <span class='ocrx_word' id='word_1_31' title='bbox 941 669 1159 738; x_wconf 89' lang='lat' dir='ltr'>justum</span> <span class='ocrx_word' id='word_1_32' title='bbox 1204 673 1286 722; x_wconf 89' lang='lat' dir='ltr'>est</span> <span class='ocrx_word' id='word_1_33' title='bbox 1330 684 1433 721; x_wconf 90' lang='lat' dir='ltr'>nos</span> <span class='ocrx_word' id='word_1_34' title='bbox 1482 667 1585 720; x_wconf 90' lang='lat' dir='ltr'>tibi</span> <span class='ocrx_word' id='word_1_35' title='bbox 1638 682 1860 736; x_wconf 86' lang='lat' dir='ltr'>semper</span> <span class='ocrx_word' id='word_1_36' title='bbox 1910 665 2124 736; x_wconf 80' lang='lat' dir='ltr'>gratias</span> 
     </span>
    </p>
   </div>
   <div class='ocr_carea' id='block_1_8' title="bbox 481 760 2124 832">
    <p class='ocr_par' dir='ltr' id='par_1_8' title="bbox 481 760 2124 832">
     <span class='ocr_line' id='line_1_8' title="bbox 481 760 2124 832; baseline -0.002 -16"><span class='ocrx_word' id='word_1_37' title='bbox 481 779 672 832; x_wconf 87' lang='lat' dir='ltr'>agere,</span> <span class='ocrx_word' id='word_1_38' title='bbox 724 762 957 817; x_wconf 88' lang='lat' dir='ltr'><strong>Domine</strong></span> <span class='ocrx_word' id='word_1_39' title='bbox 1011 766 1220 829; x_wconf 85' lang='lat' dir='ltr'>sancte,</span> <span class='ocrx_word' id='word_1_40' title='bbox 1267 763 1433 815; x_wconf 91' lang='lat' dir='ltr'>Pater</span> <span class='ocrx_word' id='word_1_41' title='bbox 1487 760 1863 831; x_wconf 90' lang='lat' dir='ltr'>omnipotens,</span> <span class='ocrx_word' id='word_1_42' title='bbox 1914 764 2124 813; x_wconf 69' lang='lat' dir='ltr'>aeterne</span> 
     </span>
    </p>
   </div>
   <div class='ocr_carea' id='block_1_9' title="bbox 484 853 2121 924">
    <p class='ocr_par' dir='ltr' id='par_1_9' title="bbox 484 853 2121 924">
     <span class='ocr_line' id='line_1_9' title="bbox 484 853 2121 924; baseline -0.001 -16"><span class='ocrx_word' id='word_1_43' title='bbox 484 857 650 922; x_wconf 90' lang='lat' dir='ltr'>Deus,</span> <span class='ocrx_word' id='word_1_44' title='bbox 704 861 768 910; x_wconf 92' lang='lat' dir='ltr'>ut</span> <span class='ocrx_word' id='word_1_45' title='bbox 823 855 1118 909; x_wconf 87' lang='lat' dir='ltr'>modulum</span> <span class='ocrx_word' id='word_1_46' title='bbox 1173 859 1414 908; x_wconf 66' lang='lat' dir='ltr'>terrente</span> <span class='ocrx_word' id='word_1_47' title='bbox 1462 853 1784 923; x_wconf 76' lang='lat' dir='ltr'>fragilitatis</span> <span class='ocrx_word' id='word_1_48' title='bbox 1825 853 2121 924; x_wconf 82' lang='lat' dir='ltr'>aspiciens,</span> 
     </span>
    </p>
   </div>
   <div class='ocr_carea' id='block_1_10' title="bbox 483 945 2123 1019">
    <p class='ocr_par' dir='ltr' id='par_1_10' title="bbox 483 945 2123 1019">
     <span class='ocr_line' id='line_1_10' title="bbox 483 945 2123 1019; baseline -0.002 -16"><span class='ocrx_word' id='word_1_49' title='bbox 483 965 599 1019; x_wconf 88' lang='lat' dir='ltr'>non</span> <span class='ocrx_word' id='word_1_50' title='bbox 625 949 684 1004; x_wconf 93' lang='lat' dir='ltr'>in</span> <span class='ocrx_word' id='word_1_51' title='bbox 716 949 800 1002; x_wconf 91' lang='lat' dir='ltr'>ira</span> <span class='ocrx_word' id='word_1_52' title='bbox 826 954 922 1002; x_wconf 90' lang='lat' dir='ltr'>tua</span> <span class='ocrx_word' id='word_1_53' title='bbox 952 965 1054 1018; x_wconf 88' lang='lat' dir='ltr'>pro</span> <span class='ocrx_word' id='word_1_54' title='bbox 1090 953 1281 1002; x_wconf 89' lang='lat' dir='ltr'>nostra</span> <span class='ocrx_word' id='word_1_55' title='bbox 1307 948 1588 1019; x_wconf 84' lang='lat' dir='ltr'>pravitate</span> <span class='ocrx_word' id='word_1_56' title='bbox 1619 965 1722 1001; x_wconf 90' lang='lat' dir='ltr'>nos</span> <span class='ocrx_word' id='word_1_57' title='bbox 1749 963 1993 1016; x_wconf 84' lang='lat' dir='ltr'>arguas;</span> <span class='ocrx_word' id='word_1_58' title='bbox 2028 945 2123 1000; x_wconf 89' lang='lat' dir='ltr'>sed</span> 
     </span>
    </p>
   </div>
   <div class='ocr_carea' id='block_1_11' title="bbox 483 1017 2119 1112">
    <p class='ocr_par' dir='ltr' id='par_1_11' title="bbox 483 1017 2119 1112">
     <span class='ocr_line' id='line_1_11' title="bbox 483 1017 2119 1112; baseline -0.004 -15"><span class='ocrx_word' id='word_1_59' title='bbox 483 1017 764 1097; x_wconf 74' lang='lat' dir='ltr'>immensa</span> <span class='ocrx_word' id='word_1_60' title='bbox 807 1041 1106 1096; x_wconf 91' lang='lat' dir='ltr'>clementia</span> <span class='ocrx_word' id='word_1_61' title='bbox 1155 1042 1441 1112; x_wconf 86' lang='lat' dir='ltr'>purifices,</span> <span class='ocrx_word' id='word_1_62' title='bbox 1489 1041 1732 1110; x_wconf 84' lang='lat' dir='ltr'>erudias,</span> <span class='ocrx_word' id='word_1_63' title='bbox 1783 1039 2119 1106; x_wconf 84' lang='lat' dir='ltr'>consoleris;</span> 
     </span>
    </p>
   </div>
   <div class='ocr_carea' id='block_1_12' title="bbox 484 1132 2126 1208">
    <p class='ocr_par' dir='ltr' id='par_1_12' title="bbox 484 1132 2126 1208">
     <span class='ocr_line' id='line_1_12' title="bbox 484 1132 2126 1208; baseline -0.003 -18"><span class='ocrx_word' id='word_1_64' title='bbox 484 1137 616 1208; x_wconf 87' lang='lat' dir='ltr'>quia</span> <span class='ocrx_word' id='word_1_65' title='bbox 643 1152 772 1190; x_wconf 91' lang='lat' dir='ltr'>cum</span> <span class='ocrx_word' id='word_1_66' title='bbox 799 1136 918 1189; x_wconf 88' lang='lat' dir='ltr'>sine</span> <span class='ocrx_word' id='word_1_67' title='bbox 961 1139 1016 1189; x_wconf 89' lang='lat' dir='ltr'>te</span> <span class='ocrx_word' id='word_1_68' title='bbox 1043 1135 1191 1189; x_wconf 86' lang='lat' dir='ltr'>nihil</span> <span class='ocrx_word' id='word_1_69' title='bbox 1218 1136 1498 1206; x_wconf 87' lang='lat' dir='ltr'>possimus</span> <span class='ocrx_word' id='word_1_70' title='bbox 1525 1135 1708 1189; x_wconf 88' lang='lat' dir='ltr'>facere</span> <span class='ocrx_word' id='word_1_71' title='bbox 1741 1133 1890 1204; x_wconf 89' lang='lat' dir='ltr'>quod</span> <span class='ocrx_word' id='word_1_72' title='bbox 1920 1133 2021 1187; x_wconf 88' lang='lat' dir='ltr'>tibi</span> <span class='ocrx_word' id='word_1_73' title='bbox 2056 1132 2126 1186; x_wconf 88' lang='lat' dir='ltr'>sit</span> 
     </span>
    </p>
   </div>
   <div class='ocr_carea' id='block_1_13' title="bbox 484 1227 2125 1300">
    <p class='ocr_par' dir='ltr' id='par_1_13' title="bbox 484 1227 2125 1300">
     <span class='ocr_line' id='line_1_13' title="bbox 484 1227 2125 1300; baseline -0.001 -18"><span class='ocrx_word' id='word_1_74' title='bbox 484 1229 776 1300; x_wconf 89' lang='lat' dir='ltr'>placitum,</span> <span class='ocrx_word' id='word_1_75' title='bbox 805 1234 905 1284; x_wconf 91' lang='lat' dir='ltr'>tua</span> <span class='ocrx_word' id='word_1_76' title='bbox 933 1229 1096 1284; x_wconf 91' lang='lat' dir='ltr'>nobis</span> <span class='ocrx_word' id='word_1_77' title='bbox 1129 1229 1306 1298; x_wconf 85' lang='lat' dir='ltr'>gratia</span> <span class='ocrx_word' id='word_1_78' title='bbox 1344 1229 1460 1282; x_wconf 93' lang='lat' dir='ltr'>sola</span> <span class='ocrx_word' id='word_1_79' title='bbox 1498 1228 1791 1299; x_wconf 60' lang='lat' dir='ltr'>praestabit</span> <span class='ocrx_word' id='word_1_80' title='bbox 1814 1232 1878 1281; x_wconf 91' lang='lat' dir='ltr'>ut</span> <span class='ocrx_word' id='word_1_81' title='bbox 1913 1227 2125 1280; x_wconf 86' lang='lat' dir='ltr'>salubri</span> 
     </span>
    </p>
   </div>
   <div class='ocr_carea' id='block_1_14' title="bbox 485 1320 2123 1394">
    <p class='ocr_par' dir='ltr' id='par_1_14' title="bbox 485 1320 2123 1394">
     <span class='ocr_line' id='line_1_14' title="bbox 485 1320 2123 1394; baseline -0.001 -19"><span class='ocrx_word' id='word_1_82' title='bbox 485 1323 910 1377; x_wconf 88' lang='lat' dir='ltr'>conversatione</span> <span class='ocrx_word' id='word_1_83' title='bbox 977 1323 1247 1391; x_wconf 80' lang='lat' dir='ltr'>vivamus,</span> <span class='ocrx_word' id='word_1_84' title='bbox 1303 1338 1408 1394; x_wconf 88' lang='lat' dir='ltr'>per</span> <span class='ocrx_word' id='word_1_85' title='bbox 1473 1322 1760 1376; x_wconf 82' lang='lat' dir='ltr'>Christum</span> <span class='ocrx_word' id='word_1_86' title='bbox 1818 1320 2123 1374; x_wconf 90' lang='lat' dir='ltr'>Dominum</span> 
     </span>
    </p>
   </div>
   <div class='ocr_carea' id='block_1_15' title="bbox 485 1416 1493 1488">
    <p class='ocr_par' dir='ltr' id='par_1_15' title="bbox 485 1416 1493 1488">
     <span class='ocr_line' id='line_1_15' title="bbox 485 1416 1493 1488; baseline 0 -18"><span class='ocrx_word' id='word_1_87' title='bbox 485 1421 763 1471; x_wconf 90' lang='lat' dir='ltr'>nostrum.</span> <span class='ocrx_word' id='word_1_88' title='bbox 792 1419 898 1471; x_wconf 88' lang='lat' dir='ltr'>Per</span> <span class='ocrx_word' id='word_1_89' title='bbox 925 1432 1097 1488; x_wconf 87' lang='lat' dir='ltr'>quem</span> <span class='ocrx_word' id='word_1_90' title='bbox 1129 1416 1493 1486; x_wconf 87' lang='lat' dir='ltr'>Majestatem.</span> 
     </span>
    </p>
   </div>
   <div class='ocr_carea' id='block_1_16' title="bbox 736 1525 1870 1587">
    <p class='ocr_par' dir='ltr' id='par_1_16' title="bbox 736 1525 1870 1587">
     <span class='ocr_line' id='line_1_16' title="bbox 736 1525 1870 1587; baseline 0.001 -9"><span class='ocrx_word' id='word_1_91' title='bbox 736 1525 907 1579; x_wconf 84' lang='lat' dir='ltr'><strong>XXVI.</strong></span> <span class='ocrx_word' id='word_1_92' title='bbox 949 1541 1072 1579; x_wconf 74' lang='lat' dir='ltr'>imi</span> <span class='ocrx_word' id='word_1_93' title='bbox 1115 1540 1273 1579; x_wconf 54' lang='lat' dir='ltr'>mssa</span> <span class='ocrx_word' id='word_1_94' title='bbox 1314 1541 1366 1579; x_wconf 80' lang='lat' dir='ltr'>IN</span> <span class='ocrx_word' id='word_1_95' title='bbox 1411 1539 1870 1587; x_wconf 73' lang='lat' dir='ltr'>QUADRAGINSlMA.</span> 
     </span>
    </p>
   </div>
   <div class='ocr_carea' id='block_1_17' title="bbox 559 1617 2122 1689">
    <p class='ocr_par' dir='ltr' id='par_1_17' title="bbox 559 1617 2122 1689">
     <span class='ocr_line' id='line_1_17' title="bbox 559 1617 2122 1689; baseline -0.001 -17"><span class='ocrx_word' id='word_1_96' title='bbox 559 1618 797 1672; x_wconf 90' lang='lat' dir='ltr'>Domine</span> <span class='ocrx_word' id='word_1_97' title='bbox 829 1619 992 1686; x_wconf 86' lang='lat' dir='ltr'>Deus,</span> <span class='ocrx_word' id='word_1_98' title='bbox 1026 1618 1123 1689; x_wconf 90' lang='lat' dir='ltr'>qui</span> <span class='ocrx_word' id='word_1_99' title='bbox 1167 1617 1392 1689; x_wconf 87' lang='lat' dir='ltr'>populis</span> <span class='ocrx_word' id='word_1_100' title='bbox 1421 1619 1532 1672; x_wconf 85' lang='lat' dir='ltr'>tuis</span> <span class='ocrx_word' id='word_1_101' title='bbox 1571 1623 1626 1673; x_wconf 92' lang='lat' dir='ltr'>et</span> <span class='ocrx_word' id='word_1_102' title='bbox 1649 1618 1801 1688; x_wconf 89' lang='lat' dir='ltr'>juste</span> <span class='ocrx_word' id='word_1_103' title='bbox 1847 1618 2122 1687; x_wconf 90' lang='lat' dir='ltr'>irasceris,</span> 
     </span>
    </p>
   </div>
   <div class='ocr_carea' id='block_1_18' title="bbox 489 1712 2128 1783">
    <p class='ocr_par' dir='ltr' id='par_1_18' title="bbox 489 1712 2128 1783">
     <span class='ocr_line' id='line_1_18' title="bbox 489 1712 2128 1783; baseline -0.001 -17"><span class='ocrx_word' id='word_1_104' title='bbox 489 1717 543 1766; x_wconf 89' lang='lat' dir='ltr'>et</span> <span class='ocrx_word' id='word_1_105' title='bbox 573 1712 879 1766; x_wconf 90' lang='lat' dir='ltr'>clementer</span> <span class='ocrx_word' id='word_1_106' title='bbox 903 1712 1171 1782; x_wconf 82' lang='lat' dir='ltr'>ignoscis,</span> <span class='ocrx_word' id='word_1_107' title='bbox 1203 1712 1411 1766; x_wconf 89' lang='lat' dir='ltr'>inclina</span> <span class='ocrx_word' id='word_1_108' title='bbox 1431 1728 1628 1766; x_wconf 88' lang='lat' dir='ltr'>aurem</span> <span class='ocrx_word' id='word_1_109' title='bbox 1659 1716 1820 1765; x_wconf 90' lang='lat' dir='ltr'>tuam</span> <span class='ocrx_word' id='word_1_110' title='bbox 1845 1712 2128 1783; x_wconf 90' lang='lat' dir='ltr'>supplica-</span> 
     </span>
    </p>
   </div>
   <div class='ocr_carea' id='block_1_19' title="bbox 2225 496 3870 564">
    <p class='ocr_par' dir='ltr' id='par_1_19' title="bbox 2225 496 3870 564">
     <span class='ocr_line' id='line_1_19' title="bbox 2225 496 3870 564; baseline 0.002 -14"><span class='ocrx_word' id='word_1_111' title='bbox 2225 497 2460 551; x_wconf 90' lang='lat' dir='ltr'>interius</span> <span class='ocrx_word' id='word_1_112' title='bbox 2488 496 2823 564; x_wconf 86' lang='lat' dir='ltr'>visitatione,</span> <span class='ocrx_word' id='word_1_113' title='bbox 2856 497 2999 551; x_wconf 91' lang='lat' dir='ltr'>sicut</span> <span class='ocrx_word' id='word_1_114' title='bbox 3044 497 3234 552; x_wconf 88' lang='lat' dir='ltr'>Lazari</span> <span class='ocrx_word' id='word_1_115' title='bbox 3272 498 3488 552; x_wconf 83' lang='lat' dir='ltr'>viscera</span> <span class='ocrx_word' id='word_1_116' title='bbox 3528 515 3562 553; x_wconf 88' lang='lat' dir='ltr'>a</span> <span class='ocrx_word' id='word_1_117' title='bbox 3590 502 3693 552; x_wconf 91' lang='lat' dir='ltr'>tua</span> <span class='ocrx_word' id='word_1_118' title='bbox 3734 499 3870 554; x_wconf 88' lang='lat' dir='ltr'>fue-</span> 
     </span>
    </p>
   </div>
   <div class='ocr_carea' id='block_1_20' title="bbox 2226 585 3050 651">
    <p class='ocr_par' dir='ltr' id='par_1_20' title="bbox 2226 585 3050 651">
     <span class='ocr_line' id='line_1_20' title="bbox 2226 585 3050 651; baseline 0 -10"><span class='ocrx_word' id='word_1_119' title='bbox 2226 590 2358 641; x_wconf 91' lang='lat' dir='ltr'>runt</span> <span class='ocrx_word' id='word_1_120' title='bbox 2383 586 2631 640; x_wconf 87' lang='lat' dir='ltr'>animata</span> <span class='ocrx_word' id='word_1_121' title='bbox 2659 602 2812 651; x_wconf 89' lang='lat' dir='ltr'>voce,</span> <span class='ocrx_word' id='word_1_122' title='bbox 2847 585 3050 641; x_wconf 88' lang='lat' dir='ltr'>Salvat.</span> 
     </span>
    </p>
   </div>
   <div class='ocr_carea' id='block_1_21' title="bbox 2776 684 3299 748">
    <p class='ocr_par' dir='ltr' id='par_1_21' title="bbox 2776 684 3299 748">
     <span class='ocr_line' id='line_1_21' title="bbox 2776 684 3299 748; baseline 0 -14"><span class='ocrx_word' id='word_1_123' title='bbox 2776 684 2915 734; x_wconf 90' lang='lat' dir='ltr'>Colle</span> <span class='ocrx_word' id='word_1_124' title='bbox 2924 684 3024 734; x_wconf 90' lang='lat' dir='ltr'>ctio</span> <span class='ocrx_word' id='word_1_125' title='bbox 3051 685 3299 748; x_wconf 83' lang='lat' dir='ltr'>sequitur.</span> 
     </span>
    </p>
   </div>
   <div class='ocr_carea' id='block_1_22' title="bbox 2296 767 3882 838">
    <p class='ocr_par' dir='ltr' id='par_1_22' title="bbox 2296 767 3882 838">
     <span class='ocr_line' id='line_1_22' title="bbox 2296 767 3882 838; baseline -0.001 -16"><span class='ocrx_word' id='word_1_126' title='bbox 2296 769 2446 822; x_wconf 86' lang='lat' dir='ltr'>Bone</span> <span class='ocrx_word' id='word_1_127' title='bbox 2483 767 2829 837; x_wconf 84' lang='lat' dir='ltr'>Redemptor</span> <span class='ocrx_word' id='word_1_128' title='bbox 2870 771 3060 821; x_wconf 90' lang='lat' dir='ltr'>noster</span> <span class='ocrx_word' id='word_1_129' title='bbox 3102 767 3357 837; x_wconf 89' lang='lat' dir='ltr'>Domine,</span> <span class='ocrx_word' id='word_1_130' title='bbox 3404 767 3503 838; x_wconf 86' lang='lat' dir='ltr'>qui</span> <span class='ocrx_word' id='word_1_131' title='bbox 3530 772 3882 823; x_wconf 89' lang='lat' dir='ltr'>mansuetus</span> 
     </span>
    </p>
   </div>
   <div class='ocr_carea' id='block_1_23' title="bbox 2224 860 3881 932">
    <p class='ocr_par' dir='ltr' id='par_1_23' title="bbox 2224 860 3881 932">
     <span class='ocr_line' id='line_1_23' title="bbox 2224 860 3881 932; baseline -0.001 -16"><span class='ocrx_word' id='word_1_132' title='bbox 2224 862 2505 916; x_wconf 90' lang='lat' dir='ltr'>mansueti</span> <span class='ocrx_word' id='word_1_133' title='bbox 2525 860 2784 914; x_wconf 86' lang='lat' dir='ltr'>animalis</span> <span class='ocrx_word' id='word_1_134' title='bbox 2800 861 2955 914; x_wconf 89' lang='lat' dir='ltr'>aselli</span> <span class='ocrx_word' id='word_1_135' title='bbox 2975 865 3134 929; x_wconf 88' lang='lat' dir='ltr'>terga</span> <span class='ocrx_word' id='word_1_136' title='bbox 3154 861 3434 928; x_wconf 90' lang='lat' dir='ltr'>insedens,</span> <span class='ocrx_word' id='word_1_137' title='bbox 3451 862 3521 914; x_wconf 88' lang='lat' dir='ltr'>ad</span> <span class='ocrx_word' id='word_1_138' title='bbox 3538 862 3881 932; x_wconf 87' lang='lat' dir='ltr'>passionem</span> 
     </span>
    </p>
   </div>
   <div class='ocr_carea' id='block_1_24' title="bbox 2225 954 3878 1027">
    <p class='ocr_par' dir='ltr' id='par_1_24' title="bbox 2225 954 3878 1027">
     <span class='ocr_line' id='line_1_24' title="bbox 2225 954 3878 1027; baseline 0 -17"><span class='ocrx_word' id='word_1_139' title='bbox 2225 954 2631 1026; x_wconf 87' lang='lat' dir='ltr'>redemptionis</span> <span class='ocrx_word' id='word_1_140' title='bbox 2657 960 2865 1008; x_wconf 64' lang='lat' dir='ltr'>nostra:</span> <span class='ocrx_word' id='word_1_141' title='bbox 2883 959 3229 1025; x_wconf 90' lang='lat' dir='ltr'>spontaneus</span> <span class='ocrx_word' id='word_1_142' title='bbox 3257 955 3702 1027; x_wconf 89' lang='lat' dir='ltr'>adpropinquas,</span> <span class='ocrx_word' id='word_1_143' title='bbox 3737 973 3878 1010; x_wconf 91' lang='lat' dir='ltr'>cum</span> 
     </span>
    </p>
   </div>
   <div class='ocr_carea' id='block_1_25' title="bbox 2223 1048 3874 1116">
    <p class='ocr_par' dir='ltr' id='par_1_25' title="bbox 2223 1048 3874 1116">
     <span class='ocr_line' id='line_1_25' title="bbox 2223 1048 3874 1116; baseline -0.002 -11"><span class='ocrx_word' id='word_1_144' title='bbox 2223 1049 2326 1105; x_wconf 89' lang='lat' dir='ltr'>tibi</span> <span class='ocrx_word' id='word_1_145' title='bbox 2354 1049 2525 1103; x_wconf 88' lang='lat' dir='ltr'>ramis</span> <span class='ocrx_word' id='word_1_146' title='bbox 2554 1048 2802 1102; x_wconf 86' lang='lat' dir='ltr'>arboreis</span> <span class='ocrx_word' id='word_1_147' title='bbox 2833 1049 3090 1102; x_wconf 79' lang='lat' dir='ltr'>certatim</span> <span class='ocrx_word' id='word_1_148' title='bbox 3114 1048 3387 1102; x_wconf 86' lang='lat' dir='ltr'>sternitur</span> <span class='ocrx_word' id='word_1_149' title='bbox 3416 1049 3525 1116; x_wconf 89' lang='lat' dir='ltr'>via,</span> <span class='ocrx_word' id='word_1_150' title='bbox 3565 1054 3622 1103; x_wconf 88' lang='lat' dir='ltr'>et</span> <span class='ocrx_word' id='word_1_151' title='bbox 3658 1049 3874 1102; x_wconf 90' lang='lat' dir='ltr'>trium-</span> 
     </span>
    </p>
   </div>
   <div class='ocr_carea' id='block_1_26' title="bbox 2224 1141 3872 1214">
    <p class='ocr_par' dir='ltr' id='par_1_26' title="bbox 2224 1141 3872 1214">
     <span class='ocr_line' id='line_1_26' title="bbox 2224 1141 3872 1214; baseline 0 -18"><span class='ocrx_word' id='word_1_152' title='bbox 2224 1142 2577 1214; x_wconf 88' lang='lat' dir='ltr'>phatricibus</span> <span class='ocrx_word' id='word_1_153' title='bbox 2600 1141 2803 1213; x_wconf 91' lang='lat' dir='ltr'>palmis</span> <span class='ocrx_word' id='word_1_154' title='bbox 2824 1159 2954 1195; x_wconf 91' lang='lat' dir='ltr'>cum</span> <span class='ocrx_word' id='word_1_155' title='bbox 2973 1158 3104 1195; x_wconf 82' lang='lat' dir='ltr'>voce</span> <span class='ocrx_word' id='word_1_156' title='bbox 3133 1141 3314 1195; x_wconf 90' lang='lat' dir='ltr'>laudis</span> <span class='ocrx_word' id='word_1_157' title='bbox 3340 1142 3681 1208; x_wconf 83' lang='lat' dir='ltr'>occurritur,</span> <span class='ocrx_word' id='word_1_158' title='bbox 3709 1159 3872 1214; x_wconf 78' lang='lat' dir='ltr'>quae-</span> 
     </span>
    </p>
   </div>
   <div class='ocr_carea' id='block_1_27' title="bbox 2225 1235 3878 1306">
    <p class='ocr_par' dir='ltr' id='par_1_27' title="bbox 2225 1235 3878 1306">
     <span class='ocr_line' id='line_1_27' title="bbox 2225 1235 3878 1306; baseline -0.001 -15"><span class='ocrx_word' id='word_1_159' title='bbox 2225 1253 2421 1291; x_wconf 90' lang='lat' dir='ltr'>sumus</span> <span class='ocrx_word' id='word_1_160' title='bbox 2450 1237 2789 1306; x_wconf 84' lang='lat' dir='ltr'>Majeslatem</span> <span class='ocrx_word' id='word_1_161' title='bbox 2816 1240 2976 1289; x_wconf 90' lang='lat' dir='ltr'>tuam</span> <span class='ocrx_word' id='word_1_162' title='bbox 3001 1235 3270 1304; x_wconf 83' lang='lat' dir='ltr'>divinam,</span> <span class='ocrx_word' id='word_1_163' title='bbox 3300 1240 3364 1289; x_wconf 92' lang='lat' dir='ltr'>ut</span> <span class='ocrx_word' id='word_1_164' title='bbox 3390 1236 3502 1289; x_wconf 89' lang='lat' dir='ltr'>oris</span> <span class='ocrx_word' id='word_1_165' title='bbox 3532 1237 3714 1290; x_wconf 88' lang='lat' dir='ltr'>nostri</span> <span class='ocrx_word' id='word_1_166' title='bbox 3739 1254 3878 1290; x_wconf 88' lang='lat' dir='ltr'>con-</span> 
     </span>
    </p>
   </div>
   <div class='ocr_carea' id='block_1_28' title="bbox 2225 1329 3875 1402">
    <p class='ocr_par' dir='ltr' id='par_1_28' title="bbox 2225 1329 3875 1402">
     <span class='ocr_line' id='line_1_28' title="bbox 2225 1329 3875 1402; baseline 0 -18"><span class='ocrx_word' id='word_1_167' title='bbox 2225 1331 2524 1385; x_wconf 87' lang='lat' dir='ltr'>fessionem</span> <span class='ocrx_word' id='word_1_168' title='bbox 2573 1335 2742 1401; x_wconf 91' lang='lat' dir='ltr'>atque</span> <span class='ocrx_word' id='word_1_169' title='bbox 2770 1329 3028 1402; x_wconf 88' lang='lat' dir='ltr'>corporis</span> <span class='ocrx_word' id='word_1_170' title='bbox 3058 1329 3116 1382; x_wconf 91' lang='lat' dir='ltr'>in</span> <span class='ocrx_word' id='word_1_171' title='bbox 3139 1329 3373 1399; x_wconf 87' lang='lat' dir='ltr'>jejuniis</span> <span class='ocrx_word' id='word_1_172' title='bbox 3403 1329 3875 1384; x_wconf 88' lang='lat' dir='ltr'>humiliationem</span> 
     </span>
    </p>
   </div>
   <div class='ocr_carea' id='block_1_29' title="bbox 2225 1422 3876 1494">
    <p class='ocr_par' dir='ltr' id='par_1_29' title="bbox 2225 1422 3876 1494">
     <span class='ocr_line' id='line_1_29' title="bbox 2225 1422 3876 1494; baseline -0.001 -16"><span class='ocrx_word' id='word_1_173' title='bbox 2225 1425 2406 1478; x_wconf 91' lang='lat' dir='ltr'>libens</span> <span class='ocrx_word' id='word_1_174' title='bbox 2447 1423 2739 1494; x_wconf 87' lang='lat' dir='ltr'>suscipias,</span> <span class='ocrx_word' id='word_1_175' title='bbox 2777 1427 2834 1477; x_wconf 90' lang='lat' dir='ltr'>et</span> <span class='ocrx_word' id='word_1_176' title='bbox 2875 1422 3121 1476; x_wconf 87' lang='lat' dir='ltr'>fructum</span> <span class='ocrx_word' id='word_1_177' title='bbox 3164 1440 3267 1476; x_wconf 93' lang='lat' dir='ltr'>nos</span> <span class='ocrx_word' id='word_1_178' title='bbox 3311 1422 3614 1477; x_wconf 87' lang='lat' dir='ltr'>viriditatis</span> <span class='ocrx_word' id='word_1_179' title='bbox 3657 1423 3876 1477; x_wconf 88' lang='lat' dir='ltr'>habere</span> 
     </span>
    </p>
   </div>
   <div class='ocr_carea' id='block_1_30' title="bbox 2225 1516 3878 1573">
    <p class='ocr_par' dir='ltr' id='par_1_30' title="bbox 2225 1516 3878 1573">
     <span class='ocr_line' id='line_1_30' title="bbox 2225 1516 3878 1573; baseline -0.001 -1"><span class='ocrx_word' id='word_1_180' title='bbox 2225 1518 2532 1573; x_wconf 90' lang='lat' dir='ltr'>concedas:</span> <span class='ocrx_word' id='word_1_181' title='bbox 2561 1521 2628 1571; x_wconf 92' lang='lat' dir='ltr'>ut</span> <span class='ocrx_word' id='word_1_182' title='bbox 2652 1517 2797 1570; x_wconf 89' lang='lat' dir='ltr'>sicut</span> <span class='ocrx_word' id='word_1_183' title='bbox 2835 1516 2916 1570; x_wconf 90' lang='lat' dir='ltr'>illi</span> <span class='ocrx_word' id='word_1_184' title='bbox 2939 1517 2998 1569; x_wconf 91' lang='lat' dir='ltr'>in</span> <span class='ocrx_word' id='word_1_185' title='bbox 3025 1520 3121 1570; x_wconf 90' lang='lat' dir='ltr'>tua</span> <span class='ocrx_word' id='word_1_186' title='bbox 3147 1517 3379 1571; x_wconf 88' lang='lat' dir='ltr'>fuerunt</span> <span class='ocrx_word' id='word_1_187' title='bbox 3407 1517 3568 1570; x_wconf 85' lang='lat' dir='ltr'>obvia</span> <span class='ocrx_word' id='word_1_188' title='bbox 3613 1533 3750 1572; x_wconf 90' lang='lat' dir='ltr'>cum</span> <span class='ocrx_word' id='word_1_189' title='bbox 3779 1534 3878 1570; x_wconf 85' lang='lat' dir='ltr'>ar—</span> 
     </span>
    </p>
   </div>
   <div class='ocr_carea' id='block_1_31' title="bbox 2224 1609 3882 1681">
    <p class='ocr_par' dir='ltr' id='par_1_31' title="bbox 2224 1609 3882 1681">
     <span class='ocr_line' id='line_1_31' title="bbox 2224 1609 3882 1681; baseline -0.001 -17"><span class='ocrx_word' id='word_1_190' title='bbox 2224 1611 2412 1666; x_wconf 90' lang='lat' dir='ltr'>boreis</span> <span class='ocrx_word' id='word_1_191' title='bbox 2439 1610 2614 1680; x_wconf 89' lang='lat' dir='ltr'>virgis</span> <span class='ocrx_word' id='word_1_192' title='bbox 2643 1610 2873 1681; x_wconf 85' lang='lat' dir='ltr'>egressi,</span> <span class='ocrx_word' id='word_1_193' title='bbox 2903 1610 2977 1664; x_wconf 88' lang='lat' dir='ltr'>ita</span> <span class='ocrx_word' id='word_1_194' title='bbox 3007 1626 3126 1677; x_wconf 92' lang='lat' dir='ltr'>nos,</span> <span class='ocrx_word' id='word_1_195' title='bbox 3158 1614 3211 1664; x_wconf 90' lang='lat' dir='ltr'>te</span> <span class='ocrx_word' id='word_1_196' title='bbox 3242 1611 3512 1665; x_wconf 90' lang='lat' dir='ltr'>redeunte</span> <span class='ocrx_word' id='word_1_197' title='bbox 3539 1611 3601 1664; x_wconf 90' lang='lat' dir='ltr'>in</span> <span class='ocrx_word' id='word_1_198' title='bbox 3624 1609 3882 1666; x_wconf 90' lang='lat' dir='ltr'>secundo</span> 
     </span>
    </p>
   </div>
   <div class='ocr_carea' id='block_1_32' title="bbox 2226 1702 3878 1775">
    <p class='ocr_par' dir='ltr' id='par_1_32' title="bbox 2226 1702 3878 1775">
     <span class='ocr_line' id='line_1_32' title="bbox 2226 1702 3878 1775; baseline -0.001 -17"><span class='ocrx_word' id='word_1_199' title='bbox 2226 1705 2489 1767; x_wconf 85' lang='lat' dir='ltr'>adventu,</span> <span class='ocrx_word' id='word_1_200' title='bbox 2521 1721 2651 1758; x_wconf 88' lang='lat' dir='ltr'>cum</span> <span class='ocrx_word' id='word_1_201' title='bbox 2689 1703 2896 1775; x_wconf 90' lang='lat' dir='ltr'>palmis</span> <span class='ocrx_word' id='word_1_202' title='bbox 2926 1702 3172 1758; x_wconf 79' lang='lat' dir='ltr'>victoriae</span> <span class='ocrx_word' id='word_1_203' title='bbox 3205 1720 3530 1760; x_wconf 88' lang='lat' dir='ltr'>mereamur</span> <span class='ocrx_word' id='word_1_204' title='bbox 3569 1720 3878 1759; x_wconf 86' lang='lat' dir='ltr'>occurrere</span> 
     </span>
    </p>
   </div>
   <div class='ocr_carea' id='block_1_33' title="bbox 487 1785 2894 1876">
    <p class='ocr_par' dir='ltr' id='par_1_33' title="bbox 487 1785 2894 1876">
     <span class='ocr_line' id='line_1_33' title="bbox 487 1785 2894 1876; baseline -0.003 -16"><span class='ocrx_word' id='word_1_205' title='bbox 487 1805 735 1860; x_wconf 86' lang='lat' dir='ltr'>tionibus</span> <span class='ocrx_word' id='word_1_206' title='bbox 764 1806 988 1870; x_wconf 86' lang='lat' dir='ltr'>nostris,</span> <span class='ocrx_word' id='word_1_207' title='bbox 1019 1811 1084 1860; x_wconf 92' lang='lat' dir='ltr'>ut</span> <span class='ocrx_word' id='word_1_208' title='bbox 1111 1806 1210 1876; x_wconf 91' lang='lat' dir='ltr'>qui</span> <span class='ocrx_word' id='word_1_209' title='bbox 1241 1810 1294 1860; x_wconf 91' lang='lat' dir='ltr'>te</span> <span class='ocrx_word' id='word_1_210' title='bbox 1325 1805 1385 1860; x_wconf 91' lang='lat' dir='ltr'>in</span> <span class='ocrx_word' id='word_1_211' title='bbox 1417 1806 1494 1876; x_wconf 89' lang='lat' dir='ltr'>jej</span> <span class='ocrx_word' id='word_1_212' title='bbox 1507 1805 1772 1860; x_wconf 89' lang='lat' dir='ltr'>uniorum</span> <span class='ocrx_word' id='word_1_213' title='bbox 1801 1809 2127 1860; x_wconf 88' lang='lat' dir='ltr'>nostrorum</span> <span class='ocrx_word' id='word_1_214' title='bbox 2148 1785 2204 1856; x_wconf 85' lang='lat' dir='ltr'><strong>B</strong></span> <span class='ocrx_word' id='word_1_215' title='bbox 2227 1799 2359 1865; x_wconf 69' lang='lat' dir='ltr'>laeti,</span> <span class='ocrx_word' id='word_1_216' title='bbox 2390 1799 2646 1854; x_wconf 86' lang='lat' dir='ltr'>Salvator</span> <span class='ocrx_word' id='word_1_217' title='bbox 2671 1797 2894 1852; x_wconf 89' lang='lat' dir='ltr'>mundi.</span> 
     </span>
    </p>
   </div>
   <div class='ocr_carea' id='block_1_34' title="bbox 491 1903 2124 1975">
    <p class='ocr_par' dir='ltr' id='par_1_34' title="bbox 491 1903 2124 1975">
     <span class='ocr_line' id='line_1_34' title="bbox 491 1903 2124 1975; baseline 0 -17"><span class='ocrx_word' id='word_1_218' title='bbox 491 1904 877 1959; x_wconf 87' lang='lat' dir='ltr'>observatione</span> <span class='ocrx_word' id='word_1_219' title='bbox 920 1904 1050 1959; x_wconf 86' lang='lat' dir='ltr'>totis</span> <span class='ocrx_word' id='word_1_220' title='bbox 1097 1903 1352 1958; x_wconf 89' lang='lat' dir='ltr'>sensibus</span> <span class='ocrx_word' id='word_1_221' title='bbox 1400 1903 1756 1971; x_wconf 85' lang='lat' dir='ltr'>conﬁtemur,</span> <span class='ocrx_word' id='word_1_222' title='bbox 1809 1922 1925 1959; x_wconf 92' lang='lat' dir='ltr'>non</span> <span class='ocrx_word' id='word_1_223' title='bbox 1966 1905 2124 1975; x_wconf 89' lang='lat' dir='ltr'>judi-</span> 
     </span>
    </p>
   </div>
   <div class='ocr_carea' id='block_1_35' title="bbox 489 1997 1944 2066">
    <p class='ocr_par' dir='ltr' id='par_1_35' title="bbox 489 1997 1944 2066">
     <span class='ocr_line' id='line_1_35' title="bbox 489 1997 1944 2066; baseline 0.001 -14"><span class='ocrx_word' id='word_1_224' title='bbox 489 1998 643 2053; x_wconf 92' lang='lat' dir='ltr'>cium</span> <span class='ocrx_word' id='word_1_225' title='bbox 675 2004 859 2065; x_wconf 91' lang='lat' dir='ltr'>tuum,</span> <span class='ocrx_word' id='word_1_226' title='bbox 893 1998 987 2052; x_wconf 90' lang='lat' dir='ltr'>sed</span> <span class='ocrx_word' id='word_1_227' title='bbox 1021 1997 1432 2066; x_wconf 88' lang='lat' dir='ltr'>indulgentiam</span> <span class='ocrx_word' id='word_1_228' title='bbox 1459 1998 1785 2053; x_wconf 89' lang='lat' dir='ltr'>sentiamus.</span> <span class='ocrx_word' id='word_1_229' title='bbox 1819 2001 1944 2053; x_wconf 90' lang='lat' dir='ltr'>Per.</span> 
     </span>
    </p>
   </div>
   <div class='ocr_carea' id='block_1_36' title="bbox 1044 2090 1572 2153">
    <p class='ocr_par' dir='ltr' id='par_1_36' title="bbox 1044 2090 1572 2153">
     <span class='ocr_line' id='line_1_36' title="bbox 1044 2090 1572 2153; baseline 0.002 -14"><span class='ocrx_word' id='word_1_230' title='bbox 1044 2090 1293 2139; x_wconf 88' lang='lat' dir='ltr'>Collectio</span> <span class='ocrx_word' id='word_1_231' title='bbox 1324 2090 1572 2153; x_wconf 86' lang='lat' dir='ltr'>sequitur.</span> 
     </span>
    </p>
   </div>
   <div class='ocr_carea' id='block_1_37' title="bbox 563 2165 2125 2235">
    <p class='ocr_par' dir='ltr' id='par_1_37' title="bbox 563 2165 2125 2235">
     <span class='ocr_line' id='line_1_37' title="bbox 563 2165 2125 2235; baseline 0.001 -17"><span class='ocrx_word' id='word_1_232' title='bbox 563 2165 758 2220; x_wconf 84' lang='lat' dir='ltr'>Oblata</span> <span class='ocrx_word' id='word_1_233' title='bbox 785 2181 1026 2220; x_wconf 88' lang='lat' dir='ltr'>munera</span> <span class='ocrx_word' id='word_1_234' title='bbox 1061 2165 1417 2235; x_wconf 87' lang='lat' dir='ltr'>superposita</span> <span class='ocrx_word' id='word_1_235' title='bbox 1450 2165 1654 2220; x_wconf 88' lang='lat' dir='ltr'>altario</span> <span class='ocrx_word' id='word_1_236' title='bbox 1697 2171 1815 2234; x_wconf 93' lang='lat' dir='ltr'>tuo,</span> <span class='ocrx_word' id='word_1_237' title='bbox 1867 2165 2125 2234; x_wconf 88' lang='lat' dir='ltr'>Domine,</span> 
     </span>
    </p>
   </div>
   <div class='ocr_carea' id='block_1_38' title="bbox 492 2259 2130 2330">
    <p class='ocr_par' dir='ltr' id='par_1_38' title="bbox 492 2259 2130 2330">
     <span class='ocr_line' id='line_1_38' title="bbox 492 2259 2130 2330; baseline 0.001 -18"><span class='ocrx_word' id='word_1_238' title='bbox 492 2259 842 2314; x_wconf 84' lang='lat' dir='ltr'>sanctillcare</span> <span class='ocrx_word' id='word_1_239' title='bbox 887 2259 1158 2328; x_wconf 87' lang='lat' dir='ltr'>dignare;</span> <span class='ocrx_word' id='word_1_240' title='bbox 1209 2263 1264 2312; x_wconf 90' lang='lat' dir='ltr'>et</span> <span class='ocrx_word' id='word_1_241' title='bbox 1307 2274 1410 2328; x_wconf 91' lang='lat' dir='ltr'>per</span> <span class='ocrx_word' id='word_1_242' title='bbox 1454 2275 1521 2312; x_wconf 90' lang='lat' dir='ltr'>ea</span> <span class='ocrx_word' id='word_1_243' title='bbox 1571 2260 1848 2330; x_wconf 89' lang='lat' dir='ltr'>placatus,</span> <span class='ocrx_word' id='word_1_244' title='bbox 1905 2263 2130 2330; x_wconf 87' lang='lat' dir='ltr'>peccata</span> 
     </span>
    </p>
   </div>
   <div class='ocr_carea' id='block_1_39' title="bbox 493 2351 2128 2424">
    <p class='ocr_par' dir='ltr' id='par_1_39' title="bbox 493 2351 2128 2424">
     <span class='ocr_line' id='line_1_39' title="bbox 493 2351 2128 2424; baseline 0 -17"><span class='ocrx_word' id='word_1_245' title='bbox 493 2358 704 2420; x_wconf 90' lang='lat' dir='ltr'>nostra,</span> <span class='ocrx_word' id='word_1_246' title='bbox 734 2368 1083 2424; x_wconf 71' lang='lat' dir='ltr'>quaesumus,</span> <span class='ocrx_word' id='word_1_247' title='bbox 1116 2351 1174 2405; x_wconf 91' lang='lat' dir='ltr'>in</span> <span class='ocrx_word' id='word_1_248' title='bbox 1201 2351 1292 2405; x_wconf 93' lang='lat' dir='ltr'>die</span> <span class='ocrx_word' id='word_1_249' title='bbox 1313 2352 1518 2422; x_wconf 88' lang='lat' dir='ltr'>jejunii</span> <span class='ocrx_word' id='word_1_250' title='bbox 1544 2353 1740 2422; x_wconf 89' lang='lat' dir='ltr'>nostri,</span> <span class='ocrx_word' id='word_1_251' title='bbox 1774 2369 1992 2408; x_wconf 91' lang='lat' dir='ltr'>memor</span> <span class='ocrx_word' id='word_1_252' title='bbox 2018 2354 2128 2408; x_wconf 91' lang='lat' dir='ltr'>hu-</span> 
     </span>
    </p>
   </div>
   <div class='ocr_carea' id='block_1_40' title="bbox 491 2445 2133 2517">
    <p class='ocr_par' dir='ltr' id='par_1_40' title="bbox 491 2445 2133 2517">
     <span class='ocr_line' id='line_1_40' title="bbox 491 2445 2133 2517; baseline 0 -17"><span class='ocrx_word' id='word_1_253' title='bbox 491 2463 677 2500; x_wconf 72' lang='lat' dir='ltr'>manae</span> <span class='ocrx_word' id='word_1_254' title='bbox 707 2446 1053 2500; x_wconf 89' lang='lat' dir='ltr'>conditionis</span> <span class='ocrx_word' id='word_1_255' title='bbox 1079 2445 1334 2513; x_wconf 89' lang='lat' dir='ltr'>absolve;</span> <span class='ocrx_word' id='word_1_256' title='bbox 1369 2449 1425 2499; x_wconf 87' lang='lat' dir='ltr'>et</span> <span class='ocrx_word' id='word_1_257' title='bbox 1446 2446 1716 2517; x_wconf 88' lang='lat' dir='ltr'>quicquid</span> <span class='ocrx_word' id='word_1_258' title='bbox 1745 2463 1942 2501; x_wconf 90' lang='lat' dir='ltr'>eorum</span> <span class='ocrx_word' id='word_1_259' title='bbox 1972 2447 2133 2502; x_wconf 88' lang='lat' dir='ltr'>retri-</span> 
     </span>
    </p>
   </div>
   <div class='ocr_carea' id='block_1_41' title="bbox 493 2539 2056 2595">
    <p class='ocr_par' dir='ltr' id='par_1_41' title="bbox 493 2539 2056 2595">
     <span class='ocr_line' id='line_1_41' title="bbox 493 2539 2056 2595; baseline 0.001 -2"><span class='ocrx_word' id='word_1_260' title='bbox 493 2540 725 2594; x_wconf 90' lang='lat' dir='ltr'>butione</span> <span class='ocrx_word' id='word_1_261' title='bbox 753 2554 1046 2593; x_wconf 89' lang='lat' dir='ltr'>meremur</span> <span class='ocrx_word' id='word_1_262' title='bbox 1070 2544 1277 2592; x_wconf 87' lang='lat' dir='ltr'>averte.</span> <span class='ocrx_word' id='word_1_263' title='bbox 1308 2539 1414 2592; x_wconf 89' lang='lat' dir='ltr'>Per</span> <span class='ocrx_word' id='word_1_264' title='bbox 1442 2539 1749 2594; x_wconf 90' lang='lat' dir='ltr'>Dominum</span> <span class='ocrx_word' id='word_1_265' title='bbox 1775 2544 2056 2595; x_wconf 90' lang='lat' dir='ltr'>nostrum.</span> 
     </span>
    </p>
   </div>
   <div class='ocr_carea' id='block_1_42' title="bbox 1120 2635 1508 2686">
    <p class='ocr_par' dir='ltr' id='par_1_42' title="bbox 1120 2635 1508 2686">
     <span class='ocr_line' id='line_1_42' title="bbox 1120 2635 1508 2686; baseline 0 -2"><span class='ocrx_word' id='word_1_266' title='bbox 1120 2637 1239 2684; x_wconf 87' lang='lat' dir='ltr'>Post</span> <span class='ocrx_word' id='word_1_267' title='bbox 1277 2635 1508 2686; x_wconf 87' lang='lat' dir='ltr'>nomina.</span> 
     </span>
    </p>
   </div>
   <div class='ocr_carea' id='block_1_43' title="bbox 568 2711 2129 2783">
    <p class='ocr_par' dir='ltr' id='par_1_43' title="bbox 568 2711 2129 2783">
     <span class='ocr_line' id='line_1_43' title="bbox 568 2711 2129 2783; baseline 0.002 -18"><span class='ocrx_word' id='word_1_268' title='bbox 568 2713 712 2767; x_wconf 90' lang='lat' dir='ltr'>Deus</span> <span class='ocrx_word' id='word_1_269' title='bbox 746 2711 1027 2766; x_wconf 89' lang='lat' dir='ltr'>bonarum</span> <span class='ocrx_word' id='word_1_270' title='bbox 1066 2711 1352 2765; x_wconf 89' lang='lat' dir='ltr'>actionum</span> <span class='ocrx_word' id='word_1_271' title='bbox 1380 2717 1436 2766; x_wconf 90' lang='lat' dir='ltr'>et</span> <span class='ocrx_word' id='word_1_272' title='bbox 1465 2711 1771 2783; x_wconf 88' lang='lat' dir='ltr'>inspirator</span> <span class='ocrx_word' id='word_1_273' title='bbox 1814 2718 1869 2768; x_wconf 91' lang='lat' dir='ltr'>et</span> <span class='ocrx_word' id='word_1_274' title='bbox 1915 2713 2129 2781; x_wconf 91' lang='lat' dir='ltr'>doctor,</span> 
     </span>
    </p>
   </div>
   <div class='ocr_carea' id='block_1_44' title="bbox 495 2805 2129 2878">
    <p class='ocr_par' dir='ltr' id='par_1_44' title="bbox 495 2805 2129 2878">
     <span class='ocr_line' id='line_1_44' title="bbox 495 2805 2129 2878; baseline 0.001 -18"><span class='ocrx_word' id='word_1_275' title='bbox 495 2809 595 2877; x_wconf 88' lang='lat' dir='ltr'>qui</span> <span class='ocrx_word' id='word_1_276' title='bbox 620 2807 930 2878; x_wconf 89' lang='lat' dir='ltr'>voluptates</span> <span class='ocrx_word' id='word_1_277' title='bbox 967 2822 1068 2876; x_wconf 89' lang='lat' dir='ltr'>per</span> <span class='ocrx_word' id='word_1_278' title='bbox 1096 2805 1346 2859; x_wconf 88' lang='lat' dir='ltr'>inediam</span> <span class='ocrx_word' id='word_1_279' title='bbox 1365 2806 1573 2876; x_wconf 85' lang='lat' dir='ltr'>jejunii</span> <span class='ocrx_word' id='word_1_280' title='bbox 1602 2808 1908 2878; x_wconf 89' lang='lat' dir='ltr'>corporalis</span> <span class='ocrx_word' id='word_1_281' title='bbox 1936 2809 2129 2862; x_wconf 84' lang='lat' dir='ltr'>restri-</span> 
     </span>
    </p>
   </div>
   <div class='ocr_carea' id='block_1_45' title="bbox 495 2899 2134 2971">
    <p class='ocr_par' dir='ltr' id='par_1_45' title="bbox 495 2899 2134 2971">
     <span class='ocr_line' id='line_1_45' title="bbox 495 2899 2134 2971; baseline 0.001 -17"><span class='ocrx_word' id='word_1_282' title='bbox 495 2905 628 2968; x_wconf 84' lang='lat' dir='ltr'>ctas,</span> <span class='ocrx_word' id='word_1_283' title='bbox 657 2899 1012 2971; x_wconf 89' lang='lat' dir='ltr'>agnitionem</span> <span class='ocrx_word' id='word_1_284' title='bbox 1053 2904 1213 2954; x_wconf 90' lang='lat' dir='ltr'>tuam</span> <span class='ocrx_word' id='word_1_285' title='bbox 1259 2899 1463 2954; x_wconf 89' lang='lat' dir='ltr'>nostris</span> <span class='ocrx_word' id='word_1_286' title='bbox 1506 2901 1768 2954; x_wconf 90' lang='lat' dir='ltr'>cordibus</span> <span class='ocrx_word' id='word_1_287' title='bbox 1810 2901 2029 2970; x_wconf 88' lang='lat' dir='ltr'>tribuis,</span> <span class='ocrx_word' id='word_1_288' title='bbox 2063 2902 2134 2955; x_wconf 93' lang='lat' dir='ltr'>da</span> 
     </span>
    </p>
   </div>
   <div class='ocr_carea' id='block_1_46' title="bbox 495 2993 2135 3066">
    <p class='ocr_par' dir='ltr' id='par_1_46' title="bbox 495 2993 2135 3066">
     <span class='ocr_line' id='line_1_46' title="bbox 495 2993 2135 3066; baseline 0 -18"><span class='ocrx_word' id='word_1_289' title='bbox 495 2994 656 3048; x_wconf 90' lang='lat' dir='ltr'>nobis</span> <span class='ocrx_word' id='word_1_290' title='bbox 705 2994 856 3063; x_wconf 85' lang='lat' dir='ltr'>ﬁdei,</span> <span class='ocrx_word' id='word_1_291' title='bbox 915 2994 1035 3064; x_wconf 86' lang='lat' dir='ltr'>spei</span> <span class='ocrx_word' id='word_1_292' title='bbox 1083 2999 1138 3048; x_wconf 91' lang='lat' dir='ltr'>et</span> <span class='ocrx_word' id='word_1_293' title='bbox 1191 2993 1440 3048; x_wconf 89' lang='lat' dir='ltr'>caritatis</span> <span class='ocrx_word' id='word_1_294' title='bbox 1481 3001 1877 3064; x_wconf 83' lang='lat' dir='ltr'>augmentum,</span> <span class='ocrx_word' id='word_1_295' title='bbox 1922 3000 1987 3049; x_wconf 94' lang='lat' dir='ltr'>ut</span> <span class='ocrx_word' id='word_1_296' title='bbox 2033 3012 2135 3066; x_wconf 87' lang='lat' dir='ltr'>per</span> 
     </span>
    </p>
   </div>
   <div class='ocr_carea' id='block_1_47' title="bbox 495 3086 2130 3159">
    <p class='ocr_par' dir='ltr' id='par_1_47' title="bbox 495 3086 2130 3159">
     <span class='ocr_line' id='line_1_47' title="bbox 495 3086 2130 3159; baseline 0 -17"><span class='ocrx_word' id='word_1_297' title='bbox 495 3087 996 3142; x_wconf 83' lang='lat' dir='ltr'>sanctiﬁcationem</span> <span class='ocrx_word' id='word_1_298' title='bbox 1017 3086 1222 3157; x_wconf 84' lang='lat' dir='ltr'>jejunii</span> <span class='ocrx_word' id='word_1_299' title='bbox 1253 3091 1418 3141; x_wconf 92' lang='lat' dir='ltr'>tuum</span> <span class='ocrx_word' id='word_1_300' title='bbox 1446 3087 1511 3140; x_wconf 77' lang='lat' dir='ltr'>in.</span> <span class='ocrx_word' id='word_1_301' title='bbox 1533 3087 1693 3141; x_wconf 90' lang='lat' dir='ltr'>nobis</span> <span class='ocrx_word' id='word_1_302' title='bbox 1720 3088 1792 3142; x_wconf 90' lang='lat' dir='ltr'>sit</span> <span class='ocrx_word' id='word_1_303' title='bbox 1832 3088 2130 3159; x_wconf 91' lang='lat' dir='ltr'>templum,</span> 
     </span>
    </p>
   </div>
   <div class='ocr_carea' id='block_1_48' title="bbox 494 3159 2209 3253">
    <p class='ocr_par' dir='ltr' id='par_1_48' title="bbox 494 3159 2209 3253">
     <span class='ocr_line' id='line_1_48' title="bbox 494 3159 2209 3253; baseline -0.002 -18"><span class='ocrx_word' id='word_1_304' title='bbox 494 3181 649 3253; x_wconf 92' lang='lat' dir='ltr'>quod</span> <span class='ocrx_word' id='word_1_305' title='bbox 688 3181 928 3252; x_wconf 68' lang='lat' dir='ltr'>praemio</span> <span class='ocrx_word' id='word_1_306' title='bbox 973 3181 1074 3234; x_wconf 84' lang='lat' dir='ltr'>ﬁat</span> <span class='ocrx_word' id='word_1_307' title='bbox 1101 3185 1415 3250; x_wconf 74' lang='lat' dir='ltr'>aeternum;</span> <span class='ocrx_word' id='word_1_308' title='bbox 1448 3185 1504 3234; x_wconf 90' lang='lat' dir='ltr'>et</span> <span class='ocrx_word' id='word_1_309' title='bbox 1540 3181 1774 3236; x_wconf 90' lang='lat' dir='ltr'>nomina</span> <span class='ocrx_word' id='word_1_310' title='bbox 1813 3198 1940 3253; x_wconf 65' lang='lat' dir='ltr'>quae</span> <span class='ocrx_word' id='word_1_311' title='bbox 1967 3198 2130 3236; x_wconf 88' lang='lat' dir='ltr'>voca-</span> <span class='ocrx_word' id='word_1_312' title='bbox 2155 3159 2209 3232; x_wconf 59' lang='grc' dir='ltr'>(ἶ</span> 
     </span>
    </p>
   </div>
   <div class='ocr_carea' id='block_1_49' title="bbox 494 3274 2135 3344">
    <p class='ocr_par' dir='ltr' id='par_1_49' title="bbox 494 3274 2135 3344">
     <span class='ocr_line' id='line_1_49' title="bbox 494 3274 2135 3344; baseline 0.001 -16"><span class='ocrx_word' id='word_1_313' title='bbox 494 3275 760 3329; x_wconf 89' lang='lat' dir='ltr'>bulorum</span> <span class='ocrx_word' id='word_1_314' title='bbox 813 3278 946 3329; x_wconf 90' lang='lat' dir='ltr'>sunt</span> <span class='ocrx_word' id='word_1_315' title='bbox 989 3291 1092 3344; x_wconf 91' lang='lat' dir='ltr'>pro</span> <span class='ocrx_word' id='word_1_316' title='bbox 1134 3274 1391 3329; x_wconf 69' lang='lat' dir='ltr'>aztatibus</span> <span class='ocrx_word' id='word_1_317' title='bbox 1444 3280 1756 3330; x_wconf 88' lang='lat' dir='ltr'>memorata</span> <span class='ocrx_word' id='word_1_318' title='bbox 1805 3275 2135 3331; x_wconf 72' lang='lat' dir='ltr'>teternitatis</span> 
     </span>
    </p>
   </div>
   <div class='ocr_carea' id='block_1_50' title="bbox 497 3368 1267 3440">
    <p class='ocr_par' dir='ltr' id='par_1_50' title="bbox 497 3368 1267 3440">
     <span class='ocr_line' id='line_1_50' title="bbox 497 3368 1267 3440; baseline 0 -17"><span class='ocrx_word' id='word_1_319' title='bbox 497 3368 660 3423; x_wconf 88' lang='lat' dir='ltr'>titulo</span> <span class='ocrx_word' id='word_1_320' title='bbox 683 3368 884 3438; x_wconf 86' lang='lat' dir='ltr'>jubeas</span> <span class='ocrx_word' id='word_1_321' title='bbox 910 3368 1267 3440; x_wconf 61' lang='lat' dir='ltr'>praesignari.</span> 
     </span>
    </p>
   </div>
   <div class='ocr_carea' id='block_1_51' title="bbox 1151 3465 1478 3516">
    <p class='ocr_par' dir='ltr' id='par_1_51' title="bbox 1151 3465 1478 3516">
     <span class='ocr_line' id='line_1_51' title="bbox 1151 3465 1478 3516; baseline 0 0"><span class='ocrx_word' id='word_1_322' title='bbox 1151 3465 1230 3516; x_wconf 82' lang='lat' dir='ltr'>Ad</span> <span class='ocrx_word' id='word_1_323' title='bbox 1275 3480 1478 3516; x_wconf 85' lang='lat' dir='ltr'>nacem.</span> 
     </span>
    </p>
   </div>
   <div class='ocr_carea' id='block_1_52' title="bbox 571 3481 2134 3613">
    <p class='ocr_par' dir='ltr' id='par_1_52' title="bbox 571 3481 2134 3613">
     <span class='ocr_line' id='line_1_52' title="bbox 1151 3481 1478 3516; baseline 0 0"><span class='ocrx_word' id='word_1_324' title='bbox 1151 3481 1230 3516; x_wconf 67' lang='lat' dir='ltr'>aa</span> <span class='ocrx_word' id='word_1_325' title='bbox 1311 3481 1478 3516; x_wconf 85' lang='lat' dir='ltr'>acem.</span> 
     </span>
     <span class='ocr_line' id='line_1_53' title="bbox 571 3481 2134 3613; baseline 0.001 -18"><span class='ocrx_word' id='word_1_326' title='bbox 571 3539 940 3612; x_wconf 89' lang='lat' dir='ltr'>Omnipotens</span> <span class='ocrx_word' id='word_1_327' title='bbox 990 3546 1046 3596; x_wconf 91' lang='lat' dir='ltr'>et</span> <span class='ocrx_word' id='word_1_328' title='bbox 1093 3481 1412 3595; x_wconf 59' lang='lat' dir='ltr'>miseri’cors</span> <span class='ocrx_word' id='word_1_329' title='bbox 1463 3543 1631 3607; x_wconf 89' lang='lat' dir='ltr'>Deus,</span> <span class='ocrx_word' id='word_1_330' title='bbox 1685 3541 1890 3596; x_wconf 77' lang='lat' dir='ltr'>exaudi</span> <span class='ocrx_word' id='word_1_331' title='bbox 1940 3558 2134 3613; x_wconf 91' lang='lat' dir='ltr'>preces</span> 
     </span>
    </p>
   </div>
   <div class='ocr_carea' id='block_1_53' title="bbox 491 3634 2131 3707">
    <p class='ocr_par' dir='ltr' id='par_1_53' title="bbox 491 3634 2131 3707">
     <span class='ocr_line' id='line_1_54' title="bbox 491 3634 2131 3707; baseline 0.001 -18"><span class='ocrx_word' id='word_1_332' title='bbox 491 3634 877 3706; x_wconf 85' lang='lat' dir='ltr'>jejunantium</span> <span class='ocrx_word' id='word_1_333' title='bbox 915 3635 1212 3707; x_wconf 89' lang='lat' dir='ltr'>supplices,</span> <span class='ocrx_word' id='word_1_334' title='bbox 1246 3641 1302 3689; x_wconf 90' lang='lat' dir='ltr'>et</span> <span class='ocrx_word' id='word_1_335' title='bbox 1326 3635 1723 3691; x_wconf 80' lang='lat' dir='ltr'>misericordiae</span> <span class='ocrx_word' id='word_1_336' title='bbox 1761 3640 1873 3690; x_wconf 84' lang='lat' dir='ltr'>tuae</span> <span class='ocrx_word' id='word_1_337' title='bbox 1904 3652 2131 3705; x_wconf 91' lang='lat' dir='ltr'>munus,</span> 
     </span>
    </p>
   </div>
   <div class='ocr_carea' id='block_1_54' title="bbox 499 3728 2137 3801">
    <p class='ocr_par' dir='ltr' id='par_1_54' title="bbox 499 3728 2137 3801">
     <span class='ocr_line' id='line_1_55' title="bbox 499 3728 2137 3801; baseline 0.001 -18"><span class='ocrx_word' id='word_1_338' title='bbox 499 3729 655 3784; x_wconf 90' lang='lat' dir='ltr'>omni</span> <span class='ocrx_word' id='word_1_339' title='bbox 699 3736 949 3786; x_wconf 88' lang='lat' dir='ltr'>cessante</span> <span class='ocrx_word' id='word_1_340' title='bbox 980 3729 1383 3798; x_wconf 89' lang='lat' dir='ltr'>fraudulentia,</span> <span class='ocrx_word' id='word_1_341' title='bbox 1425 3728 1701 3800; x_wconf 90' lang='lat' dir='ltr'>propitius</span> <span class='ocrx_word' id='word_1_342' title='bbox 1747 3729 2034 3801; x_wconf 89' lang='lat' dir='ltr'>impende,</span> <span class='ocrx_word' id='word_1_343' title='bbox 2072 3734 2137 3784; x_wconf 94' lang='lat' dir='ltr'>ut</span> 
     </span>
    </p>
   </div>
   <div class='ocr_carea' id='block_1_55' title="bbox 498 3823 2132 3896">
    <p class='ocr_par' dir='ltr' id='par_1_55' title="bbox 498 3823 2132 3896">
     <span class='ocr_line' id='line_1_56' title="bbox 498 3823 2132 3896; baseline 0 -18"><span class='ocrx_word' id='word_1_344' title='bbox 498 3840 601 3895; x_wconf 91' lang='lat' dir='ltr'>per</span> <span class='ocrx_word' id='word_1_345' title='bbox 621 3824 1076 3894; x_wconf 87' lang='lat' dir='ltr'>conjunctionem</span> <span class='ocrx_word' id='word_1_346' title='bbox 1093 3823 1269 3895; x_wconf 89' lang='lat' dir='ltr'>pacis,</span> <span class='ocrx_word' id='word_1_347' title='bbox 1294 3839 1462 3878; x_wconf 89' lang='lat' dir='ltr'>omne</span> <span class='ocrx_word' id='word_1_348' title='bbox 1484 3823 1770 3879; x_wconf 87' lang='lat' dir='ltr'>simultate</span> <span class='ocrx_word' id='word_1_349' title='bbox 1789 3839 2132 3896; x_wconf 90' lang='lat' dir='ltr'>compressa,</span> 
     </span>
    </p>
   </div>
   <div class='ocr_carea' id='block_1_56' title="bbox 435 3917 1670 3987">
    <p class='ocr_par' dir='ltr' id='par_1_56' title="bbox 435 3917 1670 3987">
     <span class='ocr_line' id='line_1_57' title="bbox 435 3917 1670 3987; baseline 0.001 -16"><span class='ocrx_word' id='word_1_350' title='bbox 435 3983 439 3987; x_wconf 36' lang='grc'><strong><em>,</em></strong></span> <span class='ocrx_word' id='word_1_351' title='bbox 499 3917 712 3972; x_wconf 89' lang='lat' dir='ltr'>securis</span> <span class='ocrx_word' id='word_1_352' title='bbox 738 3917 841 3972; x_wconf 90' lang='lat' dir='ltr'>tibi</span> <span class='ocrx_word' id='word_1_353' title='bbox 867 3917 1155 3972; x_wconf 90' lang='lat' dir='ltr'>mentibus</span> <span class='ocrx_word' id='word_1_354' title='bbox 1185 3917 1516 3972; x_wconf 84' lang='lat' dir='ltr'>serviamus.</span> <span class='ocrx_word' id='word_1_355' title='bbox 1546 3920 1670 3972; x_wconf 90' lang='lat' dir='ltr'>Per.</span> 
     </span>
    </p>
   </div>
   <div class='ocr_carea' id='block_1_57' title="bbox 1058 4009 1579 4060">
    <p class='ocr_par' dir='ltr' id='par_1_57' title="bbox 1058 4009 1579 4060">
     <span class='ocr_line' id='line_1_58' title="bbox 1058 4009 1579 4060; baseline 0.004 -2"><span class='ocrx_word' id='word_1_356' title='bbox 1058 4010 1351 4059; x_wconf 86' lang='lat' dir='ltr'>lmmolatio</span> <span class='ocrx_word' id='word_1_357' title='bbox 1391 4009 1579 4060; x_wconf 65' lang='lat' dir='ltr'>missas.</span> 
     </span>
    </p>
   </div>
   <div class='ocr_carea' id='block_1_58' title="bbox 573 4083 2135 4156">
    <p class='ocr_par' dir='ltr' id='par_1_58' title="bbox 573 4083 2135 4156">
     <span class='ocr_line' id='line_1_59' title="bbox 573 4083 2135 4156; baseline 0.002 -19"><span class='ocrx_word' id='word_1_358' title='bbox 573 4086 710 4138; x_wconf 91' lang='lat' dir='ltr'>Vere</span> <span class='ocrx_word' id='word_1_359' title='bbox 753 4083 992 4153; x_wconf 86' lang='lat' dir='ltr'>dignum</span> <span class='ocrx_word' id='word_1_360' title='bbox 1041 4089 1097 4138; x_wconf 92' lang='lat' dir='ltr'>et</span> <span class='ocrx_word' id='word_1_361' title='bbox 1131 4085 1354 4154; x_wconf 89' lang='lat' dir='ltr'>justum</span> <span class='ocrx_word' id='word_1_362' title='bbox 1402 4091 1486 4138; x_wconf 90' lang='lat' dir='ltr'>est</span> <span class='ocrx_word' id='word_1_363' title='bbox 1532 4101 1637 4138; x_wconf 91' lang='lat' dir='ltr'>nos</span> <span class='ocrx_word' id='word_1_364' title='bbox 1675 4084 1778 4138; x_wconf 90' lang='lat' dir='ltr'>tibi</span> <span class='ocrx_word' id='word_1_365' title='bbox 1829 4090 1885 4139; x_wconf 93' lang='lat' dir='ltr'>et</span> <span class='ocrx_word' id='word_1_366' title='bbox 1928 4085 2135 4156; x_wconf 90' lang='lat' dir='ltr'>ubique</span> 
     </span>
    </p>
   </div>
   <div class='ocr_carea' id='block_1_59' title="bbox 502 4177 2136 4251">
    <p class='ocr_par' dir='ltr' id='par_1_59' title="bbox 502 4177 2136 4251">
     <span class='ocr_line' id='line_1_60' title="bbox 502 4177 2136 4251; baseline 0.001 -18"><span class='ocrx_word' id='word_1_367' title='bbox 502 4178 709 4251; x_wconf 87' lang='lat' dir='ltr'>gratias</span> <span class='ocrx_word' id='word_1_368' title='bbox 761 4193 950 4246; x_wconf 89' lang='lat' dir='ltr'>agere,</span> <span class='ocrx_word' id='word_1_369' title='bbox 995 4177 1354 4247; x_wconf 89' lang='lat' dir='ltr'>omnipotens</span> <span class='ocrx_word' id='word_1_370' title='bbox 1405 4177 1748 4249; x_wconf 90' lang='lat' dir='ltr'>sempiterne</span> <span class='ocrx_word' id='word_1_371' title='bbox 1804 4179 1971 4234; x_wconf 91' lang='lat' dir='ltr'>Deus.</span> <span class='ocrx_word' id='word_1_372' title='bbox 2029 4180 2136 4243; x_wconf 89' lang='lat' dir='ltr'>Qui</span> 
     </span>
    </p>
   </div>
   <div class='ocr_carea' id='block_1_60' title="bbox 493 4275 2136 4348">
    <p class='ocr_par' dir='ltr' id='par_1_60' title="bbox 493 4275 2136 4348">
     <span class='ocr_line' id='line_1_61' title="bbox 493 4275 2136 4348; baseline 0.001 -18"><span class='ocrx_word' id='word_1_373' title='bbox 493 4278 646 4347; x_wconf 90' lang='lat' dir='ltr'>juste</span> <span class='ocrx_word' id='word_1_374' title='bbox 687 4275 947 4345; x_wconf 89' lang='lat' dir='ltr'>corrigis,</span> <span class='ocrx_word' id='word_1_375' title='bbox 991 4280 1047 4330; x_wconf 91' lang='lat' dir='ltr'>et</span> <span class='ocrx_word' id='word_1_376' title='bbox 1084 4276 1391 4330; x_wconf 90' lang='lat' dir='ltr'>clementer</span> <span class='ocrx_word' id='word_1_377' title='bbox 1431 4276 1694 4346; x_wconf 91' lang='lat' dir='ltr'>ignoscis,</span> <span class='ocrx_word' id='word_1_378' title='bbox 1734 4276 1792 4331; x_wconf 90' lang='lat' dir='ltr'>in</span> <span class='ocrx_word' id='word_1_379' title='bbox 1828 4282 2136 4348; x_wconf 89' lang='lat' dir='ltr'>utrumque</span> 
     </span>
    </p>
   </div>
   <div class='ocr_carea' id='block_1_61' title="bbox 500 4374 2136 4446">
    <p class='ocr_par' dir='ltr' id='par_1_61' title="bbox 500 4374 2136 4446">
     <span class='ocr_line' id='line_1_62' title="bbox 500 4374 2136 4446; baseline 0.001 -18"><span class='ocrx_word' id='word_1_380' title='bbox 500 4374 818 4430; x_wconf 88' lang='lat' dir='ltr'>misericors</span> <span class='ocrx_word' id='word_1_381' title='bbox 849 4391 862 4428; x_wconf 89' lang='lat'>:</span> <span class='ocrx_word' id='word_1_382' title='bbox 889 4375 1021 4446; x_wconf 86' lang='lat' dir='ltr'>quia</span> <span class='ocrx_word' id='word_1_383' title='bbox 1050 4391 1156 4430; x_wconf 91' lang='lat' dir='ltr'>nos</span> <span class='ocrx_word' id='word_1_384' title='bbox 1184 4391 1248 4430; x_wconf 88' lang='lat' dir='ltr'>ea</span> <span class='ocrx_word' id='word_1_385' title='bbox 1278 4375 1403 4446; x_wconf 88' lang='lat' dir='ltr'>lege</span> <span class='ocrx_word' id='word_1_386' title='bbox 1430 4375 1704 4446; x_wconf 89' lang='lat' dir='ltr'>disponis,</span> <span class='ocrx_word' id='word_1_387' title='bbox 1739 4382 1802 4430; x_wconf 91' lang='lat' dir='ltr'>ut</span> <span class='ocrx_word' id='word_1_388' title='bbox 1831 4377 2136 4432; x_wconf 88' lang='lat' dir='ltr'>coercendo</span> 
     </span>
    </p>
   </div>
   <div class='ocr_carea' id='block_1_62' title="bbox 500 4468 2136 4543">
    <p class='ocr_par' dir='ltr' id='par_1_62' title="bbox 500 4468 2136 4543">
     <span class='ocr_line' id='line_1_63' title="bbox 500 4468 2136 4543; baseline 0.001 -18"><span class='ocrx_word' id='word_1_389' title='bbox 500 4468 687 4542; x_wconf 89' lang='lat' dir='ltr'>perire</span> <span class='ocrx_word' id='word_1_390' title='bbox 711 4486 827 4524; x_wconf 93' lang='lat' dir='ltr'>non</span> <span class='ocrx_word' id='word_1_391' title='bbox 872 4469 1023 4524; x_wconf 89' lang='lat' dir='ltr'>sinas</span> <span class='ocrx_word' id='word_1_392' title='bbox 1052 4469 1113 4524; x_wconf 90' lang='lat' dir='ltr'>in</span> <span class='ocrx_word' id='word_1_393' title='bbox 1140 4475 1439 4540; x_wconf 67' lang='lat' dir='ltr'>aeternum,</span> <span class='ocrx_word' id='word_1_394' title='bbox 1483 4474 1540 4525; x_wconf 90' lang='lat' dir='ltr'>et</span> <span class='ocrx_word' id='word_1_395' title='bbox 1583 4472 1866 4541; x_wconf 89' lang='lat' dir='ltr'>parcendo</span> <span class='ocrx_word' id='word_1_396' title='bbox 1892 4471 2136 4543; x_wconf 89' lang='lat' dir='ltr'>spatium</span> 
     </span>
    </p>
   </div>
   <div class='ocr_carea' id='block_1_63' title="bbox 500 4562 1648 4636">
    <p class='ocr_par' dir='ltr' id='par_1_63' title="bbox 500 4562 1648 4636">
     <span class='ocr_line' id='line_1_64' title="bbox 500 4562 1648 4636; baseline 0 -17"><span class='ocrx_word' id='word_1_397' title='bbox 500 4563 717 4620; x_wconf 88' lang='lat' dir='ltr'>tribuas</span> <span class='ocrx_word' id='word_1_398' title='bbox 741 4562 1082 4636; x_wconf 90' lang='lat' dir='ltr'>corrigendi.</span> <span class='ocrx_word' id='word_1_399' title='bbox 1116 4565 1222 4618; x_wconf 89' lang='lat' dir='ltr'>Per</span> <span class='ocrx_word' id='word_1_400' title='bbox 1245 4564 1555 4619; x_wconf 85' lang='lat' dir='ltr'>Christum.</span> <span class='ocrx_word' id='word_1_401' title='bbox 1642 4593 1648 4597; x_wconf 95' lang='lat'><strong><em>-</em></strong></span> 
     </span>
    </p>
   </div>
   <div class='ocr_carea' id='block_1_64' title="bbox 712 4669 1919 4730">
    <p class='ocr_par' dir='ltr' id='par_1_64' title="bbox 712 4669 1919 4730">
     <span class='ocr_line' id='line_1_65' title="bbox 712 4669 1919 4730; baseline 0.003 -4"><span class='ocrx_word' id='word_1_402' title='bbox 712 4672 910 4728; x_wconf 82' lang='lat' dir='ltr'>XXVII.</span> <span class='ocrx_word' id='word_1_403' title='bbox 953 4688 1111 4728; x_wconf 74' lang='lat' dir='ltr'>MISSA</span> <span class='ocrx_word' id='word_1_404' title='bbox 1150 4669 1176 4698; x_wconf 70' lang='grc'><strong><em>⁸</em></strong></span> <span class='ocrx_word' id='word_1_405' title='bbox 1216 4689 1266 4728; x_wconf 76' lang='lat' dir='ltr'>IN</span> <span class='ocrx_word' id='word_1_406' title='bbox 1309 4688 1541 4729; x_wconf 72' lang='lat' dir='ltr'>smaru</span> <span class='ocrx_word' id='word_1_407' title='bbox 1579 4689 1919 4730; x_wconf 55' lang='lat' dir='ltr'>mammona.</span> 
     </span>
    </p>
   </div>
   <div class='ocr_carea' id='block_1_65' title="bbox 575 4763 2138 4838">
    <p class='ocr_par' dir='ltr' id='par_1_65' title="bbox 575 4763 2138 4838">
     <span class='ocr_line' id='line_1_66' title="bbox 575 4763 2138 4838; baseline -0.001 -17"><span class='ocrx_word' id='word_1_408' title='bbox 575 4763 768 4838; x_wconf 81' lang='lat'>235</span> <span class='ocrx_word' id='word_1_409' title='bbox 804 4766 864 4819; x_wconf 90' lang='lat' dir='ltr'><strong>In</strong></span> <span class='ocrx_word' id='word_1_410' title='bbox 908 4767 1163 4836; x_wconf 89' lang='lat' dir='ltr'>geminas</span> <span class='ocrx_word' id='word_1_411' title='bbox 1191 4770 1380 4837; x_wconf 88' lang='lat' dir='ltr'>partes</span> <span class='ocrx_word' id='word_1_412' title='bbox 1409 4766 1561 4822; x_wconf 89' lang='lat' dir='ltr'>diem</span> <span class='ocrx_word' id='word_1_413' title='bbox 1586 4767 1737 4822; x_wconf 91' lang='lat' dir='ltr'>hunc</span> <span class='ocrx_word' id='word_1_414' title='bbox 1768 4767 2138 4822; x_wconf 80' lang='lat' dir='ltr'>excolendum</span> 
     </span>
    </p>
   </div>
   <div class='ocr_carea' id='block_1_66' title="bbox 503 4858 2137 4929">
    <p class='ocr_par' dir='ltr' id='par_1_66' title="bbox 503 4858 2137 4929">
     <span class='ocr_line' id='line_1_67' title="bbox 503 4858 2137 4929; baseline 0 -15"><span class='ocrx_word' id='word_1_415' title='bbox 503 4858 916 4929; x_wconf 87' lang='lat' dir='ltr'>complectitur,</span> <span class='ocrx_word' id='word_1_416' title='bbox 934 4860 1188 4928; x_wconf 88' lang='lat' dir='ltr'>Domine,</span> <span class='ocrx_word' id='word_1_417' title='bbox 1209 4864 1414 4914; x_wconf 66' lang='lat' dir='ltr'>nostra:</span> <span class='ocrx_word' id='word_1_418' title='bbox 1426 4860 1708 4916; x_wconf 88' lang='lat' dir='ltr'>servitutis</span> <span class='ocrx_word' id='word_1_419' title='bbox 1723 4860 2037 4927; x_wconf 90' lang='lat' dir='ltr'>famulatio,</span> <span class='ocrx_word' id='word_1_420' title='bbox 2052 4860 2137 4915; x_wconf 91' lang='lat' dir='ltr'>vel</span> 
     </span>
    </p>
   </div>
   <div class='ocr_carea' id='block_1_67' title="bbox 503 4951 2135 5027">
    <p class='ocr_par' dir='ltr' id='par_1_67' title="bbox 503 4951 2135 5027">
     <span class='ocr_line' id='line_1_68' title="bbox 503 4951 2135 5027; baseline 0.002 -20"><span class='ocrx_word' id='word_1_421' title='bbox 503 4953 571 5007; x_wconf 89' lang='lat' dir='ltr'>de</span> <span class='ocrx_word' id='word_1_422' title='bbox 577 4951 787 5024; x_wconf 89' lang='lat' dir='ltr'>jejunii</span> <span class='ocrx_word' id='word_1_423' title='bbox 807 4953 959 5006; x_wconf 92' lang='lat' dir='ltr'>cultu</span> <span class='ocrx_word' id='word_1_424' title='bbox 976 4959 1217 5022; x_wconf 88' lang='lat' dir='ltr'>sacrato,</span> <span class='ocrx_word' id='word_1_425' title='bbox 1232 4955 1318 5008; x_wconf 85' lang='lat' dir='ltr'>vel</span> <span class='ocrx_word' id='word_1_426' title='bbox 1339 4954 1406 5009; x_wconf 90' lang='lat' dir='ltr'>de</span> <span class='ocrx_word' id='word_1_427' title='bbox 1427 4955 1747 5027; x_wconf 87' lang='lat' dir='ltr'>insignibus</span> <span class='ocrx_word' id='word_1_428' title='bbox 1759 4955 1870 5010; x_wconf 87' lang='lat' dir='ltr'>tuis</span> <span class='ocrx_word' id='word_1_429' title='bbox 1891 4971 2017 5026; x_wconf 76' lang='lat' dir='ltr'>quae</span> <span class='ocrx_word' id='word_1_430' title='bbox 2033 4954 2135 5010; x_wconf 88' lang='lat' dir='ltr'>ho-</span> 
     </span>
    </p>
   </div>
   <div class='ocr_carea' id='block_1_68' title="bbox 503 5046 2139 5121">
    <p class='ocr_par' dir='ltr' id='par_1_68' title="bbox 503 5046 2139 5121">
     <span class='ocr_line' id='line_1_69' title="bbox 503 5046 2139 5121; baseline 0.002 -21"><span class='ocrx_word' id='word_1_431' title='bbox 503 5046 593 5100; x_wconf 90' lang='lat' dir='ltr'>die</span> <span class='ocrx_word' id='word_1_432' title='bbox 625 5046 924 5115; x_wconf 88' lang='lat' dir='ltr'>fulserunt,</span> <span class='ocrx_word' id='word_1_433' title='bbox 963 5047 1358 5102; x_wconf 87' lang='lat' dir='ltr'>mirabilibus:</span> <span class='ocrx_word' id='word_1_434' title='bbox 1401 5066 1514 5121; x_wconf 91' lang='lat' dir='ltr'>quo</span> <span class='ocrx_word' id='word_1_435' title='bbox 1554 5051 1828 5103; x_wconf 86' lang='lat' dir='ltr'>Lazarum</span> <span class='ocrx_word' id='word_1_436' title='bbox 1864 5048 2139 5104; x_wconf 82' lang='lat' dir='ltr'>reduxisti</span> 
     </span>
    </p>
   </div>
   <div class='ocr_carea' id='block_1_69' title="bbox 500 5142 2136 5213">
    <p class='ocr_par' dir='ltr' id='par_1_69' title="bbox 500 5142 2136 5213">
     <span class='ocr_line' id='line_1_70' title="bbox 500 5142 2136 5213; baseline 0.002 -18"><span class='ocrx_word' id='word_1_437' title='bbox 500 5145 630 5212; x_wconf 87' lang='lat' dir='ltr'>post</span> <span class='ocrx_word' id='word_1_438' title='bbox 641 5143 871 5209; x_wconf 85' lang='lat' dir='ltr'>tartara,</span> <span class='ocrx_word' id='word_1_439' title='bbox 889 5156 1018 5194; x_wconf 91' lang='lat' dir='ltr'>cum</span> <span class='ocrx_word' id='word_1_440' title='bbox 1031 5142 1101 5196; x_wconf 90' lang='lat' dir='ltr'>ad</span> <span class='ocrx_word' id='word_1_441' title='bbox 1116 5159 1308 5198; x_wconf 89' lang='lat' dir='ltr'>vocem</span> <span class='ocrx_word' id='word_1_442' title='bbox 1323 5147 1482 5198; x_wconf 86' lang='lat' dir='ltr'>tuam</span> <span class='ocrx_word' id='word_1_443' title='bbox 1497 5144 1850 5197; x_wconf 89' lang='lat' dir='ltr'>intonantem</span> <span class='ocrx_word' id='word_1_444' title='bbox 1873 5144 2136 5213; x_wconf 84' lang='lat' dir='ltr'>exsilivit,</span> 
     </span>
    </p>
   </div>
   <div class='ocr_carea' id='block_1_70' title="bbox 501 5234 2134 5308">
    <p class='ocr_par' dir='ltr' id='par_1_70' title="bbox 501 5234 2134 5308">
     <span class='ocr_line' id='line_1_71' title="bbox 501 5234 2134 5308; baseline 0.002 -19"><span class='ocrx_word' id='word_1_445' title='bbox 501 5240 558 5290; x_wconf 89' lang='lat' dir='ltr'>et</span> <span class='ocrx_word' id='word_1_446' title='bbox 574 5234 799 5308; x_wconf 89' lang='lat' dir='ltr'>quatrid</span> <span class='ocrx_word' id='word_1_447' title='bbox 807 5235 937 5289; x_wconf 88' lang='lat' dir='ltr'>uani</span> <span class='ocrx_word' id='word_1_448' title='bbox 952 5235 1076 5306; x_wconf 90' lang='lat' dir='ltr'>jam</span> <span class='ocrx_word' id='word_1_449' title='bbox 1092 5236 1338 5292; x_wconf 81' lang='lat' dir='ltr'>fcetentis</span> <span class='ocrx_word' id='word_1_450' title='bbox 1350 5237 1519 5292; x_wconf 89' lang='lat' dir='ltr'>funus</span> <span class='ocrx_word' id='word_1_451' title='bbox 1533 5235 1820 5291; x_wconf 85' lang='lat' dir='ltr'>viviﬁcans</span> <span class='ocrx_word' id='word_1_452' title='bbox 1842 5238 2106 5292; x_wconf 91' lang='lat' dir='ltr'>animasti</span> <span class='ocrx_word' id='word_1_453' title='bbox 2122 5255 2134 5291; x_wconf 88' lang='lat'><strong>:</strong></span> 
     </span>
    </p>
   </div>
   <div class='ocr_carea' id='block_1_71' title="bbox 500 5329 2140 5403">
    <p class='ocr_par' dir='ltr' id='par_1_71' title="bbox 500 5329 2140 5403">
     <span class='ocr_line' id='line_1_72' title="bbox 500 5329 2140 5403; baseline 0.003 -21"><span class='ocrx_word' id='word_1_454' title='bbox 500 5330 588 5384; x_wconf 88' lang='lat' dir='ltr'>vel</span> <span class='ocrx_word' id='word_1_455' title='bbox 648 5329 842 5397; x_wconf 89' lang='lat' dir='ltr'>etiam,</span> <span class='ocrx_word' id='word_1_456' title='bbox 893 5345 1056 5383; x_wconf 91' lang='lat' dir='ltr'>causa</span> <span class='ocrx_word' id='word_1_457' title='bbox 1101 5331 1363 5386; x_wconf 89' lang='lat' dir='ltr'>miraculi</span> <span class='ocrx_word' id='word_1_458' title='bbox 1419 5329 1821 5401; x_wconf 87' lang='lat' dir='ltr'>obstupefacta,</span> <span class='ocrx_word' id='word_1_459' title='bbox 1867 5333 2140 5403; x_wconf 82' lang='lat' dir='ltr'>plaudens</span> 
     </span>
    </p>
   </div>
   <div class='ocr_carea' id='block_1_72' title="bbox 503 5423 2135 5499">
    <p class='ocr_par' dir='ltr' id='par_1_72' title="bbox 503 5423 2135 5499">
     <span class='ocr_line' id='line_1_73' title="bbox 503 5423 2135 5499; baseline 0.004 -23"><span class='ocrx_word' id='word_1_460' title='bbox 503 5423 670 5477; x_wconf 88' lang='lat' dir='ltr'>turba</span> <span class='ocrx_word' id='word_1_461' title='bbox 687 5423 958 5477; x_wconf 86' lang='lat' dir='ltr'>Bethania</span> <span class='ocrx_word' id='word_1_462' title='bbox 975 5426 1219 5480; x_wconf 89' lang='lat' dir='ltr'>occurrit</span> <span class='ocrx_word' id='word_1_463' title='bbox 1241 5439 1373 5479; x_wconf 91' lang='lat' dir='ltr'>cum</span> <span class='ocrx_word' id='word_1_464' title='bbox 1389 5423 1590 5494; x_wconf 87' lang='lat' dir='ltr'>palmis</span> <span class='ocrx_word' id='word_1_465' title='bbox 1611 5425 1713 5479; x_wconf 88' lang='lat' dir='ltr'>tibi</span> <span class='ocrx_word' id='word_1_466' title='bbox 1730 5425 1955 5481; x_wconf 85' lang='lat' dir='ltr'>obviam</span> <span class='ocrx_word' id='word_1_467' title='bbox 1972 5428 2135 5499; x_wconf 83' lang='lat' dir='ltr'>Hegi.</span> 
     </span>
    </p>
   </div>
   <div class='ocr_carea' id='block_1_73' title="bbox 502 5515 2137 5586">
    <p class='ocr_par' dir='ltr' id='par_1_73' title="bbox 502 5515 2137 5586">
     <span class='ocr_line' id='line_1_74' title="bbox 502 5515 2137 5586; baseline 0.004 -17"><span class='ocrx_word' id='word_1_468' title='bbox 502 5515 716 5569; x_wconf 79' lang='lat' dir='ltr'>Exaudi</span> <span class='ocrx_word' id='word_1_469' title='bbox 739 5531 842 5570; x_wconf 90' lang='lat' dir='ltr'>nos</span> <span class='ocrx_word' id='word_1_470' title='bbox 869 5517 929 5572; x_wconf 89' lang='lat' dir='ltr'>in</span> <span class='ocrx_word' id='word_1_471' title='bbox 961 5518 1067 5572; x_wconf 92' lang='lat' dir='ltr'>hoc</span> <span class='ocrx_word' id='word_1_472' title='bbox 1105 5516 1391 5586; x_wconf 89' lang='lat' dir='ltr'>geminato</span> <span class='ocrx_word' id='word_1_473' title='bbox 1417 5517 1704 5572; x_wconf 90' lang='lat' dir='ltr'>servitutis</span> <span class='ocrx_word' id='word_1_474' title='bbox 1728 5525 1935 5574; x_wconf 70' lang='lat' dir='ltr'>nostra:</span> <span class='ocrx_word' id='word_1_475' title='bbox 1974 5521 2137 5576; x_wconf 85' lang='lat' dir='ltr'>obse-</span> 
     </span>
    </p>
   </div>
   <div class='ocr_carea' id='block_1_74' title="bbox 501 5608 2140 5683">
    <p class='ocr_par' dir='ltr' id='par_1_74' title="bbox 501 5608 2140 5683">
     <span class='ocr_line' id='line_1_75' title="bbox 501 5608 2140 5683; baseline 0.005 -20"><span class='ocrx_word' id='word_1_476' title='bbox 501 5608 655 5681; x_wconf 89' lang='lat' dir='ltr'>quio,</span> <span class='ocrx_word' id='word_1_477' title='bbox 684 5615 738 5665; x_wconf 91' lang='lat' dir='ltr'>et</span> <span class='ocrx_word' id='word_1_478' title='bbox 764 5617 970 5682; x_wconf 66' lang='lat' dir='ltr'>praesta</span> <span class='ocrx_word' id='word_1_479' title='bbox 1001 5610 1281 5682; x_wconf 88' lang='lat' dir='ltr'>propitius</span> <span class='ocrx_word' id='word_1_480' title='bbox 1306 5614 1475 5683; x_wconf 89' lang='lat' dir='ltr'>atque</span> <span class='ocrx_word' id='word_1_481' title='bbox 1521 5612 1797 5682; x_wconf 87' lang='lat' dir='ltr'>placatus,</span> <span class='ocrx_word' id='word_1_482' title='bbox 1829 5619 1893 5668; x_wconf 91' lang='lat' dir='ltr'>ut</span> <span class='ocrx_word' id='word_1_483' title='bbox 1937 5615 2140 5671; x_wconf 69' lang='lat' dir='ltr'>anima:</span> 
     </span>
    </p>
   </div>
   <div class='ocr_carea' id='block_1_75' title="bbox 503 5705 2142 5779">
    <p class='ocr_par' dir='ltr' id='par_1_75' title="bbox 503 5705 2142 5779">
     <span class='ocr_line' id='line_1_76' title="bbox 503 5705 2142 5779; baseline 0.004 -20"><span class='ocrx_word' id='word_1_484' title='bbox 503 5709 708 5761; x_wconf 66' lang='lat' dir='ltr'>nostrae</span> <span class='ocrx_word' id='word_1_485' title='bbox 727 5721 856 5777; x_wconf 82' lang='lat' dir='ltr'>quae</span> <span class='ocrx_word' id='word_1_486' title='bbox 882 5705 1105 5760; x_wconf 90' lang='lat' dir='ltr'>tumulo</span> <span class='ocrx_word' id='word_1_487' title='bbox 1126 5709 1260 5761; x_wconf 90' lang='lat' dir='ltr'>sunt</span> <span class='ocrx_word' id='word_1_488' title='bbox 1276 5711 1641 5778; x_wconf 88' lang='lat' dir='ltr'>peccatorum</span> <span class='ocrx_word' id='word_1_489' title='bbox 1667 5707 1963 5779; x_wconf 63' lang='lat' dir='ltr'>conclusae,</span> <span class='ocrx_word' id='word_1_490' title='bbox 1987 5715 2043 5766; x_wconf 89' lang='lat' dir='ltr'>et</span> <span class='ocrx_word' id='word_1_491' title='bbox 2067 5710 2142 5766; x_wconf 89' lang='lat' dir='ltr'>ci-</span> 
     </span>
    </p>
   </div>
   <div class='ocr_carea' id='block_1_76' title="bbox 2721 1896 3372 1960">
    <p class='ocr_par' dir='ltr' id='par_1_76' title="bbox 2721 1896 3372 1960">
     <span class='ocr_line' id='line_1_77' title="bbox 2721 1896 3372 1960; baseline 0 -16"><span class='ocrx_word' id='word_1_492' title='bbox 2721 1896 2973 1945; x_wconf 88' lang='lat' dir='ltr'>Collectio</span> <span class='ocrx_word' id='word_1_493' title='bbox 2999 1899 3117 1960; x_wconf 89' lang='lat' dir='ltr'>post</span> <span class='ocrx_word' id='word_1_494' title='bbox 3140 1896 3372 1946; x_wconf 87' lang='lat' dir='ltr'>nomina.</span> 
     </span>
    </p>
   </div>
   <div class='ocr_carea' id='block_1_77' title="bbox 2298 1976 3880 2048">
    <p class='ocr_par' dir='ltr' id='par_1_77' title="bbox 2298 1976 3880 2048">
     <span class='ocr_line' id='line_1_78' title="bbox 2298 1976 3880 2048; baseline -0.001 -15"><span class='ocrx_word' id='word_1_495' title='bbox 2298 1979 2455 2048; x_wconf 86' lang='lat' dir='ltr'>Ecce,</span> <span class='ocrx_word' id='word_1_496' title='bbox 2485 1977 2746 2045; x_wconf 90' lang='lat' dir='ltr'>Domine,</span> <span class='ocrx_word' id='word_1_497' title='bbox 2776 1978 2844 2031; x_wconf 92' lang='lat' dir='ltr'>de</span> <span class='ocrx_word' id='word_1_498' title='bbox 2871 1981 2926 2031; x_wconf 90' lang='lat' dir='ltr'>te</span> <span class='ocrx_word' id='word_1_499' title='bbox 2953 1977 3179 2048; x_wconf 64' lang='lat' dir='ltr'>Caiphae</span> <span class='ocrx_word' id='word_1_500' title='bbox 3206 1976 3487 2048; x_wconf 85' lang='lat' dir='ltr'>pontiﬁcis</span> <span class='ocrx_word' id='word_1_501' title='bbox 3513 1977 3880 2045; x_wconf 78' lang='lat' dir='ltr'>vaticinium,</span> 
     </span>
    </p>
   </div>
   <div class='ocr_carea' id='block_1_78' title="bbox 2229 2070 3886 2143">
    <p class='ocr_par' dir='ltr' id='par_1_78' title="bbox 2229 2070 3886 2143">
     <span class='ocr_line' id='line_1_79' title="bbox 2229 2070 3886 2143; baseline -0.002 -17"><span class='ocrx_word' id='word_1_502' title='bbox 2229 2073 2494 2143; x_wconf 90' lang='lat' dir='ltr'>ignarum</span> <span class='ocrx_word' id='word_1_503' title='bbox 2521 2071 2622 2124; x_wconf 91' lang='lat' dir='ltr'>sibi</span> <span class='ocrx_word' id='word_1_504' title='bbox 2652 2071 2780 2142; x_wconf 90' lang='lat' dir='ltr'>ipsi,</span> <span class='ocrx_word' id='word_1_505' title='bbox 2811 2071 2870 2124; x_wconf 90' lang='lat' dir='ltr'>in</span> <span class='ocrx_word' id='word_1_506' title='bbox 2906 2070 3130 2141; x_wconf 86' lang='lat' dir='ltr'>pOpulis</span> <span class='ocrx_word' id='word_1_507' title='bbox 3165 2076 3245 2125; x_wconf 91' lang='lat' dir='ltr'>est</span> <span class='ocrx_word' id='word_1_508' title='bbox 3271 2071 3597 2141; x_wconf 90' lang='lat' dir='ltr'>probatum,</span> <span class='ocrx_word' id='word_1_509' title='bbox 3629 2075 3695 2124; x_wconf 89' lang='lat' dir='ltr'>ut</span> <span class='ocrx_word' id='word_1_510' title='bbox 3724 2087 3886 2124; x_wconf 86' lang='lat' dir='ltr'>unus</span> 
     </span>
    </p>
   </div>
   <div class='ocr_carea' id='block_1_79' title="bbox 2231 2164 3883 2236">
    <p class='ocr_par' dir='ltr' id='par_1_79' title="bbox 2231 2164 3883 2236">
     <span class='ocr_line' id='line_1_80' title="bbox 2231 2164 3883 2236; baseline -0.001 -17"><span class='ocrx_word' id='word_1_511' title='bbox 2231 2166 2594 2220; x_wconf 89' lang='lat' dir='ltr'>occumberes</span> <span class='ocrx_word' id='word_1_512' title='bbox 2631 2181 2736 2236; x_wconf 87' lang='lat' dir='ltr'>pro</span> <span class='ocrx_word' id='word_1_513' title='bbox 2766 2169 2952 2234; x_wconf 88' lang='lat' dir='ltr'>gente,</span> <span class='ocrx_word' id='word_1_514' title='bbox 2976 2180 3048 2218; x_wconf 90' lang='lat' dir='ltr'>ne</span> <span class='ocrx_word' id='word_1_515' title='bbox 3078 2165 3267 2218; x_wconf 92' lang='lat' dir='ltr'>cuncti</span> <span class='ocrx_word' id='word_1_516' title='bbox 3295 2165 3506 2235; x_wconf 89' lang='lat' dir='ltr'>pariter</span> <span class='ocrx_word' id='word_1_517' title='bbox 3531 2164 3841 2218; x_wconf 86' lang='lat' dir='ltr'>interirent</span> <span class='ocrx_word' id='word_1_518' title='bbox 3868 2183 3883 2228; x_wconf 90' lang='lat'>;</span> 
     </span>
    </p>
   </div>
   <div class='ocr_carea' id='block_1_80' title="bbox 2231 2257 3889 2328">
    <p class='ocr_par' dir='ltr' id='par_1_80' title="bbox 2231 2257 3889 2328">
     <span class='ocr_line' id='line_1_81' title="bbox 2231 2257 3889 2328; baseline -0.002 -15"><span class='ocrx_word' id='word_1_519' title='bbox 2231 2263 2286 2313; x_wconf 90' lang='lat' dir='ltr'>et</span> <span class='ocrx_word' id='word_1_520' title='bbox 2320 2265 2379 2313; x_wconf 91' lang='lat' dir='ltr'>tu</span> <span class='ocrx_word' id='word_1_521' title='bbox 2414 2259 2699 2328; x_wconf 87' lang='lat' dir='ltr'>singulare</span> <span class='ocrx_word' id='word_1_522' title='bbox 2729 2274 2974 2328; x_wconf 85' lang='lat' dir='ltr'>granum</span> <span class='ocrx_word' id='word_1_523' title='bbox 2997 2257 3055 2311; x_wconf 91' lang='lat' dir='ltr'>in</span> <span class='ocrx_word' id='word_1_524' title='bbox 3085 2262 3238 2312; x_wconf 90' lang='lat' dir='ltr'>terra</span> <span class='ocrx_word' id='word_1_525' title='bbox 3267 2258 3592 2326; x_wconf 87' lang='lat' dir='ltr'>morereris,</span> <span class='ocrx_word' id='word_1_526' title='bbox 3622 2262 3686 2312; x_wconf 93' lang='lat' dir='ltr'>ut</span> <span class='ocrx_word' id='word_1_527' title='bbox 3719 2274 3889 2328; x_wconf 87' lang='lat' dir='ltr'>seges</span> 
     </span>
    </p>
   </div>
   <div class='ocr_carea' id='block_1_81' title="bbox 2231 2351 3886 2424">
    <p class='ocr_par' dir='ltr' id='par_1_81' title="bbox 2231 2351 3886 2424">
     <span class='ocr_line' id='line_1_82' title="bbox 2231 2351 3886 2424; baseline -0.001 -18"><span class='ocrx_word' id='word_1_528' title='bbox 2231 2352 2480 2424; x_wconf 88' lang='lat' dir='ltr'>plurima</span> <span class='ocrx_word' id='word_1_529' title='bbox 2491 2356 2836 2406; x_wconf 84' lang='lat' dir='ltr'>nasceretur.</span> <span class='ocrx_word' id='word_1_530' title='bbox 2863 2351 3158 2422; x_wconf 88' lang='lat' dir='ltr'>Supplices</span> <span class='ocrx_word' id='word_1_531' title='bbox 3180 2351 3278 2405; x_wconf 89' lang='lat' dir='ltr'>tibi</span> <span class='ocrx_word' id='word_1_532' title='bbox 3293 2351 3422 2422; x_wconf 88' lang='lat' dir='ltr'>ipsi,</span> <span class='ocrx_word' id='word_1_533' title='bbox 3439 2351 3538 2422; x_wconf 85' lang='lat' dir='ltr'>qui</span> <span class='ocrx_word' id='word_1_534' title='bbox 3551 2369 3656 2422; x_wconf 91' lang='lat' dir='ltr'>pro</span> <span class='ocrx_word' id='word_1_535' title='bbox 3675 2351 3886 2404; x_wconf 90' lang='lat' dir='ltr'>mundi</span> 
     </span>
    </p>
   </div>
   <div class='ocr_carea' id='block_1_82' title="bbox 2231 2445 3888 2516">
    <p class='ocr_par' dir='ltr' id='par_1_82' title="bbox 2231 2445 3888 2516">
     <span class='ocr_line' id='line_1_83' title="bbox 2231 2445 3888 2516; baseline -0.001 -17"><span class='ocrx_word' id='word_1_536' title='bbox 2231 2447 2408 2501; x_wconf 90' lang='lat' dir='ltr'>salute</span> <span class='ocrx_word' id='word_1_537' title='bbox 2452 2463 2510 2501; x_wconf 90' lang='lat' dir='ltr'>es</span> <span class='ocrx_word' id='word_1_538' title='bbox 2539 2446 2728 2500; x_wconf 84' lang='lat' dir='ltr'>Hostia</span> <span class='ocrx_word' id='word_1_539' title='bbox 2756 2462 2950 2514; x_wconf 84' lang='lat' dir='ltr'>caesus,</span> <span class='ocrx_word' id='word_1_540' title='bbox 2991 2445 3384 2516; x_wconf 89' lang='lat' dir='ltr'>deprecamur,</span> <span class='ocrx_word' id='word_1_541' title='bbox 3415 2449 3475 2498; x_wconf 92' lang='lat' dir='ltr'>ut</span> <span class='ocrx_word' id='word_1_542' title='bbox 3511 2445 3676 2499; x_wconf 90' lang='lat' dir='ltr'>nobis</span> <span class='ocrx_word' id='word_1_543' title='bbox 3710 2445 3782 2498; x_wconf 91' lang='lat' dir='ltr'>de</span> <span class='ocrx_word' id='word_1_544' title='bbox 3831 2449 3888 2498; x_wconf 89' lang='lat' dir='ltr'>te</span> 
     </span>
    </p>
   </div>
   <div class='ocr_carea' id='block_1_83' title="bbox 2232 2538 3882 2611">
    <p class='ocr_par' dir='ltr' id='par_1_83' title="bbox 2232 2538 3882 2611">
     <span class='ocr_line' id='line_1_84' title="bbox 2232 2538 3882 2611; baseline -0.001 -18"><span class='ocrx_word' id='word_1_545' title='bbox 2232 2540 2352 2611; x_wconf 88' lang='lat' dir='ltr'>ipso</span> <span class='ocrx_word' id='word_1_546' title='bbox 2379 2540 2600 2593; x_wconf 89' lang='lat' dir='ltr'>veniam</span> <span class='ocrx_word' id='word_1_547' title='bbox 2628 2540 2820 2607; x_wconf 90' lang='lat' dir='ltr'>dones,</span> <span class='ocrx_word' id='word_1_548' title='bbox 2854 2540 2954 2610; x_wconf 90' lang='lat' dir='ltr'>qui</span> <span class='ocrx_word' id='word_1_549' title='bbox 2979 2545 3032 2593; x_wconf 92' lang='lat' dir='ltr'>te</span> <span class='ocrx_word' id='word_1_550' title='bbox 3062 2539 3250 2609; x_wconf 90' lang='lat' dir='ltr'>ipsum</span> <span class='ocrx_word' id='word_1_551' title='bbox 3271 2539 3522 2593; x_wconf 87' lang='lat' dir='ltr'>obtulisti</span> <span class='ocrx_word' id='word_1_552' title='bbox 3553 2556 3659 2610; x_wconf 92' lang='lat' dir='ltr'>pro</span> <span class='ocrx_word' id='word_1_553' title='bbox 3687 2538 3882 2592; x_wconf 89' lang='lat' dir='ltr'>nobis.</span> 
     </span>
    </p>
   </div>
   <div class='ocr_carea' id='block_1_84' title="bbox 2233 2632 3888 2705">
    <p class='ocr_par' dir='ltr' id='par_1_84' title="bbox 2233 2632 3888 2705">
     <span class='ocr_line' id='line_1_85' title="bbox 2233 2632 3888 2705; baseline -0.002 -17"><span class='ocrx_word' id='word_1_554' title='bbox 2233 2635 2299 2688; x_wconf 87' lang='lat' dir='ltr'>Et</span> <span class='ocrx_word' id='word_1_555' title='bbox 2324 2634 2449 2702; x_wconf 90' lang='lat' dir='ltr'>hos,</span> <span class='ocrx_word' id='word_1_556' title='bbox 2479 2650 2618 2705; x_wconf 90' lang='lat' dir='ltr'>quos</span> <span class='ocrx_word' id='word_1_557' title='bbox 2661 2632 2915 2686; x_wconf 89' lang='lat' dir='ltr'>recitatio</span> <span class='ocrx_word' id='word_1_558' title='bbox 2945 2632 3408 2686; x_wconf 87' lang='lat' dir='ltr'>commemoravit</span> <span class='ocrx_word' id='word_1_559' title='bbox 3447 2636 3576 2686; x_wconf 87' lang='lat' dir='ltr'>ante</span> <span class='ocrx_word' id='word_1_560' title='bbox 3618 2636 3888 2685; x_wconf 87' lang='lat' dir='ltr'>sanctum</span> 
     </span>
    </p>
   </div>
   <div class='ocr_carea' id='block_1_85' title="bbox 2231 2725 3890 2798">
    <p class='ocr_par' dir='ltr' id='par_1_85' title="bbox 2231 2725 3890 2798">
     <span class='ocr_line' id='line_1_86' title="bbox 2231 2725 3890 2798; baseline -0.001 -19"><span class='ocrx_word' id='word_1_561' title='bbox 2231 2727 2426 2796; x_wconf 87' lang='lat' dir='ltr'>altare,</span> <span class='ocrx_word' id='word_1_562' title='bbox 2459 2727 2556 2798; x_wconf 87' lang='lat' dir='ltr'>qui</span> <span class='ocrx_word' id='word_1_563' title='bbox 2586 2726 2644 2780; x_wconf 88' lang='lat' dir='ltr'>in</span> <span class='ocrx_word' id='word_1_564' title='bbox 2672 2743 2871 2796; x_wconf 88' lang='lat' dir='ltr'>pacem</span> <span class='ocrx_word' id='word_1_565' title='bbox 2892 2726 3012 2797; x_wconf 86' lang='lat' dir='ltr'>jam</span> <span class='ocrx_word' id='word_1_566' title='bbox 3050 2731 3208 2779; x_wconf 87' lang='lat' dir='ltr'>tuam</span> <span class='ocrx_word' id='word_1_567' title='bbox 3235 2726 3303 2780; x_wconf 90' lang='lat' dir='ltr'>ab</span> <span class='ocrx_word' id='word_1_568' title='bbox 3341 2725 3430 2778; x_wconf 90' lang='lat' dir='ltr'>his</span> <span class='ocrx_word' id='word_1_569' title='bbox 3470 2730 3602 2779; x_wconf 89' lang='lat' dir='ltr'>sunt</span> <span class='ocrx_word' id='word_1_570' title='bbox 3637 2725 3890 2779; x_wconf 91' lang='lat' dir='ltr'>vinculis</span> 
     </span>
    </p>
   </div>
   <div class='ocr_carea' id='block_1_86' title="bbox 2235 2818 3886 2891">
    <p class='ocr_par' dir='ltr' id='par_1_86' title="bbox 2235 2818 3886 2891">
     <span class='ocr_line' id='line_1_87' title="bbox 2235 2818 3886 2891; baseline -0.002 -17"><span class='ocrx_word' id='word_1_571' title='bbox 2235 2819 2521 2891; x_wconf 85' lang='lat' dir='ltr'>corporeis</span> <span class='ocrx_word' id='word_1_572' title='bbox 2561 2820 2837 2887; x_wconf 88' lang='lat' dir='ltr'>translati,</span> <span class='ocrx_word' id='word_1_573' title='bbox 2879 2835 3228 2890; x_wconf 67' lang='lat' dir='ltr'>quaesumus,</span> <span class='ocrx_word' id='word_1_574' title='bbox 3270 2818 3525 2888; x_wconf 88' lang='lat' dir='ltr'>Domine,</span> <span class='ocrx_word' id='word_1_575' title='bbox 3556 2825 3622 2872; x_wconf 94' lang='lat' dir='ltr'>ut</span> <span class='ocrx_word' id='word_1_576' title='bbox 3665 2824 3723 2872; x_wconf 91' lang='lat' dir='ltr'>te</span> <span class='ocrx_word' id='word_1_577' title='bbox 3771 2818 3886 2871; x_wconf 90' lang='lat' dir='ltr'>ha-</span> 
     </span>
    </p>
   </div>
   <div class='ocr_carea' id='block_1_87' title="bbox 2233 2911 3888 2984">
    <p class='ocr_par' dir='ltr' id='par_1_87' title="bbox 2233 2911 3888 2984">
     <span class='ocr_line' id='line_1_88' title="bbox 2233 2911 3888 2984; baseline -0.001 -17"><span class='ocrx_word' id='word_1_578' title='bbox 2233 2914 2402 2968; x_wconf 88' lang='lat' dir='ltr'>beant</span> <span class='ocrx_word' id='word_1_579' title='bbox 2441 2918 2784 2984; x_wconf 89' lang='lat' dir='ltr'>ereptorem,</span> <span class='ocrx_word' id='word_1_580' title='bbox 2820 2929 2992 2982; x_wconf 89' lang='lat' dir='ltr'>quem</span> <span class='ocrx_word' id='word_1_581' title='bbox 3031 2929 3134 2983; x_wconf 89' lang='lat' dir='ltr'>per</span> <span class='ocrx_word' id='word_1_582' title='bbox 3159 2911 3504 2984; x_wconf 88' lang='lat' dir='ltr'>baptismum</span> <span class='ocrx_word' id='word_1_583' title='bbox 3539 2918 3888 2966; x_wconf 88' lang='lat' dir='ltr'>meruerunt</span> 
     </span>
    </p>
   </div>
   <div class='ocr_carea' id='block_1_88' title="bbox 2235 3006 3885 3078">
    <p class='ocr_par' dir='ltr' id='par_1_88' title="bbox 2235 3006 3885 3078">
     <span class='ocr_line' id='line_1_89' title="bbox 2235 3006 3885 3078; baseline -0.001 -17"><span class='ocrx_word' id='word_1_584' title='bbox 2235 3007 2674 3078; x_wconf 82' lang='lat' dir='ltr'>Redemptorem</span> <span class='ocrx_word' id='word_1_585' title='bbox 2701 3006 2927 3060; x_wconf 89' lang='lat' dir='ltr'>habere.</span> <span class='ocrx_word' id='word_1_586' title='bbox 2959 3007 3065 3060; x_wconf 91' lang='lat' dir='ltr'>Sed</span> <span class='ocrx_word' id='word_1_587' title='bbox 3096 3011 3152 3060; x_wconf 89' lang='lat' dir='ltr'>et</span> <span class='ocrx_word' id='word_1_588' title='bbox 3180 3007 3225 3060; x_wconf 92' lang='lat' dir='ltr'>si</span> <span class='ocrx_word' id='word_1_589' title='bbox 3251 3006 3346 3077; x_wconf 89' lang='lat' dir='ltr'>qui</span> <span class='ocrx_word' id='word_1_590' title='bbox 3374 3006 3524 3060; x_wconf 89' lang='lat' dir='ltr'>inter</span> <span class='ocrx_word' id='word_1_591' title='bbox 3551 3006 3657 3060; x_wconf 92' lang='lat' dir='ltr'>hos</span> <span class='ocrx_word' id='word_1_592' title='bbox 3684 3011 3885 3060; x_wconf 86' lang='lat' dir='ltr'>astan-</span> 
     </span>
    </p>
   </div>
   <div class='ocr_carea' id='block_1_89' title="bbox 2234 3099 3890 3172">
    <p class='ocr_par' dir='ltr' id='par_1_89' title="bbox 2234 3099 3890 3172">
     <span class='ocr_line' id='line_1_90' title="bbox 2234 3099 3890 3172; baseline -0.001 -18"><span class='ocrx_word' id='word_1_593' title='bbox 2234 3105 2339 3167; x_wconf 90' lang='lat' dir='ltr'>tes,</span> <span class='ocrx_word' id='word_1_594' title='bbox 2380 3101 2477 3172; x_wconf 90' lang='lat' dir='ltr'>qui</span> <span class='ocrx_word' id='word_1_595' title='bbox 2520 3101 2587 3153; x_wconf 91' lang='lat' dir='ltr'>ad</span> <span class='ocrx_word' id='word_1_596' title='bbox 2641 3099 2906 3170; x_wconf 87' lang='lat' dir='ltr'>baptismi</span> <span class='ocrx_word' id='word_1_597' title='bbox 2957 3099 3217 3153; x_wconf 88' lang='lat' dir='ltr'>salutaris</span> <span class='ocrx_word' id='word_1_598' title='bbox 3257 3104 3607 3154; x_wconf 86' lang='lat' dir='ltr'>sacramenta</span> <span class='ocrx_word' id='word_1_599' title='bbox 3652 3116 3890 3170; x_wconf 63' lang='lat' dir='ltr'>praepa-</span> 
     </span>
    </p>
   </div>
   <div class='ocr_carea' id='block_1_90' title="bbox 2235 3192 3895 3265">
    <p class='ocr_par' dir='ltr' id='par_1_90' title="bbox 2235 3192 3895 3265">
     <span class='ocr_line' id='line_1_91' title="bbox 2235 3192 3895 3265; baseline -0.001 -18"><span class='ocrx_word' id='word_1_600' title='bbox 2235 3199 2453 3263; x_wconf 90' lang='lat' dir='ltr'>rentur,</span> <span class='ocrx_word' id='word_1_601' title='bbox 2485 3209 2836 3265; x_wconf 80' lang='lat' dir='ltr'>quaesumus,</span> <span class='ocrx_word' id='word_1_602' title='bbox 2869 3192 3105 3247; x_wconf 91' lang='lat' dir='ltr'>Domine</span> <span class='ocrx_word' id='word_1_603' title='bbox 3133 3193 3277 3247; x_wconf 91' lang='lat' dir='ltr'>Deus</span> <span class='ocrx_word' id='word_1_604' title='bbox 3303 3197 3516 3262; x_wconf 90' lang='lat' dir='ltr'>noster,</span> <span class='ocrx_word' id='word_1_605' title='bbox 3537 3198 3600 3247; x_wconf 90' lang='lat' dir='ltr'>ut</span> <span class='ocrx_word' id='word_1_606' title='bbox 3629 3192 3895 3247; x_wconf 88' lang='lat' dir='ltr'>imbutos</span> 
     </span>
    </p>
   </div>
   <div class='ocr_carea' id='block_1_91' title="bbox 2235 3286 3894 3358">
    <p class='ocr_par' dir='ltr' id='par_1_91' title="bbox 2235 3286 3894 3358">
     <span class='ocr_line' id='line_1_92' title="bbox 2235 3286 3894 3358; baseline -0.001 -17"><span class='ocrx_word' id='word_1_607' title='bbox 2235 3287 2293 3341; x_wconf 93' lang='lat' dir='ltr'>in</span> <span class='ocrx_word' id='word_1_608' title='bbox 2319 3287 2450 3355; x_wconf 86' lang='lat' dir='ltr'>ﬁde,</span> <span class='ocrx_word' id='word_1_609' title='bbox 2483 3287 2786 3342; x_wconf 90' lang='lat' dir='ltr'>instructos</span> <span class='ocrx_word' id='word_1_610' title='bbox 2815 3287 2873 3340; x_wconf 90' lang='lat' dir='ltr'>in</span> <span class='ocrx_word' id='word_1_611' title='bbox 2892 3303 3082 3355; x_wconf 91' lang='lat' dir='ltr'>sensu,</span> <span class='ocrx_word' id='word_1_612' title='bbox 3101 3287 3465 3340; x_wconf 82' lang='lat' dir='ltr'>confirmatos</span> <span class='ocrx_word' id='word_1_613' title='bbox 3492 3286 3550 3340; x_wconf 90' lang='lat' dir='ltr'>in</span> <span class='ocrx_word' id='word_1_614' title='bbox 3578 3287 3788 3358; x_wconf 86' lang='lat' dir='ltr'>gratia,</span> <span class='ocrx_word' id='word_1_615' title='bbox 3816 3287 3894 3340; x_wconf 88' lang='lat' dir='ltr'>ad</span> 
     </span>
    </p>
   </div>
   <div class='ocr_carea' id='block_1_92' title="bbox 2235 3379 3897 3452">
    <p class='ocr_par' dir='ltr' id='par_1_92' title="bbox 2235 3379 3897 3452">
     <span class='ocr_line' id='line_1_93' title="bbox 2235 3379 3897 3452; baseline -0.001 -18"><span class='ocrx_word' id='word_1_616' title='bbox 2235 3381 2655 3452; x_wconf 87' lang='lat' dir='ltr'>percipiendam</span> <span class='ocrx_word' id='word_1_617' title='bbox 2709 3380 3122 3452; x_wconf 90' lang='lat' dir='ltr'>plenitudinem</span> <span class='ocrx_word' id='word_1_618' title='bbox 3171 3380 3366 3450; x_wconf 64' lang='lat' dir='ltr'>gratiae</span> <span class='ocrx_word' id='word_1_619' title='bbox 3445 3385 3580 3449; x_wconf 64' lang='lat' dir='ltr'>tute,</span> <span class='ocrx_word' id='word_1_620' title='bbox 3639 3379 3897 3452; x_wconf 89' lang='lat' dir='ltr'>Spiritus</span> 
     </span>
    </p>
   </div>
   <div class='ocr_carea' id='block_1_93' title="bbox 2237 3470 3893 3546">
    <p class='ocr_par' dir='ltr' id='par_1_93' title="bbox 2237 3470 3893 3546">
     <span class='ocr_line' id='line_1_94' title="bbox 2237 3470 3893 3546; baseline 0.001 -18"><span class='ocrx_word' id='word_1_621' title='bbox 2237 3470 2429 3546; x_wconf 80' lang='lat'>236</span> <span class='ocrx_word' id='word_1_622' title='bbox 2461 3474 2542 3528; x_wconf 92' lang='lat' dir='ltr'>tui</span> <span class='ocrx_word' id='word_1_623' title='bbox 2576 3491 2814 3528; x_wconf 90' lang='lat' dir='ltr'>munere</span> <span class='ocrx_word' id='word_1_624' title='bbox 2845 3475 3045 3546; x_wconf 86' lang='lat' dir='ltr'>jubeas</span> <span class='ocrx_word' id='word_1_625' title='bbox 3076 3475 3404 3546; x_wconf 60' lang='lat' dir='ltr'>praeparari,</span> <span class='ocrx_word' id='word_1_626' title='bbox 3437 3479 3502 3529; x_wconf 90' lang='lat' dir='ltr'>ut</span> <span class='ocrx_word' id='word_1_627' title='bbox 3527 3475 3708 3529; x_wconf 89' lang='lat' dir='ltr'>sancti</span> <span class='ocrx_word' id='word_1_628' title='bbox 3731 3475 3893 3530; x_wconf 82' lang='lat' dir='ltr'>lava-</span> 
     </span>
    </p>
   </div>
   <div class='ocr_carea' id='block_1_94' title="bbox 2235 3568 3673 3633">
    <p class='ocr_par' dir='ltr' id='par_1_94' title="bbox 2235 3568 3673 3633">
     <span class='ocr_line' id='line_1_95' title="bbox 2235 3568 3673 3633; baseline 0.002 -12"><span class='ocrx_word' id='word_1_629' title='bbox 2235 3568 2315 3621; x_wconf 93' lang='lat' dir='ltr'>cri</span> <span class='ocrx_word' id='word_1_630' title='bbox 2342 3569 2496 3623; x_wconf 91' lang='lat' dir='ltr'>fonte</span> <span class='ocrx_word' id='word_1_631' title='bbox 2524 3569 2839 3624; x_wconf 88' lang='lat' dir='ltr'>desiderato</span> <span class='ocrx_word' id='word_1_632' title='bbox 2869 3573 3195 3624; x_wconf 89' lang='lat' dir='ltr'>mereantur</span> <span class='ocrx_word' id='word_1_633' title='bbox 3222 3570 3459 3623; x_wconf 85' lang='lat' dir='ltr'>renasci.</span> <span class='ocrx_word' id='word_1_634' title='bbox 3489 3569 3673 3633; x_wconf 83' lang='lat' dir='ltr'>Quod.</span> 
     </span>
    </p>
   </div>
   <div class='ocr_carea' id='block_1_95' title="bbox 2768 3667 3343 3730">
    <p class='ocr_par' dir='ltr' id='par_1_95' title="bbox 2768 3667 3343 3730">
     <span class='ocr_line' id='line_1_96' title="bbox 2768 3667 3343 3730; baseline -0.002 -13"><span class='ocrx_word' id='word_1_635' title='bbox 2768 3667 3016 3717; x_wconf 89' lang='lat' dir='ltr'>Collectio</span> <span class='ocrx_word' id='word_1_636' title='bbox 3042 3667 3105 3716; x_wconf 88' lang='lat' dir='ltr'>ad</span> <span class='ocrx_word' id='word_1_637' title='bbox 3138 3681 3343 3730; x_wconf 87' lang='lat' dir='ltr'>pacem.</span> 
     </span>
    </p>
   </div>
   <div class='ocr_carea' id='block_1_96' title="bbox 2309 3748 3892 3820">
    <p class='ocr_par' dir='ltr' id='par_1_96' title="bbox 2309 3748 3892 3820">
     <span class='ocr_line' id='line_1_97' title="bbox 2309 3748 3892 3820; baseline 0.001 -19"><span class='ocrx_word' id='word_1_638' title='bbox 2309 3748 2710 3802; x_wconf 88' lang='lat' dir='ltr'>Universorum</span> <span class='ocrx_word' id='word_1_639' title='bbox 2737 3748 2856 3819; x_wconf 90' lang='lat' dir='ltr'>ipse</span> <span class='ocrx_word' id='word_1_640' title='bbox 2883 3749 3202 3803; x_wconf 89' lang='lat' dir='ltr'>dominator</span> <span class='ocrx_word' id='word_1_641' title='bbox 3232 3749 3330 3820; x_wconf 91' lang='lat' dir='ltr'>qui</span> <span class='ocrx_word' id='word_1_642' title='bbox 3358 3749 3635 3818; x_wconf 87' lang='lat' dir='ltr'>conditor,</span> <span class='ocrx_word' id='word_1_643' title='bbox 3666 3756 3892 3804; x_wconf 84' lang='lat' dir='ltr'>creatu-</span> 
     </span>
    </p>
   </div>
   <div class='ocr_carea' id='block_1_97' title="bbox 2235 3843 3890 3913">
    <p class='ocr_par' dir='ltr' id='par_1_97' title="bbox 2235 3843 3890 3913">
     <span class='ocr_line' id='line_1_98' title="bbox 2235 3843 3890 3913; baseline 0.001 -17"><span class='ocrx_word' id='word_1_644' title='bbox 2235 3859 2313 3896; x_wconf 64' lang='lat' dir='ltr'>ra:</span> <span class='ocrx_word' id='word_1_645' title='bbox 2339 3847 2453 3896; x_wconf 65' lang='lat' dir='ltr'>tua:</span> <span class='ocrx_word' id='word_1_646' title='bbox 2495 3847 2832 3913; x_wconf 86' lang='lat' dir='ltr'>praestanter</span> <span class='ocrx_word' id='word_1_647' title='bbox 2861 3843 3120 3897; x_wconf 89' lang='lat' dir='ltr'>amabilis</span> <span class='ocrx_word' id='word_1_648' title='bbox 3155 3847 3210 3897; x_wconf 89' lang='lat' dir='ltr'>et</span> <span class='ocrx_word' id='word_1_649' title='bbox 3253 3849 3490 3912; x_wconf 91' lang='lat' dir='ltr'>amator,</span> <span class='ocrx_word' id='word_1_650' title='bbox 3525 3843 3618 3896; x_wconf 92' lang='lat' dir='ltr'>cui</span> <span class='ocrx_word' id='word_1_651' title='bbox 3665 3844 3890 3898; x_wconf 85' lang='lat' dir='ltr'>Martha</span> 
     </span>
    </p>
   </div>
   <div class='ocr_carea' id='block_1_98' title="bbox 2236 3936 3882 4009">
    <p class='ocr_par' dir='ltr' id='par_1_98' title="bbox 2236 3936 3882 4009">
     <span class='ocr_line' id='line_1_99' title="bbox 2236 3936 3882 4009; baseline 0 -19"><span class='ocrx_word' id='word_1_652' title='bbox 2236 3937 2460 4006; x_wconf 85' lang='lat' dir='ltr'>satagit,</span> <span class='ocrx_word' id='word_1_653' title='bbox 2490 3936 2664 3990; x_wconf 84' lang='lat' dir='ltr'>Maria</span> <span class='ocrx_word' id='word_1_654' title='bbox 2683 3936 2853 4006; x_wconf 89' lang='lat' dir='ltr'>pedes</span> <span class='ocrx_word' id='word_1_655' title='bbox 2880 3936 3078 4007; x_wconf 88' lang='lat' dir='ltr'>abluit,</span> <span class='ocrx_word' id='word_1_656' title='bbox 3109 3954 3240 3991; x_wconf 89' lang='lat' dir='ltr'>cum</span> <span class='ocrx_word' id='word_1_657' title='bbox 3267 3955 3380 4009; x_wconf 91' lang='lat' dir='ltr'>quo</span> <span class='ocrx_word' id='word_1_658' title='bbox 3406 3938 3646 3991; x_wconf 87' lang='lat' dir='ltr'>Lazarus</span> <span class='ocrx_word' id='word_1_659' title='bbox 3667 3937 3882 3992; x_wconf 87' lang='lat' dir='ltr'>redivi-</span> 
     </span>
    </p>
   </div>
   <div class='ocr_carea' id='block_1_99' title="bbox 2237 4031 3885 4102">
    <p class='ocr_par' dir='ltr' id='par_1_99' title="bbox 2237 4031 3885 4102">
     <span class='ocr_line' id='line_1_100' title="bbox 2237 4031 3885 4102; baseline 0.001 -18"><span class='ocrx_word' id='word_1_660' title='bbox 2237 4047 2338 4084; x_wconf 87' lang='lat' dir='ltr'>vus</span> <span class='ocrx_word' id='word_1_661' title='bbox 2364 4031 2648 4084; x_wconf 88' lang='lat' dir='ltr'>accumbit</span> <span class='ocrx_word' id='word_1_662' title='bbox 2676 4033 2811 4099; x_wconf 89' lang='lat' dir='ltr'>(tota</span> <span class='ocrx_word' id='word_1_663' title='bbox 2835 4047 3041 4101; x_wconf 91' lang='lat' dir='ltr'>nempe</span> <span class='ocrx_word' id='word_1_664' title='bbox 3069 4031 3269 4086; x_wconf 88' lang='lat' dir='ltr'>domus</span> <span class='ocrx_word' id='word_1_665' title='bbox 3299 4036 3381 4086; x_wconf 91' lang='lat' dir='ltr'>est</span> <span class='ocrx_word' id='word_1_666' title='bbox 3407 4032 3466 4085; x_wconf 92' lang='lat' dir='ltr'>in</span> <span class='ocrx_word' id='word_1_667' title='bbox 3507 4035 3747 4102; x_wconf 86' lang='lat' dir='ltr'>amore),</span> <span class='ocrx_word' id='word_1_668' title='bbox 3774 4048 3885 4085; x_wconf 86' lang='lat' dir='ltr'>an-</span> 
     </span>
    </p>
   </div>
   <div class='ocr_carea' id='block_1_100' title="bbox 2236 4124 3886 4197">
    <p class='ocr_par' dir='ltr' id='par_1_100' title="bbox 2236 4124 3886 4197">
     <span class='ocr_line' id='line_1_101' title="bbox 2236 4124 3886 4197; baseline 0.001 -20"><span class='ocrx_word' id='word_1_669' title='bbox 2236 4141 2347 4178; x_wconf 87' lang='lat' dir='ltr'>nue</span> <span class='ocrx_word' id='word_1_670' title='bbox 2375 4124 2524 4196; x_wconf 87' lang='lat' dir='ltr'>plebi</span> <span class='ocrx_word' id='word_1_671' title='bbox 2552 4130 2662 4178; x_wconf 59' lang='lat' dir='ltr'>tua;</span> <span class='ocrx_word' id='word_1_672' title='bbox 2692 4125 2768 4178; x_wconf 86' lang='lat' dir='ltr'>ita</span> <span class='ocrx_word' id='word_1_673' title='bbox 2785 4140 2842 4178; x_wconf 91' lang='lat' dir='ltr'>se</span> <span class='ocrx_word' id='word_1_674' title='bbox 2869 4125 3178 4180; x_wconf 77' lang='lat' dir='ltr'>exercitare</span> <span class='ocrx_word' id='word_1_675' title='bbox 3205 4141 3307 4197; x_wconf 89' lang='lat' dir='ltr'>per</span> <span class='ocrx_word' id='word_1_676' title='bbox 3326 4125 3708 4195; x_wconf 90' lang='lat' dir='ltr'>dilectionem,</span> <span class='ocrx_word' id='word_1_677' title='bbox 3741 4131 3802 4179; x_wconf 92' lang='lat' dir='ltr'>ut</span> <span class='ocrx_word' id='word_1_678' title='bbox 3823 4127 3886 4179; x_wconf 91' lang='lat' dir='ltr'>in</span> 
     </span>
    </p>
   </div>
   <div class='ocr_carea' id='block_1_101' title="bbox 2236 4215 3886 4291">
    <p class='ocr_par' dir='ltr' id='par_1_101' title="bbox 2236 4215 3886 4291">
     <span class='ocr_line' id='line_1_102' title="bbox 2236 4215 3886 4291; baseline 0.001 -19"><span class='ocrx_word' id='word_1_679' title='bbox 2236 4223 2291 4273; x_wconf 86' lang='lat' dir='ltr'>te</span> <span class='ocrx_word' id='word_1_680' title='bbox 2319 4218 2492 4289; x_wconf 85' lang='lat' dir='ltr'>possit</span> <span class='ocrx_word' id='word_1_681' title='bbox 2518 4215 2677 4272; x_wconf 84' lang='lat' dir='ltr'>unita</span> <span class='ocrx_word' id='word_1_682' title='bbox 2708 4234 2940 4272; x_wconf 89' lang='lat' dir='ltr'>manere</span> <span class='ocrx_word' id='word_1_683' title='bbox 2970 4236 3075 4291; x_wconf 91' lang='lat' dir='ltr'>per</span> <span class='ocrx_word' id='word_1_684' title='bbox 3103 4236 3321 4290; x_wconf 87' lang='lat' dir='ltr'>pacem.</span> <span class='ocrx_word' id='word_1_685' title='bbox 3350 4219 3599 4274; x_wconf 86' lang='lat' dir='ltr'>Ministra</span> <span class='ocrx_word' id='word_1_686' title='bbox 3629 4219 3687 4273; x_wconf 90' lang='lat' dir='ltr'>in</span> <span class='ocrx_word' id='word_1_687' title='bbox 3715 4219 3886 4274; x_wconf 89' lang='lat' dir='ltr'>nobis</span> 
     </span>
    </p>
   </div>
   <div class='ocr_carea' id='block_1_102' title="bbox 2237 4311 3884 4385">
    <p class='ocr_par' dir='ltr' id='par_1_102' title="bbox 2237 4311 3884 4385">
     <span class='ocr_line' id='line_1_103' title="bbox 2237 4311 3884 4385; baseline 0.001 -20"><span class='ocrx_word' id='word_1_688' title='bbox 2237 4311 2360 4365; x_wconf 90' lang='lat' dir='ltr'>illas</span> <span class='ocrx_word' id='word_1_689' title='bbox 2387 4312 2658 4382; x_wconf 78' lang='lat' dir='ltr'>Iacrymas</span> <span class='ocrx_word' id='word_1_690' title='bbox 2685 4329 2822 4383; x_wconf 86' lang='lat' dir='ltr'>quas</span> <span class='ocrx_word' id='word_1_691' title='bbox 2867 4313 3034 4368; x_wconf 88' lang='lat' dir='ltr'>Maria</span> <span class='ocrx_word' id='word_1_692' title='bbox 3074 4313 3142 4368; x_wconf 91' lang='lat' dir='ltr'>de</span> <span class='ocrx_word' id='word_1_693' title='bbox 3182 4313 3361 4368; x_wconf 76' lang='lat' dir='ltr'>multa</span> <span class='ocrx_word' id='word_1_694' title='bbox 3397 4313 3697 4368; x_wconf 90' lang='lat' dir='ltr'>dilectione</span> <span class='ocrx_word' id='word_1_695' title='bbox 3741 4330 3884 4385; x_wconf 87' lang='lat' dir='ltr'>pro-</span> 
     </span>
    </p>
   </div>
   <div class='ocr_carea' id='block_1_103' title="bbox 2238 4405 3887 4477">
    <p class='ocr_par' dir='ltr' id='par_1_103' title="bbox 2238 4405 3887 4477">
     <span class='ocr_line' id='line_1_104' title="bbox 2238 4405 3887 4477; baseline 0.001 -17"><span class='ocrx_word' id='word_1_696' title='bbox 2238 4405 2395 4474; x_wconf 88' lang='lat' dir='ltr'>tulit;</span> <span class='ocrx_word' id='word_1_697' title='bbox 2441 4405 2683 4477; x_wconf 88' lang='lat' dir='ltr'>ﬂagrare</span> <span class='ocrx_word' id='word_1_698' title='bbox 2711 4406 3026 4461; x_wconf 88' lang='lat' dir='ltr'>orationem</span> <span class='ocrx_word' id='word_1_699' title='bbox 3068 4412 3323 4463; x_wconf 89' lang='lat' dir='ltr'>nostram</span> <span class='ocrx_word' id='word_1_700' title='bbox 3363 4406 3552 4476; x_wconf 85' lang='lat' dir='ltr'>facito,</span> <span class='ocrx_word' id='word_1_701' title='bbox 3594 4407 3741 4462; x_wconf 89' lang='lat' dir='ltr'>sicut</span> <span class='ocrx_word' id='word_1_702' title='bbox 3778 4425 3887 4462; x_wconf 87' lang='lat' dir='ltr'>un-</span> 
     </span>
    </p>
   </div>
   <div class='ocr_carea' id='block_1_104' title="bbox 2243 4501 3887 4574">
    <p class='ocr_par' dir='ltr' id='par_1_104' title="bbox 2243 4501 3887 4574">
     <span class='ocr_line' id='line_1_105' title="bbox 2243 4501 3887 4574; baseline 0.002 -20"><span class='ocrx_word' id='word_1_703' title='bbox 2243 4505 2520 4572; x_wconf 89' lang='lat' dir='ltr'>guentum</span> <span class='ocrx_word' id='word_1_704' title='bbox 2545 4501 2829 4573; x_wconf 88' lang='lat' dir='ltr'>pisticum,</span> <span class='ocrx_word' id='word_1_705' title='bbox 2854 4502 3022 4558; x_wconf 90' lang='lat' dir='ltr'>sacris</span> <span class='ocrx_word' id='word_1_706' title='bbox 3052 4503 3257 4574; x_wconf 91' lang='lat' dir='ltr'>plantis</span> <span class='ocrx_word' id='word_1_707' title='bbox 3275 4503 3548 4569; x_wconf 87' lang='lat' dir='ltr'>infusum,</span> <span class='ocrx_word' id='word_1_708' title='bbox 3567 4504 3756 4557; x_wconf 68' lang='lat' dir='ltr'>Marim</span> <span class='ocrx_word' id='word_1_709' title='bbox 3784 4504 3887 4558; x_wconf 86' lang='lat' dir='ltr'>ﬂa-</span> 
     </span>
    </p>
   </div>
   <div class='ocr_carea' id='block_1_105' title="bbox 2241 4595 3888 4670">
    <p class='ocr_par' dir='ltr' id='par_1_105' title="bbox 2241 4595 3888 4670">
     <span class='ocr_line' id='line_1_106' title="bbox 2241 4595 3888 4670; baseline 0.002 -22"><span class='ocrx_word' id='word_1_710' title='bbox 2241 4595 2441 4665; x_wconf 86' lang='lat' dir='ltr'>gravit,</span> <span class='ocrx_word' id='word_1_711' title='bbox 2465 4601 2529 4650; x_wconf 91' lang='lat' dir='ltr'>ut</span> <span class='ocrx_word' id='word_1_712' title='bbox 2548 4613 2673 4651; x_wconf 87' lang='lat' dir='ltr'>eam</span> <span class='ocrx_word' id='word_1_713' title='bbox 2692 4613 2889 4668; x_wconf 89' lang='lat' dir='ltr'>pacem</span> <span class='ocrx_word' id='word_1_714' title='bbox 2909 4613 3324 4669; x_wconf 87' lang='lat' dir='ltr'>consequamur</span> <span class='ocrx_word' id='word_1_715' title='bbox 3349 4614 3453 4670; x_wconf 90' lang='lat' dir='ltr'>per</span> <span class='ocrx_word' id='word_1_716' title='bbox 3479 4598 3668 4652; x_wconf 90' lang='lat' dir='ltr'>oscula</span> <span class='ocrx_word' id='word_1_717' title='bbox 3688 4605 3888 4653; x_wconf 87' lang='lat' dir='ltr'>nostra</span> 
     </span>
    </p>
   </div>
   <div class='ocr_carea' id='block_1_106' title="bbox 2239 4689 3881 4764">
    <p class='ocr_par' dir='ltr' id='par_1_106' title="bbox 2239 4689 3881 4764">
     <span class='ocr_line' id='line_1_107' title="bbox 2239 4689 3881 4764; baseline 0.002 -21"><span class='ocrx_word' id='word_1_718' title='bbox 2239 4689 2298 4743; x_wconf 90' lang='lat' dir='ltr'>in</span> <span class='ocrx_word' id='word_1_719' title='bbox 2326 4689 2661 4745; x_wconf 89' lang='lat' dir='ltr'>alterutrum</span> <span class='ocrx_word' id='word_1_720' title='bbox 2691 4697 2969 4762; x_wconf 89' lang='lat' dir='ltr'>porrecta,</span> <span class='ocrx_word' id='word_1_721' title='bbox 2999 4709 3171 4764; x_wconf 88' lang='lat' dir='ltr'>quam</span> <span class='ocrx_word' id='word_1_722' title='bbox 3198 4697 3544 4764; x_wconf 87' lang='lat' dir='ltr'>consequuta</span> <span class='ocrx_word' id='word_1_723' title='bbox 3573 4697 3660 4747; x_wconf 89' lang='lat' dir='ltr'>est</span> <span class='ocrx_word' id='word_1_724' title='bbox 3684 4693 3881 4758; x_wconf 86' lang='lat' dir='ltr'>Maria,</span> 
     </span>
    </p>
   </div>
   <div class='ocr_carea' id='block_1_107' title="bbox 2239 4782 3883 4859">
    <p class='ocr_par' dir='ltr' id='par_1_107' title="bbox 2239 4782 3883 4859">
     <span class='ocr_line' id='line_1_108' title="bbox 2239 4782 3883 4859; baseline 0.003 -22"><span class='ocrx_word' id='word_1_725' title='bbox 2239 4782 2326 4838; x_wconf 91' lang='lat' dir='ltr'>sui</span> <span class='ocrx_word' id='word_1_726' title='bbox 2358 4784 2614 4839; x_wconf 89' lang='lat' dir='ltr'>osculans</span> <span class='ocrx_word' id='word_1_727' title='bbox 2656 4785 3050 4857; x_wconf 81' lang='lat' dir='ltr'>Redemptoris</span> <span class='ocrx_word' id='word_1_728' title='bbox 3087 4786 3344 4859; x_wconf 91' lang='lat' dir='ltr'>vestigia,</span> <span class='ocrx_word' id='word_1_729' title='bbox 3375 4786 3628 4842; x_wconf 88' lang='lat' dir='ltr'>Salvator</span> <span class='ocrx_word' id='word_1_730' title='bbox 3655 4787 3883 4842; x_wconf 87' lang='lat' dir='ltr'>mundi.</span> 
     </span>
    </p>
   </div>
   <div class='ocr_carea' id='block_1_108' title="bbox 2793 4883 3307 4934">
    <p class='ocr_par' dir='ltr' id='par_1_108' title="bbox 2793 4883 3307 4934">
     <span class='ocr_line' id='line_1_109' title="bbox 2793 4883 3307 4934; baseline 0.006 -4"><span class='ocrx_word' id='word_1_731' title='bbox 2793 4883 3085 4933; x_wconf 87' lang='lat' dir='ltr'>Immolatio</span> <span class='ocrx_word' id='word_1_732' title='bbox 3118 4884 3307 4934; x_wconf 63' lang='lat' dir='ltr'>missae.</span> 
     </span>
    </p>
   </div>
   <div class='ocr_carea' id='block_1_109' title="bbox 2308 4963 3882 5038">
    <p class='ocr_par' dir='ltr' id='par_1_109' title="bbox 2308 4963 3882 5038">
     <span class='ocr_line' id='line_1_110' title="bbox 2308 4963 3882 5038; baseline 0.005 -21"><span class='ocrx_word' id='word_1_733' title='bbox 2308 4963 2448 5019; x_wconf 85' lang='lat' dir='ltr'>Vere</span> <span class='ocrx_word' id='word_1_734' title='bbox 2475 4963 2716 5034; x_wconf 90' lang='lat' dir='ltr'>dignum</span> <span class='ocrx_word' id='word_1_735' title='bbox 2741 4968 2797 5018; x_wconf 90' lang='lat' dir='ltr'>et</span> <span class='ocrx_word' id='word_1_736' title='bbox 2814 4964 3032 5034; x_wconf 90' lang='lat' dir='ltr'>justum</span> <span class='ocrx_word' id='word_1_737' title='bbox 3061 4969 3164 5036; x_wconf 90' lang='lat' dir='ltr'>est,</span> <span class='ocrx_word' id='word_1_738' title='bbox 3198 4966 3320 5035; x_wconf 89' lang='lat' dir='ltr'>tibi,</span> <span class='ocrx_word' id='word_1_739' title='bbox 3345 4963 3604 5038; x_wconf 89' lang='lat' dir='ltr'>Domine,</span> <span class='ocrx_word' id='word_1_740' title='bbox 3630 4967 3701 5022; x_wconf 86' lang='lat' dir='ltr'>ab</span> <span class='ocrx_word' id='word_1_741' title='bbox 3723 4972 3882 5026; x_wconf 90' lang='lat' dir='ltr'>omni</span> 
     </span>
    </p>
   </div>
   <div class='ocr_carea' id='block_1_110' title="bbox 2239 5058 3880 5135">
    <p class='ocr_par' dir='ltr' id='par_1_110' title="bbox 2239 5058 3880 5135">
     <span class='ocr_line' id='line_1_111' title="bbox 2239 5058 3880 5135; baseline 0.007 -26"><span class='ocrx_word' id='word_1_742' title='bbox 2239 5071 2397 5127; x_wconf 82' lang='lat' dir='ltr'>sexu,</span> <span class='ocrx_word' id='word_1_743' title='bbox 2427 5060 2590 5111; x_wconf 81' lang='lat' dir='ltr'>aetate</span> <span class='ocrx_word' id='word_1_744' title='bbox 2628 5061 2684 5112; x_wconf 89' lang='lat' dir='ltr'>et</span> <span class='ocrx_word' id='word_1_745' title='bbox 2720 5073 2888 5112; x_wconf 90' lang='lat' dir='ltr'>sensu</span> <span class='ocrx_word' id='word_1_746' title='bbox 2919 5058 3103 5114; x_wconf 88' lang='lat' dir='ltr'>dicere</span> <span class='ocrx_word' id='word_1_747' title='bbox 3133 5059 3357 5116; x_wconf 90' lang='lat' dir='ltr'>laudem</span> <span class='ocrx_word' id='word_1_748' title='bbox 3394 5060 3455 5115; x_wconf 90' lang='lat' dir='ltr'>in</span> <span class='ocrx_word' id='word_1_749' title='bbox 3480 5061 3586 5116; x_wconf 90' lang='lat' dir='ltr'>hac</span> <span class='ocrx_word' id='word_1_750' title='bbox 3613 5062 3705 5118; x_wconf 90' lang='lat' dir='ltr'>die</span> <span class='ocrx_word' id='word_1_751' title='bbox 3725 5065 3880 5135; x_wconf 91' lang='lat' dir='ltr'>jeju-</span> 
     </span>
    </p>
   </div>
   <div class='ocr_carea' id='block_1_111' title="bbox 2237 5149 3884 5226">
    <p class='ocr_par' dir='ltr' id='par_1_111' title="bbox 2237 5149 3884 5226">
     <span class='ocr_line' id='line_1_112' title="bbox 2237 5149 3884 5226; baseline 0.006 -23"><span class='ocrx_word' id='word_1_752' title='bbox 2237 5149 2339 5218; x_wconf 91' lang='lat' dir='ltr'>nii,</span> <span class='ocrx_word' id='word_1_753' title='bbox 2369 5155 2425 5204; x_wconf 88' lang='lat' dir='ltr'>et</span> <span class='ocrx_word' id='word_1_754' title='bbox 2468 5150 2650 5205; x_wconf 91' lang='lat' dir='ltr'>laudis</span> <span class='ocrx_word' id='word_1_755' title='bbox 2680 5155 2792 5206; x_wconf 75' lang='lat' dir='ltr'>tuae</span> <span class='ocrx_word' id='word_1_756' title='bbox 2822 5151 3116 5224; x_wconf 89' lang='lat' dir='ltr'>trimphali</span> <span class='ocrx_word' id='word_1_757' title='bbox 3151 5153 3456 5224; x_wconf 70' lang='lat' dir='ltr'>praeconio,</span> <span class='ocrx_word' id='word_1_758' title='bbox 3489 5172 3604 5226; x_wconf 90' lang='lat' dir='ltr'>quo</span> <span class='ocrx_word' id='word_1_759' title='bbox 3644 5156 3716 5210; x_wconf 88' lang='lat' dir='ltr'>ab</span> <span class='ocrx_word' id='word_1_760' title='bbox 3762 5159 3884 5214; x_wconf 87' lang='lat' dir='ltr'>Hie-</span> 
     </span>
    </p>
   </div>
   <div class='ocr_carea' id='block_1_112' title="bbox 2239 5244 3879 5324">
    <p class='ocr_par' dir='ltr' id='par_1_112' title="bbox 2239 5244 3879 5324">
     <span class='ocr_line' id='line_1_113' title="bbox 2239 5244 3879 5324; baseline 0.005 -26"><span class='ocrx_word' id='word_1_761' title='bbox 2239 5244 2531 5315; x_wconf 86' lang='lat' dir='ltr'>rosolymis</span> <span class='ocrx_word' id='word_1_762' title='bbox 2563 5249 2620 5300; x_wconf 89' lang='lat' dir='ltr'>et</span> <span class='ocrx_word' id='word_1_763' title='bbox 2648 5246 2922 5300; x_wconf 88' lang='lat' dir='ltr'>Bethania</span> <span class='ocrx_word' id='word_1_764' title='bbox 2955 5255 3322 5305; x_wconf 90' lang='lat' dir='ltr'>occurrerunt</span> <span class='ocrx_word' id='word_1_765' title='bbox 3351 5250 3453 5306; x_wconf 92' lang='lat' dir='ltr'>tibi</span> <span class='ocrx_word' id='word_1_766' title='bbox 3483 5251 3751 5322; x_wconf 62' lang='lat' dir='ltr'>plurima;</span> <span class='ocrx_word' id='word_1_767' title='bbox 3776 5270 3879 5324; x_wconf 84' lang='lat' dir='ltr'>po-</span> 
     </span>
    </p>
   </div>
   <div class='ocr_carea' id='block_1_113' title="bbox 2239 5338 3884 5416">
    <p class='ocr_par' dir='ltr' id='par_1_113' title="bbox 2239 5338 3884 5416">
     <span class='ocr_line' id='line_1_114' title="bbox 2239 5338 3884 5416; baseline 0.006 -24"><span class='ocrx_word' id='word_1_768' title='bbox 2239 5338 2508 5410; x_wconf 91' lang='lat' dir='ltr'>pulorum</span> <span class='ocrx_word' id='word_1_769' title='bbox 2533 5344 2791 5409; x_wconf 77' lang='lat' dir='ltr'>catervae,</span> <span class='ocrx_word' id='word_1_770' title='bbox 2820 5358 2937 5397; x_wconf 90' lang='lat' dir='ltr'>una</span> <span class='ocrx_word' id='word_1_771' title='bbox 2966 5359 3097 5399; x_wconf 90' lang='lat' dir='ltr'>voce</span> <span class='ocrx_word' id='word_1_772' title='bbox 3125 5349 3543 5416; x_wconf 89' lang='lat' dir='ltr'>perstrepentes</span> <span class='ocrx_word' id='word_1_773' title='bbox 3575 5363 3589 5400; x_wconf 88' lang='lat'>:</span> <span class='ocrx_word' id='word_1_774' title='bbox 3624 5347 3884 5402; x_wconf 83' lang='lat' dir='ltr'>Hosanna</span> 
     </span>
    </p>
   </div>
   <div class='ocr_carea' id='block_1_114' title="bbox 2239 5431 3880 5509">
    <p class='ocr_par' dir='ltr' id='par_1_114' title="bbox 2239 5431 3880 5509">
     <span class='ocr_line' id='line_1_115' title="bbox 2239 5431 3880 5509; baseline 0.007 -23"><span class='ocrx_word' id='word_1_775' title='bbox 2239 5431 2345 5486; x_wconf 89' lang='lat' dir='ltr'>Fili</span> <span class='ocrx_word' id='word_1_776' title='bbox 2372 5433 2566 5503; x_wconf 89' lang='lat' dir='ltr'>David,</span> <span class='ocrx_word' id='word_1_777' title='bbox 2609 5433 2940 5491; x_wconf 89' lang='lat' dir='ltr'>benedictus</span> <span class='ocrx_word' id='word_1_778' title='bbox 2965 5437 3065 5509; x_wconf 90' lang='lat' dir='ltr'>qui</span> <span class='ocrx_word' id='word_1_779' title='bbox 3091 5437 3246 5493; x_wconf 89' lang='lat' dir='ltr'>venit</span> <span class='ocrx_word' id='word_1_780' title='bbox 3280 5439 3340 5493; x_wconf 91' lang='lat' dir='ltr'>in</span> <span class='ocrx_word' id='word_1_781' title='bbox 3365 5439 3602 5495; x_wconf 89' lang='lat' dir='ltr'>nomine</span> <span class='ocrx_word' id='word_1_782' title='bbox 3633 5441 3880 5497; x_wconf 87' lang='lat' dir='ltr'>Domini.</span> 
     </span>
    </p>
   </div>
   <div class='ocr_carea' id='block_1_115' title="bbox 2239 5527 3882 5606">
    <p class='ocr_par' dir='ltr' id='par_1_115' title="bbox 2239 5527 3882 5606">
     <span class='ocr_line' id='line_1_116' title="bbox 2239 5527 3882 5606; baseline 0.007 -26"><span class='ocrx_word' id='word_1_783' title='bbox 2239 5527 2362 5581; x_wconf 90' lang='lat' dir='ltr'>Tibi</span> <span class='ocrx_word' id='word_1_784' title='bbox 2398 5527 2550 5582; x_wconf 87' lang='lat' dir='ltr'>enim</span> <span class='ocrx_word' id='word_1_785' title='bbox 2592 5545 2723 5583; x_wconf 92' lang='lat' dir='ltr'>cum</span> <span class='ocrx_word' id='word_1_786' title='bbox 2750 5529 2948 5602; x_wconf 82' lang='lat' dir='ltr'>lingua</span> <span class='ocrx_word' id='word_1_787' title='bbox 2991 5548 3154 5586; x_wconf 89' lang='lat' dir='ltr'>coma</span> <span class='ocrx_word' id='word_1_788' title='bbox 3196 5532 3422 5588; x_wconf 86' lang='lat' dir='ltr'>servivit</span> <span class='ocrx_word' id='word_1_789' title='bbox 3457 5534 3720 5606; x_wconf 88' lang='lat' dir='ltr'>arborea,</span> <span class='ocrx_word' id='word_1_790' title='bbox 3752 5553 3882 5590; x_wconf 88' lang='lat' dir='ltr'>cum</span> 
     </span>
    </p>
   </div>
   <div class='ocr_carea' id='block_1_116' title="bbox 2239 5623 3883 5700">
    <p class='ocr_par' dir='ltr' id='par_1_116' title="bbox 2239 5623 3883 5700">
     <span class='ocr_line' id='line_1_117' title="bbox 2239 5623 3883 5700; baseline 0.006 -26"><span class='ocrx_word' id='word_1_791' title='bbox 2239 5636 2473 5676; x_wconf 89' lang='lat' dir='ltr'>arenosa</span> <span class='ocrx_word' id='word_1_792' title='bbox 2515 5623 2719 5678; x_wconf 89' lang='lat' dir='ltr'>itinera</span> <span class='ocrx_word' id='word_1_793' title='bbox 2759 5625 2934 5680; x_wconf 88' lang='lat' dir='ltr'>ramis</span> <span class='ocrx_word' id='word_1_794' title='bbox 2984 5625 3279 5682; x_wconf 90' lang='lat' dir='ltr'>viruerunt</span> <span class='ocrx_word' id='word_1_795' title='bbox 3319 5629 3654 5700; x_wconf 90' lang='lat' dir='ltr'>composita.</span> <span class='ocrx_word' id='word_1_796' title='bbox 3701 5631 3883 5686; x_wconf 89' lang='lat' dir='ltr'>Plebis</span> 
     </span>
    </p>
   </div>
   <div class='ocr_carea' id='block_1_117' title="bbox 2239 5717 3884 5799">
    <p class='ocr_par' dir='ltr' id='par_1_117' title="bbox 2239 5717 3884 5799">
     <span class='ocr_line' id='line_1_118' title="bbox 2239 5717 3884 5799; baseline 0.005 -27"><span class='ocrx_word' id='word_1_797' title='bbox 2239 5730 2464 5788; x_wconf 87' lang='lat' dir='ltr'>quoque</span> <span class='ocrx_word' id='word_1_798' title='bbox 2479 5717 2881 5775; x_wconf 88' lang='lat' dir='ltr'>indumentum</span> <span class='ocrx_word' id='word_1_799' title='bbox 2895 5719 3006 5776; x_wconf 89' lang='lat' dir='ltr'>tuis</span> <span class='ocrx_word' id='word_1_800' title='bbox 3020 5721 3226 5792; x_wconf 88' lang='lat' dir='ltr'>plantis</span> <span class='ocrx_word' id='word_1_801' title='bbox 3242 5722 3884 5799; x_wconf 83' lang='lat' dir='ltr'>sternitur,nudatisque</span> 
     </span>
    </p>
   </div>
   <div class='ocr_carea' id='block_1_118' title="bbox 573 5848 3515 5930">
    <p class='ocr_par' dir='ltr' id='par_1_118' title="bbox 573 5848 3515 5930">
     <span class='ocr_line' id='line_1_119' title="bbox 573 5848 3515 5930; baseline 0.007 -26"><span class='ocrx_word' id='word_1_802' title='bbox 573 5851 595 5880; x_wconf 82' lang='lat'><strong><em>“</em></strong></span> <span class='ocrx_word' id='word_1_803' title='bbox 624 5853 731 5905; x_wconf 89' lang='lat' dir='ltr'>Pro</span> <span class='ocrx_word' id='word_1_804' title='bbox 761 5848 1049 5904; x_wconf 88' lang='lat' dir='ltr'>Dominica</span> <span class='ocrx_word' id='word_1_805' title='bbox 1078 5853 1137 5907; x_wconf 86' lang='lat' dir='ltr'>in</span> <span class='ocrx_word' id='word_1_806' title='bbox 1164 5852 1389 5924; x_wconf 84' lang='lat' dir='ltr'>Palmis,</span> <span class='ocrx_word' id='word_1_807' title='bbox 1422 5857 1486 5909; x_wconf 92' lang='lat' dir='ltr'>ut</span> <span class='ocrx_word' id='word_1_808' title='bbox 1519 5859 1746 5912; x_wconf 84' lang='lat' dir='ltr'>notatur</span> <span class='ocrx_word' id='word_1_809' title='bbox 1781 5854 1841 5912; x_wconf 91' lang='lat' dir='ltr'>in</span> <span class='ocrx_word' id='word_1_810' title='bbox 1870 5856 1966 5914; x_wconf 91' lang='lat' dir='ltr'>lib.</span> <span class='ocrx_word' id='word_1_811' title='bbox 1998 5874 2036 5912; x_wconf 81' lang='grc' dir='ltr'>υ</span> <span class='ocrx_word' id='word_1_812' title='bbox 2063 5858 2132 5913; x_wconf 90' lang='lat' dir='ltr'>ad</span> <span class='ocrx_word' id='word_1_813' title='bbox 2170 5859 2322 5916; x_wconf 91' lang='lat' dir='ltr'>hunc</span> <span class='ocrx_word' id='word_1_814' title='bbox 2349 5860 2518 5930; x_wconf 89' lang='lat' dir='ltr'>diem,</span> <span class='ocrx_word' id='word_1_815' title='bbox 2551 5869 2604 5920; x_wconf 87' lang='lat' dir='ltr'>et</span> <span class='ocrx_word' id='word_1_816' title='bbox 2632 5865 2869 5922; x_wconf 87' lang='lat' dir='ltr'>inferius</span> <span class='ocrx_word' id='word_1_817' title='bbox 2897 5867 2956 5923; x_wconf 91' lang='lat' dir='ltr'>in</span> <span class='ocrx_word' id='word_1_818' title='bbox 2984 5867 3186 5924; x_wconf 81' lang='lat' dir='ltr'>Missali</span> <span class='ocrx_word' id='word_1_819' title='bbox 3213 5868 3515 5928; x_wconf 83' lang='lat' dir='ltr'>Gallicana.</span> 
     </span>
    </p>
   </div>
  </div>
