3968 6224
73 326 190 380 265

1191 345 1278 404 DE
1317 349 1629 411 LITURGIA
1665 357 2035 419 GALLICANA
2074 365 2269 425 LIBER
2306 371 2396 427 III.

3377 397 3479 450 266

73 432 220 487 Viris
269 434 362 490 νίδ
413 438 699 512 vestitur;
753 445 965 503 Victori
1019 467 1164 508 novo
1211 459 1458 529 populus
1510 469 1743 534 praestat
1762 479 1820 552 Α
1841 468 1974 526 ﬁdei
2000 472 2295 534 devotione
2320 479 2578 550 conlatis,
2607 488 2825 542 mutum
2867 489 3109 549 invicem
3150 497 3482 558 sollicitudi-

77 527 451 558 ὒπὲιιινιηι-η--νι
508 533 835 558 Ω--..μξιι,ιη
931 543 946 558 1
1136 548 1146 558 .
1220 549 1235 558 .
1335 553 1350 558 _

77 527 477 599 triumphum.
507 533 705 607 Surgit
720 543 873 595 totus
900 543 1117 602 clamor
1131 548 1192 604 in
1219 527 1420 620 laude;
1450 527 1614 614 voces
1631 559 1744 615 cla-

78 622 373 679 mantium
417 632 730 697 penetrant
758 637 1056 709 templum,
1089 642 1338 700 dicentes
1367 664 1380 702 :
1416 649 1747 711 Benedictus

83 714 180 783 qui
209 717 370 771 venit
396 718 462 773 in
491 723 725 780 nomine
754 727 1001 787 Domini.
1023 734 1179 806 Ecce,
1209 739 1581 812 Hierusalem,
1611 765 1745 819 qua-

81 806 214 861 liter
243 810 355 864 tibi
387 813 510 868 Rex
557 821 688 872 tuus
723 821 924 878 sedens
962 842 1134 898 super
1162 831 1384 888 asinum
1414 846 1742 898 mansuetus

82 900 337 958 advenit.
369 905 588 962 Adveni
617 926 776 984 ergo,
809 932 1098 991 rogamus,
1119 927 1175 978 et
1199 924 1259 979 in
1284 928 1539 986 medium
1565 937 1743 992 nostri

82 993 293 1051 adsiste
318 1014 336 1066 ;
379 1004 439 1054 et
484 1003 585 1073 qui
613 1021 720 1080 nos
755 1012 890 1064 tunc
918 1017 1192 1084 reparasti
1226 1035 1331 1090 per
1359 1039 1605 1099 crucem,
1637 1045 1742 1100 per

82 1087 259 1143 istum
289 1090 659 1153 immolatum
687 1117 896 1172 panem
922 1111 978 1161 et
1005 1087 1345 1182 sanguinem
1378 1087 1736 1194 iterum’lap-

83 1195 172 1234 sos
214 1199 445 1256 repara,
493 1195 559 1244 ut
591 1196 647 1245 te
675 1194 940 1254 advenire
966 1199 1026 1255 in
1054 1205 1260 1260 nostris
1301 1209 1568 1267 cordibus
1607 1230 1736 1270 sen-

83 1274 318 1344 tientes,
349 1294 619 1338 exeamus
649 1286 874 1343 obviam
909 1293 1014 1360 tui,
1053 1299 1109 1350 et
1154 1314 1285 1354 cum
1328 1305 1588 1374 supernis
1629 1307 1738 1364 illis

78 1367 396 1427 virtutibus
422 1375 736 1434 clamemus
767 1383 1017 1440 dicentes
1047 1405 1061 1442 :
1093 1389 1347 1448 Sanctus.

721 1484 844 1534 Post
878 1486 1113 1538 Sanctus.

151 1554 285 1611 Haec
314 1565 402 1615 est
440 1563 562 1619 sine
599 1565 713 1622 ﬁne
741 1568 997 1642 felicitas,
1027 1574 1150 1630 haec
1178 1581 1261 1632 est
1294 1578 1586 1639 beatitudo
1613 1585 1734 1641 sine

77 1650 357 1720 termino,
400 1655 480 1710 sic
529 1658 644 1713 Deo
677 1661 1069 1721 indesinenter
1110 1669 1352 1743 haerere,
1395 1678 1462 1729 ut
1501 1675 1619 1748 ipse
1663 1679 1736 1735 sit

78 1756 232 1811 spes,
263 1743 389 1814 ipse
430 1748 501 1802 sit
529 1753 772 1822 requies.
819 1757 879 1810 lu
923 1758 1048 1829 ipso
1090 1761 1289 1833 vigilet
1325 1743 1640 1840 negotium,
1674 1772 1732 1826 in

1846 563 1933 619 nis
1961 571 2088 623 vota
2129 586 2478 646 promamus,
2511 593 2546 632 a
2573 579 2798 637 Domini
2839 581 3047 656 pietate
3085 597 3376 660 poscentes
3415 601 3478 652 ut

1846 659 2013 714 corda
2051 665 2311 722 omnium
2349 669 2688 730 otferentum
2730 676 2807 738 ad.
2845 678 3090 738 hostiam
3126 685 3478 744 rationabilis

1845 757 1903 807 et
1929 757 2278 828 complacita:
2299 762 2404 818 sibi
2424 767 2878 826 sanctificationis
2897 777 3186 846 emundet,
3217 785 3273 834 et
3294 781 3480 852 quies-

1845 847 2091 903 centium
2121 853 2342 909 animas
2372 858 2432 912 in
2461 860 2588 915 sinu
2612 861 2853 920 Abrahae
2881 867 3160 926 collocare
3185 872 3474 947 dignetur,

1843 942 1900 994 et
1926 940 1987 995 in
2013 949 2171 1014 parte
2200 948 2404 1018 prima;
2435 957 2860 1014 resurrectionis
2899 961 3180 1021 admittat.
3217 940 3326 1023 Per
3361 940 3472 1023 Do;

1841 1033 2064 1091 minum
2093 1044 2372 1099 nostrum.

2364 1135 2613 1190 Collectio
2651 1142 2717 1193 ad
2745 1157 2949 1208 pacem.

1913 1213 2077 1285 Deus,
2112 1215 2209 1287 qui
2241 1225 2598 1291 assumptum
2627 1224 2918 1283 hominem
2946 1236 3240 1290 evecturus
3267 1237 3338 1292 ad
3363 1255 3472 1294 cae-

1838 1304 1941 1373 los,
1981 1307 2132 1363 inter
2168 1310 2456 1384 praecipua
2499 1317 2898 1376 mandatorum
2942 1327 3174 1382 tuorum
3213 1331 3474 1400 patribus

1837 1400 2049 1456 nostris
2089 1406 2360 1474 apostolis
2398 1424 2597 1479 pacem
2641 1412 2936 1486 reliquisti,
2970 1418 3157 1475 tribue
3193 1422 3357 1479 nobis
3395 1425 3474 1481 fa-

1836 1493 2004 1548 mulis
2030 1495 2144 1549 tuis
2168 1500 2534 1556 sectatoribus
2558 1507 2914 1580 eorumdem,
2931 1525 3034 1580 per
3054 1514 3344 1571 exterioris
3371 1517 3472 1573 ho-

1839 1585 2006 1640 minis
2027 1589 2303 1661 osculum,
2330 1592 2615 1652 interioris
2634 1597 2884 1656 hominis
2904 1619 3128 1674 pacem.
3147 1607 3306 1671 Quod
3325 1609 3467 1681 ipse.

2389 1688 2678 1740 Immolatio
2723 1692 2912 1745 missae.

1906 1758 2100 1834 238
2138 1763 2386 1835 Dignum
2412 1771 2468 1822 et
2485 1769 2708 1839 justum
2736 1779 2820 1828 est
2844 1791 2948 1846 per
2969 1777 3159 1834 Iesum
3178 1781 3465 1838 Christum

77 1834 206 1903 ipso
231 1837 416 1893 otium
436 1844 819 1915 conquiescat.
851 1850 936 1905 Sic
961 1852 1126 1908 nobis
1142 1856 1334 1912 cibum
1360 1834 1732 1930 praebendum
1754 1865 1808 1936 B
1835 1851 2041 1947 Filium
2068 1834 2232 1911 ωαῐῆ
2263 1834 2573 1917 Ποωίηιὶω
2601 1870 2882 1923 Ποείωω·
2902 1870 3009 1933 Ουί
3037 1888 3272 1929 suorum
3297 1877 3469 1947 Ρθάθε

77 1927 166 1980 vel
196 1931 496 2002 poculum,
531 1939 597 1990 ut
624 1939 895 2012 quicquid
921 1946 1312 2018 praeﬁguravit
1425 1957 1730 2027 mysteriis,

74 2020 284 2076 reddat
312 2024 373 2080 in
398 2030 671 2102 praemiis,
694 2049 798 2104 per
826 2036 1116 2095 Christum
1139 2042 1446 2101 Dominum
1471 2020 1729 2106 nostrum

75 2113 186 2177 Qui
215 2117 371 2187 prid.

721 2195 846 2247 Post
869 2204 1091 2252 secreta.

145 2272 356 2345 Aspice
393 2275 455 2330 in
483 2277 620 2333 caelo
649 2281 811 2336 vultu
839 2287 959 2353 tuo,
987 2286 1081 2358 pie
1104 2289 1419 2366 miserator,
1447 2295 1569 2352 haec
1604 2316 1727 2355 mu-

76 2381 234 2436 nera,
264 2368 367 2439 qui
394 2386 623 2443 semper
641 2389 698 2429 es
726 2393 1044 2449 propensus
1072 2383 1142 2438 ad
1170 2384 1346 2457 dona;
1373 2393 1428 2444 et
1451 2388 1575 2462 ipsa
1593 2410 1727 2450 con-

74 2460 453 2531 templatione
503 2464 691 2522 oblata
755 2472 1067 2530 sanctiﬁces
1114 2480 1359 2535 naturali
1411 2460 1722 2556 majestate,

75 2559 353 2624 perpetue
397 2563 623 2615 sanctus
663 2575 743 2632 es,
790 2567 847 2620 et
885 2572 1076 2623 sancta
1122 2570 1366 2642 largiris.
1404 2577 1565 2640 Quod
1602 2579 1723 2651 ipse

72 2652 244 2717 pra“
487 2723 618 2773 Ante
643 2725 934 2778 orationem
957 2731 1301 2786 Dominicam.

148 2801 342 2876 237
379 2806 807 2866 Venerabilibus
833 2812 1124 2872 informati
1150 2825 1474 2896 praeceptis,
1506 2825 1722 2884 incitati

71 2911 312 2952 munere
365 2898 614 2971 pietatis,
665 2905 764 2974 qui
814 2907 999 2963 Marias
1040 2910 1228 2968 ﬂentis
1275 2917 1555 2989 lacrymas
1601 2938 1718 2978 non

70 2991 312 3060 spernis,
342 2991 547 3046 Lazaro
573 2995 879 3066 dignanter
906 3012 1352 3074 cognomentum
1386 3011 1576 3068 fratris
1603 3014 1714 3070 im-

68 3084 255 3154 ponis,
285 3085 549 3141 Ecclesiae
575 3089 798 3146 soboles
821 3096 1073 3166 appellas
1108 3116 1205 3156 ore
1247 3105 1446 3173 gratiae
1481 3107 1713 3164 cohere-

67 3176 188 3244 des,
217 3177 325 3232 tibi
352 3180 634 3251 supplices
660 3184 992 3259 clamamus,
1022 3196 1078 3247 et
1106 3193 1345 3252 dicimus
1375 3216 1388 3254 :
1419 3201 1603 3257 Pater.

494 3284 619 3334 Post
641 3287 933 3339 orationem
955 3293 1298 3348 Dominicam.

137 3366 374 3434 Exerce,
397 3367 684 3440 liberator,
707 3372 764 3426 in
781 3375 944 3431 nobis
958 3378 1105 3448 juris
1120 3383 1338 3454 proprii
1365 3385 1709 3461 facultatem,

68 3459 164 3529 qui
191 3458 385 3514 Lazari
424 3461 715 3534 virtutem,
756 3467 941 3525 Mariae
970 3472 1260 3544 pietatem,
1288 3478 1520 3536 Marthae
1549 3458 1710 3548 labo;

69 3568 190 3606 rem
229 3570 589 3627 remuneras,
631 3557 880 3617 favorem
921 3565 1100 3635 plebis
1149 3569 1378 3643 cxcitas,
1425 3577 1482 3628 et
1532 3576 1712 3633 Patris

71 3659 198 3700 voce
227 3647 471 3703 concina
517 3650 782 3721 gloriaris
810 3657 1169 3730 omnipotens
1199 3663 1364 3720 Deus.
1392 3666 1500 3731 Qui
1543 3668 1604 3723 in
1646 3671 1708 3726 T.

400 3761 620 3818 XXVIII.
663 3781 823 3822 mssa
862 3784 916 3824 IN
955 3785 1120 3830 coam
1159 3789 1372 3833 nonum.

136 3856 584 3930 Sacrosanctam,
629 3862 832 3920 fratres
872 3866 1240 3944 dilectissimi,
1300 3873 1576 3931 hodierna
1617 3876 1708 3933 die

66 3949 400 4006 inchoandas
427 3953 654 4010 Paschas
675 3956 1132 4034 sollemnitatem,
1149 3981 1212 4020 ac
1239 3967 1590 4024 salutiferam
1615 3969 1710 4025 do-

67 4041 290 4098 minicae
316 4044 722 4104 immolationis
756 4051 1006 4123 effigiem
1033 4055 1092 4111 in
1131 4059 1406 4116 sacriﬁcio
1447 4059 1704 4133 spiritali,

68 4135 287 4191 Christo
326 4137 621 4212 offerente,
653 4145 1022 4218 transfusam,
1052 4166 1168 4205 non
1187 4152 1313 4224 jam
1337 4153 1397 4208 in
1427 4155 1703 4210 amaritu-

67 4227 191 4284 dine
219 4232 426 4302 azymi,
457 4249 644 4306 neque
669 4236 730 4291 in
759 4237 1041 4296 fermento
1068 4245 1271 4301 veteris
1296 4247 1529 4304 malitias
1557 4249 1702 4305 cele-

65 4320 311 4393 brantes,
340 4325 441 4379 sed
468 4325 528 4380 in
553 4343 698 4382 nova
725 4333 783 4385 et
807 4330 1026 4390 sincera
1051 4340 1467 4412 consparsione,
1496 4341 1701 4396 imma-

67 4415 275 4471 culatas
312 4419 488 4474 sacris
515 4420 789 4479 altaribus
834 4425 1044 4483 hostias
1075 4429 1395 4506 offerentes,
1439 4436 1700 4508 omnipo-

67 4513 278 4565 tentem
305 4512 488 4568 Deum
515 4531 618 4586 per
660 4517 1021 4591 unigenitum
1065 4524 1270 4580 Filium
1311 4543 1480 4584 suum
1520 4530 1703 4585 Domi-

1833 1945 2241 2019 discipulorum
2264 1951 2440 2008 linteo
2461 1958 2800 2026 praecinctus
2821 1961 3020 2030 abluit,
3050 1969 3107 2021 et
3131 1945 3469 2025 humilitatis

1831 2042 2154 2112 exemplum
2167 2045 2506 2102 transiturus
2520 2049 2739 2105 eisdem
2761 2053 2831 2108 de
2851 2057 3066 2112 mundo
3085 2059 3335 2132 reliquit.
3347 2063 3463 2118 Ma-

1832 2132 2007 2203 gister
2017 2135 2231 2208 quippe
2245 2139 2570 2197 verissimus
2590 2143 3054 2221 factisinformat,
3071 2168 3212 2224 quos
3229 2156 3464 2211 monitis

1829 2226 2169 2284 salutaribus
2196 2231 2524 2304 frequenter
2547 2236 2916 2296 instruxerat.
2946 2243 3054 2298 Sed
3089 2246 3226 2318 quid
3251 2248 3462 2304 mirum

1827 2318 1873 2372 si
1903 2322 2204 2392 praecinxit
2233 2342 2290 2380 se
2321 2327 2521 2398 linteo,
2563 2331 2664 2402 qui
2700 2333 2947 2390 formam
2988 2338 3133 2392 servi
3157 2340 3458 2413 accipiens,

1825 2411 2028 2469 habitu
2055 2421 2138 2471 est
2162 2417 2425 2475 inventus
2450 2427 2514 2478 ut
2533 2423 2747 2480 homo?
2771 2432 2870 2482 aut
2892 2429 3028 2500 quid
3056 2411 3338 2488 mirumfsi
3358 2435 3463 2491 mi-

1825 2506 1898 2561 sit
1921 2524 2128 2580 aquam
2159 2511 2218 2566 in
2243 2513 2485 2586 pelvem,
2513 2522 2578 2572 ut
2603 2518 2814 2575 lavaret
2838 2523 3009 2592 pedes
3029 2523 3458 2601 discipulorum,

1823 2601 2006 2672 quiin
2032 2606 2188 2660 terra
2211 2608 2551 2687 sanguinem
2567 2610 2731 2682 fudit,
2752 2618 2817 2668 ut
2838 2614 3259 2675 immunditiam
3285 2622 3460 2679 dilue-

1821 2698 1909 2749 ret
1922 2701 2283 2766 peccatorum
2294 2701 2322 2754 *ἲ
2340 2701 2436 2757 llle
2450 2703 2642 2776 itaque
2660 2705 2835 2762 linteo
2851 2725 2964 2780 quo
2983 2715 3104 2766 erat
3115 2714 3456 2784 praecinctus

1819 2788 1994 2859 pedes
2019 2806 2160 2861 quos
2183 2792 2395 2849 laverat
2422 2797 2602 2865 tersit,
2625 2799 2723 2870 qui
2752 2817 2919 2856 carne
2945 2819 3059 2874 qua
3084 2811 3204 2860 erat
3226 2806 3457 2864 indutus

1821 2896 1956 2936 evan
1964 2883 2296 2953 gelistarum
2314 2889 2555 2960 vestigia
2567 2893 2942 2952 conﬁrmavit.
2959 2896 3116 2952 Lavit
3134 2914 3271 2970 ergo
3283 2901 3455 2971 pedes

1819 2974 2225 3046 discipulorum
2241 2981 2513 3036 Dominus
2530 3000 2546 3052 ;
2572 3001 2821 3055 quorum
2839 2992 3029 3043 autem
3055 2991 3227 3061 pedes
3243 2995 3452 3049 extrin-

1817 3083 1977 3123 secus
2002 3069 2284 3140 abluebat,
2304 3072 2556 3144 ipsorum
2577 3077 2794 3134 animas
2820 3080 3190 3154 indulgentiae
3209 3085 3452 3159 hyssopo

1816 3160 2151 3219 intrinsecus
2160 3166 2488 3237 expiabat.0
2499 3170 2829 3228 admirabile
2844 3183 3258 3234 sacramentum
3266 3223 3279 3251 ,
3287 3197 3451 3252 gran-

1733 3241 1788 3315 C
1815 3254 1884 3309 de
1918 3257 2286 3328 mysterium!
2321 3261 2600 3318 Turbatur
2634 3265 2830 3321 Petrus
2855 3284 3089 3325 cernens
3125 3241 3450 3344 exemplum

1813 3351 1984 3403 tantae
2011 3349 2349 3409 humilitatis
2375 3354 2435 3409 in
2460 3371 2592 3428 rege
2616 3361 2786 3414 tantae
2807 3361 3140 3434 majestatis;
3176 3367 3452 3423 tremiscit

1811 3458 2024 3512 pavens
2037 3443 2384 3518 humanitas,
2408 3449 2542 3520 quia
2563 3451 2632 3504 ad
2651 3452 2772 3522 ejus
2792 3455 3024 3528 vestigia
3043 3473 3162 3513 sese
3181 3458 3450 3517 inclinare

1813 3534 2084 3607 dignatur
2110 3538 2400 3596 Divinitas.
2427 3542 2532 3597 Sed
2557 3543 2668 3599 nisi
2685 3545 2829 3602 Deus
2857 3549 2927 3602 ad
2941 3548 3235 3608 hominem
3263 3555 3448 3612 humi-

1810 3627 1977 3684 liatus
1991 3630 2380 3702 inclinaretur,
2405 3635 2477 3690 ad
2497 3637 2678 3692 Deum
2698 3638 2868 3694 homo
2884 3647 3102 3698 erectus
3126 3661 3446 3719 numquam

1809 3718 2112 3780 levaretur.
2170 3727 2250 3781 Ex
2308 3730 2444 3783 tunc
2495 3730 2648 3784 enim
2692 3732 2864 3788 homo
2910 3733 3220 3792 viventium
3266 3745 3446 3797 terras

1809 3815 1978 3886 coepit
2004 3817 2290 3889 adpetere,
2331 3836 2401 3875 ex
2429 3837 2541 3892 quo
2573 3823 2717 3877 Deus
2748 3824 2806 3878 in
2831 3826 3062 3897 regione
3089 3832 3439 3906 mortalium,

1808 3907 2177 3966 humanitatis
2219 3918 2304 3968 est
2331 3913 2595 3986 dignatus
2623 3917 2820 3973 lumen
2857 3921 3175 3980 ostendere.
3216 3929 3360 3983 Ante
3389 3945 3439 3984 c.

2435 4009 2560 4058 Post
2588 4010 2822 4062 Sanctus.

1878 4086 2018 4140 Vere
2054 4091 2276 4142 sanctus
2310 4093 2366 4143 et
2391 4088 2582 4160 justus
2621 4108 2699 4164 es,
2736 4094 2995 4167 Domine,
3027 4113 3159 4154 vcre
3197 4116 3441 4175 magnus

1807 4182 1863 4233 et
1893 4178 2024 4250 pius
2056 4195 2134 4246 es,
2167 4181 2264 4252 qui
2291 4181 2497 4238 Filium
2523 4189 2688 4241 tuum
2714 4188 3023 4245 Dominum
3054 4198 3314 4278 nostrum
3346 4197 3436 4253 Je-

1805 4289 1932 4327 sum
1956 4272 2242 4330 Christum
2262 4275 2423 4331 nobis
2450 4277 2648 4335 lumen
2673 4281 2744 4336 ad
2769 4286 2949 4339 terras
2968 4300 3039 4340 ex
3064 4272 3292 4344 summa
3317 4291 3438 4348 celi

1803 4385 1930 4426 arce
1980 4371 2181 4428 misisti
2229 4375 2583 4446 captivorum
2638 4395 2943 4452 corporum
2990 4383 3433 4458 redemptorem.

1803 4465 1924 4535 Ipse
1952 4465 2105 4520 enim
2132 4483 2189 4538 (Ι.
2434 4540 2556 4589 Post
2578 4545 2794 4592 secreta.

64 4618 200 4657 num
250 4609 520 4661 nostrum
570 4611 766 4666 Jesum
817 4614 1103 4672 Christum
1155 4619 1558 4694 deprecemur;
1601 4615 1778 4696 quiD
1870 4617 2065 4688 Agnus
2092 4617 2210 4686 Dei:
2255 4618 2354 4689 qui
2397 4619 2544 4674 ίοῙῙίε
2583 4628 2812 4693 Peccata
2857 4626 3077 4698 mundi:
3119 4630 3335 4703 respice
3371 4633 3433 4690 in

64 4695 180 4751 hac
205 4698 267 4752 in
297 4701 442 4754 sacri
480 4704 730 4774 corporis
760 4710 814 4761 et
841 4710 1135 4781 sanguinis
1171 4714 1258 4768 sui
1290 4715 1571 4774 oblatione
1606 4719 1701 4774 be-

64 4790 320 4848 nedicere
347 4799 405 4848 et
429 4797 775 4854 sanctiﬁcare
815 4800 1084 4873 dignatus
1107 4811 1211 4878 est,
1239 4809 1319 4862 ita
1342 4809 1698 4868 offerentium

61 4883 410 4942 famulorum
435 4905 671 4945 suorum
692 4908 933 4950 munera
954 4897 1142 4954 oblata
1154 4900 1486 4976 benedicat;
1518 4910 1581 4961 ut
1599 4922 1701 4978 per

62 4977 516 5037 inlustrationem
545 4983 787 5056 Spiritus
821 4991 1018 5062 sancti,
1047 4993 1432 5052 deferentibus
1460 4977 1694 5071 nuntiis,

63 5069 195 5126 odor
221 5074 512 5130 suavitatis
537 5080 820 5137 ascendat.
849 5083 956 5140 Per
982 5083 1292 5144 Dominum
1318 5095 1577 5149 nostrum
1602 5095 1693 5150 Je-

64 5179 180 5219 sum
202 5166 495 5224 Christum
527 5168 628 5226 Fil.

610 5273 860 5327 Collectio
890 5280 1140 5343 sequitur.

130 5350 272 5408 Deus
297 5353 835 5432 sanctiﬁcationum,
865 5367 922 5419 et
947 5365 1219 5423 Dominus
1249 5371 1559 5426 caelestium
1588 5373 1696 5428 vir—

65 5449 261 5516 tutum,
305 5448 512 5503 exaudi
552 5466 750 5522 preces
790 5461 1030 5527 nostras,
1058 5465 1114 5516 et
1157 5461 1512 5520 benedictam
1549 5465 1694 5522 hanc

64 5537 296 5610 plebem,
321 5541 553 5597 Domini
577 5547 760 5601 nostri
785 5549 915 5606 Jesu
940 5551 1148 5608 Christi
1176 5557 1532 5630 redemptam
1561 5576 1692 5615 san-

65 5632 246 5701 guine,
277 5634 348 5689 de
376 5634 509 5692 sede
535 5644 748 5712 sancta,
776 5641 1170 5704 inaccessibilis
1195 5649 1438 5725 claritas,
1468 5653 1690 5710 exaudi.

64 5723 161 5780 Per
186 5732 347 5783 coazt.

682 5803 804 5855 Post
828 5807 1062 5860 nomina.

130 5879 371 5940 Diversis
395 5885 784 5946 oblationibus
822 5894 990 5949 sacris
1032 5895 1320 5972 altaribus,
1353 5917 1466 5958 una
1503 5906 1695 5962 tamen

380 5982 660 6050 PATBOL.
709 5987 946 6055 LXXII.

1799 4725 1922 4779 nos,
1955 4714 2011 4766 et
2034 4709 2303 4768 miserere
2345 4712 2529 4784 nobis,
2563 4715 2745 4771 factus
2770 4718 2934 4773 nobis
2961 4719 3080 4792 ipse
3119 4721 3304 4779 hostia
3332 4727 3431 4799 qui

1799 4804 2078 4874 sacerdos,
2113 4804 2233 4876 ipse
2276 4806 2582 4877 praemium
2621 4809 2718 4880 qui
2763 4811 3140 4886 Redemptor;
3187 4833 3220 4870 a
3269 4820 3434 4876 malis

1799 4897 2061 4953 omnibus
2087 4914 2227 4970 quos
2254 4899 2568 4972 redemisti,
2600 4904 2838 4973 custodi,
2861 4906 2972 4962 Sal.

2211 4995 2341 5044 Ante
2371 4995 2660 5045 orationem
2684 4997 3030 5052 Dominicam.

1866 5072 1985 5127 Vivi
2009 5073 2176 5144 panis
2200 5074 2470 5131 alimenta
2495 5081 2552 5132 et
2576 5078 2717 5134 sacri
2745 5081 3036 5153 sanguinis
3063 5082 3211 5140 dona
3241 5103 3431 5162 sump-

1796 5165 1931 5237 turi,
1975 5167 2263 5224 Dominica
2312 5186 2479 5242 prece
2527 5177 2746 5228 mentes
2795 5177 2851 5230 et
2890 5177 3057 5232 corda
3109 5177 3424 5238 ﬁrmemus.

1794 5264 2074 5334 Agnoscat
2099 5262 2416 5319 Altissimus
2445 5265 2567 5321 Filii
2593 5267 2680 5322 sui
2718 5284 2944 5340 vocem;
2983 5274 3040 5326 et
3072 5273 3240 5328 verba
3263 5275 3424 5331 Chri-

1795 5357 1867 5411 sti
1892 5357 1963 5411 ad
1987 5372 2149 5412 aures
2175 5358 2445 5413 Paternas
2472 5362 2762 5418 concordis
2791 5364 2987 5436 populi
3012 5365 3222 5421 clamor
3243 5368 3423 5424 adtol-

1793 5449 1876 5504 lat
1903 5454 1959 5506 et
1977 5449 2124 5506 dicat
2155 5467 2168 5505 :
2197 5452 2382 5507 Pater.

2199 5545 2323 5595 Post
2356 5546 2647 5598 orationem
2675 5547 3020 5600 Dominicam.

1866 5625 2083 5696 Libera,
2124 5626 2376 5695 Domine,
2408 5625 2585 5682 libera
2627 5643 2733 5683 nos
2774 5630 2846 5685 ab
2886 5630 3045 5685 omni
3083 5632 3258 5703 malo,
3302 5643 3358 5692 et
3394 5653 3427 5692 a

1793 5718 2110 5774 fortissimis
2161 5720 2493 5775 adversariis
2536 5719 2758 5776 diabolo
2798 5725 2855 5777 et
2891 5728 3099 5795 morte,
3154 5742 3240 5798 ea,
3297 5745 3425 5800 qua:

1795 5813 2010 5870 cunctis
2034 5813 2237 5870 fortior
2263 5819 2365 5884 est,
2385 5813 2608 5868 virtutis
2634 5817 2690 5869 et
2715 5813 2961 5869 dexterae
2988 5821 3105 5876 tum
3131 5822 3426 5892 protectio-

1795 5923 1867 5964 ne
1897 5905 2160 5964 defende.

3075 6017 3115 6073 9
