3968 6224
522 369 624 425 267

1033 475 1156 525 Post
1196 475 1634 525 communionem.

590 565 845 621 Concede
873 564 1052 636 nobis,
1081 565 1438 637 omnipotens
1476 565 1636 631 Deus,
1668 568 1733 618 ut
1760 564 1902 618 sicut
1929 568 2150 636 tempo-

519 658 624 715 rali
652 677 812 716 coena
835 665 949 716 tuas
978 659 1250 732 passionis
1277 658 1583 728 reficimur,
1613 658 1693 712 ita
1721 658 1916 713 satiari
1943 673 2154 713 merea-

518 770 649 810 mur
686 760 916 810 aeterna.

704 869 871 922 XXIX.
911 881 1184 922 mererum
1224 879 1524 920 ORATIONES
1565 881 1616 920 IN
1657 881 1889 921 meum
1925 877 1965 918 ι.

587 973 778 1048 239
823 976 902 1028 Da
931 973 1113 1042 nobis,
1139 973 1392 1040 Domine,
1422 976 1713 1044 perpetuae
1742 970 2148 1027 benedictionis

513 1085 723 1124 munus
748 1069 1020 1138 accipere,
1065 1084 1168 1138 pro
1196 1066 1403 1138 quibus
1429 1066 1762 1137 Unigenitus
1788 1071 1940 1136 tuus,
1970 1064 2148 1137 sputis

511 1163 724 1231 inlitus,
746 1163 966 1234 palmas
991 1161 1206 1232 accepit
1231 1164 1287 1214 et
1311 1159 1598 1232 colaphos.
1630 1160 1735 1225 Qui
1766 1163 1975 1215 tecum.

992 1273 1164 1324 Oratio
1192 1287 1333 1322 nunc
1354 1272 1419 1322 ad
1450 1273 1675 1323 Sextam.

580 1369 832 1441 Respice,
862 1367 1120 1436 Domine,
1151 1385 1322 1439 super
1347 1368 1492 1422 hanc
1518 1366 1794 1421 familiam
1821 1372 1980 1421 tuam
2005 1383 2142 1438 pro-

508 1463 700 1534 pitius,
726 1478 829 1533 pro
866 1478 978 1532 qua
1021 1461 1292 1514 Dominus
1321 1467 1514 1516 noster
1551 1461 1710 1515 Jesus
1746 1460 2000 1516 Christus
2027 1475 2144 1515 non

509 1554 785 1610 dubitavit
822 1553 1083 1608 manibus
1124 1554 1271 1608 tradi
1311 1553 1640 1609 nocentium
1666 1559 1722 1609 et
1751 1553 1929 1608 crucis
1955 1551 2143 1608 subire

503 1651 878 1703 tormentum.
906 1648 1011 1701 Per
1038 1663 1193 1702 eum.

992 1757 1165 1806 Oratio
1193 1770 1334 1806 nunc
1364 1757 1429 1806 ad
1454 1759 1672 1807 Nonam.

575 1853 744 1922 Deus,
785 1852 884 1924 qui
914 1868 1017 1923 pro
1055 1852 1446 1922 redemptione
1485 1856 1680 1907 nostra
1712 1851 1976 1924 accepisti
2015 1865 2141 1905 san-

506 1946 738 2018 guinem
762 1947 892 2000 Jesu
917 1944 1143 2014 Christi,
1175 1945 1326 2000 solve
1343 1961 1575 2017 operam
1603 1944 1831 2014 diaboli,
1862 1949 1918 1998 et
1943 1957 2140 1998 omnes

500 2039 731 2111 laqueos
751 2038 1041 2111 disrumpe
1062 2039 1296 2109 peccati,
1323 2044 1389 2092 ut
1413 2044 1732 2093 creaturam
1760 2037 2141 2110 regeneratio-

498 2133 587 2188 nis
623 2133 781 2188 nulla
806 2133 1064 2205 polluant
1090 2132 1349 2204 contagia
1379 2133 1688 2188 vetustatis.
1723 2134 1848 2188 Per.

1079 2243 1253 2294 Oratio
1283 2244 1536 2307 sequitur.

569 2341 713 2395 Deus
751 2357 784 2394 a
819 2356 932 2412 quo
961 2344 1018 2394 et
1051 2339 1224 2394 Judas
1253 2343 1444 2393 reatus
1475 2337 1562 2392 sui
1602 2339 1862 2409 proditor
1886 2354 2133 2410 poenam,

496 2440 553 2490 et
575 2434 940 2488 confessionis
965 2449 1082 2487 suae
1109 2433 1255 2486 latro
1277 2433 1582 2504 praemium
1603 2433 1864 2503 sumpsit,
1895 2431 2136 2486 concede

493 2527 656 2583 nobis
683 2527 790 2598 piae
835 2527 1121 2598 petitionis
1163 2527 1446 2596 effectum,
1477 2531 1540 2580 ut
1587 2527 1730 2580 sicut
1771 2526 1831 2580 in
1872 2526 2136 2598 passione

494 2637 594 2676 sua
622 2621 891 2675 Dominus
919 2626 1111 2675 noster
1144 2621 1301 2675 Iesus
1339 2621 1594 2676 Christus
1627 2621 1844 2675 diversa
1879 2619 2134 2691 utrisque

493 2715 687 2769 intulit
713 2715 994 2785 stipendia
1021 2715 1378 2783 meritorum,
1412 2715 1492 2769 ita
1529 2733 1561 2769 a
1596 2715 1780 2785 nobis,
1822 2715 2009 2769 ablato
2037 2731 2131 2769 ve-

492 2809 716 2864 tustatis
733 2825 942 2879 errore,
966 2808 1390 2864 resurrectionis
1415 2825 1533 2864 suae
1558 2810 1802 2881 gratiam
1829 2809 2129 2880 largiatur,

489 2902 596 2958 Per
620 2902 925 2958 Dominum
951 2907 1212 2958 nostrum
1235 2903 1448 2958 Jesum.

691 3017 822 3066 Item
847 3015 1110 3065 orationes
1133 3014 1186 3064 in
1217 3013 1326 3063 Bid.
1360 3013 1442 3063 die
1467 3012 1676 3063 Sabbati
1703 3013 1768 3062 ad
1793 3013 1855 3062 Se
1882 3014 1923 3054 b-

560 3113 739 3168 Deum
768 3113 1218 3183 omnipotentem
1243 3112 1486 3177 Patrem,
1520 3115 1575 3164 et
1616 3110 1840 3178 Filium,
1871 3115 1928 3164 et
1962 3109 2132 3182 Spiri-

490 3212 613 3262 tum
639 3213 918 3274 sanctum,
951 3203 1329 3258 universitatis
1359 3219 1542 3257 unum
1567 3209 1902 3272 creatorem,
1931 3204 1990 3258 in
2026 3204 2129 3257 hac

490 3315 703 3370 magna
749 3297 965 3369 magni
995 3297 1277 3352 matutina
1323 3297 1568 3365 Sabbati,
1621 3297 1890 3351 dominici
1927 3297 2136 3351 scilicet

489 3393 742 3463 corporis
770 3391 1008 3464 requiei,
1029 3391 1236 3446 fratres
1261 3389 1552 3460 carissimi,
1573 3391 1900 3462 suppliciter
1929 3391 2130 3463 depre-

489 3502 705 3554 camur,
735 3491 800 3540 ut
823 3484 920 3557 qui
949 3485 1130 3540 Adam
1147 3485 1215 3540 de
1242 3485 1541 3556 profundis
1567 3484 1862 3539 infernalis
1882 3485 2004 3538 limi
2029 3485 2134 3539 mi-

489 3579 844 3635 sericorditer
884 3579 1110 3650 eripuit,
1151 3595 1256 3633 nos
1294 3579 1417 3650 ejus
1471 3579 1641 3632 Filius
1689 3579 1758 3633 de
1808 3579 1926 3632 luto
1979 3578 2132 3633 fascis

490 3674 681 3746 hujus,
711 3673 800 3728 cui
827 3673 1183 3742 inhaesimus,
1214 3673 1332 3727 sola
1359 3671 1745 3726 misericordia
1773 3676 1994 3727 tantum
2023 3673 2130 3727 cla-

488 3775 706 3824 mantes
725 3773 909 3824 eruat.
938 3768 1265 3822 Clamamus
1292 3781 1538 3836 namque
1566 3769 1623 3819 et
1649 3782 1898 3835 oramus,
1929 3783 2002 3820 ne
2027 3783 2126 3821 ur-

490 3869 618 3937 geat
644 3879 812 3935 super
836 3879 938 3916 nos
966 3861 1172 3915 inferni
1201 3864 1406 3930 putens
1429 3876 1490 3914 os
1517 3875 1712 3930 suum;
1738 3861 1885 3914 eruti
1911 3861 1980 3915 de
2006 3861 2127 3915 luto

487 3957 722 4029 peccati,
752 3973 823 4010 ne
849 3955 1178 4025 inﬁgamur.
1209 3954 1315 4006 Per
1341 3953 1670 4007 Dominum.

1041 4061 1297 4112 Collectio
1324 4063 1576 4126 sequitur.

563 4159 802 4248 Domine
839 4155 1059 4212 Christe
1103 4157 1254 4222 Jesu,
1300 4157 1448 4210 Deus
1495 4156 1586 4227 pie
1640 4158 1842 4212 exaudi
1889 4174 2027 4228 nos;
2070 4162 2128 4214 et

491 4256 721 4327 prasta,
751 4266 1072 4322 precamur,
1111 4265 1236 4320 quae
1281 4250 1447 4304 corde
1475 4266 1774 4320 rogamus;
1805 4257 1862 4307 et
1890 4252 1996 4306 hoc
2027 4268 2124 4308 ro-

492 4363 712 4421 gamus,
745 4350 805 4400 ut
830 4345 934 4399 tibi
972 4344 1316 4415 placeamus,
1346 4343 1448 4398 tibi
1478 4344 1796 4400 htereamus
1823 4347 1942 4401 sine
1970 4346 2121 4418 ﬁne;

493 4448 556 4496 ut
579 4457 802 4512 semper
828 4438 931 4494 tibi
977 4438 1190 4509 gratias
1223 4454 1478 4508 agamus,
1509 4439 1664 4510 quia,
1699 4438 1894 4513 240
1940 4441 2126 4495 Domi-

490 4553 584 4604 ne,
635 4533 926 4590 redemisti
976 4549 1082 4587 nos
1131 4531 1188 4585 in
1243 4537 1512 4586 aeternam
1562 4533 1737 4588 vitam
1792 4535 1860 4588 de
1914 4541 2123 4589 aeterna

1304 368 1632 425 APPENDIX
1673 367 1759 422 AD
1796 364 2017 422 OPERA'
2055 365 2287 422 SANCTI
2325 364 2625 422 GERMANI
2663 363 3090 422 PARISIENSIS.

2175 491 2233 562 Α
2516 475 2660 530 XXX.
2704 489 2981 530 PRIEFATIO
3022 489 3073 528 ns
3113 484 3354 527 vssrmu
3394 484 3640 528 ΡΑεςιΜε.

3799 366 3901 421 268

2324 569 2548 623 Domini
2595 569 2780 640 gratia
2818 585 2922 639 per
2959 583 3164 639 aquam
3192 570 3246 621 et
3280 565 3554 637 Spiritum
3595 567 3804 634 renati,
3848 573 3901 620 et

2252 680 2355 735 per
2380 662 2756 734 multiplicem
2782 663 3038 718 Paternae
3059 660 3377 716 dilectionis
3403 659 3792 731 provisionem
3819 661 3902 714 in-

2251 757 2507 812 numeris
2536 757 2750 828 laqueis
2783 755 3067 823 abstracti,
3099 755 3270 827 hujus
3305 754 3508 810 divinaa
3547 755 3899 826 dignationis

2251 855 2542 906 auctorem
2572 851 2879 906 Dominum
2906 851 3136 905 incenso
3158 849 3493 921 vespertina:
3520 849 3708 920 precis
3735 849 3898 904 sacri-

2249 945 2394 1012 ficio,
2425 950 2480 1000 et
2501 945 2558 999 in
2579 946 2787 1000 caelesti
2813 945 3006 1016 patina
3032 960 3134 1016 per
3163 943 3422 1014 spiritum
3448 947 3662 1010 erecto,
3690 943 3895 1015 etigne

2248 1039 2344 1093 illo
2372 1055 2543 1110 quem
2574 1039 2691 1110 ipse
2722 1038 2779 1092 in
2809 1038 2972 1092 nobis
3010 1037 3237 1092 accendi
3282 1036 3580 1104 desiderat,
3609 1037 3896 1091 sollemni-

2248 1136 2336 1188 ter
2359 1137 2560 1201 assato,
2591 1132 2860 1202 precariis
2897 1131 3208 1200 affectibus,
3238 1131 3438 1184 fratres
3470 1131 3768 1199 carissimi,
3804 1131 3892 1185 de-

2245 1243 2564 1298 precemur,
2594 1232 2656 1281 ut
2700 1227 2875 1281 totius
2907 1227 3036 1280 vita:
3063 1225 3322 1293 crimina,
3353 1231 3408 1278 et
3433 1224 3705 1280 cotidiani
3733 1241 3886 1278 erro-

2245 1319 2322 1374 ris
2351 1321 2616 1388 maculas,
2650 1325 2706 1374 et
2743 1321 3010 1373 humanae
3032 1318 3354 1389 fragilitatis
3384 1317 3592 1386 debita,
3615 1319 3675 1372 in
3703 1318 3839 1372 anni
3870 1330 3889 1358 ε

2245 1415 2574 1483 septimanae
2605 1413 2828 1468 dierum
2867 1412 3260 1484 quadraginta,
3297 1429 3360 1466 ac
3391 1410 3596 1482 sepulti
3635 1411 3888 1482 corporis

2244 1507 2331 1561 sui
2358 1507 2600 1562 Sabbato
2630 1507 2794 1561 nobis
2830 1507 3119 1560 concedat.
3151 1506 3262 1560 Nos
3290 1522 3516 1576 quoque
3540 1505 3602 1559 in
3642 1522 3885 1560 numero

2243 1600 2360 1654 veri
2386 1601 2645 1654 lsrahelis
2669 1603 2912 1672 A-Igypto
2938 1600 3131 1671 egredi
3162 1599 3354 1668 faciat;
3386 1605 3442 1654 et
3482 1599 3729 1653 inimicis
3755 1616 3882 1672 per-

2243 1695 2436 1764 cussis,
2476 1695 2536 1749 in
2581 1711 2753 1749 unam
2785 1694 3087 1749 Ecclesiam
3135 1693 3425 1747 catholica":
3461 1693 3699 1748 domum
3738 1694 3885 1765 pacis

2239 1789 2463 1842 Domini
2493 1789 2859 1858 celebrantes,
2890 1787 3036 1859 Agni
3065 1787 3414 1841 immaculati
3452 1788 3733 1859 sanguine
3759 1804 3880 1842 cor-

2161 1868 2216 1941 Β
2240 1898 2444 1953 porum
2488 1887 2812 1936 nostrorum
2838 1881 3092 1952 postibus
3136 1880 3396 1952 aspersis,
3425 1880 3484 1934 in
3515 1880 3680 1935 istius
3707 1881 3882 1935 noctis

2239 1976 2577 2031 venerabilis
2619 1976 3018 2042 sollemnitate,
3050 1979 3335 2029 vastatura
3369 1975 3649 2030 mundum
3698 1977 3880 2030 morte

2241 2070 2524 2138 defendat,
2555 2069 2843 2125 orantibus
2868 2069 3052 2123 nobis.
3081 2070 3186 2122 Per
3209 2068 3537 2123 Dominum.

2795 2161 3044 2210 Collectio
3074 2160 3324 2222 sequitur.

2309 2243 2528 2298 Christe
2569 2245 2720 2313 Jesu,
2752 2242 2811 2297 in
2845 2257 3079 2314 vespera
3120 2243 3320 2296 mundi
3358 2241 3748 2314 vespertinum
3788 2256 3873 2293 sa-

2238 2337 2512 2392 criﬁcium
2535 2354 2638 2408 per
2663 2353 2889 2391 crucem
2911 2334 3158 2406 effectus,
3191 2335 3428 2407 dignare
3454 2352 3558 2390 nos
3584 2349 3734 2389 nova
3759 2348 3875 2388 cor-

2237 2431 2362 2503 pori
2387 2436 2483 2486 tuo
2512 2431 2630 2486 fore
2659 2431 2685 2471 ά
2717 2431 2992 2502 sepulcra.
3025 2430 3132 2485 Sa].

2235 2534 2404 2590 XXXI.
2465 2549 2740 2589 PREFATIO
2793 2550 2861 2589 AB
2908 2547 3074 2588 mmo
3125 2547 3316 2588 NOCTIS
3365 2546 3583 2587 suem
3633 2546 3870 2588 “seu.

2304 2637 2606 2688 Auctorem
2645 2632 2806 2701 lucis,
2845 2631 3162 2702 principem
3199 2630 3449 2697 luminis,
3497 2629 3874 2700 inspectorem

2235 2727 2436 2795 cordis,
2477 2726 2832 2780 credentium
2870 2725 3314 2795 redemptorem,
3351 2724 3552 2777 fratres
3589 2723 3874 2778 dilectissi-

2233 2821 2333 2890 mi,
2367 2820 2583 2874 cunctis
2623 2819 3066 2874 confessionibus
3104 2833 3461 2884 veneremur,
3493 2821 3560 2870 ut
3604 2820 3869 2887 vergente

2233 2915 2324 2970 die
2347 2913 2492 2968 vocis
2511 2914 2736 2984 rugitus
2761 2911 3040 2981 exaudiat,
3065 2917 3121 2965 et
3149 2910 3644 2982 supervenientem
3676 2910 3868 2981 caligi-

2231 3025 2365 3063 nem
2390 3007 2586 3077 noctis,
2615 3006 2845 3061 luminis
2871 3006 2958 3060 sui
2982 3005 3278 3076 splendore
3305 3004 3594 3070 inlustret,
3617 3020 3691 3058 ne
3721 3005 3793 3057 sit
3812 3005 3866 3056 in

2229 3101 2394 3157 nobis
2419 3102 2530 3156 ulla
2557 3100 2811 3156 tentandi
2853 3099 3202 3170 vexandique
3233 3099 3449 3154 occasio
3480 3097 3864 3152 tenebrarum.

2231 3196 2311 3251 Sit
2339 3202 2531 3251 noster
2568 3195 2847 3261 defensor,
2879 3194 2978 3265 qui
3015 3198 3100 3248 est
3137 3209 3285 3247 verse
3326 3192 3466 3247 lucis
3502 3191 3777 3257 indultor,
3810 3195 3868 3246 ut

2232 3245 2522 3251 ---η-η-
2572 3245 2847 3261 _-_-_-__,
2885 3245 2977 3265 γ-
3651 3245 3684 3246 ρ
3767 3245 3777 3257 ,
3822 3245 3825 3246 ν

2155 3245 2208 3320 C
2235 3306 2460 3361 semper
2486 3290 2664 3344 simus
2704 3289 2764 3343 in
2789 3288 3006 3343 lumine
3050 3289 3192 3358 ejus,
3234 3287 3332 3358 qui
3357 3285 3649 3341 Christum
3690 3285 3869 3340 Domi-

2234 3400 2375 3439 num
2401 3388 2658 3439 nostrum
2688 3382 2999 3454 gloriamur
3025 3386 3333 3436 auctorem.
3364 3382 3490 3434 Per.

2829 3473 3002 3523 Oratio
3028 3472 3278 3534 sequitur.

2303 3548 2458 3619 Rege
2483 3564 2606 3617 nos,
2636 3547 2896 3614 Domine,
2917 3562 3019 3618 per
3054 3545 3302 3600 alternas
3337 3548 3669 3614 temporum
3703 3544 3863 3612 vices,

2232 3645 2288 3696 et
2313 3657 2579 3695 conserva
2606 3657 2712 3695 nos
2741 3657 2844 3711 per
2869 3641 3122 3711 dispares
3147 3640 3369 3695 dierum
3393 3654 3456 3692 ac
3477 3638 3738 3692 noctium
3753 3652 3866 3691 suco

2229 3734 2530 3804 cessiones,
2557 3740 2623 3790 ut
2647 3735 2825 3805 adjuti
2851 3740 3172 3788 sanctorum
3195 3738 3427 3787 tuorum
3457 3731 3742 3802 precibus,
3772 3729 3862 3803 qui

2229 3828 2381 3883 diem
2409 3828 2562 3882 hunc
2604 3845 2707 3900 per
2732 3845 2943 3882 munus
2988 3825 3386 3882 misericordia:
3425 3830 3537 3880 tuae
3580 3825 3859 3891 duximus,

2227 3926 2451 3976 noctem
2481 3939 2706 3993 quoque
2750 3921 2917 3976 istam
2952 3921 3158 3993 placita
3185 3920 3288 3974 tibi
3315 3919 3640 3973 animarum
3672 3923 3727 3972 et
3753 3934 3864 3972 cor-

2226 4033 2431 4087 porum
2461 4016 2704 4087 puritate
2731 4013 2914 4088 241
2957 4016 3250 4069 ducamus.
3279 4014 3384 4067 Per
3409 4017 3806 4084 resurgentem
3832 4026 3861 4063 a

2226 4110 2468 4164 mortuis
2497 4109 2803 4164 Dominum
2834 4115 3094 4164 nostrum
3117 4110 3309 4164 Jesum
3336 4107 3631 4162 Christum
3660 4106 3859 4160 Filium

2225 4208 2411 4258 tuum.

2224 4303 2418 4357 XXXII.
2459 4317 2779 4358 BENEDICTIO
2819 4318 2968 4358 CERAE
3007 4318 3162 4358 BEATI
3198 4316 3485 4357 AL'GUSTINI
3523 4311 3547 4339 °
3595 4315 3858 4362 EPISCOPI,

2297 4390 2444 4436 QUAM
2491 4390 2672 4430 ADHUC
2721 4389 2987 4430 DIACONL'S
3037 4389 3146 4430 CUM
3201 4388 3381 4435 ESSET,
3435 4387 3615 4428 EDIDIT
3663 4389 3727 4428 ET
3781 4387 3860 4428 ΕΞ·

2297 4461 2458 4501 ClNlT.

2295 4536 2520 4590 Exultet
2540 4535 2661 4606 jam
2686 4534 2941 4607 angelica
2965 4533 3135 4588 turba
3160 4533 3452 4601 caelorum,
3484 4531 3746 4588 exultent
3775 4531 3852 4586 di-

490 4633 692 4686 morte.
722 4628 827 4692 Qui
851 4625 1183 4682 descendisti
1203 4625 1260 4680 in
1285 4627 1490 4695 lacum,
1508 4632 1572 4682 ut
1597 4644 1665 4682 ex
1688 4627 1882 4682 inferis
1909 4629 2123 4684 vinctos
2143 4618 2202 4690 D
2224 4628 2352 4684 vina
2380 4630 2666 4700 mysteria,
2696 4634 2751 4684 et
2776 4646 2880 4700 pro
2911 4628 3052 4682 tanti
3082 4628 3251 4700 Regis
3292 4626 3522 4682 victoria
3549 4627 3686 4680 tuba
3711 4627 3854 4681 into-

494 4725 779 4789 educeres,
811 4721 1084 4776 descende
1107 4737 1259 4775 nunc
1287 4737 1532 4793 quoque,
1565 4737 1883 4793 precamur,
1908 4723 2127 4779 visceri-

493 4818 597 4872 bus
622 4820 737 4870 tuse
768 4815 1012 4886 pietatis,
1048 4820 1110 4869 ut
1149 4832 1218 4870 ex
1247 4816 1483 4870 vinculis
1513 4822 1891 4887 peccatorum,
1923 4818 2126 4889 quibus

492 4909 882 4980 unusquisque
906 4909 1334 4981 constringitur,
1363 4927 1466 4964 nos
1482 4911 1753 4982 absolvas,
1783 4912 1990 4968 Salvat.

566 5068 591 5096 ι
636 5055 724 5127 Sic
767 5054 1043 5127 vocabant
1073 5056 1307 5110 Biduum
1346 5061 1478 5110 ante
1521 5057 1750 5127 Pascha,
1788 5057 1865 5111 ita
1907 5062 1973 5112 ut
2015 5075 2128 5114 una

495 5126 730 5183 seorsim
767 5126 885 5180 dies
921 5127 1173 5181 Biduana
1223 5127 1524 5189 diceretur.
1583 5129 1730 5182 infra
1773 5129 1832 5183 in
1889 5130 2127 5185 Sabbato

494 5206 708 5255 sancto.
743 5198 893 5252 idem
923 5196 1013 5250 hic
1042 5196 1101 5250 in
1130 5196 1329 5251 Missali
1359 5199 1658 5254 Gallicano.
1689 5201 1856 5256 Miror
1892 5201 1983 5255 hic
2013 5219 2127 5256 non

496 5271 694 5327 referri
720 5269 901 5323 varias
929 5269 1076 5342 illas
1089 5268 1378 5342 orationes
1405 5287 1542 5342 quas
1581 5271 1642 5325 in
1679 5273 1768 5328 die
1809 5278 1998 5326 sancto
2032 5274 2128 5326 Pa-

496 5357 746 5414 rasceves
759 5356 890 5394 cum
910 5339 1130 5414 praeviis
1151 5339 1639 5414 genuflexionibus
1663 5351 1789 5414 post
1809 5344 2128 5414 passionem

496 5413 779 5486 decantari
808 5414 1063 5486 mos_est_.
1091 5413 1251 5486 Certe
1267 5413 1579 5486 Gregorius
1604 5413 1761 5468 testis
1786 5413 1877 5486 est
1895 5431 1986 5468 eas
2006 5415 2127 5486 jam

499 5484 703 5537 saeculo
733 5499 788 5536 VI
828 5483 887 5536 in
927 5482 1224 5537 Gallicanis
1265 5482 1519 5538 Ecclesiis
1559 5487 1618 5538 in
1661 5502 1763 5538 usu
1802 5482 2128 5539 fuissefSic

500 5553 652 5608 enim
679 5553 850 5607 habet
878 5554 1066 5628 in_lib.
1097 5570 1149 5621 ν,
1175 5571 1306 5628 cap.
1354 5559 1407 5609 Il
1449 5573 1463 5609 ;
1500 5575 1525 5605 α
1569 5556 1862 5628 Sacerdote
1902 5572 2128 5628 quoque

501 5631 730 5698 orante,
771 5644 798 5675 π
843 5624 1050 5680 scilicet
1088 5624 1267 5698 Avito_
1290 5631 1672 5698 Arvernorum
1715 5624 1977 5698 episcopo
2023 5624 2127 5698 pro

498 5697 729 5762 Judaais,
783 5716 809 5747 «
854 5702 920 5753 ut
955 5697 1208 5752 conversi
1248 5697 1318 5749 ad
1375 5696 1704 5763 Dominum,
1753 5696 2128 5753 velamen—ab

498 5769 578 5824 eis
608 5769 810 5824 littera:
835 5774 1228 5840 rumperetur;
1251 5768 1462 5840 atque
1481 5767 1617 5840 fere
1647 5767 1813 5822 verba
1837 5775 1968 5824 sunt
1997 5786 2126 5827 ora-

500 5840 668 5894 tionis
710 5844 918 5894 nostras
956 5837 1059 5910 pro
1085 5837 1310 5910 Judasis)
1341 5857 1368 5888 ‹‹
1397 5837 1630 5909 quidam
1652 5854 1728 5910 ex
1771 5840 1862 5894 his
1898 5841 1968 5895 ad
1995 5858 2125 5898 san-

503 5915 653 5962 ctum
692 5910 896 5962 Pascha
938 5908 996 5961 ut
1041 5908 1430 5977 baptizaretur
1457 5909 1710 5980 expetiit.
1741 5929 1768 5962 η
1811 5915 1893 5966 An
1939 5914 2128 5984 potius

2225 4732 2322 4782 net
2349 4728 2630 4782 salutaris.
2661 4728 2907 4782 Gaudeat
2947 4743 3006 4781 se
3051 4727 3220 4781 tantis
3249 4727 3400 4781 illius
3444 4727 3724 4781 inradiata
3750 4725 3853 4780 ful-

2228 4822 2486 4894 goribus;
2518 4827 2574 4876 et
2601 4823 2800 4877 aeterni
2827 4814 2995 4893 Regis
3023 4821 3321 4892 splendore
3347 4821 3669 4891 inlustrata,
3689 4819 3854 4875 totius

2227 4916 2377 4972 orbis
2404 4933 2462 4971 se
2477 4916 2679 4972 sentiat
2696 4915 2946 4970 amisisse
2968 4915 3291 4986 caliginem.
3324 4915 3574 4970 Laetetur
3601 4920 3657 4970 et
3685 4919 3853 4968 mater

2229 5062 2469 5118 Sabbato
2494 5064 2682 5113 sancto
2711 5064 2846 5131 tunc
2864 5059 3078 5114 fiebant
3103 5060 3380 5131 ejusmodi
3410 5060 3702 5116 orationes
3732 5073 3850 5131 qua:

2226 5135 2306 5188 les
2334 5133 2614 5202 habentur
2640 5129 2811 5196 infra,
2842 5132 2937 5184 sed
2981 5127 3148 5185 nulla
3164 5149 3264 5202 pro
3293 5131 3547 5186 Judzeis?
3577 5133 3635 5186 In
3665 5127 3849 5186 Missali

2227 5204 2508 5258 Gallicana
2548 5201 2785 5256 inferius
2828 5202 3107 5256 orationes
3142 5201 3351 5257 nostra:
3389 5203 3570 5257 solitae
3612 5203 3673 5258 in
3706 5203 3850 5256 Para-

2229 5291 2384 5329 sceve
2405 5274 2748 5328 referuntur.

2298 5346 2325 5386 ι)
2354 5349 2436 5417 An
2465 5345 2539 5398 ad
2563 5346 2800 5413 Sextum,
2834 5348 2898 5399 ut
2922 5344 3093 5417 indie
3124 5345 3503 5417 praecedente.

2297 5426 2318 5486 ς
2353 5415 2654 5483 Gallicana,
2683 5418 2740 5469 in
2766 5418 2942 5484 annis,
2967 5415 3145 5483 forte,
3165 5419 3222 5470 in
3244 5420 3367 5486 ﬁne.

2298 5485 2323 5525 ἀ
2356 5487 2412 5540 Id
2441 5493 2540 5554 est,
2569 5503 2695 5548 esse,
2728 5488 2869 5557 stle
2898 5493 3174 5541 veterum.

2300 5570 2323 5598 ο
2357 5558 2444 5613 Sic
2482 5559 2801 5613 invenimus
2835 5559 3107 5628 scriptum
3145 5559 3203 5611 in
3239 5558 3365 5612 aliis
3391 5557 3692 5613 Codicibus
3724 5571 3844 5611 mss.

2227 5629 2562 5702 Quanquam
2574 5629 3212 5702 ihancbenedictionem
3242 5635 3450 5702 sancto,
3469 5630 3651 5702 Leoni
3675 5628 3846 5702 potius

2229 5698 2459 5772 quidam
2496 5699 2856 5755 tribuendam
2899 5707 3148 5755 censent.
3180 5700 3385 5755 Confer
3423 5701 3578 5755 dicta
3614 5698 3692 5772 ini
3710 5698 3782 5772 lib
3818 5710 3847 5748 ιι

2228 5773 2296 5826 ad
2328 5773 2472 5826 hanc
2514 5772 2684 5828 diem.
2731 5773 2941 5828 Eadem
2981 5772 3224 5828 habetur
3259 5773 3320 5826 in
3353 5773 3559 5828 Missali
3585 5771 3848 5827 Gallicana

2227 5843 2392 5900 infra.
