3968 6224
112 375 197 430 269

1154 368 1242 425 DE
1279 367 1592 426 LITURGIA
1628 369 2002 425 GALLICANA
2041 368 2239 425 LIBER
2276 367 2367 424 III.

3330 372 3440 426 270

170 478 402 545 Ecclesia,
425 476 570 533 tanti
587 475 820 534 luminis
839 477 1113 533 adornata
1132 477 1380 550 fulgore,
1403 483 1462 534 et
1487 479 1714 550 magnis
1737 480 1949 568 Arint,
2000 480 2192 535 statim
2230 479 2547 551 prodeundi
2589 479 2662 535 ad
2703 478 2955 535 laborem
2997 494 3134 535 cura
3173 480 3452 549 succedit;

113 576 406 650 populorum
446 571 677 627 vocibus
718 572 843 628 hec
879 571 1007 626 aula
1060 573 1312 628 resultet.
1359 573 1716 644 Quapropter

117 667 419 724 adstantibus
445 666 629 733 vobis,
672 666 877 720 fratres
907 664 1202 734 carissimi,
1233 666 1303 720 ad
1348 671 1464 720 tam
1509 666 1716 721 miram

119 763 260 818 sancti
283 761 447 831 hujus
478 759 715 814 luminis
736 758 1071 827 claritatem,
1092 775 1208 814 una
1229 776 1474 830 mecum,
1501 777 1714 832 quaeso,

119 856 195 913 Dei
214 855 600 925 omnipotentis
629 853 1077 908 misericordiam
1104 853 1375 924 invocate,
1405 859 1469 909 ut
1498 855 1595 925 qui
1625 870 1717 909 me

120 967 210 1006 non
228 948 355 1004 meis
379 947 602 1002 meritis
635 947 784 1001 intra
814 947 1171 1002 sacerdotum
1216 947 1242 975 "
1286 963 1594 1002 numerum
1640 947 1719 1002 di-

122 1047 291 1117 gnatus
317 1045 396 1096 est
422 1041 760 1112 adgregare,
783 1040 1016 1095 luminis
1045 1041 1132 1096 sui
1154 1041 1336 1112 gratia
1362 1040 1717 1109 infundente,

122 1136 240 1193 cerei
257 1137 416 1206 hujus
439 1134 670 1189 laudem
690 1134 928 1205 implere
957 1134 1268 1206 praecipiat.
1293 1135 1397 1190 Per
1423 1150 1722 1207 resurgen-

122 1237 214 1285 tem
239 1231 274 1284 Ρ
277 1230 332 1284 il.
361 1245 550 1283 suum.

636 1297 973 1348 Consecratio
1003 1312 1156 1349 certe.

179 1373 403 1444 Dignum
428 1377 483 1426 et
499 1372 723 1442 justum
745 1377 846 1426 est.
863 1373 1004 1428 Vcrc
1023 1373 1154 1443 quia
1180 1370 1420 1442 dignum
1433 1376 1488 1426 et
1499 1372 1720 1442 justum

123 1471 190 1520 est
213 1465 532 1520 invisibilem
553 1465 734 1520 Deum
759 1465 1213 1537 omnipotentem
1242 1465 1465 1520 Patrem
1492 1465 1723 1519 Filium-

125 1576 212 1631 que
231 1561 339 1630 ejus
355 1559 718 1632 unigenitum
746 1559 1049 1613 Dominum
1076 1564 1336 1614 nostrum
1353 1561 1544 1614 Jesum
1567 1558 1723 1614 Chri-

125 1659 266 1723 stum,
289 1658 394 1707 toto
410 1653 595 1708 cordis
614 1669 677 1707 ac
698 1652 905 1707 mentis
921 1651 1146 1723 aﬂ‘ectu,
1171 1659 1228 1709 et
1243 1653 1394 1708 vocis
1407 1652 1722 1707 ministerio

123 1763 405 1819 personare.
433 1746 537 1811 Qui
563 1764 670 1818 pro
695 1746 862 1800 nobis
887 1751 1100 1802 aeterno
1127 1747 1280 1801 Patri
1306 1746 1439 1801 Adae
1468 1745 1722 1800 debitum

125 1840 273 1910 solvit,
303 1846 356 1894 et
381 1840 585 1894 veteris
616 1839 823 1912 piaculi
850 1840 1170 1895 cautionem
1200 1841 1296 1913 pio
1321 1856 1518 1894 cruore
1545 1839 1724 1894 deter-

127 1933 197 1988 sit.
224 1934 338 1987 Haec
365 1938 492 1988 sunt
521 1933 677 1988 enim
703 1934 850 1988 festa
878 1934 1184 2004 Paschalia,
1216 1934 1276 1988 in
1311 1933 1518 2004 quibus
1558 1949 1722 1987 verus

127 2025 199 2079 ille
220 2030 394 2097 Agnus
420 2027 718 2094 occiditur,
761 2028 996 2099 ejusque
1035 2027 1266 2098 sanguis
1302 2027 1559 2098 postibus
1585 2043 1719 2080 con-

128 2126 354 2174 sacratur.
381 2121 440 2174 In
465 2136 580 2191 qua
604 2119 858 2191 primum
877 2122 1068 2175 Patres
1092 2124 1319 2175 nostros
1345 2119 1490 2174 filios
1516 2119 1722 2174 Israhel

129 2211 334 2267 edocens
376 2213 444 2267 de
485 2214 753 2286 Egypto,
796 2213 1058 2269 Rubrum
1101 2230 1258 2269 mare
1311 2214 1454 2268 sicco
1489 2213 1722 2285 vestigio

131 2306 327 2361 transire
349 2305 544 2362 fecisti.
577 2309 710 2362 Haec
739 2307 919 2379 igitur
944 2324 1057 2362 nox
1095 2311 1180 2362 est
1205 2323 1333 2380 quae
1360 2310 1722 2379 peccatorum

131 2399 347 2454 tenebras
370 2401 649 2456 columnae
678 2401 1118 2456 inluminatione
1146 2401 1433 2472 purgavit.
1455 2401 1583 2455 Haec
1607 2416 1723 2455 nox

133 2496 193 2546 est
212 2509 321 2564 quae
362 2493 526 2548 hodie
569 2511 674 2565 per
707 2495 1041 2548 universum
1083 2495 1368 2549 mundum
1398 2495 1455 2548 in
1504 2494 1723 2549 Christo

134 2585 396 2656 credentes,
431 2605 464 2640 a
488 2588 638 2642 vitiis
666 2588 856 2643 saeculi
884 2592 1211 2660 segregatos
1237 2593 1294 2643 et
1321 2588 1561 2659 caligine
1589 2604 1720 2658 pec-

135 2684 360 2748 catorum,
404 2681 590 2736 reddit
633 2683 852 2754 gratiae,
902 2681 1074 2736 sociat
1110 2681 1408 2736 sanctitati.
1447 2682 1574 2735 Haec
1608 2697 1724 2736 nox

135 2777 200 2826 est
231 2773 283 2827 in
313 2790 441 2844 qua,
475 2775 779 2830 destructis
817 2775 1057 2830 vinculis
1101 2775 1320 2842 mortis,
1350 2774 1605 2830 Christus
1653 2775 1724 2828 ab

136 2865 290 2922 inferis
312 2867 484 2924 victor
504 2869 780 2924 ascendit.
813 2868 965 2923 Nihil
991 2868 1146 2923 enim
1171 2869 1328 2924 nasci
1354 2867 1587 2940 profuit,
1619 2868 1724 2922 nisi

137 2959 301 3015 redimi
324 2962 639 3033 profuisset.
673 2963 717 3017 0
743 2963 889 3017 mira
913 2963 1060 3017 circa
1099 2979 1203 3017 nos
1242 2967 1357 3018 tuae
1387 2962 1608 3034 pietatis
1637 2961 1721 3016 di-

138 3054 318 3123 gnatio!
351 3057 391 3111 Ο
420 3057 828 3112 inaestimabilis
858 3057 1086 3112 dilectio
1115 3057 1382 3128 caritatis,
1410 3061 1477 3112 ut
1501 3072 1724 3112 servum

139 3147 414 3217 redimeres,
465 3150 675 3205 Filium
713 3150 1018 3205 tradidisti.
1067 3150 1110 3206 Ο
1153 3155 1304 3206 certe
1343 3149 1727 3205 necessarium

1815 575 2196 646 dispersaeque
2224 591 2327 645 per
2357 590 2544 646 agros,
2577 574 2791 628 libratis
2831 574 3130 646 paululum
3163 574 3453 646 pinnibus,

1817 669 2078 722 cruribus
2123 668 2412 739 suspensis
2454 667 2723 722 insedunt
2771 669 2818 738 ά,
2868 673 3087 740 partem
3126 684 3223 722 ore
3267 667 3458 740 legere

1817 761 2098 827 ﬂosculos,
2153 767 2400 816 onerata
2461 761 2794 816 victualibus
2841 761 2979 828 suis,
3029 761 3099 816 ad
3144 766 3326 816 castra
3373 777 3460 818 rc-

1816 860 2010 910 meant
2041 871 2054 909 :
2091 854 2282 926 ibique
2308 854 2432 909 aliae
2463 853 2846 909 inaestimabili
2871 858 2992 910 arte
3019 853 3250 908 cellulas
3277 853 3458 909 tenaci

1821 949 2042 1022 glutino
2068 949 2389 1017 instruunt;
2417 949 2540 1003 alia:
2568 948 2843 1020 liquentia
2868 947 3037 1002 mella
3061 948 3300 1018 stipant;
3329 945 3458 1003 alia

1819 1047 2048 1098 vertunt
2073 1043 2240 1097 flores
2266 1041 2326 1096 in
2352 1057 2507 1111 cera;
2539 1041 2665 1096 alim
2695 1057 2792 1096 ore
2826 1046 2989 1096 natos
3029 1040 3257 1113 ﬁngunt
3288 1056 3302 1095 :
3330 1039 3458 1096 alia

1820 1136 2069 1192 collectis
2107 1153 2137 1192 e
2183 1135 2330 1190 foliis
2376 1141 2569 1190 nectar
2611 1135 2928 1190 includunt.
2961 1135 3004 1191 0
3053 1151 3184 1190 vere
3212 1134 3376 1189 beata
3403 1138 3460 1190 et

1821 1230 2099 1285 mirabilis
2150 1230 2292 1302 apis,
2342 1229 2504 1300 cujus
2552 1243 2656 1284 nec
2697 1245 2896 1284 sexum
2945 1228 3179 1283 masculi
3226 1227 3456 1302 violant,

1821 1324 1966 1379 fetus
2004 1340 2121 1379 non
2169 1300 2453 1394 quassant,
2484 1339 2590 1379 nec
2629 1321 2731 1375 ﬁlii
2769 1322 3066 1376 destruunt
3102 1300 3456 1376 castitatem!

1821 1417 1964 1471 sicut
1989 1420 2180 1472 sancta
2226 1416 2487 1487 concepit
2528 1414 2689 1486 virgo
2715 1415 2906 1483 Maria,
2940 1415 3099 1486 virgo
3134 1413 3377 1486 peperit,
3406 1416 3463 1468 et

1822 1511 1984 1583 virgo
2028 1509 2360 1581 permansit.
2395 1509 2438 1564 Ο
2466 1525 2595 1564 vere
2623 1509 2788 1563 beata
2811 1524 2949 1577 nox,
2977 1523 3106 1578 quas
3133 1505 3462 1578 exspoliavit

1823 1604 2131 1676 Egyptios,
2181 1603 2378 1659 ditavit
2433 1601 2721 1657 Hebraeos!
2775 1603 2915 1670 Nox,
2969 1600 3029 1655 in
3065 1616 3178 1672 qua
3221 1599 3460 1655 terrenis

1822 1698 2064 1753 caelestia
2085 1696 2444 1770 junguntur!
2484 1697 2722 1752 Oramus
2761 1699 2838 1765 te,
2873 1694 3131 1761 Domine,
3163 1697 3230 1748 ut
3266 1708 3462 1748 cereus

1823 1792 1926 1846 iste
1969 1792 2029 1846 in
2071 1791 2290 1846 honore
2327 1790 2580 1846 nominis
2625 1789 2708 1844 tui
2757 1792 3128 1857 consecratus,
3173 1786 3245 1841 ad
3280 1785 3462 1842 noctis

1746 1877 1800 1949 Β
1824 1885 1996 1956 hujus
2019 1885 2325 1957 caliginem
2349 1883 2748 1941 destruendam
2769 1881 3097 1937 indeﬁciens
3117 1883 3460 1952 perseveret,

1823 1979 1879 2034 in
1909 1980 2141 2035 odorem
2163 1978 2455 2034 suavitatis
2483 1981 2766 2048 acceptus,
2800 1975 3060 2047 supernis
3087 1972 3463 2029 luminaribus

1824 2073 2146 2129 misceatur.
2162 2072 2443 2127 Flammas
2457 2071 2504 2142 ej
2513 2087 2579 2125 us
2596 2069 2818 2125 Lucifer
2836 2069 3156 2124 matutinus
3181 2067 3458 2124 inveniat:

1824 2167 1938 2237 ille,
1964 2167 2221 2238 inquam,
2251 2165 2490 2233 Lucifer,
2534 2164 2635 2236 qui
2676 2163 2856 2218 nescit
2896 2177 3192 2231 occasum;
3223 2161 3312 2216 ille
3339 2161 3460 2232 qui,

1824 2277 2114 2332 regressus
2140 2261 2211 2314 ab
2238 2259 2456 2328 inferis,
2473 2259 2724 2312 humano
2755 2256 2950 2328 generi
2975 2271 3207 2311 serenus
3232 2253 3460 2310 inluxit.

1824 2356 2128 2410 Precamur
2165 2352 2357 2426 243
2400 2369 2560 2424 ergo,
2593 2351 2852 2421 Domine,
2885 2354 2950 2405 ut
2985 2366 3089 2404 nos
3128 2348 3368 2404 famulos
3409 2351 3466 2404 et

1824 2448 2068 2504 famulas
2093 2453 2241 2518 tuas,
2278 2463 2510 2502 omnem
2535 2446 2772 2511 clerum,
2811 2449 2868 2500 et
2905 2442 3333 2499 devotissimum
3358 2457 3460 2515 po-

1825 2543 2046 2614 pulum,
2083 2558 2197 2596 una
2241 2557 2373 2595 cum
2419 2542 2580 2594 Patre
2621 2542 2816 2593 nostro
2857 2537 3182 2592 beatissimo
3219 2537 3340 2590 viro
3376 2534 3460 2590 ill.

1827 2636 2016 2709 quiete
2045 2639 2366 2706 temporum
2399 2649 2680 2702 concessa,
2713 2632 2773 2686 in
2816 2630 2904 2686 his
2928 2630 3290 2687 Paschalibus
3333 2645 3466 2702 gau-

1827 2729 1932 2784 diis
1967 2744 2296 2784 conservare
2337 2727 2608 2799 digneris.
2638 2728 2744 2782 Per
2781 2742 3002 2798 resurg.
3035 2742 3069 2779 a
3106 2741 3250 2780 mor.
3282 2723 3467 2779 Domi-

1827 2839 1971 2878 num
1995 2827 2254 2878 nostrum
2280 2821 2382 2877 Fil.
2417 2826 2458 2876 t.

2139 2936 2388 2987 Collectio
2409 2939 2527 3000 post
2548 2933 2972 2985 benedictionem
2994 2946 3146 2983 ceras.

1901 3029 2104 3084 Sancte
2132 3026 2390 3096 Domine,
2421 3025 2778 3098 omnipotens
2806 3025 2975 3093 Deus,
2991 3023 3091 3094 qui
3115 3022 3185 3078 ad
3211 3025 3464 3078 nostram

1827 3121 2367 3192 contemplationem
2397 3119 2760 3175 tenebrarum
2805 3117 2927 3172 hmc
2961 3117 3020 3171 in
3055 3116 3255 3171 mundi
3293 3116 3464 3188 hujus

137 3239 239 3295 Ada:
266 3209 564 3313 peccatum,
596 3243 753 3316 quod
783 3245 994 3299 Christi
1019 3250 1203 3300 morte
1241 3245 1492 3301 deletum
1535 3241 1729 3316 242
1750 3253 1804 3328 C
1831 3217 2070 3272 obscuro
2109 3213 2411 3317 luminaria
2438 3213 2679 3268 emicare
2696 3210 2935 3316 jussisti,
2958 3214 3194 3314 praesta,
3226 3214 3292 3264 ut
3326 3209 3465 3264 dum

138 3335 224 3386 est!
248 3336 285 3391 Ο
314 3337 439 3392 felix
467 3337 662 3410 culpa,
694 3353 820 3409 quae
851 3338 1025 3392 talem
1049 3355 1112 3394 ac
1138 3343 1361 3394 tantum
1387 3339 1598 3394 meruit
1622 3338 1724 3392 ha—

139 3424 241 3483 bere
263 3429 687 3504 Redemptorem
717 3448 729 3485 :
759 3432 802 3486 0
842 3433 1007 3488 beata
1034 3449 1167 3502 nox,
1200 3449 1328 3505 quae
1365 3433 1483 3488 sola
1520 3431 1730 3487 meruit

140 3521 246 3577 scire
279 3529 489 3597 tempus
514 3532 571 3582 et
613 3528 837 3596 horam,
871 3527 931 3582 in
973 3543 1085 3599 qua
1126 3526 1381 3582 Christus
1422 3526 1493 3580 ab
1533 3525 1728 3580 inferis

140 3619 425 3674 resurrexit!
456 3623 582 3676 Hzec
609 3638 726 3677 nox
752 3625 837 3676 est
864 3621 933 3676 de
948 3638 1061 3693 qua
1081 3621 1354 3694 scriptum
1380 3626 1500 3676 est:
1524 3622 1592 3675 Et
1613 3637 1728 3676 nox

141 3712 189 3762 ut
211 3710 308 3766 dies
333 3713 794 3786 inluminabitur;
824 3720 881 3772 et
910 3733 924 3770 :
957 3715 1081 3770 Nox
1106 3715 1463 3771 inluminatio
1498 3732 1624 3770 mea
1666 3715 1727 3770 in

143 3799 310 3860 deliciis
333 3809 486 3864 meis.
517 3810 698 3882 Hujus
739 3809 917 3881 igitur
957 3809 1321 3865 sanctificatio
1359 3809 1542 3864 noctis
1569 3809 1730 3880 fugat

143 3897 326 3971 scelera,
355 3903 540 3974 culpas
581 3905 753 3973 lavat,
791 3904 978 3959 reddit
1023 3903 1407 3960 innocentiam
1449 3903 1639 3975 lapsis,
1672 3905 1730 3957 et

146 3994 314 4048 mestis
341 3995 592 4053 laetitiam
627 4015 640 4053 :
681 3999 847 4070 fugat
869 3998 1016 4067 odia,
1064 3998 1421 4053 concordiam
1454 4002 1634 4069 parat,
1672 4001 1729 4052 et

146 4093 298 4143 curvat
320 4091 565 4162 imperia.
598 4093 662 4147 In
682 4092 854 4163 hujus
880 4091 1058 4164 igitur
1077 4093 1258 4148 noctis
1284 4092 1464 4164 gratia
1485 4090 1725 4162 suscipe,

148 4183 295 4236 sancte
318 4183 489 4257 Pater,
519 4186 739 4243 incensi
767 4186 940 4256 hujus
965 4186 1303 4241 sacriﬁcium
1319 4185 1726 4258 vespertinum,

149 4274 267 4341 quod
302 4277 393 4332 tibi
415 4279 473 4334 in
499 4281 605 4336 hac
645 4280 793 4336 cerei
825 4279 1108 4336 oblatione
1140 4280 1378 4336 solemni
1416 4296 1520 4352 per
1557 4278 1726 4334 mini-

149 4368 347 4424 suorum
370 4376 594 4429 tuorum
627 4391 834 4430 manus
863 4375 933 4429 de
954 4374 1222 4446 operibus
1243 4390 1418 4446 apum
1449 4389 1729 4428 sacrosan-

152 4463 218 4511 cta
236 4463 396 4520 reddit
412 4467 672 4524 Ecclesia.
687 4469 794 4524 Sed
803 4469 925 4540 jam
945 4468 1230 4523 columnae
1255 4467 1428 4539 hujus
1447 4467 1731 4539 praeconia

151 4551 377 4626 novimus,
401 4577 569 4632 quam
590 4563 653 4616 in
679 4562 894 4618 honore
917 4563 1012 4618 Dei
1029 4562 1268 4617 rutilans
1285 4560 1434 4633 ignis
1453 4559 1727 4616 accendit.

151 4641 231 4705 Qui
264 4648 378 4705 licet
409 4630 615 4710 divisus
654 4655 714 4710 in
753 4659 963 4727 partes,
1002 4655 1252 4711 mutuati
1292 4630 1524 4710 luminis
1563 4630 1809 4710 detri-D

153 4746 305 4806 menta
328 4761 433 4801 non
463 4749 639 4804 novit.
670 4749 854 4804 Alitur
880 4749 1232 4821 liquantibus
1269 4750 1430 4817 ceris,
1461 4766 1632 4822 quam
1669 4751 1730 4806 in

155 4833 414 4894 substantia
423 4843 676 4912 pretiosae
693 4843 865 4915 hujus
888 4844 1162 4914 lampadis
1175 4844 1294 4915 apis
1312 4848 1493 4898 mater
1512 4845 1726 4902 eduxit.

155 4926 256 4994 Αρὶε
278 4929 300 4968 δ
324 4937 510 4990 ceteris
523 4954 653 5009 quae
675 4937 926 5008 subjecta
949 4943 1082 4992 sunt
1099 4937 1321 4992 homini
1345 4938 1731 4994 animantibus

157 5024 401 5081 antecellit.
427 5029 566 5084 Cum
591 5031 662 5085 sit
682 5030 917 5085 minima
935 5031 1185 5102 corporis
1211 5031 1510 5104 parvitate,
1534 5033 1731 5104 ingen-

158 5112 219 5162 tes
238 5116 428 5174 animos
452 5129 692 5195 augusto
722 5130 906 5180 versat
929 5125 989 5179 in
1016 5130 1274 5196 pectore;
1302 5125 1516 5180 viribus
1546 5125 1728 5182 imbe-

159 5201 270 5275 tilla,
293 5213 379 5267 sed
405 5214 558 5271 fortis
599 5218 850 5290 ingenio.
893 5220 1039 5286 Haec,
1059 5220 1370 5290 ‘explorata
1409 5226 1732 5292 temporum

159 5295 263 5368 Vice,
287 5319 402 5361 cum
421 5309 679 5366 canitiem
705 5313 972 5382 proinosa
993 5326 1016 5353 ο
1052 5313 1310 5384 hyberna
1338 5315 1650 5385 posuerint,
1679 5321 1734 5370 et

163 5391 347 5458 glaciale
383 5403 595 5459 senium
638 5406 797 5461 verni
838 5407 1109 5478 temporis
1153 5409 1442 5464 moderata
1483 5409 1730 5465 deterse-

167 5576 175 5593 ξ
214 5509 422 5593 '__3lelius
445 5523 556 5589 alii,
578 5527 724 5578 intra
740 5528 1050 5580 Levitarum
1078 5542 1376 5592 numerum,
1399 5530 1462 5580 ut
1502 5526 1734 5582 inferius

166 5582 211 5668 in
231 5582 402 5668 llissali
426 5582 723 5651 Gallicana.
753 5596 1222 5668 Quandoquidem
1254 5582 1437 5654 levitas
1472 5599 1618 5652 hanc
1641 5600 1736 5654 be-

166 5651 481 5742 Iﬂict‘ipnem
517 5651 953 5742 caneresolent,
975 5651 1032 5724 et
1055 5651 1404 5742 Augustinus
1434 5651 1737 5736 eam,ici1m

167 5729 536 5806 met‘diaconus,
561 5738 823 5797 cecinisse
849 5729 1074 5796 dicitur.
1103 5729 1265 5806 Quod
1291 5758 1365 5795 an
1389 5729 1588 5796 verum
1616 5757 1736 5798 esse

171 5803 319 5869 possit,
344 5804 429 5860 alii
451 5809 703 5867 viderint.

223 5863 710 5959 ἶὲίιεξβθιιιξιιὶιῖςέέ
737 5900 805 5959 με

176 5930 710 6010 ωηιήτθιίᾲὶιῖἶῆῐίἷίὲ
724 5930 1042 6027 ἔᾶὦὶἷὴῦζξ
1069 5930 1734 6014 εἱᾱῖἶοᾶὖᾚιῖιίίῐιῖἰιῶῑ.

889 5901 924 5956 εί
950 5887 1042 5956 ad,
1078 5889 1121 5946 Ο
1142 5900 1263 5942 vere
1293 5885 1449 5940 beata
1472 5900 1602 5948 nox.
1631 5885 1734 5940 ha-
1783 5915 1794 5924 ι

1829 3311 1900 3366 ad
1911 3311 2074 3365 illum
2091 3307 2423 3364 aeternitatis
2439 3307 2590 3362 diem
2605 3310 2661 3362 et
2683 3305 2789 3361 Uni
2795 3304 2972 3378 geniti
2989 3303 3072 3359 tui
3093 3319 3465 3376 properamus

1827 3420 2146 3473 occursum,
2180 3402 2250 3456 ad
2280 3402 2426 3457 hanc
2471 3401 2722 3471 interim,
2759 3415 2934 3472 quam
2961 3397 3210 3454 tenebris
3245 3413 3462 3469 prepa-

1828 3499 1982 3569 rasti,
2031 3498 2344 3567 lucernam,
2389 3497 2529 3551 dum
2565 3511 2684 3550 nox
2731 3493 2838 3548 ista
2878 3491 3302 3558 transcurritur,
3343 3491 3464 3546 sine

1827 3597 2189 3666 peccatorum
2217 3589 2557 3646 otfendiculo
2591 3588 2970 3644 ambulemus.
3002 3588 3108 3642 Per
3134 3601 3358 3658 resurg.

2219 3706 2465 3758 Collectio
2485 3707 2604 3770 post
2631 3703 2888 3768 hymnum
2913 3715 3065 3752 cem.

1899 3801 2067 3868 Deus,
2095 3797 2375 3868 templum
2401 3795 2550 3867 ignis
2577 3793 2794 3862 aeterni,
2828 3793 2976 3847 Deus
3015 3807 3163 3846 verte
3190 3790 3331 3845 lucis
3358 3789 3460 3846 ha-

1827 3893 2159 3961 bitaculum,
2187 3892 2334 3945 Deus
2363 3889 2520 3943 scdes
2548 3891 2839 3959 perpetuae
2866 3884 3156 3952 claritatis,
3186 3887 3313 3938 vota
3339 3883 3463 3954 tibi,

1830 3987 2084 4056 Domine,
2136 3983 2431 4040 sollemnia
2491 3982 2603 4037 diei
2639 3977 3142 4036 consummationis
3188 3983 3245 4032 et
3289 3977 3469 4032 noctis

1828 4078 2204 4137 inchoationis
2251 4077 2618 4146 celebrantes,
2667 4091 2752 4142 ac,
2792 4071 3108 4128 luminibus
3151 4069 3340 4126 altaris
3383 4070 3467 4126 tui

1829 4175 2093 4242 incensis,
2126 4170 2538 4244 temporarium
2563 4169 2762 4224 lumen
2795 4166 3112 4236 offerentes,
3154 4169 3220 4220 ut
3241 4163 3468 4220 famulis

1829 4274 1886 4325 et
1907 4265 2227 4324 famulabus
2253 4265 2366 4320 tuis
2384 4279 2585 4320 verum
2606 4279 2669 4318 ac
2694 4276 2946 4334 perenne
2970 4260 3168 4316 lumen
3183 4257 3465 4330 largiaris,

1829 4378 2075 4418 oramus.
2109 4362 2216 4416 Per
2241 4375 2462 4431 resurg.

1829 4497 2048 4552 XXXIII.
2080 4510 2381 4551 ORATIONES
2421 4507 2726 4550 PASCHALES
2767 4504 3042 4547 ononacm
3083 4502 3192 4544 cun
3231 4500 3466 4543 rorrnnu

2415 4577 2889 4620 COLLECTIONIBUS.

2137 4662 2324 4722 Oratio
2369 4670 2393 4698 ο
2431 4674 2533 4728 pro
2582 4659 2891 4726 gratiarum
2923 4655 3150 4709 actione.

2516 4753 2771 4804 Praefatio.

1901 4849 2291 4920 Expectatum,
2319 4843 2522 4897 fratres
2549 4838 2842 4905 carissimi,
2874 4841 2930 4892 et
2965 4836 3347 4892 desideratum
3371 4851 3469 4892 no-

1830 4942 1916 4997 bis
1940 4940 2163 4996 Paschae
2189 4938 2340 4993 diem
2360 4934 2570 5006 adepti,
2600 4933 2808 5004 gratias
2827 4947 3064 5003 agamus
3092 4929 3471 5001 omnipotenti

1831 5037 1948 5091 Deo
1979 5034 2150 5100 Patri,
2179 5031 2334 5105 quod
2369 5047 2472 5086 nos
2497 5029 2558 5083 in
2585 5028 2731 5082 hanc
2758 5026 3024 5082 eamdem
3056 5024 3208 5080 diem
3245 5039 3350 5095 per
3387 5024 3471 5078 Fi-

1835 5130 1976 5184 lium
1993 5144 2159 5182 suum
2171 5126 2478 5182 Dominum
2493 5128 2756 5178 nostrum
2770 5122 2796 5176 J
2801 5135 2963 5176 esum
2979 5119 3267 5174 Christum
3280 5117 3471 5189 (quem

1833 5240 1938 5296 pro
1963 5221 2125 5277 nobis
2158 5221 2404 5276 hostiam
2441 5218 2596 5272 dedit
2621 5216 2680 5270 in
2714 5216 2954 5270 salutem
2995 5212 3283 5281 mternam)
3312 5226 3473 5267 voca-

1832 5317 1912 5372 vit
1940 5335 1953 5371 :
1986 5315 2057 5370 ob
2085 5315 2191 5370 hoc
2217 5314 2368 5369 ﬁdeli
2415 5312 2729 5385 gratiarum
2770 5309 2990 5365 actione
3031 5305 3350 5373 laudemus,
3379 5304 3472 5360 be-

1832 5411 2180 5478 nedicamus,
2235 5406 2673 5463 honorificemus
2720 5401 3084 5458 benedictum
3135 5403 3192 5453 et
3237 5396 3472 5454 beatum

1905 5540 1928 5568 ο
1983 5529 2248 5581 Pruinosa
2285 5524 2343 5578 in
2372 5523 2513 5576 aliis.
2545 5521 2631 5577 Sic
2659 5537 2697 5574 ιι
2724 5520 2784 5573 in
2811 5535 2839 5573 ο
2865 5517 3042 5572 facilis
3069 5519 3125 5570 et
3150 5515 3474 5586 promiscua

1835 5599 2127 5671 quondam
2147 5594 2417 5671 mutatio.
2440 5595 2527 5650 Sic
2549 5592 2696 5646 infra
2719 5591 3092 5671 praemonitam
3119 5602 3223 5658 pro
3243 5601 3477 5659 przmw

1833 5663 2008 5727 uitam
2037 5675 2093 5724 et
2112 5668 2222 5723 alia
2247 5667 2303 5722 id
2331 5682 2511 5738 genus
2542 5663 2846 5738 permulta.

1906 5743 1931 5783 ἀ
1982 5743 2062 5796 Ita
2089 5741 2256 5794 etiam
2283 5727 3084 5804 inVGallicano.AninS_idfmt_?
3181 5796 3191 5804 _
3278 5797 3344 5804 υ,
3437 5793 3473 5804 ,,

1906 5823 1929 5852 ο
1977 5793 2114 5868 liis;
2132 5793 2429 5866 orationes
2468 5805 2771 5871 habentur,
2802 5800 2900 5857 sed
2928 5796 3138 5855 similes
3176 5796 3241 5851 in
3278 5793 3478 5852 Missali

1837 5880 2122 5941 Gallicana
2140 5881 2396 5936 inferius.
