3968 6224
450 340 547 391 271

1236 331 1568 390 ΑΡΡΕΝΒΙΧ
1605 335 1693 389 ΑΒ
1729 333 1951 388 ΟΡΕΒΑ
1989 335 2075 389 δικ

2203 334 2223 388 Ι
2259 333 2536 389 GERMAN
2539 335 2560 388 Ι
2598 333 3023 389 PARISIENSIS.

3721 334 3830 390 27'2

448 459 659 500 nomen
685 442 784 498 Dei
808 441 989 497 Patris
1025 441 1082 496 in
1110 443 1267 509 Filio,
1299 443 1534 515 Filiique
1569 443 1630 498 in
1664 444 1830 499 Patre
1869 447 1926 499 et
1949 443 2075 516 Spi-
2100 457 2159 530 Α
2180 443 2398 498 divitias
2425 444 2823 514 communicet,
2854 444 2952 516 qui
2973 441 3229 498 ﬁdelium
3256 441 3583 499 animarum
3611 444 3829 517 in0pise

448 536 564 593 ritu
593 541 784 598 sancto
807 536 868 591 in
895 536 1104 591 saecula
1129 536 1484 591 saeculorum.

1040 637 1212 686 Oratio
1242 638 1491 701 sequitur.

520 725 722 780 Sancte
747 723 1000 793 Domine,
1033 723 1391 794 omnipotens
1422 725 1609 794 Pater,
1638 724 1864 792 exaudi,
1895 729 2076 796 tuere,

450 835 514 873 ac
540 817 829 872 sanctifica
844 817 1068 888 plebem
1089 819 1244 870 tuam
1263 818 1666 888 prmmonitam
1685 819 1848 890 signo
1875 820 2076 889 crucis,

445 912 782 984 baptismate
807 910 1187 982 puriﬁcatam,
1230 911 1533 966 chrismate
1568 913 1901 983 delibutam,
1940 930 2080 985 quos

446 1005 520 1060 ad
558 1003 954 1060 celebrandam
999 1004 1295 1074 praesentis
1339 1005 1733 1061 sollemnitatis
1771 1007 2076 1062 beatitudi-

445 1115 579 1154 nem
603 1097 982 1168 congregasti,
1001 1097 1391 1170 universisque
1419 1100 1682 1154 notitiam
1711 1101 1812 1170 tui,
1842 1101 2076 1172 particié

445 1192 736 1263 pationem
766 1190 944 1246 sancti
971 1190 1211 1262 Spiritus
1239 1193 1524 1264 propitius
1550 1193 1806 1250 infunde.
1843 1195 1966 1250 Per.

947 1301 1133 1356 Oratio
1166 1316 1270 1370 pro
1311 1301 1576 1356 anilibus.

1139 1387 1394 1438 Prefatio.

519 1469 869 1538 Unianimes,
899 1471 956 1523 et
978 1467 1148 1523 unius
1177 1469 1430 1540 corporis
1453 1469 1512 1524 in
1540 1468 1751 1541 Spiritu
1777 1471 1872 1526 Dei
1899 1473 2078 1527 Patris

446 1563 877 1635 omnipotentis,
911 1560 1104 1634 244
1142 1562 1364 1616 Domini
1389 1563 1833 1619 misericordiam
1873 1566 2076 1637 depre-

444 1673 642 1712 cemur
665 1672 769 1727 pro
800 1655 1088 1722 fratribus,
1117 1660 1173 1709 et
1201 1656 1486 1711 sororibus
1514 1657 1720 1712 nostris
1743 1658 2076 1730 captivitati-

445 1751 554 1806 bus
579 1749 880 1820 elongatis,
910 1748 1227 1802 carceribus
1264 1749 1526 1820 detentis,
1560 1752 1803 1807 metallis
1836 1753 2076 1824 deputa-

2179 537 2460 592 saecularis
2510 538 2839 593 substantiae
2904 536 3252 610 participant
3312 538 3665 594 facultatem.
3720 541 3832 593 Per

2180 648 2398 703 resurg.
2772 702 2945 752 Oratio
2974 703 3226 766 sequitur.

2250 786 2361 841 Piis
2387 802 2678 841 servorum
2705 790 2936 842 tuorum
2965 789 3228 860 precibus
3259 805 3467 858 annue,
3499 789 3830 845 misericors

2181 879 2438 950 Domine,
2495 884 2560 934 ut
2613 879 2978 953 quicumque,
3035 886 3453 954 praeceptorum
3510 883 3829 938 caelestium

2178 989 2480 1043 memores,
2509 974 2853 1045 pauperibus
2883 975 2993 1028 tuis
3019 992 3146 1046 qum
3174 979 3306 1030 sunt
3341 977 3657 1031 necessaria
3688 978 3826 1032 sub-

2179 1067 2524 1137 ministrant,
2569 1067 2982 1138 incorruptibili
3025 1073 3081 1123 et
3125 1069 3335 1124 caelesti
3373 1070 3550 1141 gloria
3591 1071 3832 1126 misera-

2179 1160 2346 1216 tionis
2375 1164 2487 1215 tuaa
2517 1164 2573 1216 et
2596 1161 2995 1216 misericordiae
3027 1168 3388 1218 coronentur.
3421 1165 3546 1219 Per.

2581 1275 2767 1330 Oratio
2790 1289 2894 1344 pro
2919 1275 3408 1344 peregrinantibus.

2864 1365 3117 1416 Praefatio.

2249 1448 2590 1519 Caelestium,
2634 1455 2690 1505 et
2729 1451 3107 1520 terrestrium,
3140 1448 3330 1524 245
3364 1457 3421 1506 et
3464 1452 3828 1509 infernorum

2179 1543 2484 1598 Dominum
2529 1545 2708 1599 Deum
2740 1546 2967 1600 Patrem
2996 1544 3468 1616 omnipotentem,
3510 1547 3720 1602 fratres
3749 1548 3832 1602 di-

2177 1637 2484 1707 lectissimi,
2527 1637 2918 1709 deprecemur,
2949 1639 3304 1695 obsecrantes
3344 1640 3425 1694 uti
3466 1640 3671 1698 fratres
3701 1658 3832 1696 nos-

2178 1734 2295 1785 tros
2321 1748 2384 1784 ac
2420 1747 2657 1798 sorores,
2694 1733 3040 1804 quicumque
3070 1733 3601 1805 peregrinationum
3633 1752 3829 1790 neces-

449 1845 539 1914 tis,
571 1847 635 1898 ut
667 1843 749 1897 eis
786 1841 1056 1896 Dominus
1089 1842 1335 1913 adjutor,
1365 1847 1652 1914 protector
1685 1849 1744 1900 et
1770 1847 2083 1903 consolator
2103 1830 2157 1902 B
2181 1824 2435 1879 Sitatibus
2477 1825 2786 1895 SUbjacent’
2848 1826 3206 1897 omnipotens
3260 1828 3404 1882 Deus
3453 1827 3668 1884 δυΧίῙίο
3725 1845 3827 1884 δυο

448 1937 668 2003 existat,
697 1952 881 2007 neque
925 1936 1118 1991 deesse
1159 1935 1266 1990 sibi
1297 1942 1524 2009 reputet
1567 1955 1662 1994 eos
1693 1941 1792 2012 qui
1829 1940 1981 1997 ﬁdeli
2023 1958 2105 2003 se,

446 2029 769 2087 innocentia
795 2033 1181 2102 perseverant.

1039 2131 1215 2182 Oratio
1243 2131 1490 2196 sequitur.

515 2219 740 2288 Tribue,
776 2215 1032 2287 Domine,
1077 2217 1339 2288 relegatis
1378 2217 1642 2289 patriam,
1671 2218 1871 2276 vinctis
1915 2222 2078 2277 abso-

445 2313 743 2382 lutionem,
776 2309 1012 2382 captivis
1041 2309 1386 2380 libertatem,
1409 2316 1475 2366 ut
1499 2312 1657 2384 plebs
1687 2317 1786 2368 tua
1812 2320 1868 2370 et
1887 2315 1948 2370 in
1974 2317 2082 2371 hoc

447 2407 672 2474 saeculo,
702 2410 759 2460 et
793 2405 853 2459 in
876 2405 1070 2460 futuro
1095 2403 1496 2460 misericordiae
1531 2410 1645 2461 tuae
1679 2424 1916 2465 munere
1949 2410 2084 2467 libe-

449 2497 628 2556 retur.
655 2500 780 2554 Per.

899 2570 1084 2626 Oratio
1106 2584 1210 2640 pro
1236 2570 1619 2628 sacerdotibus.

1138 2657 1394 2708 Praefatio.

520 2741 582 2794 In
620 2743 944 2794 sanctorum
987 2741 1176 2792 sancta
1215 2738 1468 2806 admissi,
1511 2745 1566 2796 et
1617 2741 1806 2797 altaris
1845 2742 2080 2800 caelestis

449 2832 753 2890 Sacerdotii
783 2832 981 2888 mterni
1005 2832 1306 2904 participes
1332 2832 1534 2904 effecti,
1575 2835 1670 2891 Dei
1699 2837 1877 2891 Patris
1903 2838 2081 2892 omni-

447 2927 692 3002 potentis
747 2925 1196 2982 misericordiam
1231 2927 1621 2999 deprecemur,
1658 2933 1725 2984 ut
1765 2931 2080 2988 sacerdotes

449 3039 577 3077 suos
614 3038 678 3076 ac
720 3020 1007 3076 ministros
1041 3019 1202 3074 donis
1237 3020 1456 3092 repleat
1496 3022 1834 3094 spiritalium
1877 3025 2082 3098 gratia-

446 3131 598 3172 rum.

444 3221 450 3231 .
1033 3183 1207 3233 Oratio
1236 3185 1487 3248 sequitur.

516 3271 754 3326 Domine
781 3271 928 3325 Deus
961 3268 1259 3338 virtutum,
1283 3270 1534 3341 justifica
1561 3274 1619 3327 et
1659 3274 1947 3328 sanctifica
1973 3291 2076 3346 pa-

446 3369 624 3420 stores
655 3369 712 3419 et
735 3363 1068 3435 praepositos
1114 3363 1305 3417 ovium
1341 3368 1592 3435 tuarum,
1636 3371 1697 3421 ut
1731 3367 2082 3423 adversarius

447 3463 638 3514 noster
677 3456 932 3512 diabolus
961 3456 1070 3512 fide
1109 3473 1308 3512 eorum
1338 3462 1396 3514 et
1432 3459 1728 3515 sanctitate
1761 3465 2078 3533 superatus,

448 3551 778 3624 contingere
793 3550 1142 3606 dominicum
1168 3568 1404 3624 gregem
1421 3569 1486 3609 ac
1503 3553 1708 3611 violare
1724 3571 1840 3611 non
1853 3556 2078 3612 audeat.

447 3647 554 3702 Per
577 3662 798 3718 resurg.

938 3716 1125 3775 Oratio
1145 3731 1248 3789 pro
1277 3719 1596 3789 virginibus.

1134 3806 1386 3857 Praefatio.

518 3888 864 3959 Incorruptae
912 3887 1245 3942 aeternitatis
1287 3888 1485 3957 Deum,
1529 3891 1585 3942 et
1623 3887 1953 3944 inviolabilis
1987 3906 2082 3944 na-

447 3983 591 4035 tura:
647 3980 951 4034 Dominum
1003 3980 1374 4035 unianimiter
1425 3981 1815 4052 deprecemur,
1857 3985 2080 4039 orantes

445 4089 550 4146 pro
579 4073 846 4128 fratribus
864 4073 1072 4126 nostris
1096 4072 1192 4143 qui
1223 4073 1530 4143 gloriosam
1556 4074 1938 4144 virginitatem
1964 4093 2082 4131 cor-

447 4182 584 4239 pore
610 4181 673 4220 ac
702 4170 892 4220 mente
928 4169 1224 4234 voverunt,
1263 4166 1348 4220 uti
1389 4182 1483 4220 eos
1513 4184 1688 4238 usque
1718 4169 1789 4223 ad
1814 4186 2077 4225 consum-

446 4260 758 4315 mationem
782 4259 1058 4332 propositi
1078 4259 1163 4313 sui
1190 4259 1590 4316 misericordia:
1617 4262 1855 4333 Spiritus
1885 4280 2077 4336 prose-

445 4358 676 4426 quatur.
707 4355 832 4410 Per.

1037 4424 1208 4475 Oratio
1235 4425 1484 4488 sequitur.

517 4512 771 4584 Respice,
795 4509 1054 4579 Domine,
1087 4509 1336 4582 virgines
1367 4527 1570 4581 sacras,
1601 4514 1658 4567 et
1681 4512 1954 4584 spadones
1978 4531 2076 4569 vo—

445 4581 737 4672 luntarios,
780 4605 837 4660 id
878 4609 963 4660 est
1009 4581 1287 4676 pretiosas
1324 4604 1580 4660 Ecclesiae
1615 4581 1970 4678 margaritas,
2018 4581 2157 4663 utD

445 4715 679 4770 corpora
703 4715 901 4754 eorum
924 4715 987 4753 ac
1001 4699 1264 4770 spiritum
1293 4698 1486 4753 inlaesa
1506 4699 1776 4754 castitatis
1800 4701 2080 4758 conscien-

447 4794 545 4864 tia,
581 4792 703 4865 pari
731 4793 1180 4849 exaestimatione
1207 4793 1545 4848 custodiant.
1578 4794 1684 4848 Per
1715 4811 1934 4867 resurg.

784 4901 970 4957 Oratio
1007 4901 1360 4970 eleemosynas
1401 4902 1746 4968 facientibus.

1132 4989 1389 5039 Praefatio.

520 5071 787 5126 Sanctum
814 5085 878 5124 ac
907 5067 1272 5123 benedictum
1301 5069 1691 5125 retributionis
1720 5072 1899 5126 Deum
1923 5071 2081 5127 unia-

446 5164 650 5234 nimes,
670 5163 872 5218 fratres
895 5161 1264 5232 dilectissimi,
1285 5163 1538 5220 oratione
1563 5167 1954 5238 deprecemur,
1976 5165 2076 5222 ob-

445 5262 728 5314 secrantes
754 5274 858 5329 pro
899 5254 1172 5310 fratribus
1208 5261 1266 5311 et
1289 5259 1578 5315 sororibus
1604 5259 1811 5314 nostris
1833 5277 2079 5332 quorum

447 5351 762 5407 ministerio
787 5355 958 5421 atque
975 5354 1204 5422 sumptu
1226 5350 1476 5425 impiam
1488 5371 1604 5409 non
1621 5353 1875 5410 sentiunt
1900 5353 2000 5425 qui
2020 5353 2078 5408 in

446 5445 691 5501 Ecclesia
709 5449 838 5500 sunt
852 5444 1190 5516 indigentes,
1207 5449 1272 5501 ut
1289 5446 1488 5504 iisdem
1509 5448 1780 5504 Dominus
1801 5446 2079 5518 spiritales

516 5587 543 5620 ⁸
581 5589 920 5644 Pcenitentes
944 5590 1250 5660 quondam,
1280 5590 1374 5644 alii
1399 5591 1723 5655 voluntarii,
1747 5588 1842 5645 alii
1871 5589 2079 5645 addicti

446 5664 631 5716 erant.
673 5662 751 5714 Ex
790 5661 988 5732 primis
1025 5667 1144 5717 erat
1183 5663 1267 5715 vir
1304 5661 1643 5732 magnificus
1681 5661 1772 5716 ille
1817 5663 2079 5733 Agricola

447 5733 636 5788 Gallus
661 5732 1007 5806 qui,imorbo
1045 5734 1369 5806 ingruente,
1401 5736 1466 5786 ut
1497 5732 2074 5806 pmnitentemiproii-

444 5806 678 5877 teretur,
703 5805 870 5877 nullis
899 5803 1385 5877 vestibusindutus
1411 5803 1516 5877 est,
1544 5809 1682 5860 teste
1705 5803 1933 5861 Ruricio
1954 5805 2075 5877 epi-

445 5891 611 5948 sc0po
641 5875 1017 5931 Lemovicensi
1045 5874 1101 5926 in
1136 5872 1234 5927 lib.
1259 5889 1318 5945 ιι,
1341 5872 1576 5946 epistOla
1594 5879 1682 5933 3t.
1715 5877 1858 5948 Lege
1876 5872 2078 5950 praefa-

2099 3208 2154 3280 C

2181 1934 2368 1973 comes
2394 1917 2620 1988 adjutor
2646 1918 2880 1974 reducat
2903 1936 2966 1974 ac
2991 1923 3271 1991 protegat.
3305 1921 3429 1976 Per.

2773 2019 2948 2070 Oratio
2977 2020 3228 2084 sequitur.

2253 2104 2525 2175 Restitue,
2558 2104 2818 2175 Domine,
2848 2106 3165 2178 peregrinis
3203 2105 3582 2162 desideratum
3621 2109 3826 2180 patriae

2181 2198 2385 2268 solum,
2435 2202 2496 2253 ut
2532 2198 3007 2271 contemplatione
3052 2200 3451 2255 misericordia:
3504 2205 3638 2270 tuae,
3684 2201 3825 2257 dum

2183 2292 2251 2348 ad
2280 2309 2530 2364 praesens
2571 2296 2751 2364 agunt
2776 2292 3062 2348 beneﬁciis
3099 2293 3211 2348 tuis
3257 2294 3488 2366 gratias,
3521 2296 3669 2350 cives
3703 2312 3827 2350 esse

2181 2389 2505 2441 sanctorum
2531 2403 2596 2442 ac
2624 2386 2706 2442 tui
2727 2386 3019 2443 domestici
3037 2387 3452 2460 concupiscant.
3481 2389 3693 2444 Praesta
3721 2405 3829 2460 per

2180 2497 2402 2553 resurg.

2705 2554 2892 2610 Oratio
2911 2568 3013 2622 pro
3042 2554 3291 2622 inﬁrmis.

2869 2645 3124 2695 Praefatio.

2251 2729 2531 2785 Universae
2561 2729 2757 2784 salutis
2781 2730 2962 2784 Deum
2990 2735 3046 2784 et
3071 2729 3346 2784 universae
3374 2729 3598 2784 virtutis
3625 2731 3823 2786 Domi-

2178 2838 2322 2877 num
2346 2823 2718 2894 deprecemur
2750 2839 2854 2894 pro
2888 2823 3157 2878 fratribus
3197 2826 3254 2878 et
3291 2823 3577 2900 sororibus
3612 2826 3826 2879 nostris

2179 2915 2280 2988 qui
2309 2917 2621 2972 secundum
2655 2932 2882 2971 carnem
2912 2917 3143 2971 diversis
3173 2917 3579 2989 aegritudinum
3603 2919 3828 2990 generi-

2178 3009 2284 3064 bus
2321 3009 2686 3078 insultantur,
2729 3015 2790 3065 ut
2827 3010 2915 3064 his
2946 3010 3218 3065 Dominus
3257 3011 3477 3067 caeleste
3518 3012 3824 3068 medicinae

2180 3119 2297 3159 suae
2323 3121 2532 3160 munus
2566 3104 2879 3176 indulgeat.
2907 3106 3034 3158 Per.

2769 3205 2941 3255 Oratio
2965 3205 3215 3269 sequitur.

2251 3292 2504 3359 Domine,
2533 3292 2624 3346 cui
2650 3290 2930 3346 viviﬁcare
2958 3295 3216 3347 mortuos
3249 3291 3410 3346 facile
3445 3295 3551 3357 est,
3583 3293 3825 3348 restitue

2181 3385 2583 3458 aegrotantibus
2609 3385 2910 3457 pristinam
2950 3385 3270 3455 sanitatem,
3299 3401 3372 3440 ne
3406 3385 3619 3441 terreni
3647 3386 3830 3441 medi-

2179 3479 2414 3534 caminis
2453 3479 2702 3534 remedia
2745 3479 3084 3547 desiderent,
3133 3479 3480 3550 quicumque
3530 3479 3824 3534 medelam

2179 3573 2418 3628 caelestis
2441 3571 2844 3628 misericordiae
2885 3577 2998 3628 tuae
3029 3572 3422 3644 deprecantur.
3456 3575 3564 3627 Per
3593 3589 3821 3645 resurg.

2601 3683 2788 3738 Oratio
2807 3697 2910 3753 pro
2939 3681 3321 3752 paenitentibus
3349 3680 3395 3736 ⁸.

2249 3781 2590 3837 Conﬁtentes
2635 3780 2900 3836 bonitatis
2925 3796 2988 3834 ac
3032 3779 3432 3835 misericordiae
3473 3780 3678 3850 Deum,
3718 3785 3820 3856 qui

2179 3880 2541 3947 peccatorum
2604 3875 2817 3929 mavult
2872 3873 3263 3944 paenitentiam
3323 3889 3498 3945 quam
3546 3880 3820 3945 mortem,

2180 3972 2608 4026 communicatis
2643 3971 2906 4043 precibus
2947 3989 3011 4026 ac
3048 3971 3273 4026 ﬂetibus
3301 3987 3404 4043 pro
3444 3971 3719 4028 fratribus
3758 3991 3822 4028 ac

2181 4067 2464 4121 sororibus
2480 4067 2685 4120 nostris
2706 4066 2933 4120 Domini
2950 4064 3395 4121 misericordiam
3420 4065 3820 4137 deprecemur,

2180 4161 2264 4215 uti
2303 4177 2397 4216 eos
2440 4159 2653 4231 peccati
2697 4159 2783 4212 sui
2811 4159 3050 4213 crimina
3086 4158 3435 4230 confitentes,
3479 4177 3512 4214 a
3549 4159 3824 4216 bonitatis

2180 4270 2297 4309 suae
2322 4253 2484 4309 venia
2512 4269 2627 4308 non
2653 4253 2908 4325 repellat.
2940 4254 3066 4308 Per.

2773 4358 2944 4408 Oratio
2973 4357 3221 4422 sequitur.

2250 4447 2370 4500 Rex
2410 4443 2623 4516 gloriae,
2654 4444 2754 4516 qui
2781 4460 2898 4498 non
2936 4444 3018 4497 vis
3063 4447 3310 4498 mortem
3349 4443 3681 4514 peccatoris,
3722 4445 3822 4501 sed

2179 4543 2244 4593 ut
2279 4541 2638 4593 convertatur
2684 4541 2741 4593 et
2779 4537 2946 4604 vivat,
2988 4539 3059 4592 da
3095 4537 3258 4593 nobis
3291 4541 3658 4608 peccatorum
3697 4539 3822 4594 labe

2178 4632 2410 4705 pollutis
2432 4630 2840 4704 paenitentiam,
2865 4631 3036 4685 simul
3065 4636 3126 4686 ut
3149 4632 3286 4688 flere
3305 4648 3436 4686 cum
3465 4631 3736 4686 ﬂentibus
3769 4638 3822 4687 et

2179 4725 2517 4796 dolentibus,
2547 4731 2604 4782 et
2641 4741 2773 4780 cum
2811 4725 3190 4796 gaudentibus
3228 4725 3474 4798 gaudere
3510 4725 3817 4796 possimus.

2178 4821 2284 4876 Per
2307 4837 2416 4876 res.

2697 4892 2885 4948 Oratio
2916 4907 3015 4961 pro
3051 4892 3280 4946 unitate.

2863 4983 3121 5034 Praefatio.

2252 5071 2440 5124 Unum
2467 5069 2643 5124 Deum
2661 5071 2908 5140 Patrem,
2931 5087 2999 5124 ex
3021 5086 3135 5142 quo
3166 5069 3358 5123 omnia
3383 5071 3536 5137 sunt,
3560 5073 3618 5124 et
3638 5085 3819 5124 unum

2179 5163 2490 5218 Dominum
2514 5168 2773 5218 nostrum
2797 5165 2988 5218 Jesum
3022 5163 3332 5231 Christum,
3362 5177 3467 5234 per
3491 5179 3671 5233 quem
3697 5179 3816 5218 om-

2177 5258 2295 5327 nia,
2336 5257 2540 5311 fratres
2573 5257 2870 5326 carissimi,
2907 5257 3297 5328 deprecemur,
3326 5259 3392 5310 ut
3417 5255 3707 5312 unitatem
3731 5258 3818 5311 Ec-

2178 5351 2359 5407 clesiae
2387 5368 2502 5408 sum
2521 5351 2784 5406 concordi
2809 5349 3262 5423 congregationis
3290 5353 3500 5404 nostrae.
3529 5351 3816 5406 voluntate

2179 5445 2493 5502 confirmet.
2521 5447 2628 5502 Per
2656 5461 2763 5500 res.
2786 5445 2887 5500 Fil.
2919 5462 2966 5500 s.

2178 5591 2391 5647 tionem
2443 5589 2676 5645 alteram
2724 5587 2914 5643 saaculi
2959 5603 3018 5641 ιιι
3061 5585 3406 5642 Benedictini
3471 5600 3640 5641 num.
3699 5588 3812 5641 £93.

2177 5663 2386 5732 Avitus,
2415 5663 2476 5716 in
2497 5661 2729 5716 homilia
2747 5661 2816 5715 de
2842 5658 3268 5732 Rogationibus,
3300 5658 3367 5712 de
3394 5658 3812 5732 noctePaschae

2177 5734 2298 5811 haec
2327 5728 2499 5789 habet
2525 5753 2541 5811 :_
2566 5752 2602 5811 ξς
2630 5731 2821 5811 Adfuit
2849 5728 2992 5811 ergo
3020 5745 3134 5811 nox
3168 5731 3260 5811 illa
3295 5728 3658 5811 venerabilis,
3689 5744 3812 5811 quae

2175 5807 2243 5859 ad
2271 5823 2428 5876 spem
2448 5804 2690 5875 publicae
2714 5799 3080 5858 absolutionis
3103 5801 3350 5857 votivum
3378 5799 3634 5856 solemne
3664 5805 3812 5872 pate-

2175 5877 2402 5932 fecerat.
2439 5897 2466 5925 ››
