  <div class='ocr_page' id='page_1' title='image "/cluster/home/n/w/nwhite01/storage/ocr_20150623/72/uva.x000827084/152.png"; bbox 0 0 3968 6224; ppageno 0'>
   <div class='ocr_carea' id='block_1_1' title="bbox 163 323 247 375">
    <p class='ocr_par' dir='ltr' id='par_1_1' title="bbox 163 323 247 375">
     <span class='ocr_line' id='line_1_1' title="bbox 163 323 247 375; baseline -0.012 0"><span class='ocrx_word' id='word_1_1' title='bbox 163 323 247 375; x_wconf 76' lang='lat'>273</span> 
     </span>
    </p>
   </div>
   <div class='ocr_carea' id='block_1_2' title="bbox 680 425 1202 492">
    <p class='ocr_par' dir='ltr' id='par_1_2' title="bbox 680 425 1202 492">
     <span class='ocr_line' id='line_1_2' title="bbox 680 425 1202 492; baseline 0 -16"><span class='ocrx_word' id='word_1_2' title='bbox 680 426 934 478; x_wconf 85' lang='lat' dir='ltr'>Collectio</span> <span class='ocrx_word' id='word_1_3' title='bbox 957 425 1202 492; x_wconf 79' lang='lat' dir='ltr'>sequitur.</span> 
     </span>
    </p>
   </div>
   <div class='ocr_carea' id='block_1_3' title="bbox 220 507 1762 582">
    <p class='ocr_par' dir='ltr' id='par_1_3' title="bbox 220 507 1762 582">
     <span class='ocr_line' id='line_1_3' title="bbox 220 507 1762 582; baseline -0.001 -16"><span class='ocrx_word' id='word_1_4' title='bbox 220 507 585 580; x_wconf 80' lang='lat' dir='ltr'>Omnipotens</span> <span class='ocrx_word' id='word_1_5' title='bbox 619 509 888 576; x_wconf 87' lang='lat' dir='ltr'>Domine,</span> <span class='ocrx_word' id='word_1_6' title='bbox 918 509 1014 580; x_wconf 86' lang='lat' dir='ltr'>qui</span> <span class='ocrx_word' id='word_1_7' title='bbox 1048 525 1108 564; x_wconf 88' lang='lat' dir='ltr'>es</span> <span class='ocrx_word' id='word_1_8' title='bbox 1138 507 1332 582; x_wconf 83' lang='grc'>246</span> <span class='ocrx_word' id='word_1_9' title='bbox 1360 510 1510 564; x_wconf 88' lang='lat' dir='ltr'>Deus</span> <span class='ocrx_word' id='word_1_10' title='bbox 1533 509 1762 566; x_wconf 88' lang='lat' dir='ltr'>bonita-</span> 
     </span>
    </p>
   </div>
   <div class='ocr_carea' id='block_1_4' title="bbox 163 603 1765 674">
    <p class='ocr_par' dir='ltr' id='par_1_4' title="bbox 163 603 1765 674">
     <span class='ocr_line' id='line_1_4' title="bbox 163 603 1765 674; baseline -0.002 -13"><span class='ocrx_word' id='word_1_11' title='bbox 163 606 221 661; x_wconf 84' lang='lat' dir='ltr'>tis</span> <span class='ocrx_word' id='word_1_12' title='bbox 247 608 297 658; x_wconf 90' lang='lat' dir='ltr'>et</span> <span class='ocrx_word' id='word_1_13' title='bbox 319 604 486 657; x_wconf 91' lang='lat' dir='ltr'>totius</span> <span class='ocrx_word' id='word_1_14' title='bbox 509 603 945 670; x_wconf 85' lang='lat' dir='ltr'>consolationis,</span> <span class='ocrx_word' id='word_1_15' title='bbox 977 606 1032 657; x_wconf 93' lang='lat' dir='ltr'>te</span> <span class='ocrx_word' id='word_1_16' title='bbox 1055 603 1337 674; x_wconf 89' lang='lat' dir='ltr'>supplices</span> <span class='ocrx_word' id='word_1_17' title='bbox 1364 603 1765 674; x_wconf 72' lang='lat' dir='ltr'>deprecamur,</span> 
     </span>
    </p>
   </div>
   <div class='ocr_carea' id='block_1_5' title="bbox 165 696 1769 770">
    <p class='ocr_par' dir='ltr' id='par_1_5' title="bbox 165 696 1769 770">
     <span class='ocr_line' id='line_1_5' title="bbox 165 696 1769 770; baseline -0.001 -16"><span class='ocrx_word' id='word_1_18' title='bbox 165 700 214 754; x_wconf 88' lang='lat' dir='ltr'>ut</span> <span class='ocrx_word' id='word_1_19' title='bbox 232 696 515 753; x_wconf 70' lang='lat' dir='ltr'>haereticos</span> <span class='ocrx_word' id='word_1_20' title='bbox 541 700 603 751; x_wconf 90' lang='lat' dir='ltr'>et</span> <span class='ocrx_word' id='word_1_21' title='bbox 633 697 897 753; x_wconf 81' lang='lat' dir='ltr'>infideles</span> <span class='ocrx_word' id='word_1_22' title='bbox 927 713 960 751; x_wconf 90' lang='lat' dir='ltr'>a</span> <span class='ocrx_word' id='word_1_23' title='bbox 989 696 1284 768; x_wconf 76' lang='lat' dir='ltr'>perpetuis</span> <span class='ocrx_word' id='word_1_24' title='bbox 1317 698 1603 768; x_wconf 68' lang='lat' dir='ltr'>gehennae</span> <span class='ocrx_word' id='word_1_25' title='bbox 1624 696 1769 770; x_wconf 84' lang='lat' dir='ltr'>igni-</span> 
     </span>
    </p>
   </div>
   <div class='ocr_carea' id='block_1_6' title="bbox 163 789 1767 862">
    <p class='ocr_par' dir='ltr' id='par_1_6' title="bbox 163 789 1767 862">
     <span class='ocr_line' id='line_1_6' title="bbox 163 789 1767 862; baseline -0.001 -15"><span class='ocrx_word' id='word_1_26' title='bbox 163 793 248 847; x_wconf 86' lang='lat' dir='ltr'>bus</span> <span class='ocrx_word' id='word_1_27' title='bbox 277 790 746 847; x_wconf 85' lang='lat' dir='ltr'>manifestatione</span> <span class='ocrx_word' id='word_1_28' title='bbox 789 793 902 844; x_wconf 65' lang='lat' dir='ltr'>tua:</span> <span class='ocrx_word' id='word_1_29' title='bbox 946 789 1204 847; x_wconf 83' lang='lat' dir='ltr'>veritatis</span> <span class='ocrx_word' id='word_1_30' title='bbox 1233 791 1461 862; x_wconf 88' lang='lat' dir='ltr'>eripias,</span> <span class='ocrx_word' id='word_1_31' title='bbox 1491 790 1767 862; x_wconf 88' lang='lat' dir='ltr'>quoniam</span> 
     </span>
    </p>
   </div>
   <div class='ocr_carea' id='block_1_7' title="bbox 162 883 1766 956">
    <p class='ocr_par' dir='ltr' id='par_1_7' title="bbox 162 883 1766 956">
     <span class='ocr_line' id='line_1_7' title="bbox 162 883 1766 956; baseline 0 -16"><span class='ocrx_word' id='word_1_32' title='bbox 162 885 231 940; x_wconf 77' lang='lat' dir='ltr'>vis</span> <span class='ocrx_word' id='word_1_33' title='bbox 251 899 438 940; x_wconf 90' lang='lat' dir='ltr'>omnes</span> <span class='ocrx_word' id='word_1_34' title='bbox 464 884 740 939; x_wconf 87' lang='lat' dir='ltr'>homines</span> <span class='ocrx_word' id='word_1_35' title='bbox 761 885 945 939; x_wconf 88' lang='lat' dir='ltr'>salvos</span> <span class='ocrx_word' id='word_1_36' title='bbox 963 883 1091 940; x_wconf 83' lang='lat' dir='ltr'>fieri</span> <span class='ocrx_word' id='word_1_37' title='bbox 1117 886 1176 939; x_wconf 90' lang='lat' dir='ltr'>et</span> <span class='ocrx_word' id='word_1_38' title='bbox 1195 883 1269 939; x_wconf 89' lang='lat' dir='ltr'>ad</span> <span class='ocrx_word' id='word_1_39' title='bbox 1289 883 1651 956; x_wconf 83' lang='lat' dir='ltr'>agnitionem</span> <span class='ocrx_word' id='word_1_40' title='bbox 1671 902 1766 941; x_wconf 87' lang='lat' dir='ltr'>ve-</span> 
     </span>
    </p>
   </div>
   <div class='ocr_carea' id='block_1_8' title="bbox 162 977 718 1036">
    <p class='ocr_par' dir='ltr' id='par_1_8' title="bbox 162 977 718 1036">
     <span class='ocr_line' id='line_1_8' title="bbox 162 977 718 1036; baseline -0.004 -3"><span class='ocrx_word' id='word_1_41' title='bbox 162 978 318 1036; x_wconf 83' lang='lat' dir='ltr'>ritatis</span> <span class='ocrx_word' id='word_1_42' title='bbox 342 977 555 1034; x_wconf 88' lang='lat' dir='ltr'>venire.</span> <span class='ocrx_word' id='word_1_43' title='bbox 590 980 718 1032; x_wconf 90' lang='lat' dir='ltr'>Per.</span> 
     </span>
    </p>
   </div>
   <div class='ocr_carea' id='block_1_9' title="bbox 590 1077 1300 1148">
    <p class='ocr_par' dir='ltr' id='par_1_9' title="bbox 590 1077 1300 1148">
     <span class='ocr_line' id='line_1_9' title="bbox 590 1077 1300 1148; baseline -0.004 -14"><span class='ocrx_word' id='word_1_44' title='bbox 590 1077 778 1134; x_wconf 78' lang='lat' dir='ltr'>Oratio</span> <span class='ocrx_word' id='word_1_45' title='bbox 801 1091 904 1147; x_wconf 83' lang='lat' dir='ltr'>pro</span> <span class='ocrx_word' id='word_1_46' title='bbox 933 1092 1070 1148; x_wconf 84' lang='lat' dir='ltr'>pace</span> <span class='ocrx_word' id='word_1_47' title='bbox 1096 1092 1300 1148; x_wconf 81' lang='lat' dir='ltr'>regum.</span> 
     </span>
    </p>
   </div>
   <div class='ocr_carea' id='block_1_10' title="bbox 840 1165 1098 1217">
    <p class='ocr_par' dir='ltr' id='par_1_10' title="bbox 840 1165 1098 1217">
     <span class='ocr_line' id='line_1_10' title="bbox 840 1165 1098 1217; baseline 0.008 -3"><span class='ocrx_word' id='word_1_48' title='bbox 840 1165 1098 1217; x_wconf 71' lang='lat' dir='ltr'>Prmfatio.</span> 
     </span>
    </p>
   </div>
   <div class='ocr_carea' id='block_1_11' title="bbox 218 1246 1767 1319">
    <p class='ocr_par' dir='ltr' id='par_1_11' title="bbox 218 1246 1767 1319">
     <span class='ocr_line' id='line_1_11' title="bbox 218 1246 1767 1319; baseline -0.001 -17"><span class='ocrx_word' id='word_1_49' title='bbox 218 1246 511 1304; x_wconf 89' lang='lat' dir='ltr'>Dominum</span> <span class='ocrx_word' id='word_1_50' title='bbox 543 1246 977 1303; x_wconf 84' lang='lat' dir='ltr'>dominantium</span> <span class='ocrx_word' id='word_1_51' title='bbox 1015 1251 1074 1302; x_wconf 92' lang='lat' dir='ltr'>et</span> <span class='ocrx_word' id='word_1_52' title='bbox 1113 1248 1335 1319; x_wconf 82' lang='lat' dir='ltr'>Regem</span> <span class='ocrx_word' id='word_1_53' title='bbox 1372 1246 1767 1318; x_wconf 80' lang='lat' dir='ltr'>regnantium,</span> 
     </span>
    </p>
   </div>
   <div class='ocr_carea' id='block_1_12' title="bbox 161 1341 1768 1412">
    <p class='ocr_par' dir='ltr' id='par_1_12' title="bbox 161 1341 1768 1412">
     <span class='ocr_line' id='line_1_12' title="bbox 161 1341 1768 1412; baseline -0.001 -16"><span class='ocrx_word' id='word_1_54' title='bbox 161 1343 338 1396; x_wconf 86' lang='lat' dir='ltr'>fratres</span> <span class='ocrx_word' id='word_1_55' title='bbox 362 1341 668 1407; x_wconf 87' lang='lat' dir='ltr'>carissimi,</span> <span class='ocrx_word' id='word_1_56' title='bbox 700 1341 962 1397; x_wconf 90' lang='lat' dir='ltr'>oratione</span> <span class='ocrx_word' id='word_1_57' title='bbox 1008 1341 1339 1396; x_wconf 89' lang='lat' dir='ltr'>unianimes</span> <span class='ocrx_word' id='word_1_58' title='bbox 1371 1341 1768 1412; x_wconf 88' lang='lat' dir='ltr'>deprecemur,</span> 
     </span>
    </p>
   </div>
   <div class='ocr_carea' id='block_1_13' title="bbox 161 1434 1767 1506">
    <p class='ocr_par' dir='ltr' id='par_1_13' title="bbox 161 1434 1767 1506">
     <span class='ocr_line' id='line_1_13' title="bbox 161 1434 1767 1506; baseline -0.001 -16"><span class='ocrx_word' id='word_1_59' title='bbox 161 1435 374 1490; x_wconf 87' lang='lat' dir='ltr'>utnobis</span> <span class='ocrx_word' id='word_1_60' title='bbox 389 1436 606 1506; x_wconf 90' lang='lat' dir='ltr'>populo</span> <span class='ocrx_word' id='word_1_61' title='bbox 626 1451 728 1490; x_wconf 90' lang='lat' dir='ltr'>suo</span> <span class='ocrx_word' id='word_1_62' title='bbox 751 1452 954 1506; x_wconf 92' lang='lat' dir='ltr'>pacem</span> <span class='ocrx_word' id='word_1_63' title='bbox 969 1452 1175 1506; x_wconf 90' lang='lat' dir='ltr'>regum</span> <span class='ocrx_word' id='word_1_64' title='bbox 1193 1435 1447 1489; x_wconf 89' lang='lat' dir='ltr'>tribuere</span> <span class='ocrx_word' id='word_1_65' title='bbox 1477 1434 1767 1504; x_wconf 84' lang='lat' dir='ltr'>dignetur,</span> 
     </span>
    </p>
   </div>
   <div class='ocr_carea' id='block_1_14' title="bbox 111 1527 1768 1607">
    <p class='ocr_par' dir='ltr' id='par_1_14' title="bbox 111 1527 1768 1607">
     <span class='ocr_line' id='line_1_14' title="bbox 111 1527 1768 1607; baseline 0 -24"><span class='ocrx_word' id='word_1_66' title='bbox 111 1601 120 1607; x_wconf 17' lang='grc' dir='ltr'>ἢ</span> <span class='ocrx_word' id='word_1_67' title='bbox 161 1532 212 1583; x_wconf 88' lang='lat' dir='ltr'>ut</span> <span class='ocrx_word' id='word_1_68' title='bbox 236 1529 503 1599; x_wconf 81' lang='lat' dir='ltr'>mitigatis</span> <span class='ocrx_word' id='word_1_69' title='bbox 530 1546 735 1583; x_wconf 90' lang='lat' dir='ltr'>eorum</span> <span class='ocrx_word' id='word_1_70' title='bbox 759 1529 1071 1595; x_wconf 88' lang='lat' dir='ltr'>mentibus,</span> <span class='ocrx_word' id='word_1_71' title='bbox 1091 1529 1321 1601; x_wconf 86' lang='lat' dir='ltr'>requies</span> <span class='ocrx_word' id='word_1_72' title='bbox 1343 1527 1508 1583; x_wconf 92' lang='lat' dir='ltr'>nobis</span> <span class='ocrx_word' id='word_1_73' title='bbox 1527 1544 1768 1598; x_wconf 84' lang='lat' dir='ltr'>congre-</span> 
     </span>
    </p>
   </div>
   <div class='ocr_carea' id='block_1_15' title="bbox 161 1621 1107 1694">
    <p class='ocr_par' dir='ltr' id='par_1_15' title="bbox 161 1621 1107 1694">
     <span class='ocr_line' id='line_1_15' title="bbox 161 1621 1107 1694; baseline 0.001 -19"><span class='ocrx_word' id='word_1_74' title='bbox 161 1622 380 1694; x_wconf 82' lang='lat' dir='ltr'>gationis</span> <span class='ocrx_word' id='word_1_75' title='bbox 405 1621 569 1676; x_wconf 84' lang='lat' dir='ltr'>istius</span> <span class='ocrx_word' id='word_1_76' title='bbox 598 1626 948 1694; x_wconf 83' lang='lat' dir='ltr'>perseveret.</span> <span class='ocrx_word' id='word_1_77' title='bbox 981 1625 1107 1677; x_wconf 90' lang='lat' dir='ltr'>Per.</span> 
     </span>
    </p>
   </div>
   <div class='ocr_carea' id='block_1_16' title="bbox 685 1714 1216 1778">
    <p class='ocr_par' dir='ltr' id='par_1_16' title="bbox 685 1714 1216 1778">
     <span class='ocr_line' id='line_1_16' title="bbox 685 1714 1216 1778; baseline 0.004 -15"><span class='ocrx_word' id='word_1_78' title='bbox 685 1714 937 1764; x_wconf 88' lang='lat' dir='ltr'>Collectio</span> <span class='ocrx_word' id='word_1_79' title='bbox 965 1715 1216 1778; x_wconf 86' lang='lat' dir='ltr'>sequitur.</span> 
     </span>
    </p>
   </div>
   <div class='ocr_carea' id='block_1_17' title="bbox 1215 317 2425 377">
    <p class='ocr_par' dir='ltr' id='par_1_17' title="bbox 1215 317 2425 377">
     <span class='ocr_line' id='line_1_17' title="bbox 1215 317 2425 377; baseline 0.001 -3"><span class='ocrx_word' id='word_1_80' title='bbox 1215 317 1302 374; x_wconf 84' lang='lat' dir='ltr'>DE</span> <span class='ocrx_word' id='word_1_81' title='bbox 1341 318 1653 375; x_wconf 77' lang='lat' dir='ltr'>LITURGIA</span> <span class='ocrx_word' id='word_1_82' title='bbox 1689 318 2062 376; x_wconf 77' lang='lat' dir='ltr'><strong>GALLICANA</strong></span> <span class='ocrx_word' id='word_1_83' title='bbox 2101 321 2298 376; x_wconf 83' lang='lat' dir='ltr'><strong>LIBER</strong></span> <span class='ocrx_word' id='word_1_84' title='bbox 2337 322 2425 377; x_wconf 90' lang='lat' dir='ltr'>Ill.</span> 
     </span>
    </p>
   </div>
   <div class='ocr_carea' id='block_1_18' title="bbox 1787 426 3503 514">
    <p class='ocr_par' dir='ltr' id='par_1_18' title="bbox 1787 426 3503 514">
     <span class='ocr_line' id='line_1_18' title="bbox 1787 426 3503 514; baseline 0.004 -31"><span class='ocrx_word' id='word_1_85' title='bbox 1787 440 1846 514; x_wconf 74' lang='grc' dir='ltr'><strong>Α</strong></span> <span class='ocrx_word' id='word_1_86' title='bbox 1867 427 2067 498; x_wconf 86' lang='lat' dir='ltr'>sciant,</span> <span class='ocrx_word' id='word_1_87' title='bbox 2101 427 2281 485; x_wconf 84' lang='lat' dir='ltr'>crucis</span> <span class='ocrx_word' id='word_1_88' title='bbox 2306 432 2422 485; x_wconf 66' lang='lat' dir='ltr'>tum</span> <span class='ocrx_word' id='word_1_89' title='bbox 2451 426 2639 502; x_wconf 87' lang='lat' dir='ltr'>sigillo</span> <span class='ocrx_word' id='word_1_90' title='bbox 2665 428 2996 504; x_wconf 82' lang='lat' dir='ltr'>signentur;</span> <span class='ocrx_word' id='word_1_91' title='bbox 3030 432 3089 488; x_wconf 90' lang='lat' dir='ltr'>et</span> <span class='ocrx_word' id='word_1_92' title='bbox 3118 429 3216 506; x_wconf 90' lang='lat' dir='ltr'>qui</span> <span class='ocrx_word' id='word_1_93' title='bbox 3236 427 3503 507; x_wconf 81' lang='lat' dir='ltr'>indigent</span> 
     </span>
    </p>
   </div>
   <div class='ocr_carea' id='block_1_19' title="bbox 1869 516 3500 600">
    <p class='ocr_par' dir='ltr' id='par_1_19' title="bbox 1869 516 3500 600">
     <span class='ocr_line' id='line_1_19' title="bbox 1869 516 3500 600; baseline 0.004 -22"><span class='ocrx_word' id='word_1_94' title='bbox 1869 516 2146 579; x_wconf 41' lang='lat' dir='ltr'>dietate‘m</span> <span class='ocrx_word' id='word_1_95' title='bbox 2178 523 2206 564; x_wconf 73' lang='grc' dir='ltr'>δ</span> <span class='ocrx_word' id='word_1_96' title='bbox 2231 525 2303 578; x_wconf 90' lang='lat' dir='ltr'>ad</span> <span class='ocrx_word' id='word_1_97' title='bbox 2347 524 2492 580; x_wconf 87' lang='lat' dir='ltr'>sacri</span> <span class='ocrx_word' id='word_1_98' title='bbox 2525 525 2778 581; x_wconf 89' lang='lat' dir='ltr'>nominis</span> <span class='ocrx_word' id='word_1_99' title='bbox 2807 526 2890 582; x_wconf 88' lang='lat' dir='ltr'>tui</span> <span class='ocrx_word' id='word_1_100' title='bbox 2922 527 3276 599; x_wconf 87' lang='lat' dir='ltr'>Baptismum</span> <span class='ocrx_word' id='word_1_101' title='bbox 3316 527 3500 600; x_wconf 84' lang='lat' dir='ltr'>perci-</span> 
     </span>
    </p>
   </div>
   <div class='ocr_carea' id='block_1_20' title="bbox 1868 621 2897 690">
    <p class='ocr_par' dir='ltr' id='par_1_20' title="bbox 1868 621 2897 690">
     <span class='ocr_line' id='line_1_20' title="bbox 1868 621 2897 690; baseline 0.005 -18"><span class='ocrx_word' id='word_1_102' title='bbox 1868 634 2004 690; x_wconf 87' lang='lat' dir='ltr'>pere</span> <span class='ocrx_word' id='word_1_103' title='bbox 2037 621 2392 674; x_wconf 88' lang='lat' dir='ltr'>mereantur.</span> <span class='ocrx_word' id='word_1_104' title='bbox 2424 621 2534 674; x_wconf 89' lang='lat' dir='ltr'>Per</span> <span class='ocrx_word' id='word_1_105' title='bbox 2559 621 2897 677; x_wconf 89' lang='lat' dir='ltr'>Dominum.</span> 
     </span>
    </p>
   </div>
   <div class='ocr_carea' id='block_1_21' title="bbox 3401 325 3502 381">
    <p class='ocr_par' dir='ltr' id='par_1_21' title="bbox 3401 325 3502 381">
     <span class='ocr_line' id='line_1_21' title="bbox 3401 325 3502 381; baseline 0.01 -1"><span class='ocrx_word' id='word_1_106' title='bbox 3401 325 3502 381; x_wconf 62' lang='lat'>274</span> 
     </span>
    </p>
   </div>
   <div class='ocr_carea' id='block_1_22' title="bbox 2475 717 2898 769">
    <p class='ocr_par' dir='ltr' id='par_1_22' title="bbox 2475 717 2898 769">
     <span class='ocr_line' id='line_1_22' title="bbox 2475 717 2898 769; baseline 0.005 -4"><span class='ocrx_word' id='word_1_107' title='bbox 2475 717 2607 766; x_wconf 81' lang='lat' dir='ltr'>item</span> <span class='ocrx_word' id='word_1_108' title='bbox 2637 719 2898 769; x_wconf 84' lang='lat' dir='ltr'>collectio.</span> 
     </span>
    </p>
   </div>
   <div class='ocr_carea' id='block_1_23' title="bbox 1939 800 3501 877">
    <p class='ocr_par' dir='ltr' id='par_1_23' title="bbox 1939 800 3501 877">
     <span class='ocr_line' id='line_1_23' title="bbox 1939 800 3501 877; baseline 0.004 -22"><span class='ocrx_word' id='word_1_109' title='bbox 1939 800 2144 874; x_wconf 82' lang='lat' dir='ltr'>Accipe</span> <span class='ocrx_word' id='word_1_110' title='bbox 2184 801 2547 872; x_wconf 89' lang='lat' dir='ltr'>signaculum</span> <span class='ocrx_word' id='word_1_111' title='bbox 2573 803 2801 872; x_wconf 87' lang='lat' dir='ltr'>Christi,</span> <span class='ocrx_word' id='word_1_112' title='bbox 2830 804 3054 877; x_wconf 88' lang='lat' dir='ltr'>suscipe</span> <span class='ocrx_word' id='word_1_113' title='bbox 3085 803 3259 861; x_wconf 88' lang='lat' dir='ltr'>verba</span> <span class='ocrx_word' id='word_1_114' title='bbox 3289 804 3501 874; x_wconf 82' lang='lat' dir='ltr'>divina,</span> 
     </span>
    </p>
   </div>
   <div class='ocr_carea' id='block_1_24' title="bbox 1871 894 3502 970">
    <p class='ocr_par' dir='ltr' id='par_1_24' title="bbox 1871 894 3502 970">
     <span class='ocr_line' id='line_1_24' title="bbox 1871 894 3502 970; baseline 0.004 -21"><span class='ocrx_word' id='word_1_115' title='bbox 1871 894 2219 950; x_wconf 89' lang='lat' dir='ltr'>inluminare</span> <span class='ocrx_word' id='word_1_116' title='bbox 2251 895 2424 949; x_wconf 88' lang='lat' dir='ltr'>verbo</span> <span class='ocrx_word' id='word_1_117' title='bbox 2458 895 2710 965; x_wconf 87' lang='lat' dir='ltr'>Domini,</span> <span class='ocrx_word' id='word_1_118' title='bbox 2754 898 2888 970; x_wconf 88' lang='lat' dir='ltr'>quia</span> <span class='ocrx_word' id='word_1_119' title='bbox 2914 898 3088 955; x_wconf 90' lang='lat' dir='ltr'>hodie</span> <span class='ocrx_word' id='word_1_120' title='bbox 3119 899 3413 955; x_wconf 85' lang='lat' dir='ltr'>confessus</span> <span class='ocrx_word' id='word_1_121' title='bbox 3442 915 3502 956; x_wconf 79' lang='lat' dir='ltr'>es</span> 
     </span>
    </p>
   </div>
   <div class='ocr_carea' id='block_1_25' title="bbox 1871 988 2665 1047">
    <p class='ocr_par' dir='ltr' id='par_1_25' title="bbox 1871 988 2665 1047">
     <span class='ocr_line' id='line_1_25' title="bbox 1871 988 2665 1047; baseline 0.001 -3"><span class='ocrx_word' id='word_1_122' title='bbox 1871 1004 1904 1044; x_wconf 88' lang='lat' dir='ltr'>a</span> <span class='ocrx_word' id='word_1_123' title='bbox 1927 989 2168 1045; x_wconf 88' lang='lat' dir='ltr'>Christo.</span> <span class='ocrx_word' id='word_1_124' title='bbox 2198 991 2307 1044; x_wconf 91' lang='lat' dir='ltr'>Per</span> <span class='ocrx_word' id='word_1_125' title='bbox 2335 988 2665 1047; x_wconf 90' lang='lat' dir='ltr'>Dominum.</span> 
     </span>
    </p>
   </div>
   <div class='ocr_carea' id='block_1_26' title="bbox 2480 1089 2890 1140">
    <p class='ocr_par' dir='ltr' id='par_1_26' title="bbox 2480 1089 2890 1140">
     <span class='ocr_line' id='line_1_26' title="bbox 2480 1089 2890 1140; baseline 0.005 -4"><span class='ocrx_word' id='word_1_126' title='bbox 2480 1089 2609 1137; x_wconf 88' lang='lat' dir='ltr'>Item</span> <span class='ocrx_word' id='word_1_127' title='bbox 2631 1089 2890 1140; x_wconf 88' lang='lat' dir='ltr'>collectio.</span> 
     </span>
    </p>
   </div>
   <div class='ocr_carea' id='block_1_27' title="bbox 1942 1171 3507 1248">
    <p class='ocr_par' dir='ltr' id='par_1_27' title="bbox 1942 1171 3507 1248">
     <span class='ocr_line' id='line_1_27' title="bbox 1942 1171 3507 1248; baseline 0.005 -23"><span class='ocrx_word' id='word_1_128' title='bbox 1942 1171 2121 1244; x_wconf 85' lang='lat' dir='ltr'>Signo</span> <span class='ocrx_word' id='word_1_129' title='bbox 2147 1175 2202 1226; x_wconf 91' lang='lat' dir='ltr'>te</span> <span class='ocrx_word' id='word_1_130' title='bbox 2231 1171 2290 1226; x_wconf 92' lang='lat' dir='ltr'>in</span> <span class='ocrx_word' id='word_1_131' title='bbox 2321 1171 2561 1227; x_wconf 90' lang='lat' dir='ltr'>nomine</span> <span class='ocrx_word' id='word_1_132' title='bbox 2575 1173 2778 1243; x_wconf 85' lang='lat' dir='ltr'>Patris,</span> <span class='ocrx_word' id='word_1_133' title='bbox 2794 1179 2853 1229; x_wconf 90' lang='lat' dir='ltr'>et</span> <span class='ocrx_word' id='word_1_134' title='bbox 2868 1174 3011 1244; x_wconf 90' lang='lat' dir='ltr'>Filii,</span> <span class='ocrx_word' id='word_1_135' title='bbox 3041 1177 3100 1230; x_wconf 88' lang='lat' dir='ltr'>et</span> <span class='ocrx_word' id='word_1_136' title='bbox 3119 1175 3361 1248; x_wconf 87' lang='lat' dir='ltr'>Spiritus</span> <span class='ocrx_word' id='word_1_137' title='bbox 3381 1194 3507 1234; x_wconf 86' lang='lat' dir='ltr'>san-</span> 
     </span>
    </p>
   </div>
   <div class='ocr_carea' id='block_1_28' title="bbox 1871 1265 3504 1336">
    <p class='ocr_par' dir='ltr' id='par_1_28' title="bbox 1871 1265 3504 1336">
     <span class='ocr_line' id='line_1_28' title="bbox 1871 1265 3504 1336; baseline 0.005 -17"><span class='ocrx_word' id='word_1_138' title='bbox 1871 1265 1965 1334; x_wconf 89' lang='lat' dir='ltr'>cti,</span> <span class='ocrx_word' id='word_1_139' title='bbox 1997 1268 2060 1320; x_wconf 90' lang='lat' dir='ltr'>ut</span> <span class='ocrx_word' id='word_1_140' title='bbox 2080 1265 2154 1320; x_wconf 90' lang='lat' dir='ltr'>sis</span> <span class='ocrx_word' id='word_1_141' title='bbox 2180 1265 2536 1321; x_wconf 89' lang='lat' dir='ltr'>Christianus</span> <span class='ocrx_word' id='word_1_142' title='bbox 2570 1283 2583 1321; x_wconf 93' lang='lat'>:</span> <span class='ocrx_word' id='word_1_143' title='bbox 2615 1269 2829 1336; x_wconf 92' lang='lat' dir='ltr'>oculos,</span> <span class='ocrx_word' id='word_1_144' title='bbox 2866 1272 2928 1323; x_wconf 88' lang='lat' dir='ltr'>ut</span> <span class='ocrx_word' id='word_1_145' title='bbox 2955 1269 3151 1324; x_wconf 86' lang='lat' dir='ltr'>videas</span> <span class='ocrx_word' id='word_1_146' title='bbox 3182 1271 3504 1326; x_wconf 86' lang='lat' dir='ltr'>claritatem</span> 
     </span>
    </p>
   </div>
   <div class='ocr_carea' id='block_1_29' title="bbox 1872 1359 3510 1432">
    <p class='ocr_par' dir='ltr' id='par_1_29' title="bbox 1872 1359 3510 1432">
     <span class='ocr_line' id='line_1_29' title="bbox 1872 1359 3510 1432; baseline 0.005 -19"><span class='ocrx_word' id='word_1_147' title='bbox 1872 1359 1972 1414; x_wconf 90' lang='lat' dir='ltr'>Dei</span> <span class='ocrx_word' id='word_1_148' title='bbox 1997 1377 2011 1426; x_wconf 91' lang='lat'>;</span> <span class='ocrx_word' id='word_1_149' title='bbox 2043 1376 2230 1426; x_wconf 90' lang='lat' dir='ltr'>aures,</span> <span class='ocrx_word' id='word_1_150' title='bbox 2259 1363 2322 1413; x_wconf 87' lang='lat' dir='ltr'>ut</span> <span class='ocrx_word' id='word_1_151' title='bbox 2348 1359 2548 1415; x_wconf 90' lang='lat' dir='ltr'>audias</span> <span class='ocrx_word' id='word_1_152' title='bbox 2567 1377 2768 1415; x_wconf 88' lang='lat' dir='ltr'>vocem</span> <span class='ocrx_word' id='word_1_153' title='bbox 2786 1362 3014 1417; x_wconf 89' lang='lat' dir='ltr'>Domini</span> <span class='ocrx_word' id='word_1_154' title='bbox 3039 1381 3052 1429; x_wconf 93' lang='lat'>;</span> <span class='ocrx_word' id='word_1_155' title='bbox 3083 1381 3271 1432; x_wconf 90' lang='lat' dir='ltr'>nares,</span> <span class='ocrx_word' id='word_1_156' title='bbox 3295 1367 3358 1419; x_wconf 90' lang='lat' dir='ltr'>ut</span> <span class='ocrx_word' id='word_1_157' title='bbox 3373 1366 3510 1421; x_wconf 86' lang='lat' dir='ltr'>odo-</span> 
     </span>
    </p>
   </div>
   <div class='ocr_carea' id='block_1_30' title="bbox 1871 1453 3508 1524">
    <p class='ocr_par' dir='ltr' id='par_1_30' title="bbox 1871 1453 3508 1524">
     <span class='ocr_line' id='line_1_30' title="bbox 1871 1453 3508 1524; baseline 0.003 -16"><span class='ocrx_word' id='word_1_158' title='bbox 1871 1470 1963 1508; x_wconf 90' lang='lat' dir='ltr'>res</span> <span class='ocrx_word' id='word_1_159' title='bbox 2004 1453 2348 1508; x_wconf 84' lang='lat' dir='ltr'>suavitatem</span> <span class='ocrx_word' id='word_1_160' title='bbox 2384 1453 2630 1520; x_wconf 88' lang='lat' dir='ltr'>Christi;</span> <span class='ocrx_word' id='word_1_161' title='bbox 2673 1471 2980 1511; x_wconf 90' lang='lat' dir='ltr'>conversus</span> <span class='ocrx_word' id='word_1_162' title='bbox 3008 1468 3050 1524; x_wconf 80' lang='grc' dir='ltr'>ο,</span> <span class='ocrx_word' id='word_1_163' title='bbox 3087 1461 3150 1511; x_wconf 88' lang='lat' dir='ltr'>ut</span> <span class='ocrx_word' id='word_1_164' title='bbox 3181 1459 3508 1513; x_wconf 79' lang='lat' dir='ltr'>confitearis</span> 
     </span>
    </p>
   </div>
   <div class='ocr_carea' id='block_1_31' title="bbox 1871 1547 3511 1619">
    <p class='ocr_par' dir='ltr' id='par_1_31' title="bbox 1871 1547 3511 1619">
     <span class='ocr_line' id='line_1_31' title="bbox 1871 1547 3511 1619; baseline 0.002 -17"><span class='ocrx_word' id='word_1_165' title='bbox 1871 1549 2124 1613; x_wconf 91' lang='lat' dir='ltr'>Patrem,</span> <span class='ocrx_word' id='word_1_166' title='bbox 2174 1550 2232 1600; x_wconf 89' lang='lat' dir='ltr'>et</span> <span class='ocrx_word' id='word_1_167' title='bbox 2275 1547 2502 1615; x_wconf 89' lang='lat' dir='ltr'>Filium,</span> <span class='ocrx_word' id='word_1_168' title='bbox 2541 1550 2599 1604; x_wconf 92' lang='lat' dir='ltr'>et</span> <span class='ocrx_word' id='word_1_169' title='bbox 2638 1548 2916 1619; x_wconf 90' lang='lat' dir='ltr'>Spiritum</span> <span class='ocrx_word' id='word_1_170' title='bbox 2957 1551 3264 1618; x_wconf 86' lang='lat' dir='ltr'>Sanctum;</span> <span class='ocrx_word' id='word_1_171' title='bbox 3293 1566 3409 1618; x_wconf 89' lang='lat' dir='ltr'>cor,</span> <span class='ocrx_word' id='word_1_172' title='bbox 3447 1554 3511 1606; x_wconf 87' lang='lat' dir='ltr'>ut</span> 
     </span>
    </p>
   </div>
   <div class='ocr_carea' id='block_1_32' title="bbox 1874 1640 3510 1712">
    <p class='ocr_par' dir='ltr' id='par_1_32' title="bbox 1874 1640 3510 1712">
     <span class='ocr_line' id='line_1_32' title="bbox 1874 1640 3510 1712; baseline 0.003 -19"><span class='ocrx_word' id='word_1_173' title='bbox 1874 1640 2075 1694; x_wconf 88' lang='lat' dir='ltr'>credas</span> <span class='ocrx_word' id='word_1_174' title='bbox 2115 1640 2454 1695; x_wconf 76' lang='lat' dir='ltr'>Trinitatem</span> <span class='ocrx_word' id='word_1_175' title='bbox 2501 1640 2971 1712; x_wconf 89' lang='lat' dir='ltr'>inseparabilem.</span> <span class='ocrx_word' id='word_1_176' title='bbox 3019 1645 3132 1698; x_wconf 84' lang='lat' dir='ltr'>Pax</span> <span class='ocrx_word' id='word_1_177' title='bbox 3159 1645 3372 1699; x_wconf 90' lang='lat' dir='ltr'>tecum.</span> <span class='ocrx_word' id='word_1_178' title='bbox 3400 1645 3510 1698; x_wconf 88' lang='lat' dir='ltr'>Per</span> 
     </span>
    </p>
   </div>
   <div class='ocr_carea' id='block_1_33' title="bbox 1871 1733 3508 1809">
    <p class='ocr_par' dir='ltr' id='par_1_33' title="bbox 1871 1733 3508 1809">
     <span class='ocr_line' id='line_1_33' title="bbox 1871 1733 3508 1809; baseline 0.003 -21"><span class='ocrx_word' id='word_1_179' title='bbox 1871 1736 2066 1788; x_wconf 86' lang='lat' dir='ltr'>Iesum</span> <span class='ocrx_word' id='word_1_180' title='bbox 2094 1733 2384 1789; x_wconf 88' lang='lat' dir='ltr'>Christum</span> <span class='ocrx_word' id='word_1_181' title='bbox 2415 1733 2729 1790; x_wconf 90' lang='lat' dir='ltr'>Dominum</span> <span class='ocrx_word' id='word_1_182' title='bbox 2760 1740 3022 1792; x_wconf 90' lang='lat' dir='ltr'>nostrum</span> <span class='ocrx_word' id='word_1_183' title='bbox 3061 1737 3160 1809; x_wconf 90' lang='lat' dir='ltr'>qui</span> <span class='ocrx_word' id='word_1_184' title='bbox 3186 1754 3317 1792; x_wconf 88' lang='lat' dir='ltr'>cum</span> <span class='ocrx_word' id='word_1_185' title='bbox 3343 1739 3508 1793; x_wconf 85' lang='lat' dir='ltr'>Patre</span> 
     </span>
    </p>
   </div>
   <div class='ocr_carea' id='block_1_34' title="bbox 218 1795 2530 1898">
    <p class='ocr_par' dir='ltr' id='par_1_34' title="bbox 218 1795 2530 1898">
     <span class='ocr_line' id='line_1_34' title="bbox 218 1795 2530 1898; baseline 0 -48"><span class='ocrx_word' id='word_1_186' title='bbox 218 1795 400 1850; x_wconf 88' lang='lat' dir='ltr'>Carnis</span> <span class='ocrx_word' id='word_1_187' title='bbox 437 1795 748 1866; x_wconf 88' lang='lat' dir='ltr'>spirituum</span> <span class='ocrx_word' id='word_1_188' title='bbox 779 1796 956 1850; x_wconf 88' lang='lat' dir='ltr'>totius</span> <span class='ocrx_word' id='word_1_189' title='bbox 986 1799 1160 1863; x_wconf 86' lang='lat' dir='ltr'>sator,</span> <span class='ocrx_word' id='word_1_190' title='bbox 1191 1797 1645 1866; x_wconf 88' lang='lat' dir='ltr'>cunctorumque</span> <span class='ocrx_word' id='word_1_191' title='bbox 1682 1811 1771 1849; x_wconf 90' lang='lat' dir='ltr'>re-</span> <span class='ocrx_word' id='word_1_192' title='bbox 1795 1822 1851 1894; x_wconf 84' lang='lat' dir='ltr'><strong>B</strong></span> <span class='ocrx_word' id='word_1_193' title='bbox 1877 1831 1935 1881; x_wconf 63' lang='lat' dir='ltr'><strong>et</strong></span> <span class='ocrx_word' id='word_1_194' title='bbox 1960 1827 2176 1898; x_wconf 63' lang='lat' dir='ltr'>Spiritu</span> <span class='ocrx_word' id='word_1_195' title='bbox 2197 1830 2394 1882; x_wconf 55' lang='lat' dir='ltr'>sancto</span> <span class='ocrx_word' id='word_1_196' title='bbox 2423 1828 2530 1883; x_wconf 46' lang='grc' dir='ltr'><strong>νίν.</strong></span> 
     </span>
    </p>
   </div>
   <div class='ocr_carea' id='block_1_35' title="bbox 162 1888 1772 1960">
    <p class='ocr_par' dir='ltr' id='par_1_35' title="bbox 162 1888 1772 1960">
     <span class='ocr_line' id='line_1_35' title="bbox 162 1888 1772 1960; baseline 0 -17"><span class='ocrx_word' id='word_1_197' title='bbox 162 1905 378 1960; x_wconf 82' lang='lat' dir='ltr'>gnarum</span> <span class='ocrx_word' id='word_1_198' title='bbox 415 1889 807 1944; x_wconf 89' lang='lat' dir='ltr'>mundialium</span> <span class='ocrx_word' id='word_1_199' title='bbox 854 1889 1131 1956; x_wconf 89' lang='lat' dir='ltr'>indultor,</span> <span class='ocrx_word' id='word_1_200' title='bbox 1173 1890 1247 1944; x_wconf 91' lang='lat' dir='ltr'>da</span> <span class='ocrx_word' id='word_1_201' title='bbox 1284 1904 1492 1960; x_wconf 89' lang='lat' dir='ltr'>regum</span> <span class='ocrx_word' id='word_1_202' title='bbox 1529 1888 1772 1944; x_wconf 89' lang='lat' dir='ltr'>culmini</span> 
     </span>
    </p>
   </div>
   <div class='ocr_carea' id='block_1_36' title="bbox 160 1981 1772 2054">
    <p class='ocr_par' dir='ltr' id='par_1_36' title="bbox 160 1981 1772 2054">
     <span class='ocr_line' id='line_1_36' title="bbox 160 1981 1772 2054; baseline 0 -18"><span class='ocrx_word' id='word_1_203' title='bbox 160 1983 423 2053; x_wconf 85' lang='lat' dir='ltr'>religionis</span> <span class='ocrx_word' id='word_1_204' title='bbox 467 1982 921 2054; x_wconf 88' lang='lat' dir='ltr'>prosperitatem</span> <span class='ocrx_word' id='word_1_205' title='bbox 965 1987 1022 2037; x_wconf 89' lang='lat' dir='ltr'>et</span> <span class='ocrx_word' id='word_1_206' title='bbox 1054 1983 1233 2054; x_wconf 91' lang='lat' dir='ltr'>pacis,</span> <span class='ocrx_word' id='word_1_207' title='bbox 1273 1985 1338 2037; x_wconf 88' lang='lat' dir='ltr'>ut</span> <span class='ocrx_word' id='word_1_208' title='bbox 1382 1981 1546 2036; x_wconf 91' lang='lat' dir='ltr'>nobis</span> <span class='ocrx_word' id='word_1_209' title='bbox 1589 1997 1772 2054; x_wconf 90' lang='lat' dir='ltr'>regno</span> 
     </span>
    </p>
   </div>
   <div class='ocr_carea' id='block_1_37' title="bbox 159 2073 1770 2148">
    <p class='ocr_par' dir='ltr' id='par_1_37' title="bbox 159 2073 1770 2148">
     <span class='ocr_line' id='line_1_37' title="bbox 159 2073 1770 2148; baseline 0.001 -20"><span class='ocrx_word' id='word_1_210' title='bbox 159 2078 240 2130; x_wconf 84' lang='lat' dir='ltr'>tuo</span> <span class='ocrx_word' id='word_1_211' title='bbox 264 2075 462 2130; x_wconf 62' lang='lat' dir='ltr'>crelesti</span> <span class='ocrx_word' id='word_1_212' title='bbox 489 2076 549 2130; x_wconf 93' lang='lat' dir='ltr'>in</span> <span class='ocrx_word' id='word_1_213' title='bbox 587 2076 756 2130; x_wconf 88' lang='lat' dir='ltr'>terris</span> <span class='ocrx_word' id='word_1_214' title='bbox 783 2076 970 2132; x_wconf 86' lang='lat' dir='ltr'>adhuc</span> <span class='ocrx_word' id='word_1_215' title='bbox 997 2075 1197 2148; x_wconf 88' lang='lat' dir='ltr'>positis</span> <span class='ocrx_word' id='word_1_216' title='bbox 1213 2073 1446 2130; x_wconf 89' lang='lat' dir='ltr'>liberius</span> <span class='ocrx_word' id='word_1_217' title='bbox 1475 2073 1645 2130; x_wconf 84' lang='lat' dir='ltr'>liceat</span> <span class='ocrx_word' id='word_1_218' title='bbox 1670 2075 1770 2130; x_wconf 88' lang='lat' dir='ltr'>de-</span> 
     </span>
    </p>
   </div>
   <div class='ocr_carea' id='block_1_38' title="bbox 161 2169 755 2240">
    <p class='ocr_par' dir='ltr' id='par_1_38' title="bbox 161 2169 755 2240">
     <span class='ocr_line' id='line_1_38' title="bbox 161 2169 755 2240; baseline 0.002 -17"><span class='ocrx_word' id='word_1_219' title='bbox 161 2169 358 2223; x_wconf 79' lang='lat' dir='ltr'>servire.</span> <span class='ocrx_word' id='word_1_220' title='bbox 389 2171 500 2223; x_wconf 89' lang='lat' dir='ltr'>Per</span> <span class='ocrx_word' id='word_1_221' title='bbox 527 2185 755 2240; x_wconf 90' lang='lat' dir='ltr'>resurg.</span> 
     </span>
    </p>
   </div>
   <div class='ocr_carea' id='block_1_39' title="bbox 437 2268 1459 2339">
    <p class='ocr_par' dir='ltr' id='par_1_39' title="bbox 437 2268 1459 2339">
     <span class='ocr_line' id='line_1_39' title="bbox 437 2268 1459 2339; baseline -0.002 -16"><span class='ocrx_word' id='word_1_222' title='bbox 437 2268 631 2323; x_wconf 85' lang='lat' dir='ltr'>Oratio</span> <span class='ocrx_word' id='word_1_223' title='bbox 653 2283 758 2339; x_wconf 83' lang='lat' dir='ltr'>pro</span> <span class='ocrx_word' id='word_1_224' title='bbox 787 2269 1068 2339; x_wconf 77' lang='lat' dir='ltr'>spiritibus</span> <span class='ocrx_word' id='word_1_225' title='bbox 1085 2269 1459 2339; x_wconf 82' lang='lat' dir='ltr'>pausantium.</span> 
     </span>
    </p>
   </div>
   <div class='ocr_carea' id='block_1_40' title="bbox 821 2355 1077 2407">
    <p class='ocr_par' dir='ltr' id='par_1_40' title="bbox 821 2355 1077 2407">
     <span class='ocr_line' id='line_1_40' title="bbox 821 2355 1077 2407; baseline -0.008 -1"><span class='ocrx_word' id='word_1_226' title='bbox 821 2355 1077 2407; x_wconf 65' lang='lat' dir='ltr'>Praefatio.</span> 
     </span>
    </p>
   </div>
   <div class='ocr_carea' id='block_1_41' title="bbox 217 2435 1776 2504">
    <p class='ocr_par' dir='ltr' id='par_1_41' title="bbox 217 2435 1776 2504">
     <span class='ocr_line' id='line_1_41' title="bbox 217 2435 1776 2504; baseline 0 -14"><span class='ocrx_word' id='word_1_227' title='bbox 217 2436 379 2492; x_wconf 89' lang='lat' dir='ltr'>Deum</span> <span class='ocrx_word' id='word_1_228' title='bbox 403 2437 672 2493; x_wconf 91' lang='lat' dir='ltr'>Iudicem</span> <span class='ocrx_word' id='word_1_229' title='bbox 704 2437 1112 2504; x_wconf 89' lang='lat' dir='ltr'>universitatis,</span> <span class='ocrx_word' id='word_1_230' title='bbox 1142 2439 1326 2492; x_wconf 92' lang='lat' dir='ltr'>Deum</span> <span class='ocrx_word' id='word_1_231' title='bbox 1349 2435 1688 2502; x_wconf 74' lang='lat' dir='ltr'>caelestium,</span> <span class='ocrx_word' id='word_1_232' title='bbox 1717 2439 1776 2490; x_wconf 90' lang='lat' dir='ltr'>et</span> 
     </span>
    </p>
   </div>
   <div class='ocr_carea' id='block_1_42' title="bbox 160 2531 1776 2599">
    <p class='ocr_par' dir='ltr' id='par_1_42' title="bbox 160 2531 1776 2599">
     <span class='ocr_line' id='line_1_42' title="bbox 160 2531 1776 2599; baseline 0.001 -16"><span class='ocrx_word' id='word_1_233' title='bbox 160 2532 510 2599; x_wconf 88' lang='lat' dir='ltr'>terrestrium,</span> <span class='ocrx_word' id='word_1_234' title='bbox 536 2535 599 2586; x_wconf 93' lang='lat' dir='ltr'>et</span> <span class='ocrx_word' id='word_1_235' title='bbox 619 2531 1005 2597; x_wconf 86' lang='lat' dir='ltr'>infernorum,</span> <span class='ocrx_word' id='word_1_236' title='bbox 1036 2532 1244 2585; x_wconf 88' lang='lat' dir='ltr'>fratres</span> <span class='ocrx_word' id='word_1_237' title='bbox 1275 2531 1650 2599; x_wconf 86' lang='lat' dir='ltr'>dilectissimi,</span> <span class='ocrx_word' id='word_1_238' title='bbox 1681 2531 1776 2585; x_wconf 91' lang='lat' dir='ltr'>de-</span> 
     </span>
    </p>
   </div>
   <div class='ocr_carea' id='block_1_43' title="bbox 162 2624 1776 2696">
    <p class='ocr_par' dir='ltr' id='par_1_43' title="bbox 162 2624 1776 2696">
     <span class='ocr_line' id='line_1_43' title="bbox 162 2624 1776 2696; baseline 0.001 -18"><span class='ocrx_word' id='word_1_239' title='bbox 162 2640 431 2694; x_wconf 87' lang='lat' dir='ltr'>precemur</span> <span class='ocrx_word' id='word_1_240' title='bbox 477 2642 587 2696; x_wconf 89' lang='lat' dir='ltr'>pro</span> <span class='ocrx_word' id='word_1_241' title='bbox 639 2624 931 2696; x_wconf 89' lang='lat' dir='ltr'>spiritibus</span> <span class='ocrx_word' id='word_1_242' title='bbox 969 2641 1236 2680; x_wconf 91' lang='lat' dir='ltr'>carorum</span> <span class='ocrx_word' id='word_1_243' title='bbox 1292 2629 1621 2680; x_wconf 89' lang='lat' dir='ltr'>nostrorum</span> <span class='ocrx_word' id='word_1_244' title='bbox 1677 2624 1776 2695; x_wconf 88' lang='lat' dir='ltr'>qui</span> 
     </span>
    </p>
   </div>
   <div class='ocr_carea' id='block_1_44' title="bbox 161 2710 1776 2790">
    <p class='ocr_par' dir='ltr' id='par_1_44' title="bbox 161 2710 1776 2790">
     <span class='ocr_line' id='line_1_44' title="bbox 161 2710 1776 2790; baseline 0.001 -19"><span class='ocrx_word' id='word_1_245' title='bbox 161 2718 307 2772; x_wconf 89' lang='lat' dir='ltr'>nosin</span> <span class='ocrx_word' id='word_1_246' title='bbox 331 2718 627 2774; x_wconf 90' lang='lat' dir='ltr'>dominica</span> <span class='ocrx_word' id='word_1_247' title='bbox 654 2736 794 2790; x_wconf 88' lang='lat' dir='ltr'>pace</span> <span class='ocrx_word' id='word_1_248' title='bbox 816 2722 1254 2790; x_wconf 61' lang='lat' dir='ltr'>praecesserunt,</span> <span class='ocrx_word' id='word_1_249' title='bbox 1279 2722 1341 2772; x_wconf 92' lang='lat' dir='ltr'>ut</span> <span class='ocrx_word' id='word_1_250' title='bbox 1366 2735 1466 2774; x_wconf 91' lang='lat' dir='ltr'>eos</span> <span class='ocrx_word' id='word_1_251' title='bbox 1495 2710 1776 2774; x_wconf 82' lang='lat' dir='ltr'>Dominus</span> 
     </span>
    </p>
   </div>
   <div class='ocr_carea' id='block_1_45' title="bbox 161 2810 1773 2883">
    <p class='ocr_par' dir='ltr' id='par_1_45' title="bbox 161 2810 1773 2883">
     <span class='ocr_line' id='line_1_45' title="bbox 161 2810 1773 2883; baseline 0.002 -19"><span class='ocrx_word' id='word_1_252' title='bbox 161 2810 207 2865; x_wconf 87' lang='lat' dir='ltr'>in</span> <span class='ocrx_word' id='word_1_253' title='bbox 233 2812 479 2882; x_wconf 88' lang='lat' dir='ltr'>requiem</span> <span class='ocrx_word' id='word_1_254' title='bbox 513 2813 760 2868; x_wconf 90' lang='lat' dir='ltr'>collocet</span> <span class='ocrx_word' id='word_1_255' title='bbox 786 2816 844 2868; x_wconf 90' lang='lat' dir='ltr'>et</span> <span class='ocrx_word' id='word_1_256' title='bbox 876 2811 935 2866; x_wconf 90' lang='lat' dir='ltr'>in</span> <span class='ocrx_word' id='word_1_257' title='bbox 961 2816 1124 2883; x_wconf 86' lang='lat' dir='ltr'>parte</span> <span class='ocrx_word' id='word_1_258' title='bbox 1159 2811 1362 2883; x_wconf 60' lang='lat' dir='ltr'>primae</span> <span class='ocrx_word' id='word_1_259' title='bbox 1402 2811 1773 2869; x_wconf 88' lang='lat' dir='ltr'>resurrectio-</span> 
     </span>
    </p>
   </div>
   <div class='ocr_carea' id='block_1_46' title="bbox 164 2906 734 2961">
    <p class='ocr_par' dir='ltr' id='par_1_46' title="bbox 164 2906 734 2961">
     <span class='ocr_line' id='line_1_46' title="bbox 164 2906 734 2961; baseline 0.004 -3"><span class='ocrx_word' id='word_1_260' title='bbox 164 2906 233 2958; x_wconf 88' lang='lat' dir='ltr'>nis</span> <span class='ocrx_word' id='word_1_261' title='bbox 257 2907 569 2961; x_wconf 90' lang='lat' dir='ltr'>resuscitet.</span> <span class='ocrx_word' id='word_1_262' title='bbox 606 2907 734 2960; x_wconf 90' lang='lat' dir='ltr'>Per.</span> 
     </span>
    </p>
   </div>
   <div class='ocr_carea' id='block_1_47' title="bbox 311 2997 1183 3063">
    <p class='ocr_par' dir='ltr' id='par_1_47' title="bbox 311 2997 1183 3063">
     <span class='ocr_line' id='line_1_47' title="bbox 311 2997 1183 3063; baseline 0.002 -17"><span class='ocrx_word' id='word_1_263' title='bbox 311 3044 324 3052; x_wconf 28' lang='grc' dir='ltr'><strong>κ</strong></span> <span class='ocrx_word' id='word_1_264' title='bbox 728 2999 902 3048; x_wconf 87' lang='lat' dir='ltr'>Oratio</span> <span class='ocrx_word' id='word_1_265' title='bbox 931 2997 1183 3063; x_wconf 87' lang='lat' dir='ltr'>sequitur.</span> 
     </span>
    </p>
   </div>
   <div class='ocr_carea' id='block_1_48' title="bbox 216 3070 1772 3148">
    <p class='ocr_par' dir='ltr' id='par_1_48' title="bbox 216 3070 1772 3148">
     <span class='ocr_line' id='line_1_48' title="bbox 216 3070 1772 3148; baseline 0.001 -16"><span class='ocrx_word' id='word_1_266' title='bbox 216 3081 332 3135; x_wconf 86' lang='lat' dir='ltr'>Iesu</span> <span class='ocrx_word' id='word_1_267' title='bbox 359 3079 604 3148; x_wconf 85' lang='lat' dir='ltr'>Christe,</span> <span class='ocrx_word' id='word_1_268' title='bbox 627 3079 745 3134; x_wconf 86' lang='lat' dir='ltr'>vita</span> <span class='ocrx_word' id='word_1_269' title='bbox 773 3081 831 3133; x_wconf 90' lang='lat' dir='ltr'>et</span> <span class='ocrx_word' id='word_1_270' title='bbox 849 3079 1194 3134; x_wconf 89' lang='lat' dir='ltr'>resurrectio</span> <span class='ocrx_word' id='word_1_271' title='bbox 1217 3080 1433 3148; x_wconf 90' lang='lat' dir='ltr'>nostra,</span> <span class='ocrx_word' id='word_1_272' title='bbox 1458 3079 1612 3134; x_wconf 89' lang='lat' dir='ltr'>dona</span> <span class='ocrx_word' id='word_1_273' title='bbox 1638 3070 1772 3135; x_wconf 89' lang='lat' dir='ltr'>con-</span> 
     </span>
    </p>
   </div>
   <div class='ocr_carea' id='block_1_49' title="bbox 161 3172 1772 3245">
    <p class='ocr_par' dir='ltr' id='par_1_49' title="bbox 161 3172 1772 3245">
     <span class='ocr_line' id='line_1_49' title="bbox 161 3172 1772 3245; baseline 0.002 -20"><span class='ocrx_word' id='word_1_274' title='bbox 161 3173 521 3228; x_wconf 84' lang='lat' dir='ltr'>sacerdotibus</span> <span class='ocrx_word' id='word_1_275' title='bbox 549 3177 612 3228; x_wconf 88' lang='lat' dir='ltr'>et</span> <span class='ocrx_word' id='word_1_276' title='bbox 638 3173 782 3229; x_wconf 89' lang='lat' dir='ltr'>caris</span> <span class='ocrx_word' id='word_1_277' title='bbox 809 3172 1018 3229; x_wconf 88' lang='lat' dir='ltr'>nostris</span> <span class='ocrx_word' id='word_1_278' title='bbox 1044 3172 1144 3244; x_wconf 91' lang='lat' dir='ltr'>qui</span> <span class='ocrx_word' id='word_1_279' title='bbox 1169 3172 1228 3227; x_wconf 92' lang='lat' dir='ltr'>in</span> <span class='ocrx_word' id='word_1_280' title='bbox 1259 3176 1361 3228; x_wconf 89' lang='lat' dir='ltr'>tua</span> <span class='ocrx_word' id='word_1_281' title='bbox 1386 3189 1527 3244; x_wconf 89' lang='lat' dir='ltr'>pace</span> <span class='ocrx_word' id='word_1_282' title='bbox 1545 3173 1772 3245; x_wconf 82' lang='lat' dir='ltr'>requie-</span> 
     </span>
    </p>
   </div>
   <div class='ocr_carea' id='block_1_50' title="bbox 162 3266 1776 3339">
    <p class='ocr_par' dir='ltr' id='par_1_50' title="bbox 162 3266 1776 3339">
     <span class='ocr_line' id='line_1_50' title="bbox 162 3266 1776 3339; baseline 0.003 -22"><span class='ocrx_word' id='word_1_283' title='bbox 162 3271 354 3333; x_wconf 81' lang='lat' dir='ltr'>verunt,</span> <span class='ocrx_word' id='word_1_284' title='bbox 388 3270 676 3339; x_wconf 54' lang='lat' dir='ltr'>exoptata</span> <span class='ocrx_word' id='word_1_285' title='bbox 709 3266 1031 3322; x_wconf 89' lang='lat' dir='ltr'>mansionis</span> <span class='ocrx_word' id='word_1_286' title='bbox 1069 3266 1460 3338; x_wconf 81' lang='lat' dir='ltr'>refrigerium,</span> <span class='ocrx_word' id='word_1_287' title='bbox 1506 3270 1563 3320; x_wconf 90' lang='lat' dir='ltr'>et</span> <span class='ocrx_word' id='word_1_288' title='bbox 1603 3267 1646 3321; x_wconf 89' lang='lat' dir='ltr'>si</span> <span class='ocrx_word' id='word_1_289' title='bbox 1675 3267 1776 3338; x_wconf 89' lang='lat' dir='ltr'>qui</span> 
     </span>
    </p>
   </div>
   <div class='ocr_carea' id='block_1_51' title="bbox 162 3359 1772 3430">
    <p class='ocr_par' dir='ltr' id='par_1_51' title="bbox 162 3359 1772 3430">
     <span class='ocr_line' id='line_1_51' title="bbox 162 3359 1772 3430; baseline 0.001 -18"><span class='ocrx_word' id='word_1_290' title='bbox 162 3375 214 3412; x_wconf 84' lang='lat' dir='ltr'>ex</span> <span class='ocrx_word' id='word_1_291' title='bbox 231 3359 328 3426; x_wconf 88' lang='lat' dir='ltr'>his,</span> <span class='ocrx_word' id='word_1_292' title='bbox 353 3361 693 3416; x_wconf 61' lang='lat' dir='ltr'>damonum</span> <span class='ocrx_word' id='word_1_293' title='bbox 723 3361 926 3416; x_wconf 83' lang='lat' dir='ltr'>fraude</span> <span class='ocrx_word' id='word_1_294' title='bbox 950 3359 1198 3430; x_wconf 89' lang='lat' dir='ltr'>decepti,</span> <span class='ocrx_word' id='word_1_295' title='bbox 1237 3376 1502 3415; x_wconf 88' lang='lat' dir='ltr'>errorum</span> <span class='ocrx_word' id='word_1_296' title='bbox 1533 3377 1592 3414; x_wconf 91' lang='lat' dir='ltr'>se</span> <span class='ocrx_word' id='word_1_297' title='bbox 1623 3361 1772 3414; x_wconf 93' lang='lat' dir='ltr'>mul-</span> 
     </span>
    </p>
   </div>
   <div class='ocr_carea' id='block_1_52' title="bbox 161 3452 1776 3526">
    <p class='ocr_par' dir='ltr' id='par_1_52' title="bbox 161 3452 1776 3526">
     <span class='ocr_line' id='line_1_52' title="bbox 161 3452 1776 3526; baseline 0.002 -22"><span class='ocrx_word' id='word_1_298' title='bbox 161 3452 218 3505; x_wconf 86' lang='lat' dir='ltr'>tis</span> <span class='ocrx_word' id='word_1_299' title='bbox 239 3454 464 3508; x_wconf 89' lang='lat' dir='ltr'>maculis</span> <span class='ocrx_word' id='word_1_300' title='bbox 489 3455 846 3526; x_wconf 85' lang='lat' dir='ltr'>polluerunt,</span> <span class='ocrx_word' id='word_1_301' title='bbox 881 3457 961 3522; x_wconf 91' lang='lat' dir='ltr'>tu,</span> <span class='ocrx_word' id='word_1_302' title='bbox 989 3454 1252 3521; x_wconf 90' lang='lat' dir='ltr'>Domine,</span> <span class='ocrx_word' id='word_1_303' title='bbox 1274 3453 1370 3524; x_wconf 90' lang='lat' dir='ltr'>qui</span> <span class='ocrx_word' id='word_1_304' title='bbox 1387 3454 1540 3508; x_wconf 90' lang='lat' dir='ltr'>solus</span> <span class='ocrx_word' id='word_1_305' title='bbox 1569 3456 1776 3524; x_wconf 89' lang='lat' dir='ltr'>potens</span> 
     </span>
    </p>
   </div>
   <div class='ocr_carea' id='block_1_53' title="bbox 163 3547 1776 3619">
    <p class='ocr_par' dir='ltr' id='par_1_53' title="bbox 163 3547 1776 3619">
     <span class='ocr_line' id='line_1_53' title="bbox 163 3547 1776 3619; baseline 0.002 -21"><span class='ocrx_word' id='word_1_306' title='bbox 163 3562 226 3611; x_wconf 87' lang='lat' dir='ltr'>es,</span> <span class='ocrx_word' id='word_1_307' title='bbox 264 3552 488 3618; x_wconf 88' lang='lat' dir='ltr'>peccata</span> <span class='ocrx_word' id='word_1_308' title='bbox 529 3564 738 3602; x_wconf 88' lang='lat' dir='ltr'>eorum</span> <span class='ocrx_word' id='word_1_309' title='bbox 789 3548 1062 3615; x_wconf 90' lang='lat' dir='ltr'>concede,</span> <span class='ocrx_word' id='word_1_310' title='bbox 1103 3550 1166 3601; x_wconf 88' lang='lat' dir='ltr'>ut</span> <span class='ocrx_word' id='word_1_311' title='bbox 1206 3564 1349 3619; x_wconf 87' lang='lat' dir='ltr'>quos</span> <span class='ocrx_word' id='word_1_312' title='bbox 1380 3547 1776 3603; x_wconf 87' lang='lat' dir='ltr'>damnationis</span> 
     </span>
    </p>
   </div>
   <div class='ocr_carea' id='block_1_54' title="bbox 160 3640 1778 3713">
    <p class='ocr_par' dir='ltr' id='par_1_54' title="bbox 160 3640 1778 3713">
     <span class='ocr_line' id='line_1_54' title="bbox 160 3640 1778 3713; baseline 0.003 -21"><span class='ocrx_word' id='word_1_313' title='bbox 160 3656 253 3694; x_wconf 62' lang='lat' dir='ltr'>sua</span> <span class='ocrx_word' id='word_1_314' title='bbox 271 3641 577 3713; x_wconf 88' lang='lat' dir='ltr'>participes</span> <span class='ocrx_word' id='word_1_315' title='bbox 593 3641 854 3696; x_wconf 88' lang='lat' dir='ltr'>diabolus</span> <span class='ocrx_word' id='word_1_316' title='bbox 876 3641 1233 3713; x_wconf 89' lang='lat' dir='ltr'>gloriabatur</span> <span class='ocrx_word' id='word_1_317' title='bbox 1253 3640 1489 3696; x_wconf 75' lang='lat' dir='ltr'>eﬂ‘ectos</span> <span class='ocrx_word' id='word_1_318' title='bbox 1505 3658 1648 3708; x_wconf 90' lang='lat' dir='ltr'>esse,</span> <span class='ocrx_word' id='word_1_319' title='bbox 1672 3658 1778 3713; x_wconf 89' lang='lat' dir='ltr'>per</span> 
     </span>
    </p>
   </div>
   <div class='ocr_carea' id='block_1_55' title="bbox 161 3732 1771 3807">
    <p class='ocr_par' dir='ltr' id='par_1_55' title="bbox 161 3732 1771 3807">
     <span class='ocr_line' id='line_1_55' title="bbox 161 3732 1771 3807; baseline 0.003 -21"><span class='ocrx_word' id='word_1_320' title='bbox 161 3732 589 3790; x_wconf 87' lang='lat' dir='ltr'>misericordiam</span> <span class='ocrx_word' id='word_1_321' title='bbox 627 3739 788 3790; x_wconf 90' lang='lat' dir='ltr'>tuam</span> <span class='ocrx_word' id='word_1_322' title='bbox 829 3735 1012 3790; x_wconf 91' lang='lat' dir='ltr'>socios</span> <span class='ocrx_word' id='word_1_323' title='bbox 1059 3737 1171 3790; x_wconf 86' lang='lat' dir='ltr'>tuae</span> <span class='ocrx_word' id='word_1_324' title='bbox 1199 3733 1576 3790; x_wconf 87' lang='lat' dir='ltr'>beatitudinis</span> <span class='ocrx_word' id='word_1_325' title='bbox 1607 3735 1771 3807; x_wconf 89' lang='lat' dir='ltr'>inge-</span> 
     </span>
    </p>
   </div>
   <div class='ocr_carea' id='block_1_56' title="bbox 165 3826 493 3884">
    <p class='ocr_par' dir='ltr' id='par_1_56' title="bbox 165 3826 493 3884">
     <span class='ocr_line' id='line_1_56' title="bbox 165 3826 493 3884; baseline 0.015 -5"><span class='ocrx_word' id='word_1_326' title='bbox 165 3826 356 3883; x_wconf 86' lang='lat' dir='ltr'>miscat.</span> <span class='ocrx_word' id='word_1_327' title='bbox 380 3827 493 3884; x_wconf 89' lang='lat' dir='ltr'>Sal.</span> 
     </span>
    </p>
   </div>
   <div class='ocr_carea' id='block_1_57' title="bbox 584 3901 1330 3971">
    <p class='ocr_par' dir='ltr' id='par_1_57' title="bbox 584 3901 1330 3971">
     <span class='ocr_line' id='line_1_57' title="bbox 584 3901 1330 3971; baseline -0.005 -14"><span class='ocrx_word' id='word_1_328' title='bbox 584 3901 768 3958; x_wconf 80' lang='lat' dir='ltr'>Oratio</span> <span class='ocrx_word' id='word_1_329' title='bbox 790 3915 894 3971; x_wconf 86' lang='lat' dir='ltr'>pro</span> <span class='ocrx_word' id='word_1_330' title='bbox 923 3901 1330 3956; x_wconf 84' lang='lat' dir='ltr'>catechumenis.</span> 
     </span>
    </p>
   </div>
   <div class='ocr_carea' id='block_1_58' title="bbox 828 3987 1083 4037">
    <p class='ocr_par' dir='ltr' id='par_1_58' title="bbox 828 3987 1083 4037">
     <span class='ocr_line' id='line_1_58' title="bbox 828 3987 1083 4037; baseline 0 -1"><span class='ocrx_word' id='word_1_331' title='bbox 828 3987 1083 4037; x_wconf 63' lang='lat' dir='ltr'>Praefatio.</span> 
     </span>
    </p>
   </div>
   <div class='ocr_carea' id='block_1_59' title="bbox 219 4067 1771 4142">
    <p class='ocr_par' dir='ltr' id='par_1_59' title="bbox 219 4067 1771 4142">
     <span class='ocr_line' id='line_1_59' title="bbox 219 4067 1771 4142; baseline 0.002 -22"><span class='ocrx_word' id='word_1_332' title='bbox 219 4068 434 4124; x_wconf 86' lang='lat' dir='ltr'>Precem</span> <span class='ocrx_word' id='word_1_333' title='bbox 459 4068 586 4142; x_wconf 91' lang='lat' dir='ltr'>spei</span> <span class='ocrx_word' id='word_1_334' title='bbox 611 4069 856 4123; x_wconf 87' lang='lat' dir='ltr'>fratrum</span> <span class='ocrx_word' id='word_1_335' title='bbox 886 4071 1240 4136; x_wconf 89' lang='lat' dir='ltr'>nostrorum,</span> <span class='ocrx_word' id='word_1_336' title='bbox 1266 4067 1571 4136; x_wconf 89' lang='lat' dir='ltr'>carissimi,</span> <span class='ocrx_word' id='word_1_337' title='bbox 1608 4067 1771 4123; x_wconf 91' lang='lat' dir='ltr'>unia-</span> 
     </span>
    </p>
   </div>
   <div class='ocr_carea' id='block_1_60' title="bbox 164 4158 1778 4234">
    <p class='ocr_par' dir='ltr' id='par_1_60' title="bbox 164 4158 1778 4234">
     <span class='ocr_line' id='line_1_60' title="bbox 164 4158 1778 4234; baseline 0.004 -23"><span class='ocrx_word' id='word_1_338' title='bbox 164 4158 323 4215; x_wconf 89' lang='lat' dir='ltr'>nimes</span> <span class='ocrx_word' id='word_1_339' title='bbox 347 4163 708 4234; x_wconf 90' lang='lat' dir='ltr'>adjuvemus,</span> <span class='ocrx_word' id='word_1_340' title='bbox 738 4162 820 4216; x_wconf 89' lang='lat' dir='ltr'>uti</span> <span class='ocrx_word' id='word_1_341' title='bbox 842 4161 1122 4217; x_wconf 89' lang='lat' dir='ltr'>Dominus</span> <span class='ocrx_word' id='word_1_342' title='bbox 1148 4162 1520 4233; x_wconf 90' lang='lat' dir='ltr'>omnipotens</span> <span class='ocrx_word' id='word_1_343' title='bbox 1550 4162 1622 4216; x_wconf 90' lang='lat' dir='ltr'>ad</span> <span class='ocrx_word' id='word_1_344' title='bbox 1652 4163 1778 4217; x_wconf 90' lang='lat' dir='ltr'>fon-</span> 
     </span>
    </p>
   </div>
   <div class='ocr_carea' id='block_1_61' title="bbox 166 4256 1776 4328">
    <p class='ocr_par' dir='ltr' id='par_1_61' title="bbox 166 4256 1776 4328">
     <span class='ocr_line' id='line_1_61' title="bbox 166 4256 1776 4328; baseline 0.004 -24"><span class='ocrx_word' id='word_1_345' title='bbox 166 4256 263 4307; x_wconf 85' lang='lat' dir='ltr'>tem</span> <span class='ocrx_word' id='word_1_346' title='bbox 302 4273 394 4311; x_wconf 90' lang='lat' dir='ltr'>eos</span> <span class='ocrx_word' id='word_1_347' title='bbox 435 4257 628 4312; x_wconf 79' lang='lat' dir='ltr'>beatae</span> <span class='ocrx_word' id='word_1_348' title='bbox 675 4256 1134 4328; x_wconf 90' lang='lat' dir='ltr'>regenerationis</span> <span class='ocrx_word' id='word_1_349' title='bbox 1165 4273 1280 4310; x_wconf 62' lang='lat' dir='ltr'>suae</span> <span class='ocrx_word' id='word_1_350' title='bbox 1321 4259 1541 4323; x_wconf 89' lang='lat' dir='ltr'>euntes,</span> <span class='ocrx_word' id='word_1_351' title='bbox 1572 4273 1776 4312; x_wconf 88' lang='lat' dir='ltr'>omnes</span> 
     </span>
    </p>
   </div>
   <div class='ocr_carea' id='block_1_62' title="bbox 169 4346 1619 4421">
    <p class='ocr_par' dir='ltr' id='par_1_62' title="bbox 169 4346 1619 4421">
     <span class='ocr_line' id='line_1_62' title="bbox 169 4346 1619 4421; baseline 0.003 -22"><span class='ocrx_word' id='word_1_352' title='bbox 169 4346 543 4404; x_wconf 62' lang='lat' dir='ltr'>misericordia:</span> <span class='ocrx_word' id='word_1_353' title='bbox 569 4367 686 4404; x_wconf 68' lang='lat' dir='ltr'>suae</span> <span class='ocrx_word' id='word_1_354' title='bbox 713 4349 922 4404; x_wconf 84' lang='lat' dir='ltr'>auxilio</span> <span class='ocrx_word' id='word_1_355' title='bbox 953 4348 1195 4420; x_wconf 88' lang='lat' dir='ltr'>Spiritus</span> <span class='ocrx_word' id='word_1_356' title='bbox 1219 4352 1619 4421; x_wconf 87' lang='lat' dir='ltr'>prosequatur.</span> 
     </span>
    </p>
   </div>
   <div class='ocr_carea' id='block_1_63' title="bbox 691 4443 1221 4506">
    <p class='ocr_par' dir='ltr' id='par_1_63' title="bbox 691 4443 1221 4506">
     <span class='ocr_line' id='line_1_63' title="bbox 691 4443 1221 4506; baseline 0 -15"><span class='ocrx_word' id='word_1_357' title='bbox 691 4443 942 4492; x_wconf 87' lang='lat' dir='ltr'>Collectio</span> <span class='ocrx_word' id='word_1_358' title='bbox 971 4443 1221 4506; x_wconf 88' lang='lat' dir='ltr'>sequitur.</span> 
     </span>
    </p>
   </div>
   <div class='ocr_carea' id='block_1_64' title="bbox 222 4520 1774 4594">
    <p class='ocr_par' dir='ltr' id='par_1_64' title="bbox 222 4520 1774 4594">
     <span class='ocr_line' id='line_1_64' title="bbox 222 4520 1774 4594; baseline 0.003 -21"><span class='ocrx_word' id='word_1_359' title='bbox 222 4520 437 4578; x_wconf 88' lang='lat' dir='ltr'>Creator</span> <span class='ocrx_word' id='word_1_360' title='bbox 468 4523 738 4579; x_wconf 90' lang='lat' dir='ltr'>omnium</span> <span class='ocrx_word' id='word_1_361' title='bbox 770 4522 1036 4590; x_wconf 90' lang='lat' dir='ltr'>Domine,</span> <span class='ocrx_word' id='word_1_362' title='bbox 1065 4526 1123 4577; x_wconf 91' lang='lat' dir='ltr'>et</span> <span class='ocrx_word' id='word_1_363' title='bbox 1151 4523 1278 4578; x_wconf 92' lang='lat' dir='ltr'>fons</span> <span class='ocrx_word' id='word_1_364' title='bbox 1300 4540 1465 4594; x_wconf 58' lang='lat' dir='ltr'>aqua:</span> <span class='ocrx_word' id='word_1_365' title='bbox 1485 4523 1645 4591; x_wconf 75' lang='lat' dir='ltr'>vivze,</span> <span class='ocrx_word' id='word_1_366' title='bbox 1677 4522 1774 4594; x_wconf 88' lang='lat' dir='ltr'>qui</span> 
     </span>
    </p>
   </div>
   <div class='ocr_carea' id='block_1_65' title="bbox 166 4616 1772 4687">
    <p class='ocr_par' dir='ltr' id='par_1_65' title="bbox 166 4616 1772 4687">
     <span class='ocr_line' id='line_1_65' title="bbox 166 4616 1772 4687; baseline 0.002 -21"><span class='ocrx_word' id='word_1_367' title='bbox 166 4616 546 4682; x_wconf 89' lang='lat' dir='ltr'>perlavacrum</span> <span class='ocrx_word' id='word_1_368' title='bbox 573 4616 845 4687; x_wconf 89' lang='lat' dir='ltr'>baptismi</span> <span class='ocrx_word' id='word_1_369' title='bbox 873 4619 1109 4687; x_wconf 89' lang='lat' dir='ltr'>peccata</span> <span class='ocrx_word' id='word_1_370' title='bbox 1131 4633 1333 4671; x_wconf 89' lang='lat' dir='ltr'>eorum</span> <span class='ocrx_word' id='word_1_371' title='bbox 1364 4617 1540 4684; x_wconf 89' lang='lat' dir='ltr'>deles,</span> <span class='ocrx_word' id='word_1_372' title='bbox 1566 4616 1772 4687; x_wconf 90' lang='lat' dir='ltr'>quibus</span> 
     </span>
    </p>
   </div>
   <div class='ocr_carea' id='block_1_66' title="bbox 158 4704 1774 4781">
    <p class='ocr_par' dir='ltr' id='par_1_66' title="bbox 158 4704 1774 4781">
     <span class='ocr_line' id='line_1_66' title="bbox 158 4704 1774 4781; baseline 0.002 -21"><span class='ocrx_word' id='word_1_373' title='bbox 158 4704 262 4773; x_wconf 87' lang='lat' dir='ltr'>jam</span> <span class='ocrx_word' id='word_1_374' title='bbox 283 4708 500 4764; x_wconf 89' lang='lat' dir='ltr'>donasti</span> <span class='ocrx_word' id='word_1_375' title='bbox 536 4709 976 4764; x_wconf 88' lang='lat' dir='ltr'>resurrectionis</span> <span class='ocrx_word' id='word_1_376' title='bbox 1013 4709 1211 4777; x_wconf 86' lang='lat' dir='ltr'>fidem,</span> <span class='ocrx_word' id='word_1_377' title='bbox 1237 4713 1299 4764; x_wconf 91' lang='lat' dir='ltr'>ut</span> <span class='ocrx_word' id='word_1_378' title='bbox 1327 4713 1578 4764; x_wconf 86' lang='lat' dir='ltr'>mortem</span> <span class='ocrx_word' id='word_1_379' title='bbox 1605 4710 1774 4781; x_wconf 87' lang='lat' dir='ltr'>hujus</span> 
     </span>
    </p>
   </div>
   <div class='ocr_carea' id='block_1_67' title="bbox 165 4802 1770 4874">
    <p class='ocr_par' dir='ltr' id='par_1_67' title="bbox 165 4802 1770 4874">
     <span class='ocr_line' id='line_1_67' title="bbox 165 4802 1770 4874; baseline 0.004 -22"><span class='ocrx_word' id='word_1_380' title='bbox 165 4802 325 4856; x_wconf 60' lang='lat' dir='ltr'>saeculi</span> <span class='ocrx_word' id='word_1_381' title='bbox 353 4820 467 4858; x_wconf 91' lang='lat' dir='ltr'>non</span> <span class='ocrx_word' id='word_1_382' title='bbox 485 4804 756 4870; x_wconf 90' lang='lat' dir='ltr'>timeant,</span> <span class='ocrx_word' id='word_1_383' title='bbox 785 4805 945 4874; x_wconf 90' lang='lat' dir='ltr'>reple</span> <span class='ocrx_word' id='word_1_384' title='bbox 974 4821 1074 4858; x_wconf 90' lang='lat' dir='ltr'>eos</span> <span class='ocrx_word' id='word_1_385' title='bbox 1095 4803 1307 4874; x_wconf 89' lang='lat' dir='ltr'>Spiritu</span> <span class='ocrx_word' id='word_1_386' title='bbox 1336 4807 1554 4872; x_wconf 91' lang='lat' dir='ltr'>sancto,</span> <span class='ocrx_word' id='word_1_387' title='bbox 1575 4807 1638 4859; x_wconf 92' lang='lat' dir='ltr'>ut</span> <span class='ocrx_word' id='word_1_388' title='bbox 1656 4805 1770 4859; x_wconf 90' lang='lat' dir='ltr'>for-</span> 
     </span>
    </p>
   </div>
   <div class='ocr_carea' id='block_1_68' title="bbox 167 4895 1666 4967">
    <p class='ocr_par' dir='ltr' id='par_1_68' title="bbox 167 4895 1666 4967">
     <span class='ocr_line' id='line_1_68' title="bbox 167 4895 1666 4967; baseline 0.005 -22"><span class='ocrx_word' id='word_1_389' title='bbox 167 4896 291 4948; x_wconf 79' lang='lat' dir='ltr'>mari</span> <span class='ocrx_word' id='word_1_390' title='bbox 317 4895 373 4949; x_wconf 91' lang='lat' dir='ltr'>in</span> <span class='ocrx_word' id='word_1_391' title='bbox 395 4897 505 4951; x_wconf 88' lang='lat' dir='ltr'>illis</span> <span class='ocrx_word' id='word_1_392' title='bbox 533 4898 825 4952; x_wconf 88' lang='lat' dir='ltr'>Christum</span> <span class='ocrx_word' id='word_1_393' title='bbox 858 4914 923 4951; x_wconf 93' lang='lat' dir='ltr'>ac</span> <span class='ocrx_word' id='word_1_394' title='bbox 948 4897 1138 4951; x_wconf 85' lang='lat' dir='ltr'>vivere</span> <span class='ocrx_word' id='word_1_395' title='bbox 1171 4897 1507 4967; x_wconf 88' lang='lat' dir='ltr'>glorientur.</span> <span class='ocrx_word' id='word_1_396' title='bbox 1539 4900 1666 4953; x_wconf 88' lang='lat' dir='ltr'>Per.</span> 
     </span>
    </p>
   </div>
   <div class='ocr_carea' id='block_1_69' title="bbox 401 4995 1495 5053">
    <p class='ocr_par' dir='ltr' id='par_1_69' title="bbox 401 4995 1495 5053">
     <span class='ocr_line' id='line_1_69' title="bbox 401 4995 1495 5053; baseline 0.003 -4"><span class='ocrx_word' id='word_1_397' title='bbox 401 4995 613 5049; x_wconf 78' lang='lat' dir='ltr'>XXXIV.</span> <span class='ocrx_word' id='word_1_398' title='bbox 657 5011 725 5050; x_wconf 76' lang='lat' dir='ltr'>AD</span> <span class='ocrx_word' id='word_1_399' title='bbox 767 5010 1131 5051; x_wconf 68' lang='lat' dir='ltr'>cumsrumm</span> <span class='ocrx_word' id='word_1_400' title='bbox 1169 5011 1495 5053; x_wconf 71' lang='lat' dir='ltr'>FACIENDUM.</span> 
     </span>
    </p>
   </div>
   <div class='ocr_carea' id='block_1_70' title="bbox 226 5083 1778 5161">
    <p class='ocr_par' dir='ltr' id='par_1_70' title="bbox 226 5083 1778 5161">
     <span class='ocr_line' id='line_1_70' title="bbox 226 5083 1778 5161; baseline 0.001 -17"><span class='ocrx_word' id='word_1_401' title='bbox 226 5083 399 5159; x_wconf 82' lang='grc'>247</span> <span class='ocrx_word' id='word_1_402' title='bbox 417 5088 687 5154; x_wconf 90' lang='lat' dir='ltr'>Domine,</span> <span class='ocrx_word' id='word_1_403' title='bbox 703 5087 945 5159; x_wconf 87' lang='lat' dir='ltr'>dignare</span> <span class='ocrx_word' id='word_1_404' title='bbox 959 5088 1301 5144; x_wconf 89' lang='lat' dir='ltr'>benedicere</span> <span class='ocrx_word' id='word_1_405' title='bbox 1324 5090 1494 5161; x_wconf 83' lang='lat' dir='ltr'>hujus</span> <span class='ocrx_word' id='word_1_406' title='bbox 1517 5090 1778 5145; x_wconf 80' lang='lat' dir='ltr'>infantiae</span> 
     </span>
    </p>
   </div>
   <div class='ocr_carea' id='block_1_71' title="bbox 167 5177 1775 5256">
    <p class='ocr_par' dir='ltr' id='par_1_71' title="bbox 167 5177 1775 5256">
     <span class='ocr_line' id='line_1_71' title="bbox 167 5177 1775 5256; baseline 0.007 -28"><span class='ocrx_word' id='word_1_407' title='bbox 167 5177 358 5235; x_wconf 83' lang='lat' dir='ltr'>famulo</span> <span class='ocrx_word' id='word_1_408' title='bbox 374 5185 470 5237; x_wconf 89' lang='lat' dir='ltr'>tuo</span> <span class='ocrx_word' id='word_1_409' title='bbox 500 5182 580 5236; x_wconf 91' lang='lat' dir='ltr'>ill.</span> <span class='ocrx_word' id='word_1_410' title='bbox 599 5181 624 5211; x_wconf 79' lang='grc'>⁸</span> <span class='ocrx_word' id='word_1_411' title='bbox 645 5182 923 5252; x_wconf 88' lang='lat' dir='ltr'>quoniam</span> <span class='ocrx_word' id='word_1_412' title='bbox 950 5199 1058 5238; x_wconf 89' lang='lat' dir='ltr'>nec</span> <span class='ocrx_word' id='word_1_413' title='bbox 1089 5183 1417 5238; x_wconf 89' lang='lat' dir='ltr'>conditione</span> <span class='ocrx_word' id='word_1_414' title='bbox 1447 5185 1775 5256; x_wconf 89' lang='lat' dir='ltr'>quisquam,</span> 
     </span>
    </p>
   </div>
   <div class='ocr_carea' id='block_1_72' title="bbox 171 5275 1777 5346">
    <p class='ocr_par' dir='ltr' id='par_1_72' title="bbox 171 5275 1777 5346">
     <span class='ocr_line' id='line_1_72' title="bbox 171 5275 1777 5346; baseline 0.006 -23"><span class='ocrx_word' id='word_1_415' title='bbox 171 5286 255 5324; x_wconf 89' lang='lat' dir='ltr'>nec</span> <span class='ocrx_word' id='word_1_416' title='bbox 281 5277 442 5328; x_wconf 64' lang='lat' dir='ltr'>aetate</span> <span class='ocrx_word' id='word_1_417' title='bbox 485 5275 813 5346; x_wconf 88' lang='lat' dir='ltr'>depellitur,</span> <span class='ocrx_word' id='word_1_418' title='bbox 850 5276 1080 5330; x_wconf 86' lang='lat' dir='ltr'>dicente</span> <span class='ocrx_word' id='word_1_419' title='bbox 1113 5276 1486 5332; x_wconf 90' lang='lat' dir='ltr'>dilectissimo</span> <span class='ocrx_word' id='word_1_420' title='bbox 1511 5278 1649 5332; x_wconf 87' lang='lat' dir='ltr'>Filio</span> <span class='ocrx_word' id='word_1_421' title='bbox 1678 5281 1777 5332; x_wconf 87' lang='lat' dir='ltr'>tuo</span> 
     </span>
    </p>
   </div>
   <div class='ocr_carea' id='block_1_73' title="bbox 172 5362 1780 5440">
    <p class='ocr_par' dir='ltr' id='par_1_73' title="bbox 172 5362 1780 5440">
     <span class='ocr_line' id='line_1_73' title="bbox 172 5362 1780 5440; baseline 0.004 -23"><span class='ocrx_word' id='word_1_422' title='bbox 172 5362 390 5422; x_wconf 89' lang='lat' dir='ltr'>Domino</span> <span class='ocrx_word' id='word_1_423' title='bbox 413 5372 610 5424; x_wconf 85' lang='lat' dir='ltr'>nostro</span> <span class='ocrx_word' id='word_1_424' title='bbox 636 5386 648 5423; x_wconf 74' lang='grc' dir='ltr'>ε</span> <span class='ocrx_word' id='word_1_425' title='bbox 681 5369 866 5424; x_wconf 86' lang='lat' dir='ltr'>Nolite</span> <span class='ocrx_word' id='word_1_426' title='bbox 888 5370 1197 5440; x_wconf 90' lang='lat' dir='ltr'>prohibere</span> <span class='ocrx_word' id='word_1_427' title='bbox 1219 5371 1470 5426; x_wconf 88' lang='lat' dir='ltr'>infantes</span> <span class='ocrx_word' id='word_1_428' title='bbox 1490 5371 1683 5425; x_wconf 85' lang='lat' dir='ltr'>venire</span> <span class='ocrx_word' id='word_1_429' title='bbox 1706 5371 1780 5426; x_wconf 91' lang='lat' dir='ltr'>ad</span> 
     </span>
    </p>
   </div>
   <div class='ocr_carea' id='block_1_74' title="bbox 176 5461 1780 5535">
    <p class='ocr_par' dir='ltr' id='par_1_74' title="bbox 176 5461 1780 5535">
     <span class='ocr_line' id='line_1_74' title="bbox 176 5461 1780 5535; baseline 0.004 -23"><span class='ocrx_word' id='word_1_430' title='bbox 176 5474 268 5512; x_wconf 89' lang='lat' dir='ltr'>me.</span> <span class='ocrx_word' id='word_1_431' title='bbox 292 5461 352 5515; x_wconf 87' lang='lat' dir='ltr'>Hi</span> <span class='ocrx_word' id='word_1_432' title='bbox 371 5463 546 5532; x_wconf 91' lang='lat' dir='ltr'>enim,</span> <span class='ocrx_word' id='word_1_433' title='bbox 569 5463 836 5528; x_wconf 89' lang='lat' dir='ltr'>Domine,</span> <span class='ocrx_word' id='word_1_434' title='bbox 860 5467 1173 5535; x_wconf 86' lang='lat' dir='ltr'>antequam</span> <span class='ocrx_word' id='word_1_435' title='bbox 1194 5464 1412 5519; x_wconf 90' lang='lat' dir='ltr'>bonum</span> <span class='ocrx_word' id='word_1_436' title='bbox 1432 5468 1531 5519; x_wconf 90' lang='lat' dir='ltr'>aut</span> <span class='ocrx_word' id='word_1_437' title='bbox 1558 5466 1780 5519; x_wconf 89' lang='lat' dir='ltr'>malum</span> 
     </span>
    </p>
   </div>
   <div class='ocr_carea' id='block_1_75' title="bbox 230 5585 1778 5671">
    <p class='ocr_par' dir='ltr' id='par_1_75' title="bbox 230 5585 1778 5671">
     <span class='ocr_line' id='line_1_75' title="bbox 230 5585 1778 5671; baseline 0.002 -30"><span class='ocrx_word' id='word_1_438' title='bbox 230 5585 402 5671; x_wconf 59' lang='lat' dir='ltr'>“Haec</span> <span class='ocrx_word' id='word_1_439' title='bbox 430 5593 566 5671; x_wconf 71' lang='lat' dir='ltr'>nota</span> <span class='ocrx_word' id='word_1_440' title='bbox 597 5592 682 5644; x_wconf 91' lang='lat' dir='ltr'>est</span> <span class='ocrx_word' id='word_1_441' title='bbox 703 5589 976 5671; x_wconf 63' lang='lat' dir='ltr'>nominis</span> <span class='ocrx_word' id='word_1_442' title='bbox 1012 5589 1247 5671; x_wconf 65' lang='lat' dir='ltr'>proprii,</span> <span class='ocrx_word' id='word_1_443' title='bbox 1284 5590 1438 5671; x_wconf 76' lang='lat' dir='ltr'>quo_d</span> <span class='ocrx_word' id='word_1_444' title='bbox 1475 5591 1533 5645; x_wconf 90' lang='lat' dir='ltr'>in</span> <span class='ocrx_word' id='word_1_445' title='bbox 1563 5591 1778 5671; x_wconf 76' lang='lat' dir='ltr'>baptis-</span> 
     </span>
    </p>
   </div>
   <div class='ocr_carea' id='block_1_76' title="bbox 177 5659 1782 5735">
    <p class='ocr_par' dir='ltr' id='par_1_76' title="bbox 177 5659 1782 5735">
     <span class='ocr_line' id='line_1_76' title="bbox 177 5659 1782 5735; baseline 0.004 -25"><span class='ocrx_word' id='word_1_446' title='bbox 177 5659 310 5735; x_wconf 50' lang='lat' dir='ltr'>mate</span> <span class='ocrx_word' id='word_1_447' title='bbox 338 5659 670 5731; x_wconf 88' lang='lat' dir='ltr'>impositum</span> <span class='ocrx_word' id='word_1_448' title='bbox 699 5659 1277 5735; x_wconf 27' lang='lat' dir='ltr'>fuisseAinte’lligimus</span> <span class='ocrx_word' id='word_1_449' title='bbox 1299 5659 1366 5715; x_wconf 81' lang='lat' dir='ltr'>ex</span> <span class='ocrx_word' id='word_1_450' title='bbox 1383 5659 1679 5735; x_wconf 73' lang='lat' dir='ltr'>Gregorio,</span> <span class='ocrx_word' id='word_1_451' title='bbox 1709 5662 1782 5717; x_wconf 90' lang='lat' dir='ltr'>de</span> 
     </span>
    </p>
   </div>
   <div class='ocr_carea' id='block_1_77' title="bbox 180 5726 1781 5814">
    <p class='ocr_par' dir='ltr' id='par_1_77' title="bbox 180 5726 1781 5814">
     <span class='ocr_line' id='line_1_77' title="bbox 180 5726 1781 5814; baseline 0.005 -35"><span class='ocrx_word' id='word_1_452' title='bbox 180 5726 294 5814; x_wconf 53' lang='lat' dir='ltr'>Vitis</span> <span class='ocrx_word' id='word_1_453' title='bbox 324 5726 547 5811; x_wconf 78' lang='lat' dir='ltr'>patrum</span> <span class='ocrx_word' id='word_1_454' title='bbox 567 5735 719 5814; x_wconf 33' lang='grc' dir='ltr'>*οε-8,.</span> <span class='ocrx_word' id='word_1_455' title='bbox 745 5732 839 5787; x_wconf 92' lang='lat' dir='ltr'>ubi</span> <span class='ocrx_word' id='word_1_456' title='bbox 876 5726 1124 5787; x_wconf 73' lang='lat' dir='ltr'>Nicetius</span> <span class='ocrx_word' id='word_1_457' title='bbox 1160 5749 1378 5787; x_wconf 90' lang='lat' dir='ltr'>nomen</span> <span class='ocrx_word' id='word_1_458' title='bbox 1408 5733 1468 5788; x_wconf 93' lang='lat' dir='ltr'>in</span> <span class='ocrx_word' id='word_1_459' title='bbox 1494 5726 1781 5806; x_wconf 76' lang='lat' dir='ltr'>baptiSmo</span> 
     </span>
    </p>
   </div>
   <div class='ocr_carea' id='block_1_78' title="bbox 183 5803 1455 5947">
    <p class='ocr_par' dir='ltr' id='par_1_78' title="bbox 183 5803 1455 5947">
     <span class='ocr_line' id='line_1_78' title="bbox 183 5803 1206 5926; baseline 0.004 -73"><span class='ocrx_word' id='word_1_460' title='bbox 183 5803 816 5926; x_wconf 34' lang='lat' dir='ltr'>acgepisseoperhibetur.</span> <span class='ocrx_word' id='word_1_461' title='bbox 1027 5874 1058 5886; x_wconf 46' lang='grc' dir='ltr'><strong><em>η</em></strong></span> <span class='ocrx_word' id='word_1_462' title='bbox 1142 5874 1151 5884; x_wconf 40' lang='grc'><strong><em>⁸</em></strong></span> <span class='ocrx_word' id='word_1_463' title='bbox 1197 5874 1206 5884; x_wconf 36' lang='grc'><strong><em>⁸</em></strong></span> 
     </span>
     <span class='ocr_line' id='line_1_79' title="bbox 392 5874 1455 5947; baseline 0.001 -17"><span class='ocrx_word' id='word_1_464' title='bbox 392 5879 611 5947; x_wconf 74' lang='grc' dir='ltr'>Ριετατε,</span> <span class='ocrx_word' id='word_1_465' title='bbox 645 5876 730 5930; x_wconf 86' lang='lat' dir='ltr'>vel</span> <span class='ocrx_word' id='word_1_466' title='bbox 756 5877 937 5940; x_wconf 73' lang='lat' dir='ltr'>(etate,</span> <span class='ocrx_word' id='word_1_467' title='bbox 968 5875 1064 5931; x_wconf 82' lang='lat' dir='ltr'>alii</span> <span class='ocrx_word' id='word_1_468' title='bbox 1097 5874 1455 5931; x_wconf 82' lang='lat' dir='ltr'>dmnabunt.</span> 
     </span>
    </p>
   </div>
   <div class='ocr_carea' id='block_1_79' title="bbox 1797 3196 1850 3270">
    <p class='ocr_par' dir='ltr' id='par_1_79' title="bbox 1797 3196 1850 3270">
     <span class='ocr_line' id='line_1_80' title="bbox 1797 3196 1850 3270; baseline 0 -2"><span class='ocrx_word' id='word_1_469' title='bbox 1797 3196 1850 3270; x_wconf 95' lang='lat' dir='ltr'>C</span> 
     </span>
    </p>
   </div>
   <div class='ocr_carea' id='block_1_80' title="bbox 1794 4571 1856 4642">
    <p class='ocr_par' dir='ltr' id='par_1_80' title="bbox 1794 4571 1856 4642">
     <span class='ocr_line' id='line_1_81' title="bbox 1794 4571 1856 4642; baseline 0 0"><span class='ocrx_word' id='word_1_470' title='bbox 1794 4571 1856 4642; x_wconf 93' lang='lat' dir='ltr'>D</span> 
     </span>
    </p>
   </div>
   <div class='ocr_carea' id='block_1_81' title="bbox 2015 1935 3358 1996">
    <p class='ocr_par' dir='ltr' id='par_1_81' title="bbox 2015 1935 3358 1996">
     <span class='ocr_line' id='line_1_82' title="bbox 2015 1935 3358 1996; baseline 0.004 -7"><span class='ocrx_word' id='word_1_471' title='bbox 2015 1935 2204 1990; x_wconf 83' lang='lat' dir='ltr'>XXXV.</span> <span class='ocrx_word' id='word_1_472' title='bbox 2249 1951 2544 1992; x_wconf 84' lang='lat' dir='ltr'>COLLECTIO</span> <span class='ocrx_word' id='word_1_473' title='bbox 2582 1953 2652 1993; x_wconf 77' lang='lat' dir='ltr'>AD</span> <span class='ocrx_word' id='word_1_474' title='bbox 2694 1952 2897 1994; x_wconf 72' lang='lat' dir='ltr'>rom-ns</span> <span class='ocrx_word' id='word_1_475' title='bbox 2934 1954 3358 1996; x_wconf 66' lang='lat' dir='ltr'>nnssmcssnos.</span> 
     </span>
    </p>
   </div>
   <div class='ocr_carea' id='block_1_82' title="bbox 1946 2039 3514 2115">
    <p class='ocr_par' dir='ltr' id='par_1_82' title="bbox 1946 2039 3514 2115">
     <span class='ocr_line' id='line_1_83' title="bbox 1946 2039 3514 2115; baseline 0.004 -23"><span class='ocrx_word' id='word_1_476' title='bbox 1946 2039 2195 2105; x_wconf 90' lang='lat' dir='ltr'>Stantes,</span> <span class='ocrx_word' id='word_1_477' title='bbox 2233 2039 2439 2093; x_wconf 87' lang='lat' dir='ltr'>fratres</span> <span class='ocrx_word' id='word_1_478' title='bbox 2480 2039 2795 2107; x_wconf 90' lang='lat' dir='ltr'>carissimi,</span> <span class='ocrx_word' id='word_1_479' title='bbox 2837 2058 3008 2112; x_wconf 91' lang='lat' dir='ltr'>super</span> <span class='ocrx_word' id='word_1_480' title='bbox 3047 2041 3234 2113; x_wconf 89' lang='lat' dir='ltr'>ripam</span> <span class='ocrx_word' id='word_1_481' title='bbox 3277 2043 3514 2115; x_wconf 80' lang='lat' dir='ltr'>vitrigid</span> 
     </span>
    </p>
   </div>
   <div class='ocr_carea' id='block_1_83' title="bbox 1874 2131 3513 2199">
    <p class='ocr_par' dir='ltr' id='par_1_83' title="bbox 1874 2131 3513 2199">
     <span class='ocr_line' id='line_1_84' title="bbox 1874 2131 3513 2199; baseline 0.004 -13"><span class='ocrx_word' id='word_1_482' title='bbox 1874 2133 2084 2199; x_wconf 87' lang='lat' dir='ltr'>fontes,</span> <span class='ocrx_word' id='word_1_483' title='bbox 2112 2148 2290 2187; x_wconf 84' lang='lat' dir='ltr'>novos</span> <span class='ocrx_word' id='word_1_484' title='bbox 2314 2131 2584 2187; x_wconf 89' lang='lat' dir='ltr'>homines</span> <span class='ocrx_word' id='word_1_485' title='bbox 2610 2133 2799 2188; x_wconf 92' lang='lat' dir='ltr'>adduc</span> <span class='ocrx_word' id='word_1_486' title='bbox 2827 2133 2908 2188; x_wconf 91' lang='lat' dir='ltr'>eis</span> <span class='ocrx_word' id='word_1_487' title='bbox 2930 2135 3000 2189; x_wconf 91' lang='lat' dir='ltr'>de</span> <span class='ocrx_word' id='word_1_488' title='bbox 3022 2137 3177 2190; x_wconf 89' lang='lat' dir='ltr'>terra</span> <span class='ocrx_word' id='word_1_489' title='bbox 3192 2135 3345 2191; x_wconf 89' lang='lat' dir='ltr'>litori</span> <span class='ocrx_word' id='word_1_490' title='bbox 3366 2153 3513 2192; x_wconf 87' lang='lat' dir='ltr'>mer-</span> 
     </span>
    </p>
   </div>
   <div class='ocr_carea' id='block_1_84' title="bbox 1876 2226 3515 2301">
    <p class='ocr_par' dir='ltr' id='par_1_84' title="bbox 1876 2226 3515 2301">
     <span class='ocr_line' id='line_1_85' title="bbox 1876 2226 3515 2301; baseline 0.004 -21"><span class='ocrx_word' id='word_1_491' title='bbox 1876 2228 2098 2281; x_wconf 90' lang='lat' dir='ltr'>catores</span> <span class='ocrx_word' id='word_1_492' title='bbox 2126 2242 2227 2280; x_wconf 92' lang='lat' dir='ltr'>sua</span> <span class='ocrx_word' id='word_1_493' title='bbox 2249 2226 2599 2282; x_wconf 89' lang='lat' dir='ltr'>commercia</span> <span class='ocrx_word' id='word_1_494' title='bbox 2628 2243 2641 2282; x_wconf 88' lang='lat'><strong>:</strong></span> <span class='ocrx_word' id='word_1_495' title='bbox 2677 2226 2890 2298; x_wconf 90' lang='lat' dir='ltr'>singuli</span> <span class='ocrx_word' id='word_1_496' title='bbox 2914 2229 3255 2300; x_wconf 86' lang='lat' dir='ltr'>navigantes</span> <span class='ocrx_word' id='word_1_497' title='bbox 3282 2231 3515 2301; x_wconf 89' lang='lat' dir='ltr'>pulsent</span> 
     </span>
    </p>
   </div>
   <div class='ocr_carea' id='block_1_85' title="bbox 1876 2320 3512 2392">
    <p class='ocr_par' dir='ltr' id='par_1_85' title="bbox 1876 2320 3512 2392">
     <span class='ocr_line' id='line_1_86' title="bbox 1876 2320 3512 2392; baseline 0.003 -18"><span class='ocrx_word' id='word_1_498' title='bbox 1876 2336 2037 2375; x_wconf 92' lang='lat' dir='ltr'>mare</span> <span class='ocrx_word' id='word_1_499' title='bbox 2070 2336 2305 2387; x_wconf 90' lang='lat' dir='ltr'>novum,</span> <span class='ocrx_word' id='word_1_500' title='bbox 2334 2337 2452 2375; x_wconf 92' lang='lat' dir='ltr'>non</span> <span class='ocrx_word' id='word_1_501' title='bbox 2482 2321 2663 2392; x_wconf 90' lang='lat' dir='ltr'>virga,</span> <span class='ocrx_word' id='word_1_502' title='bbox 2699 2320 2799 2374; x_wconf 89' lang='lat' dir='ltr'>sed</span> <span class='ocrx_word' id='word_1_503' title='bbox 2830 2337 3028 2388; x_wconf 91' lang='lat' dir='ltr'>cruce;</span> <span class='ocrx_word' id='word_1_504' title='bbox 3061 2339 3180 2377; x_wconf 92' lang='lat' dir='ltr'>non</span> <span class='ocrx_word' id='word_1_505' title='bbox 3210 2325 3386 2392; x_wconf 90' lang='lat' dir='ltr'>tactu,</span> <span class='ocrx_word' id='word_1_506' title='bbox 3410 2325 3512 2379; x_wconf 90' lang='lat' dir='ltr'>sed</span> 
     </span>
    </p>
   </div>
   <div class='ocr_carea' id='block_1_86' title="bbox 1875 2414 3512 2490">
    <p class='ocr_par' dir='ltr' id='par_1_86' title="bbox 1875 2414 3512 2490">
     <span class='ocr_line' id='line_1_87' title="bbox 1875 2414 3512 2490; baseline 0.003 -22"><span class='ocrx_word' id='word_1_507' title='bbox 1875 2430 2079 2481; x_wconf 87' lang='lat' dir='ltr'>sensu;</span> <span class='ocrx_word' id='word_1_508' title='bbox 2113 2431 2230 2468; x_wconf 91' lang='lat' dir='ltr'>non</span> <span class='ocrx_word' id='word_1_509' title='bbox 2259 2414 2485 2482; x_wconf 90' lang='lat' dir='ltr'>baculo,</span> <span class='ocrx_word' id='word_1_510' title='bbox 2519 2415 2618 2469; x_wconf 93' lang='lat' dir='ltr'>sed</span> <span class='ocrx_word' id='word_1_511' title='bbox 2649 2419 3032 2470; x_wconf 90' lang='lat' dir='ltr'>sacramento.</span> <span class='ocrx_word' id='word_1_512' title='bbox 3059 2416 3240 2471; x_wconf 89' lang='lat' dir='ltr'>Locus</span> <span class='ocrx_word' id='word_1_513' title='bbox 3274 2417 3512 2490; x_wconf 88' lang='lat' dir='ltr'>quidem</span> 
     </span>
    </p>
   </div>
   <div class='ocr_carea' id='block_1_87' title="bbox 1878 2506 3511 2583">
    <p class='ocr_par' dir='ltr' id='par_1_87' title="bbox 1878 2506 3511 2583">
     <span class='ocr_line' id='line_1_88' title="bbox 1878 2506 3511 2583; baseline 0.004 -23"><span class='ocrx_word' id='word_1_514' title='bbox 1878 2524 2110 2579; x_wconf 89' lang='lat' dir='ltr'>paruus,</span> <span class='ocrx_word' id='word_1_515' title='bbox 2141 2506 2242 2562; x_wconf 91' lang='lat' dir='ltr'>sed</span> <span class='ocrx_word' id='word_1_516' title='bbox 2265 2507 2452 2579; x_wconf 90' lang='lat' dir='ltr'>gratia</span> <span class='ocrx_word' id='word_1_517' title='bbox 2478 2508 2702 2578; x_wconf 90' lang='lat' dir='ltr'>plenus.</span> <span class='ocrx_word' id='word_1_518' title='bbox 2733 2509 2886 2562; x_wconf 91' lang='lat' dir='ltr'>Bene</span> <span class='ocrx_word' id='word_1_519' title='bbox 2911 2508 3262 2580; x_wconf 89' lang='lat' dir='ltr'>gubernatus</span> <span class='ocrx_word' id='word_1_520' title='bbox 3287 2514 3372 2564; x_wconf 89' lang='lat' dir='ltr'>est</span> <span class='ocrx_word' id='word_1_521' title='bbox 3387 2511 3511 2583; x_wconf 89' lang='lat' dir='ltr'>Spi-</span> 
     </span>
    </p>
   </div>
   <div class='ocr_carea' id='block_1_88' title="bbox 1877 2600 3516 2674">
    <p class='ocr_par' dir='ltr' id='par_1_88' title="bbox 1877 2600 3516 2674">
     <span class='ocr_line' id='line_1_89' title="bbox 1877 2600 3516 2674; baseline 0.003 -19"><span class='ocrx_word' id='word_1_522' title='bbox 1877 2600 2017 2655; x_wconf 86' lang='lat' dir='ltr'>ritus</span> <span class='ocrx_word' id='word_1_523' title='bbox 2043 2604 2290 2656; x_wconf 89' lang='lat' dir='ltr'>sanctus.</span> <span class='ocrx_word' id='word_1_524' title='bbox 2321 2601 2566 2656; x_wconf 89' lang='lat' dir='ltr'>Oremus</span> <span class='ocrx_word' id='word_1_525' title='bbox 2587 2618 2728 2674; x_wconf 89' lang='lat' dir='ltr'>ergo</span> <span class='ocrx_word' id='word_1_526' title='bbox 2760 2602 3073 2657; x_wconf 90' lang='lat' dir='ltr'>Dominum</span> <span class='ocrx_word' id='word_1_527' title='bbox 3105 2606 3163 2658; x_wconf 92' lang='lat' dir='ltr'>et</span> <span class='ocrx_word' id='word_1_528' title='bbox 3201 2605 3385 2659; x_wconf 92' lang='lat' dir='ltr'>Deum</span> <span class='ocrx_word' id='word_1_529' title='bbox 3417 2622 3516 2660; x_wconf 92' lang='lat' dir='ltr'>no-</span> 
     </span>
    </p>
   </div>
   <div class='ocr_carea' id='block_1_89' title="bbox 1876 2695 3514 2772">
    <p class='ocr_par' dir='ltr' id='par_1_89' title="bbox 1876 2695 3514 2772">
     <span class='ocr_line' id='line_1_90' title="bbox 1876 2695 3514 2772; baseline 0.004 -24"><span class='ocrx_word' id='word_1_530' title='bbox 1876 2697 2080 2763; x_wconf 91' lang='lat' dir='ltr'>strum,</span> <span class='ocrx_word' id='word_1_531' title='bbox 2111 2698 2176 2749; x_wconf 89' lang='lat' dir='ltr'>ut</span> <span class='ocrx_word' id='word_1_532' title='bbox 2217 2695 2532 2750; x_wconf 84' lang='lat' dir='ltr'>sanctiﬁcet</span> <span class='ocrx_word' id='word_1_533' title='bbox 2571 2696 2724 2750; x_wconf 92' lang='lat' dir='ltr'>hunc</span> <span class='ocrx_word' id='word_1_534' title='bbox 2769 2697 3028 2764; x_wconf 89' lang='lat' dir='ltr'>fontem;</span> <span class='ocrx_word' id='word_1_535' title='bbox 3073 2700 3135 2751; x_wconf 91' lang='lat' dir='ltr'>ut</span> <span class='ocrx_word' id='word_1_536' title='bbox 3161 2713 3365 2754; x_wconf 90' lang='lat' dir='ltr'>omnes</span> <span class='ocrx_word' id='word_1_537' title='bbox 3416 2699 3514 2772; x_wconf 90' lang='lat' dir='ltr'>qui</span> 
     </span>
    </p>
   </div>
   <div class='ocr_carea' id='block_1_90' title="bbox 1877 2788 3514 2858">
    <p class='ocr_par' dir='ltr' id='par_1_90' title="bbox 1877 2788 3514 2858">
     <span class='ocr_line' id='line_1_91' title="bbox 1877 2788 3514 2858; baseline 0.004 -16"><span class='ocrx_word' id='word_1_538' title='bbox 1877 2788 2287 2844; x_wconf 87' lang='lat' dir='ltr'>descenderint</span> <span class='ocrx_word' id='word_1_539' title='bbox 2312 2789 2372 2843; x_wconf 91' lang='lat' dir='ltr'>in</span> <span class='ocrx_word' id='word_1_540' title='bbox 2414 2791 2569 2844; x_wconf 93' lang='lat' dir='ltr'>hunc</span> <span class='ocrx_word' id='word_1_541' title='bbox 2616 2791 2861 2858; x_wconf 87' lang='lat' dir='ltr'>fontem,</span> <span class='ocrx_word' id='word_1_542' title='bbox 2905 2789 3078 2845; x_wconf 88' lang='lat' dir='ltr'>faciat</span> <span class='ocrx_word' id='word_1_543' title='bbox 3115 2791 3197 2846; x_wconf 89' lang='lat' dir='ltr'>eis</span> <span class='ocrx_word' id='word_1_544' title='bbox 3223 2793 3514 2849; x_wconf 88' lang='lat' dir='ltr'>lavacrum</span> 
     </span>
    </p>
   </div>
   <div class='ocr_carea' id='block_1_91' title="bbox 1874 2881 3511 2954">
    <p class='ocr_par' dir='ltr' id='par_1_91' title="bbox 1874 2881 3511 2954">
     <span class='ocr_line' id='line_1_92' title="bbox 1874 2881 3511 2954; baseline 0.003 -18"><span class='ocrx_word' id='word_1_545' title='bbox 1874 2881 2223 2937; x_wconf 59' lang='lat' dir='ltr'>beatissima:</span> <span class='ocrx_word' id='word_1_546' title='bbox 2259 2883 2717 2954; x_wconf 89' lang='lat' dir='ltr'>regenerationis</span> <span class='ocrx_word' id='word_1_547' title='bbox 2761 2883 2819 2937; x_wconf 91' lang='lat' dir='ltr'>in</span> <span class='ocrx_word' id='word_1_548' title='bbox 2866 2883 3206 2940; x_wconf 89' lang='lat' dir='ltr'>remissione</span> <span class='ocrx_word' id='word_1_549' title='bbox 3249 2884 3511 2941; x_wconf 91' lang='lat' dir='ltr'>omnium</span> 
     </span>
    </p>
   </div>
   <div class='ocr_carea' id='block_1_92' title="bbox 1875 2976 2770 3047">
    <p class='ocr_par' dir='ltr' id='par_1_92' title="bbox 1875 2976 2770 3047">
     <span class='ocr_line' id='line_1_93' title="bbox 1875 2976 2770 3047; baseline 0 -17"><span class='ocrx_word' id='word_1_550' title='bbox 1875 2977 2262 3047; x_wconf 88' lang='lat' dir='ltr'>peccatorum.</span> <span class='ocrx_word' id='word_1_551' title='bbox 2295 2978 2404 3032; x_wconf 91' lang='lat' dir='ltr'>Per</span> <span class='ocrx_word' id='word_1_552' title='bbox 2433 2976 2770 3031; x_wconf 91' lang='lat' dir='ltr'>Dominum.</span> 
     </span>
    </p>
   </div>
   <div class='ocr_carea' id='block_1_93' title="bbox 2427 3073 2952 3137">
    <p class='ocr_par' dir='ltr' id='par_1_93' title="bbox 2427 3073 2952 3137">
     <span class='ocr_line' id='line_1_94' title="bbox 2427 3073 2952 3137; baseline 0 -14"><span class='ocrx_word' id='word_1_553' title='bbox 2427 3073 2680 3123; x_wconf 88' lang='lat' dir='ltr'>Collectio</span> <span class='ocrx_word' id='word_1_554' title='bbox 2702 3073 2952 3137; x_wconf 89' lang='lat' dir='ltr'>sequitur.</span> 
     </span>
    </p>
   </div>
   <div class='ocr_carea' id='block_1_94' title="bbox 1949 3159 3511 3232">
    <p class='ocr_par' dir='ltr' id='par_1_94' title="bbox 1949 3159 3511 3232">
     <span class='ocr_line' id='line_1_95' title="bbox 1949 3159 3511 3232; baseline 0.004 -20"><span class='ocrx_word' id='word_1_555' title='bbox 1949 3159 2098 3213; x_wconf 90' lang='lat' dir='ltr'>Deus</span> <span class='ocrx_word' id='word_1_556' title='bbox 2133 3159 2231 3230; x_wconf 92' lang='lat' dir='ltr'>qui</span> <span class='ocrx_word' id='word_1_557' title='bbox 2268 3159 2535 3215; x_wconf 89' lang='lat' dir='ltr'>Iordanis</span> <span class='ocrx_word' id='word_1_558' title='bbox 2565 3160 2789 3215; x_wconf 90' lang='lat' dir='ltr'>fontem</span> <span class='ocrx_word' id='word_1_559' title='bbox 2831 3177 2936 3232; x_wconf 90' lang='lat' dir='ltr'>pro</span> <span class='ocrx_word' id='word_1_560' title='bbox 2963 3159 3294 3216; x_wconf 87' lang='lat' dir='ltr'>animarum</span> <span class='ocrx_word' id='word_1_561' title='bbox 3323 3163 3511 3218; x_wconf 88' lang='lat' dir='ltr'>salute</span> 
     </span>
    </p>
   </div>
   <div class='ocr_carea' id='block_1_95' title="bbox 1877 3253 3516 3328">
    <p class='ocr_par' dir='ltr' id='par_1_95' title="bbox 1877 3253 3516 3328">
     <span class='ocr_line' id='line_1_96' title="bbox 1877 3253 3516 3328; baseline 0.003 -22"><span class='ocrx_word' id='word_1_562' title='bbox 1877 3253 2261 3320; x_wconf 88' lang='lat' dir='ltr'>sanctiﬁcasti,</span> <span class='ocrx_word' id='word_1_563' title='bbox 2291 3253 2604 3308; x_wconf 90' lang='lat' dir='ltr'>descendat</span> <span class='ocrx_word' id='word_1_564' title='bbox 2629 3270 2801 3324; x_wconf 91' lang='lat' dir='ltr'>super</span> <span class='ocrx_word' id='word_1_565' title='bbox 2817 3270 2996 3325; x_wconf 89' lang='lat' dir='ltr'>aquas</span> <span class='ocrx_word' id='word_1_566' title='bbox 3023 3255 3126 3308; x_wconf 91' lang='lat' dir='ltr'>has</span> <span class='ocrx_word' id='word_1_567' title='bbox 3159 3257 3400 3328; x_wconf 88' lang='lat' dir='ltr'>angelus</span> <span class='ocrx_word' id='word_1_568' title='bbox 3418 3256 3516 3311; x_wconf 87' lang='lat' dir='ltr'>be-</span> 
     </span>
    </p>
   </div>
   <div class='ocr_carea' id='block_1_96' title="bbox 1877 3346 3512 3418">
    <p class='ocr_par' dir='ltr' id='par_1_96' title="bbox 1877 3346 3512 3418">
     <span class='ocr_line' id='line_1_97' title="bbox 1877 3346 3512 3418; baseline 0.004 -18"><span class='ocrx_word' id='word_1_569' title='bbox 1877 3346 2220 3401; x_wconf 89' lang='lat' dir='ltr'>nedictionis</span> <span class='ocrx_word' id='word_1_570' title='bbox 2253 3349 2385 3414; x_wconf 66' lang='lat' dir='ltr'>tum,</span> <span class='ocrx_word' id='word_1_571' title='bbox 2415 3351 2479 3401; x_wconf 91' lang='lat' dir='ltr'>ut</span> <span class='ocrx_word' id='word_1_572' title='bbox 2507 3346 2712 3418; x_wconf 89' lang='lat' dir='ltr'>quibus</span> <span class='ocrx_word' id='word_1_573' title='bbox 2748 3347 2967 3418; x_wconf 87' lang='lat' dir='ltr'>perfusi</span> <span class='ocrx_word' id='word_1_574' title='bbox 3003 3348 3206 3404; x_wconf 90' lang='lat' dir='ltr'>famuli</span> <span class='ocrx_word' id='word_1_575' title='bbox 3234 3350 3338 3418; x_wconf 93' lang='lat' dir='ltr'>tui,</span> <span class='ocrx_word' id='word_1_576' title='bbox 3366 3350 3512 3405; x_wconf 75' lang='lat' dir='ltr'>acci~</span> 
     </span>
    </p>
   </div>
   <div class='ocr_carea' id='block_1_97' title="bbox 1875 3439 3516 3517">
    <p class='ocr_par' dir='ltr' id='par_1_97' title="bbox 1875 3439 3516 3517">
     <span class='ocr_line' id='line_1_98' title="bbox 1875 3439 3516 3517; baseline 0.004 -24"><span class='ocrx_word' id='word_1_577' title='bbox 1875 3440 2038 3511; x_wconf 89' lang='lat' dir='ltr'>piant</span> <span class='ocrx_word' id='word_1_578' title='bbox 2078 3439 2482 3495; x_wconf 89' lang='lat' dir='ltr'>remissionem</span> <span class='ocrx_word' id='word_1_579' title='bbox 2528 3444 2917 3512; x_wconf 89' lang='lat' dir='ltr'>peccatorum,</span> <span class='ocrx_word' id='word_1_580' title='bbox 2949 3458 3013 3496; x_wconf 90' lang='lat' dir='ltr'>ac</span> <span class='ocrx_word' id='word_1_581' title='bbox 3049 3443 3237 3498; x_wconf 89' lang='lat' dir='ltr'>renati</span> <span class='ocrx_word' id='word_1_582' title='bbox 3268 3461 3334 3498; x_wconf 83' lang='lat' dir='ltr'>ex</span> <span class='ocrx_word' id='word_1_583' title='bbox 3365 3461 3516 3517; x_wconf 87' lang='lat' dir='ltr'>aqua</span> 
     </span>
    </p>
   </div>
   <div class='ocr_carea' id='block_1_98' title="bbox 1877 3533 3508 3605">
    <p class='ocr_par' dir='ltr' id='par_1_98' title="bbox 1877 3533 3508 3605">
     <span class='ocr_line' id='line_1_99' title="bbox 1877 3533 3508 3605; baseline 0.004 -17"><span class='ocrx_word' id='word_1_584' title='bbox 1877 3536 1935 3588; x_wconf 90' lang='lat' dir='ltr'>et</span> <span class='ocrx_word' id='word_1_585' title='bbox 1964 3533 2178 3605; x_wconf 89' lang='lat' dir='ltr'>Spiritu</span> <span class='ocrx_word' id='word_1_586' title='bbox 2206 3538 2424 3603; x_wconf 90' lang='lat' dir='ltr'>sancto,</span> <span class='ocrx_word' id='word_1_587' title='bbox 2459 3534 2650 3590; x_wconf 88' lang='lat' dir='ltr'>devoti</span> <span class='ocrx_word' id='word_1_588' title='bbox 2677 3534 2781 3589; x_wconf 92' lang='lat' dir='ltr'>tibi</span> <span class='ocrx_word' id='word_1_589' title='bbox 2825 3535 3076 3592; x_wconf 89' lang='lat' dir='ltr'>serviant</span> <span class='ocrx_word' id='word_1_590' title='bbox 3105 3536 3165 3592; x_wconf 91' lang='lat' dir='ltr'>in</span> <span class='ocrx_word' id='word_1_591' title='bbox 3204 3540 3508 3596; x_wconf 80' lang='lat' dir='ltr'>aeternum.</span> 
     </span>
    </p>
   </div>
   <div class='ocr_carea' id='block_1_99' title="bbox 1875 3627 2340 3683">
    <p class='ocr_par' dir='ltr' id='par_1_99' title="bbox 1875 3627 2340 3683">
     <span class='ocr_line' id='line_1_100' title="bbox 1875 3627 2340 3683; baseline 0.002 -1"><span class='ocrx_word' id='word_1_592' title='bbox 1875 3629 1984 3682; x_wconf 89' lang='lat' dir='ltr'>Per</span> <span class='ocrx_word' id='word_1_593' title='bbox 2007 3627 2340 3683; x_wconf 90' lang='lat' dir='ltr'>Dominum.</span> 
     </span>
    </p>
   </div>
   <div class='ocr_carea' id='block_1_100' title="bbox 2518 3699 2852 3748">
    <p class='ocr_par' dir='ltr' id='par_1_100' title="bbox 2518 3699 2852 3748">
     <span class='ocr_line' id='line_1_101' title="bbox 2518 3699 2852 3748; baseline 0 0"><span class='ocrx_word' id='word_1_594' title='bbox 2518 3699 2852 3748; x_wconf 84' lang='lat' dir='ltr'>Contestatio.</span> 
     </span>
    </p>
   </div>
   <div class='ocr_carea' id='block_1_101' title="bbox 1948 3767 3597 3849">
    <p class='ocr_par' dir='ltr' id='par_1_101' title="bbox 1948 3767 3597 3849">
     <span class='ocr_line' id='line_1_102' title="bbox 1948 3767 3597 3849; baseline 0.004 -17"><span class='ocrx_word' id='word_1_595' title='bbox 1948 3777 2201 3849; x_wconf 90' lang='lat' dir='ltr'>Dignum</span> <span class='ocrx_word' id='word_1_596' title='bbox 2229 3781 2287 3834; x_wconf 87' lang='lat' dir='ltr'>et</span> <span class='ocrx_word' id='word_1_597' title='bbox 2302 3778 2525 3849; x_wconf 88' lang='lat' dir='ltr'>justum</span> <span class='ocrx_word' id='word_1_598' title='bbox 2552 3783 2656 3847; x_wconf 88' lang='lat' dir='ltr'>est,</span> <span class='ocrx_word' id='word_1_599' title='bbox 2687 3779 2934 3834; x_wconf 91' lang='lat' dir='ltr'>Domine</span> <span class='ocrx_word' id='word_1_600' title='bbox 2962 3781 3179 3848; x_wconf 88' lang='lat' dir='ltr'>sancte,</span> <span class='ocrx_word' id='word_1_601' title='bbox 3202 3783 3374 3836; x_wconf 89' lang='lat' dir='ltr'>Pater</span> <span class='ocrx_word' id='word_1_602' title='bbox 3391 3798 3514 3838; x_wconf 90' lang='lat' dir='ltr'>om-</span> <span class='ocrx_word' id='word_1_603' title='bbox 3593 3767 3597 3770; x_wconf 45' lang='grc'><strong>’</strong></span> 
     </span>
    </p>
   </div>
   <div class='ocr_carea' id='block_1_102' title="bbox 1877 3871 3516 3942">
    <p class='ocr_par' dir='ltr' id='par_1_102' title="bbox 1877 3871 3516 3942">
     <span class='ocr_line' id='line_1_103' title="bbox 1877 3871 3516 3942; baseline 0.003 -17"><span class='ocrx_word' id='word_1_604' title='bbox 1877 3871 2165 3942; x_wconf 89' lang='lat' dir='ltr'>nipotens,</span> <span class='ocrx_word' id='word_1_605' title='bbox 2181 3875 2396 3926; x_wconf 64' lang='lat' dir='ltr'>aeterne</span> <span class='ocrx_word' id='word_1_606' title='bbox 2410 3873 2579 3939; x_wconf 90' lang='lat' dir='ltr'>Deus,</span> <span class='ocrx_word' id='word_1_607' title='bbox 2599 3871 2858 3927; x_wconf 89' lang='lat' dir='ltr'>initiator</span> <span class='ocrx_word' id='word_1_608' title='bbox 2875 3876 3226 3941; x_wconf 89' lang='lat' dir='ltr'>sanctorum,</span> <span class='ocrx_word' id='word_1_609' title='bbox 3241 3873 3516 3930; x_wconf 88' lang='lat' dir='ltr'>chrisma-</span> 
     </span>
    </p>
   </div>
   <div class='ocr_carea' id='block_1_103' title="bbox 1877 3964 3514 4038">
    <p class='ocr_par' dir='ltr' id='par_1_103' title="bbox 1877 3964 3514 4038">
     <span class='ocr_line' id='line_1_104' title="bbox 1877 3964 3514 4038; baseline 0.002 -18"><span class='ocrx_word' id='word_1_610' title='bbox 1877 3968 2001 4020; x_wconf 90' lang='lat' dir='ltr'>tum</span> <span class='ocrx_word' id='word_1_611' title='bbox 2027 3967 2213 4032; x_wconf 92' lang='lat' dir='ltr'>Pater,</span> <span class='ocrx_word' id='word_1_612' title='bbox 2245 3968 2302 4018; x_wconf 87' lang='lat' dir='ltr'>et</span> <span class='ocrx_word' id='word_1_613' title='bbox 2327 3964 2520 4038; x_wconf 82' lang='grc'>248</span> <span class='ocrx_word' id='word_1_614' title='bbox 2545 3965 2680 4020; x_wconf 91' lang='lat' dir='ltr'>novi</span> <span class='ocrx_word' id='word_1_615' title='bbox 2710 3983 2814 4037; x_wconf 91' lang='lat' dir='ltr'>per</span> <span class='ocrx_word' id='word_1_616' title='bbox 2844 3967 3082 4021; x_wconf 90' lang='lat' dir='ltr'>unicum</span> <span class='ocrx_word' id='word_1_617' title='bbox 3111 3967 3317 4022; x_wconf 88' lang='lat' dir='ltr'>Filium</span> <span class='ocrx_word' id='word_1_618' title='bbox 3349 3972 3514 4025; x_wconf 89' lang='lat' dir='ltr'>tuum</span> 
     </span>
    </p>
   </div>
   <div class='ocr_carea' id='block_1_104' title="bbox 1877 4057 3514 4135">
    <p class='ocr_par' dir='ltr' id='par_1_104' title="bbox 1877 4057 3514 4135">
     <span class='ocr_line' id='line_1_105' title="bbox 1877 4057 3514 4135; baseline 0.002 -21"><span class='ocrx_word' id='word_1_619' title='bbox 1877 4057 2191 4114; x_wconf 91' lang='lat' dir='ltr'>Dominum</span> <span class='ocrx_word' id='word_1_620' title='bbox 2210 4061 2268 4112; x_wconf 90' lang='lat' dir='ltr'>et</span> <span class='ocrx_word' id='word_1_621' title='bbox 2283 4059 2468 4113; x_wconf 92' lang='lat' dir='ltr'>Deum</span> <span class='ocrx_word' id='word_1_622' title='bbox 2493 4063 2754 4113; x_wconf 89' lang='lat' dir='ltr'>nostrum</span> <span class='ocrx_word' id='word_1_623' title='bbox 2777 4059 2996 4115; x_wconf 88' lang='lat' dir='ltr'>inditor</span> <span class='ocrx_word' id='word_1_624' title='bbox 3011 4062 3391 4129; x_wconf 87' lang='lat' dir='ltr'>sacramenti;</span> <span class='ocrx_word' id='word_1_625' title='bbox 3416 4063 3514 4135; x_wconf 90' lang='lat' dir='ltr'>qui</span> 
     </span>
    </p>
   </div>
   <div class='ocr_carea' id='block_1_105' title="bbox 1876 4151 3512 4225">
    <p class='ocr_par' dir='ltr' id='par_1_105' title="bbox 1876 4151 3512 4225">
     <span class='ocr_line' id='line_1_106' title="bbox 1876 4151 3512 4225; baseline 0.003 -18"><span class='ocrx_word' id='word_1_626' title='bbox 1876 4151 2236 4225; x_wconf 90' lang='lat' dir='ltr'>portantibus</span> <span class='ocrx_word' id='word_1_627' title='bbox 2254 4152 2419 4223; x_wconf 89' lang='lat' dir='ltr'>aquis</span> <span class='ocrx_word' id='word_1_628' title='bbox 2440 4152 2719 4225; x_wconf 89' lang='lat' dir='ltr'>Spiritum</span> <span class='ocrx_word' id='word_1_629' title='bbox 2744 4157 2908 4208; x_wconf 89' lang='lat' dir='ltr'>tuum</span> <span class='ocrx_word' id='word_1_630' title='bbox 2932 4157 3195 4209; x_wconf 89' lang='lat' dir='ltr'>sanctum</span> <span class='ocrx_word' id='word_1_631' title='bbox 3211 4158 3351 4210; x_wconf 86' lang='lat' dir='ltr'>ante</span> <span class='ocrx_word' id='word_1_632' title='bbox 3371 4157 3512 4212; x_wconf 87' lang='lat' dir='ltr'>divi-</span> 
     </span>
    </p>
   </div>
   <div class='ocr_carea' id='block_1_106' title="bbox 1876 4245 3514 4321">
    <p class='ocr_par' dir='ltr' id='par_1_106' title="bbox 1876 4245 3514 4321">
     <span class='ocr_line' id='line_1_107' title="bbox 1876 4245 3514 4321; baseline 0.003 -20"><span class='ocrx_word' id='word_1_633' title='bbox 1876 4247 1993 4301; x_wconf 90' lang='lat' dir='ltr'>cias</span> <span class='ocrx_word' id='word_1_634' title='bbox 2018 4245 2222 4300; x_wconf 91' lang='lat' dir='ltr'>mundi</span> <span class='ocrx_word' id='word_1_635' title='bbox 2251 4246 2529 4317; x_wconf 88' lang='lat' dir='ltr'>largires;</span> <span class='ocrx_word' id='word_1_636' title='bbox 2570 4247 2670 4319; x_wconf 89' lang='lat' dir='ltr'>qui</span> <span class='ocrx_word' id='word_1_637' title='bbox 2704 4247 3038 4302; x_wconf 88' lang='lat' dir='ltr'>Bethsaidas</span> <span class='ocrx_word' id='word_1_638' title='bbox 3068 4265 3268 4320; x_wconf 89' lang='lat' dir='ltr'>aquas,</span> <span class='ocrx_word' id='word_1_639' title='bbox 3305 4251 3514 4321; x_wconf 89' lang='lat' dir='ltr'>angelo</span> 
     </span>
    </p>
   </div>
   <div class='ocr_carea' id='block_1_107' title="bbox 1876 4340 3513 4411">
    <p class='ocr_par' dir='ltr' id='par_1_107' title="bbox 1876 4340 3513 4411">
     <span class='ocr_line' id='line_1_108' title="bbox 1876 4340 3513 4411; baseline 0.002 -16"><span class='ocrx_word' id='word_1_640' title='bbox 1876 4341 2223 4407; x_wconf 87' lang='lat' dir='ltr'>medicante,</span> <span class='ocrx_word' id='word_1_641' title='bbox 2254 4356 2557 4411; x_wconf 89' lang='lat' dir='ltr'>procuras;</span> <span class='ocrx_word' id='word_1_642' title='bbox 2588 4340 2684 4411; x_wconf 91' lang='lat' dir='ltr'>qui</span> <span class='ocrx_word' id='word_1_643' title='bbox 2712 4341 2980 4396; x_wconf 90' lang='lat' dir='ltr'>Iordanis</span> <span class='ocrx_word' id='word_1_644' title='bbox 3008 4343 3256 4410; x_wconf 90' lang='lat' dir='ltr'>alveum,</span> <span class='ocrx_word' id='word_1_645' title='bbox 3287 4344 3513 4398; x_wconf 87' lang='lat' dir='ltr'>Christo</span> 
     </span>
    </p>
   </div>
   <div class='ocr_carea' id='block_1_108' title="bbox 1876 4434 3517 4506">
    <p class='ocr_par' dir='ltr' id='par_1_108' title="bbox 1876 4434 3517 4506">
     <span class='ocr_line' id='line_1_109' title="bbox 1876 4434 3517 4506; baseline 0.002 -17"><span class='ocrx_word' id='word_1_646' title='bbox 1876 4434 2014 4489; x_wconf 90' lang='lat' dir='ltr'>Filio</span> <span class='ocrx_word' id='word_1_647' title='bbox 2043 4438 2142 4488; x_wconf 92' lang='lat' dir='ltr'>tuo</span> <span class='ocrx_word' id='word_1_648' title='bbox 2171 4434 2470 4505; x_wconf 90' lang='lat' dir='ltr'>dignante,</span> <span class='ocrx_word' id='word_1_649' title='bbox 2496 4434 2849 4502; x_wconf 88' lang='lat' dir='ltr'>sanctiﬁcas;</span> <span class='ocrx_word' id='word_1_650' title='bbox 2884 4435 3122 4506; x_wconf 91' lang='lat' dir='ltr'>respice,</span> <span class='ocrx_word' id='word_1_651' title='bbox 3153 4436 3400 4492; x_wconf 90' lang='lat' dir='ltr'>Domine</span> <span class='ocrx_word' id='word_1_652' title='bbox 3427 4455 3517 4492; x_wconf 89' lang='lat' dir='ltr'>su-</span> 
     </span>
    </p>
   </div>
   <div class='ocr_carea' id='block_1_109' title="bbox 1876 4528 3516 4600">
    <p class='ocr_par' dir='ltr' id='par_1_109' title="bbox 1876 4528 3516 4600">
     <span class='ocr_line' id='line_1_110' title="bbox 1876 4528 3516 4600; baseline 0.002 -18"><span class='ocrx_word' id='word_1_653' title='bbox 1876 4545 1980 4600; x_wconf 91' lang='lat' dir='ltr'>per</span> <span class='ocrx_word' id='word_1_654' title='bbox 2003 4529 2107 4583; x_wconf 91' lang='lat' dir='ltr'>has</span> <span class='ocrx_word' id='word_1_655' title='bbox 2136 4544 2334 4598; x_wconf 91' lang='lat' dir='ltr'>aquas,</span> <span class='ocrx_word' id='word_1_656' title='bbox 2361 4544 2488 4599; x_wconf 62' lang='lat' dir='ltr'>qua:</span> <span class='ocrx_word' id='word_1_657' title='bbox 2513 4531 2852 4600; x_wconf 61' lang='lat' dir='ltr'>preparatus</span> <span class='ocrx_word' id='word_1_658' title='bbox 2885 4531 3018 4582; x_wconf 90' lang='lat' dir='ltr'>sunt</span> <span class='ocrx_word' id='word_1_659' title='bbox 3044 4528 3118 4582; x_wconf 86' lang='lat' dir='ltr'>ad</span> <span class='ocrx_word' id='word_1_660' title='bbox 3149 4529 3396 4584; x_wconf 90' lang='lat' dir='ltr'>delenda</span> <span class='ocrx_word' id='word_1_661' title='bbox 3416 4532 3516 4586; x_wconf 90' lang='lat' dir='ltr'>ho-</span> 
     </span>
    </p>
   </div>
   <div class='ocr_carea' id='block_1_110' title="bbox 1874 4620 3516 4692">
    <p class='ocr_par' dir='ltr' id='par_1_110' title="bbox 1874 4620 3516 4692">
     <span class='ocr_line' id='line_1_111' title="bbox 1874 4620 3516 4692; baseline 0.002 -16"><span class='ocrx_word' id='word_1_662' title='bbox 1874 4621 2101 4676; x_wconf 91' lang='lat' dir='ltr'>minum</span> <span class='ocrx_word' id='word_1_663' title='bbox 2119 4624 2372 4692; x_wconf 90' lang='lat' dir='ltr'>peccata.</span> <span class='ocrx_word' id='word_1_664' title='bbox 2391 4622 2683 4691; x_wconf 85' lang='lat' dir='ltr'>Angelum</span> <span class='ocrx_word' id='word_1_665' title='bbox 2701 4620 2933 4692; x_wconf 90' lang='lat' dir='ltr'>pietatis</span> <span class='ocrx_word' id='word_1_666' title='bbox 2957 4624 3069 4674; x_wconf 67' lang='lat' dir='ltr'>tua:</span> <span class='ocrx_word' id='word_1_667' title='bbox 3096 4621 3183 4676; x_wconf 89' lang='lat' dir='ltr'>his</span> <span class='ocrx_word' id='word_1_668' title='bbox 3204 4621 3376 4677; x_wconf 89' lang='lat' dir='ltr'>sacris</span> <span class='ocrx_word' id='word_1_669' title='bbox 3394 4623 3516 4679; x_wconf 90' lang='lat' dir='ltr'>fon-</span> 
     </span>
    </p>
   </div>
   <div class='ocr_carea' id='block_1_111' title="bbox 1875 4713 3518 4786">
    <p class='ocr_par' dir='ltr' id='par_1_111' title="bbox 1875 4713 3518 4786">
     <span class='ocr_line' id='line_1_112' title="bbox 1875 4713 3518 4786; baseline 0.002 -16"><span class='ocrx_word' id='word_1_670' title='bbox 1875 4715 2025 4770; x_wconf 91' lang='lat' dir='ltr'>tibus</span> <span class='ocrx_word' id='word_1_671' title='bbox 2043 4715 2241 4769; x_wconf 88' lang='lat' dir='ltr'>adesse</span> <span class='ocrx_word' id='word_1_672' title='bbox 2267 4714 2509 4784; x_wconf 87' lang='lat' dir='ltr'>dignare</span> <span class='ocrx_word' id='word_1_673' title='bbox 2532 4730 2544 4769; x_wconf 89' lang='lat'>:</span> <span class='ocrx_word' id='word_1_674' title='bbox 2574 4715 2705 4769; x_wconf 57' lang='lat' dir='ltr'>vitae</span> <span class='ocrx_word' id='word_1_675' title='bbox 2726 4713 2933 4785; x_wconf 90' lang='lat' dir='ltr'>prioris</span> <span class='ocrx_word' id='word_1_676' title='bbox 2953 4716 3208 4770; x_wconf 90' lang='lat' dir='ltr'>maculas</span> <span class='ocrx_word' id='word_1_677' title='bbox 3229 4715 3443 4786; x_wconf 89' lang='lat' dir='ltr'>abluat,</span> <span class='ocrx_word' id='word_1_678' title='bbox 3460 4719 3518 4773; x_wconf 87' lang='lat' dir='ltr'>et</span> 
     </span>
    </p>
   </div>
   <div class='ocr_carea' id='block_1_112' title="bbox 1876 4806 3519 4882">
    <p class='ocr_par' dir='ltr' id='par_1_112' title="bbox 1876 4806 3519 4882">
     <span class='ocr_line' id='line_1_113' title="bbox 1876 4806 3519 4882; baseline 0.002 -19"><span class='ocrx_word' id='word_1_679' title='bbox 1876 4825 2115 4882; x_wconf 88' lang='lat' dir='ltr'>parvum</span> <span class='ocrx_word' id='word_1_680' title='bbox 2160 4806 2552 4861; x_wconf 89' lang='lat' dir='ltr'>habitaculum</span> <span class='ocrx_word' id='word_1_681' title='bbox 2587 4807 2906 4863; x_wconf 83' lang='lat' dir='ltr'>sanctiﬁcet</span> <span class='ocrx_word' id='word_1_682' title='bbox 2945 4808 3068 4877; x_wconf 88' lang='lat' dir='ltr'>tibi,</span> <span class='ocrx_word' id='word_1_683' title='bbox 3111 4827 3428 4882; x_wconf 89' lang='lat' dir='ltr'>procurans</span> <span class='ocrx_word' id='word_1_684' title='bbox 3455 4813 3519 4866; x_wconf 94' lang='lat' dir='ltr'>ut</span> 
     </span>
    </p>
   </div>
   <div class='ocr_carea' id='block_1_113' title="bbox 1877 4901 3516 4974">
    <p class='ocr_par' dir='ltr' id='par_1_113' title="bbox 1877 4901 3516 4974">
     <span class='ocr_line' id='line_1_114' title="bbox 1877 4901 3516 4974; baseline 0.002 -17"><span class='ocrx_word' id='word_1_685' title='bbox 1877 4901 2415 4974; x_wconf 86' lang='lat' dir='ltr'>regenerandorum</span> <span class='ocrx_word' id='word_1_686' title='bbox 2438 4901 2658 4956; x_wconf 89' lang='lat' dir='ltr'>viscera</span> <span class='ocrx_word' id='word_1_687' title='bbox 2687 4904 2906 4958; x_wconf 67' lang='lat' dir='ltr'>aeterna</span> <span class='ocrx_word' id='word_1_688' title='bbox 2933 4903 3262 4974; x_wconf 87' lang='lat' dir='ltr'>ﬂorescant,</span> <span class='ocrx_word' id='word_1_689' title='bbox 3299 4907 3357 4960; x_wconf 92' lang='lat' dir='ltr'>et</span> <span class='ocrx_word' id='word_1_690' title='bbox 3383 4924 3516 4962; x_wconf 89' lang='lat' dir='ltr'>vere</span> 
     </span>
    </p>
   </div>
   <div class='ocr_carea' id='block_1_114' title="bbox 1876 4995 3518 5068">
    <p class='ocr_par' dir='ltr' id='par_1_114' title="bbox 1876 4995 3518 5068">
     <span class='ocr_line' id='line_1_115' title="bbox 1876 4995 3518 5068; baseline 0.002 -17"><span class='ocrx_word' id='word_1_691' title='bbox 1876 4996 2238 5068; x_wconf 88' lang='lat' dir='ltr'>baptismatis</span> <span class='ocrx_word' id='word_1_692' title='bbox 2256 4995 2476 5051; x_wconf 89' lang='lat' dir='ltr'>novitas</span> <span class='ocrx_word' id='word_1_693' title='bbox 2491 4999 2810 5066; x_wconf 90' lang='lat' dir='ltr'>reparetur.</span> <span class='ocrx_word' id='word_1_694' title='bbox 2826 4997 3518 5068; x_wconf 91' lang='lat' dir='ltr'>Benedic,Domine,Deus</span> 
     </span>
    </p>
   </div>
   <div class='ocr_carea' id='block_1_115' title="bbox 1880 5091 3520 5166">
    <p class='ocr_par' dir='ltr' id='par_1_115' title="bbox 1880 5091 3520 5166">
     <span class='ocr_line' id='line_1_116' title="bbox 1880 5091 3520 5166; baseline 0.002 -21"><span class='ocrx_word' id='word_1_695' title='bbox 1880 5093 2093 5158; x_wconf 89' lang='lat' dir='ltr'>noster,</span> <span class='ocrx_word' id='word_1_696' title='bbox 2131 5091 2280 5144; x_wconf 90' lang='lat' dir='ltr'>hanc</span> <span class='ocrx_word' id='word_1_697' title='bbox 2317 5092 2642 5144; x_wconf 87' lang='lat' dir='ltr'>creaturam</span> <span class='ocrx_word' id='word_1_698' title='bbox 2685 5106 2868 5161; x_wconf 78' lang='lat' dir='ltr'>aquae,</span> <span class='ocrx_word' id='word_1_699' title='bbox 2905 5094 2963 5154; x_wconf 87' lang='lat' dir='ltr'>et</span> <span class='ocrx_word' id='word_1_700' title='bbox 2993 5092 3307 5148; x_wconf 87' lang='lat' dir='ltr'>descendat</span> <span class='ocrx_word' id='word_1_701' title='bbox 3349 5110 3520 5166; x_wconf 90' lang='lat' dir='ltr'>super</span> 
     </span>
    </p>
   </div>
   <div class='ocr_carea' id='block_1_116' title="bbox 1881 5183 3519 5257">
    <p class='ocr_par' dir='ltr' id='par_1_116' title="bbox 1881 5183 3519 5257">
     <span class='ocr_line' id='line_1_117' title="bbox 1881 5183 3519 5257; baseline 0.002 -19"><span class='ocrx_word' id='word_1_702' title='bbox 1881 5201 2010 5238; x_wconf 89' lang='lat' dir='ltr'>eam</span> <span class='ocrx_word' id='word_1_703' title='bbox 2029 5183 2206 5237; x_wconf 85' lang='lat' dir='ltr'>virtus</span> <span class='ocrx_word' id='word_1_704' title='bbox 2227 5187 2356 5238; x_wconf 89' lang='lat' dir='ltr'>tua:</span> <span class='ocrx_word' id='word_1_705' title='bbox 2385 5183 2632 5254; x_wconf 89' lang='lat' dir='ltr'>desuper</span> <span class='ocrx_word' id='word_1_706' title='bbox 2652 5183 2896 5239; x_wconf 90' lang='lat' dir='ltr'>infunde</span> <span class='ocrx_word' id='word_1_707' title='bbox 2919 5185 3195 5257; x_wconf 90' lang='lat' dir='ltr'>Spiritum</span> <span class='ocrx_word' id='word_1_708' title='bbox 3215 5190 3378 5241; x_wconf 89' lang='lat' dir='ltr'>tuum</span> <span class='ocrx_word' id='word_1_709' title='bbox 3393 5204 3519 5242; x_wconf 86' lang='lat' dir='ltr'>san-</span> 
     </span>
    </p>
   </div>
   <div class='ocr_carea' id='block_1_117' title="bbox 1881 5277 3514 5348">
    <p class='ocr_par' dir='ltr' id='par_1_117' title="bbox 1881 5277 3514 5348">
     <span class='ocr_line' id='line_1_118' title="bbox 1881 5277 3514 5348; baseline 0.001 -16"><span class='ocrx_word' id='word_1_710' title='bbox 1881 5281 2034 5332; x_wconf 90' lang='lat' dir='ltr'>ctum</span> <span class='ocrx_word' id='word_1_711' title='bbox 2053 5277 2422 5340; x_wconf 88' lang='lat' dir='ltr'>Paraclitum,</span> <span class='ocrx_word' id='word_1_712' title='bbox 2453 5278 2726 5348; x_wconf 90' lang='lat' dir='ltr'>angelum</span> <span class='ocrx_word' id='word_1_713' title='bbox 2753 5279 3028 5334; x_wconf 88' lang='lat' dir='ltr'>veritatis.</span> <span class='ocrx_word' id='word_1_714' title='bbox 3061 5279 3382 5346; x_wconf 81' lang='lat' dir='ltr'>Sanctiﬁca,</span> <span class='ocrx_word' id='word_1_715' title='bbox 3405 5281 3514 5334; x_wconf 89' lang='lat' dir='ltr'>Do-</span> 
     </span>
    </p>
   </div>
   <div class='ocr_carea' id='block_1_118' title="bbox 1881 5369 3517 5442">
    <p class='ocr_par' dir='ltr' id='par_1_118' title="bbox 1881 5369 3517 5442">
     <span class='ocr_line' id='line_1_119' title="bbox 1881 5369 3517 5442; baseline 0.002 -18"><span class='ocrx_word' id='word_1_716' title='bbox 1881 5370 2059 5436; x_wconf 92' lang='lat' dir='ltr'>mine,</span> <span class='ocrx_word' id='word_1_717' title='bbox 2082 5371 2251 5442; x_wconf 89' lang='lat' dir='ltr'>hujus</span> <span class='ocrx_word' id='word_1_718' title='bbox 2276 5369 2458 5425; x_wconf 90' lang='lat' dir='ltr'>laticis</span> <span class='ocrx_word' id='word_1_719' title='bbox 2490 5371 2693 5437; x_wconf 90' lang='lat' dir='ltr'>undas,</span> <span class='ocrx_word' id='word_1_720' title='bbox 2723 5372 2868 5426; x_wconf 91' lang='lat' dir='ltr'>sicut</span> <span class='ocrx_word' id='word_1_721' title='bbox 2893 5371 3256 5427; x_wconf 82' lang='lat' dir='ltr'>sanctificasti</span> <span class='ocrx_word' id='word_1_722' title='bbox 3299 5371 3517 5427; x_wconf 86' lang='lat' dir='ltr'>ﬂuenta</span> 
     </span>
    </p>
   </div>
   <div class='ocr_carea' id='block_1_119' title="bbox 1881 5463 3518 5535">
    <p class='ocr_par' dir='ltr' id='par_1_119' title="bbox 1881 5463 3518 5535">
     <span class='ocr_line' id='line_1_120' title="bbox 1881 5463 3518 5535; baseline -0.001 -14"><span class='ocrx_word' id='word_1_723' title='bbox 1881 5463 2166 5531; x_wconf 89' lang='lat' dir='ltr'>Iordanis,</span> <span class='ocrx_word' id='word_1_724' title='bbox 2195 5467 2259 5518; x_wconf 92' lang='lat' dir='ltr'>ut</span> <span class='ocrx_word' id='word_1_725' title='bbox 2276 5463 2372 5535; x_wconf 90' lang='lat' dir='ltr'>qui</span> <span class='ocrx_word' id='word_1_726' title='bbox 2394 5463 2454 5518; x_wconf 92' lang='lat' dir='ltr'>in</span> <span class='ocrx_word' id='word_1_727' title='bbox 2480 5464 2632 5518; x_wconf 91' lang='lat' dir='ltr'>hunc</span> <span class='ocrx_word' id='word_1_728' title='bbox 2645 5465 2869 5519; x_wconf 90' lang='lat' dir='ltr'>fontem</span> <span class='ocrx_word' id='word_1_729' title='bbox 2891 5464 3316 5533; x_wconf 89' lang='lat' dir='ltr'>descenderint,</span> <span class='ocrx_word' id='word_1_730' title='bbox 3344 5465 3401 5520; x_wconf 90' lang='lat' dir='ltr'>in</span> <span class='ocrx_word' id='word_1_731' title='bbox 3420 5482 3518 5520; x_wconf 88' lang='lat' dir='ltr'>no-</span> 
     </span>
    </p>
   </div>
   <div class='ocr_carea' id='block_1_120' title="bbox 1955 5573 3210 5662">
    <p class='ocr_par' dir='ltr' id='par_1_120' title="bbox 1955 5573 3210 5662">
     <span class='ocr_line' id='line_1_121' title="bbox 1955 5573 3210 5662; baseline 0.001 -17"><span class='ocrx_word' id='word_1_732' title='bbox 1955 5604 1977 5632; x_wconf 81' lang='grc' dir='ltr'><strong>ο</strong></span> <span class='ocrx_word' id='word_1_733' title='bbox 2003 5591 2175 5662; x_wconf 92' lang='lat' dir='ltr'>Lege,</span> <span class='ocrx_word' id='word_1_734' title='bbox 2210 5591 2472 5662; x_wconf 74' lang='lat' dir='ltr'>linguam,</span> <span class='ocrx_word' id='word_1_735' title='bbox 2505 5605 2784 5646; x_wconf 83' lang='lat' dir='ltr'>conversus</span> <span class='ocrx_word' id='word_1_736' title='bbox 2809 5593 2872 5645; x_wconf 85' lang='lat' dir='ltr'>ut</span> <span class='ocrx_word' id='word_1_737' title='bbox 2891 5573 3210 5659; x_wconf 79' lang='lat' dir='ltr'>conﬁtearis.</span> 
     </span>
    </p>
   </div>
   <div class='ocr_carea' id='block_1_121' title="bbox 1955 5659 3516 5733">
    <p class='ocr_par' dir='ltr' id='par_1_121' title="bbox 1955 5659 3516 5733">
     <span class='ocr_line' id='line_1_122' title="bbox 1955 5659 3516 5733; baseline -0.003 -16"><span class='ocrx_word' id='word_1_738' title='bbox 1955 5663 1981 5705; x_wconf 75' lang='grc' dir='ltr'><em>δ</em></span> <span class='ocrx_word' id='word_1_739' title='bbox 2009 5659 2173 5717; x_wconf 77' lang='lat' dir='ltr'>Forte</span> <span class='ocrx_word' id='word_1_740' title='bbox 2196 5659 2530 5733; x_wconf 84' lang='lat' dir='ltr'>legendum,</span> <span class='ocrx_word' id='word_1_741' title='bbox 2552 5676 2712 5731; x_wconf 83' lang='lat' dir='ltr'>super</span> <span class='ocrx_word' id='word_1_742' title='bbox 2735 5664 2919 5733; x_wconf 78' lang='lat' dir='ltr'>ripam</span> <span class='ocrx_word' id='word_1_743' title='bbox 2940 5662 3101 5733; x_wconf 74' lang='lat' dir='ltr'>uitrei</span> <span class='ocrx_word' id='word_1_744' title='bbox 3122 5663 3310 5733; x_wconf 72' lang='lat' dir='ltr'>fontis.</span> <span class='ocrx_word' id='word_1_745' title='bbox 3341 5663 3410 5733; x_wconf 83' lang='lat' dir='ltr'>Et</span> <span class='ocrx_word' id='word_1_746' title='bbox 3433 5659 3516 5714; x_wconf 85' lang='lat' dir='ltr'>in-</span> 
     </span>
    </p>
   </div>
   <div class='ocr_carea' id='block_1_122' title="bbox 1885 5730 3510 5803">
    <p class='ocr_par' dir='ltr' id='par_1_122' title="bbox 1885 5730 3510 5803">
     <span class='ocr_line' id='line_1_123' title="bbox 1885 5730 3510 5803; baseline -0.004 -14"><span class='ocrx_word' id='word_1_747' title='bbox 1885 5735 1993 5801; x_wconf 86' lang='lat' dir='ltr'>fra,</span> <span class='ocrx_word' id='word_1_748' title='bbox 2020 5730 2346 5789; x_wconf 76' lang='lat' dir='ltr'>mercaturas</span> <span class='ocrx_word' id='word_1_749' title='bbox 2363 5749 2468 5803; x_wconf 89' lang='lat' dir='ltr'>pro</span> <span class='ocrx_word' id='word_1_750' title='bbox 2493 5730 2828 5803; x_wconf 74' lang='lat' dir='ltr'>mercatores.</span> <span class='ocrx_word' id='word_1_751' title='bbox 2859 5731 2976 5803; x_wconf 85' lang='lat' dir='ltr'>Nisi</span> <span class='ocrx_word' id='word_1_752' title='bbox 3002 5730 3144 5803; x_wconf 80' lang='lat' dir='ltr'>siin</span> <span class='ocrx_word' id='word_1_753' title='bbox 3179 5731 3357 5803; x_wconf 83' lang='lat' dir='ltr'>priori</span> <span class='ocrx_word' id='word_1_754' title='bbox 3385 5732 3510 5803; x_wconf 79' lang='lat' dir='ltr'>loco</span> 
     </span>
    </p>
   </div>
   <div class='ocr_carea' id='block_1_123' title="bbox 1890 5798 3511 5875">
    <p class='ocr_par' dir='ltr' id='par_1_123' title="bbox 1890 5798 3511 5875">
     <span class='ocr_line' id='line_1_124' title="bbox 1890 5798 3511 5875; baseline -0.004 -14"><span class='ocrx_word' id='word_1_755' title='bbox 1890 5798 2094 5874; x_wconf 79' lang='lat' dir='ltr'>Vitrigi</span> <span class='ocrx_word' id='word_1_756' title='bbox 2121 5807 2207 5859; x_wconf 90' lang='lat' dir='ltr'>est</span> <span class='ocrx_word' id='word_1_757' title='bbox 2233 5798 2446 5875; x_wconf 73' lang='lat' dir='ltr'>nomen</span> <span class='ocrx_word' id='word_1_758' title='bbox 2483 5801 2780 5873; x_wconf 88' lang='lat' dir='ltr'>proprium</span> <span class='ocrx_word' id='word_1_759' title='bbox 2812 5801 2941 5870; x_wconf 92' lang='lat' dir='ltr'>loci,</span> <span class='ocrx_word' id='word_1_760' title='bbox 2975 5801 3070 5857; x_wconf 89' lang='lat' dir='ltr'>ubi</span> <span class='ocrx_word' id='word_1_761' title='bbox 3111 5798 3511 5875; x_wconf 74' lang='lat' dir='ltr'>baptisterium</span> 
     </span>
    </p>
   </div>
   <div class='ocr_carea' id='block_1_124' title="bbox 1890 5872 2495 5946">
    <p class='ocr_par' dir='ltr' id='par_1_124' title="bbox 1890 5872 2495 5946">
     <span class='ocr_line' id='line_1_125' title="bbox 1890 5872 2495 5946; baseline -0.01 -13"><span class='ocrx_word' id='word_1_762' title='bbox 1890 5872 2139 5946; x_wconf 55' lang='lat' dir='ltr'>erat,&#39;vel</span> <span class='ocrx_word' id='word_1_763' title='bbox 2165 5872 2495 5932; x_wconf 74' lang='lat' dir='ltr'>conditoris.</span> 
     </span>
    </p>
   </div>
  </div>
