3968 6224
402 282 503 333 275

1202 275 1533 329 APPENDIX
1573 273 1660 327 AD
1695 270 1917 326 OPERA
1955 272 2194 328 SANCTI
2231 273 2530 329 GERMANI
2568 273 2993 329 PARISIENSIS.

3684 272 3794 337 275

399 383 556 444 mine
576 382 778 451 Patris,
818 386 878 438 et
915 381 1059 450 Filii,
1094 385 1153 438 et
1177 380 1423 454 Spiritus
1452 379 1654 446 sancti,
1690 380 1748 433 et
1771 380 2036 450 peccato-
2062 395 2120 467 Α
2140 379 2298 435 ribus
2326 379 2644 447 liberati,et
2666 380 2738 434 ad
2761 380 3002 452 justitia:
3031 385 3204 452 atque
3226 380 3364 436 lucis
3385 378 3629 435 caelestis
3655 396 3793 451 gra-

400 494 530 536 rnm
553 478 808 545 veniam,
824 480 883 532 et
907 477 1088 532 sancti
1112 475 1356 547 Spiritus
1386 473 1735 528 infusionem
1764 472 2042 543 consequi

400 576 757 627 mereantur.
776 573 884 626 Per
905 570 1216 626 Dominum
1237 572 1496 623 nostrum
1508 569 1703 622 Jesum
1727 566 2036 633 Christum,

401 666 497 738 qui
529 669 615 720 est
653 665 991 720 benedictus
1023 663 1174 734 apud
1212 664 1461 728 Patrem,
1497 665 1555 714 et
1587 660 1862 731 Spiritum
1907 676 2038 714 san-

403 762 559 815 ctum
589 775 694 830 per
722 758 921 813 omnia
945 757 1150 811 sazcula
1177 756 1540 809 saeculorum.

471 853 675 910 Deinde
699 854 842 920 facis
872 867 1022 906 cruce
1046 851 1111 905 de
1141 851 1386 907 Chrisma
1414 851 1440 880 ⁸
1469 854 1519 903 et
1547 849 1702 902 dicis.

472 946 738 1002 Exorcizo
787 948 861 1011 te,
907 947 1169 998 creatura
1215 959 1410 1014 aquae;
1454 941 1708 997 exorcizo
1755 944 1811 994 te
1852 939 2041 995 omnis

402 1040 680 1097 exercitus
710 1037 942 1104 diaboli,
972 1037 1160 1091 omnis
1187 1015 1441 1108 potestas
1473 1034 1818 1099 adversaria,
1851 1031 2041 1087 omnis

402 1133 607 1190 umbra
637 1132 993 1187 daemonum.
1033 1130 1300 1185 Exorcizo
1337 1133 1392 1184 te
1438 1129 1497 1182 in
1528 1128 1766 1184 nomine
1811 1125 2040 1182 Domini

403 1227 582 1284 nostri
600 1227 730 1282 Jesu
754 1224 961 1282 Christi
988 1223 1244 1290 Nazarei,
1261 1223 1359 1294 qui
1376 1223 1708 1277 incarnatus
1735 1224 1821 1274 est
1848 1220 1906 1274 in
1926 1220 2038 1274 Ma-

399 1321 487 1376 ria
517 1319 762 1391 virgine,
793 1319 885 1373 cui
921 1317 1119 1374 omnia
1158 1316 1400 1387 subjecit
1433 1317 1601 1370 Pater
1628 1315 1686 1368 in
1718 1315 1856 1368 caelo
1895 1316 1953 1367 et
1982 1313 2040 1366 in

399 1417 574 1470 terra.
602 1414 760 1468 Time
802 1416 861 1468 et
894 1416 1080 1466 treme
1115 1414 1196 1477 tu,
1229 1413 1287 1464 et
1325 1409 1514 1465 omnis
1543 1408 1766 1463 malitia
1801 1411 1934 1473 tua;
1968 1406 2043 1460 da

403 1508 594 1563 locum
622 1505 858 1576 Spiritui
877 1507 1094 1571 sancto,
1116 1507 1180 1558 ut
1201 1519 1402 1558 omnes
1433 1501 1532 1574 qui
1557 1499 1963 1556 descenderint
1983 1499 2041 1552 in

401 1603 552 1656 hunc
579 1600 827 1665 fontem,
859 1599 960 1653 flat
987 1599 1070 1652 eis
1100 1599 1389 1652 lavacrum
1416 1595 1687 1667 baptismi
1729 1609 2039 1665 regenera-

401 1693 576 1750 tionis
603 1693 659 1746 in
697 1691 1040 1747 remissione
1079 1691 1343 1746 omnium
1383 1692 1773 1761 peccatorum.
1804 1688 1910 1741 Per
1940 1687 2044 1739 Do—

405 1787 626 1841 minum
652 1790 916 1841 nostrum
943 1787 1136 1840 Jesum
1152 1784 1460 1849 Christum,
1477 1782 1860 1853 quiventurus
1886 1779 2041 1834 estin
2063 1772 2118 1844 B

403 1880 604 1935 sedem
634 1878 954 1950 majestatis
984 1878 1165 1932 Patris
1191 1877 1277 1930 sui
1298 1892 1428 1930 cum
1453 1875 1662 1930 sanctis
1689 1873 1910 1945 angelis
1929 1871 2043 1926 suis

395 1974 660 2046 judicare
687 1977 762 2040 te,
792 1971 1048 2038 inimice,
1073 1975 1130 2025 et
1160 1971 1430 2024 saculum
1459 1986 1562 2040 per
1599 1969 1798 2039 ignem
1830 1967 1888 2020 in
1936 1981 2038 2020 sae-

403 2068 530 2122 cula
560 2068 922 2122 saeculorum.

469 2161 670 2217 Deinde
715 2161 962 2228 insuﬂ'las
1007 2174 1210 2229 aquam
1247 2173 1347 2229 per
1404 2161 1509 2212 tres
1550 2157 1716 2219 vices,
1755 2159 1805 2210 et
1870 2155 2041 2209 mittis

396 2257 631 2310 chrisma
658 2257 716 2308 in
742 2253 958 2308 modum
984 2255 1177 2314 crucis,
1209 2255 1260 2307 et
1284 2251 1418 2306 dicis
1445 2269 1460 2304 :

469 2348 682 2403 Infusio
701 2346 968 2402 chrisma:
986 2345 1251 2400 salutaris
1263 2344 1491 2399 Domini
1514 2342 1696 2399 nostri
1718 2343 1745 2398 ,Ι
1751 2358 1851 2396 esu
1877 2341 2036 2397 Chri-

397 2441 489 2509 sti,
521 2444 583 2495 ut
608 2441 708 2494 ﬁat
733 2441 862 2494 fons
891 2455 1055 2510 aqua:
1094 2437 1350 2492 salientis
1380 2435 1597 2491 cunctis
1647 2433 2042 2490 descendenti-

396 2535 502 2590 bus
532 2534 590 2588 in
617 2551 706 2600 eo,
737 2534 798 2587 in
828 2532 1009 2586 vitam
1039 2534 1339 2585 aeternam.
1373 2533 1578 2584 Amen.

469 2631 606 2684 Dum
631 2627 876 2697 baptizas
902 2627 1201 2694 interrogas
1227 2626 1294 2687 ei,
1322 2628 1372 2679 et
1399 2624 1536 2678 dicis
1559 2641 1572 2677 :

471 2719 700 2791 Baptizo
745 2722 797 2774 te
831 2718 906 2772 ill.
943 2717 999 2772 in
1035 2717 1271 2771 nomine
1302 2716 1503 2783 Patris,
1546 2719 1604 2770 et
1643 2715 1785 2783 Filii,
1817 2719 1874 2770 et
1917 2715 2039 2787 Spi-

401 2815 544 2869 ritus
574 2812 755 2868 sancti
782 2811 840 2866 in
875 2809 1277 2865 remissionem
1317 2813 1710 2881 peccatorum,
1735 2812 1796 2864 ut
1826 2809 2041 2864 habeas

403 2905 578 2962 vitam
614 2911 917 2960 aeternam.
946 2907 1148 2958 Amen.

469 3005 608 3056 Dum
637 3001 872 3055 chrisma
901 3015 1018 3053 eum
1047 2999 1246 3067 tangis,
1279 2997 1412 3052 dicis
1441 3016 1457 3050 :

473 3092 666 3168 249
694 3095 957 3162 Perungo
993 3095 1046 3145 te
1075 3091 1324 3145 chrisma
1349 3089 1757 3155 sanctitatis,...
1781 3089 2036 3144 tunicam

399 3186 878 3251 immortalitatis,
917 3202 1030 3256 qua
1059 3184 1339 3238 Dominus
1375 3187 1572 3239 noster
1595 3185 1756 3238 Jesus
1783 3183 2039 3239 Christus

397 3280 673 3336 traditam
699 3296 732 3333 a
751 3281 917 3333 Patre
947 3277 1170 3348 primus
1209 3277 1448 3348 accepit,
1490 3281 1553 3331 ut
1583 3293 1714 3331 eam
1749 3277 2039 3348 integram

399 3377 456 3430 et
483 3373 788 3427 inlibatam
813 3371 1072 3442 perferas
1103 3372 1236 3425 ante
1267 3369 1520 3424 tribunal
1545 3369 1772 3438 Christi,
1805 3373 1862 3425 et
1888 3370 2040 3425 vivas

400 3467 460 3522 in
483 3466 692 3520 saecula
721 3465 1080 3518 szeculorum.

472 3564 610 3616 Dum
638 3559 796 3629 pedes
819 3558 847 3598 δ
873 3557 983 3627 ejus
1015 3559 1189 3620 lavas,
1213 3557 1348 3611 dicis
1379 3575 1392 3610 :

474 3653 594 3723 Ego
628 3651 729 3706 tibi
766 3653 890 3706 lavo
925 3651 1118 3722 pedes.
1149 3651 1307 3706 Sicut
1334 3650 1616 3706 Dominus
1646 3655 1842 3707 noster
1879 3653 2042 3707 Jesus

401 3746 657 3802 Christus
687 3744 822 3800 fecit
855 3744 1146 3816 discipulis
1168 3744 1311 3811 suis,
1341 3748 1402 3798 tu
1431 3744 1608 3798 facias
1634 3744 1959 3817 hospitibus
1985 3748 2042 3798 et

402 3839 744 3911 peregrinis,
773 3842 838 3892 ut
861 3838 1076 3892 habeas
1106 3837 1282 3892 vitam
1310 3840 1612 3892 mternam.

470 3937 610 3991 Dum
636 3935 1007 3989 vestimentum
1029 3934 1079 3986 ei
1107 3934 1367 4002 imponis,
1394 3931 1531 3987 dicis
1559 3951 1576 3986 :

472 4026 679 4098 Accipe
692 4029 910 4080 vestem
924 4024 1256 4091 candidam,
1278 4042 1452 4096 quam
1474 4025 1909 4080 immaculatam
1921 4040 2044 4095 per-

402 4121 556 4176 feras
587 4122 720 4173 ante
745 4118 996 4172 tribunal
1021 4117 1254 4172 Domini
1280 4117 1462 4172 nostri
1480 4119 1507 4173 J
1513 4135 1612 4172 esu
1633 4117 1860 4173 Christi.

1090 4205 1362 4256 Collectio.

475 4287 743 4352 Oremus,
765 4285 972 4340 fratres
997 4285 1298 4354 carissimi,
1320 4286 1630 4341 Dominum
1658 4289 1715 4340 et
1731 4287 1913 4342 Deum
1940 4296 2043 4341 n0-

401 4385 587 4439 strum
616 4396 721 4452 pro
744 4379 952 4434 aufetis
971 4393 994 4420 0
1015 4379 1148 4448 suis,
1179 4379 1275 4452 qui
1307 4380 1482 4435 modo
1509 4379 1780 4452 baptizati
1811 4384 1962 4448 sunt,
1986 4383 2050 4436 ut

400 4491 532 4534 cum
555 4474 613 4529 in
634 4474 939 4545 majestate
966 4491 1067 4528 sua
1095 4473 1355 4530 Salvator
1377 4474 1694 4542 advenerit,
1721 4490 1864 4546 quos
1879 4490 2039 4546 rege-

2140 474 2281 528 tiam
2312 474 2653 545 promissam
2684 473 2870 540 electi,
2909 473 3322 546 omnipotentis
3356 474 3460 529 Dei
3485 474 3674 530 Patris
3702 474 3796 528 in-

2141 568 2500 638 fatigabilem
2513 568 2835 623 bonitatem
2860 585 2963 640 per
2989 568 3277 624 Christum
3302 568 3487 622 filium
3516 569 3661 639 ejus,
3685 568 3804 622 fra-

2143 667 2258 716 tres
2301 662 2675 728 dilectissimi,
2727 663 3127 734 deprecemur,
3167 666 3231 716 ut
3259 663 3573 716 Ecclesiam
3621 677 3797 716 suam

2143 759 2400 810 sanctam
2433 755 2775 811 catholicam
2812 755 3079 810 diffusam
3107 773 3210 827 per
3235 755 3434 810 orbem
3466 758 3790 823 terrarum,

2144 865 2317 920 quam
2364 849 2469 904 sibi
2498 849 2882 904 amantissimi
2911 851 3037 904 Filii
3067 850 3154 904 sui
3187 849 3453 921 passione
3482 853 3541 904 et
3571 849 3794 921 glorio-

2143 943 2364 997 sissimo
2379 943 2660 1014 sanguine
2675 943 3049 1014 conquesivit,
3059 943 3188 1014 jugi
3199 943 3516 1014 maiestatis
3529 959 3648 998 suae
3662 958 3797 1015 pro-

2143 1036 2392 1092 tectione
2431 1037 2735 1101 custodiat,
2760 1042 2933 1108 atque
2960 1041 3162 1091 contra
3185 1053 3390 1092 omnes
3415 1036 3619 1090 mundi
3644 1036 3790 1091 insi-

2143 1131 2268 1186 dias
2286 1134 2468 1186 tutam
2492 1131 2904 1202 defensamque
2923 1131 3220 1197 concedat,
3241 1148 3306 1185 ac
3318 1134 3554 1202 praestet
3575 1130 3628 1184 ei
3649 1134 3793 1186 tem-

2145 1241 2285 1297 pora
2310 1225 2620 1296 tranquilla
2649 1225 2705 1279 in
2729 1229 3092 1296 perpetuum.
3121 1225 3228 1279 Per
3252 1227 3679 1296 resurgentem.

2852 1323 3121 1372 Collectio.

2217 1408 2530 1464 Redemisti
2549 1426 2672 1475 nos,
2711 1408 2951 1462 Domine
2979 1410 3147 1474 Deus,
3172 1425 3275 1479 per
3301 1410 3598 1463 lavacrum
3625 1424 3793 1480 rege-

2146 1502 2461 1558 nerationis
2497 1506 2554 1556 ct
2599 1502 2942 1572 sanguinem
2987 1502 3187 1569 crucis,
3229 1504 3291 1555 ut
3330 1502 3426 1557 illa
3473 1519 3610 1556 caro
3661 1518 3791 1573 quae

2145 1597 2302 1668 prius
2324 1596 2380 1650 in
2399 1597 2583 1650 Adam
2607 1595 2864 1650 mortalis
2884 1596 3072 1650 fuerat
3089 1595 3310 1662 effecta,
3333 1612 3437 1666 per
3453 1595 3793 1667 passionem

2144 1690 2454 1760 Majestatis
2482 1693 2590 1744 tua:
2614 1706 2839 1744 rursum
2858 1693 3225 1744 revocaretur
3241 1689 3298 1743 in
3317 1691 3544 1743 caelum.
3572 1689 3789 1744 Salvat.

2771 1789 2894 1837 Post
2926 1785 3157 1837 nomina.

2216 1874 2457 1928 Oremus
2478 1891 2580 1944 pro
2608 1874 2694 1927 his
2713 1873 2811 1945 qui
2843 1874 3092 1928 offerunt
3117 1889 3364 1926 munera
3390 1872 3645 1927 Domino
3671 1874 3790 1926 Deo

2145 1971 2340 2022 nostro
2364 1983 2524 2021 sacro
2539 1971 2734 2021 sancta
2748 1965 2940 2040 250
2957 1966 3232 2037 spiritalia
3258 1982 3361 2036 pro
3384 1982 3464 2033 se,
3487 1969 3546 2019 et
3571 1981 3679 2037 pro
3702 1982 3792 2020 ca-

2143 2060 2220 2114 ris
2250 2059 2382 2127 suis,
2407 2064 2463 2114 et
2492 2076 2595 2131 pro
2623 2059 2915 2130 spiritibus
2944 2076 3210 2114 carorum
3243 2075 3500 2125 suorum,
3523 2058 3586 2112 in
3624 2076 3787 2114 com-

2144 2153 2569 2208 memoratione
2625 2156 2955 2207 sanctorum
3004 2155 3352 2223 martyrum,
3397 2155 3458 2204 ut
3505 2152 3790 2206 Dominus

2144 2249 2293 2302 Deus
2324 2250 2518 2302 noster
2546 2262 2744 2316 preces
2777 2246 3004 2301 illorum
3046 2247 3366 2300 clementer
3391 2245 3669 2300 exaudire
3699 2246 3785 2300 di-

2145 2345 2372 2414 gnetur.
2397 2343 2504 2395 Per
2527 2356 2748 2411 resurg.
2804 2411 2882 2461 Ad

2912 2423 3114 2474 pacem.

2213 2496 2902 2570 Comple,Domine,vota
2929 2496 3271 2568 supplicum,
3296 2495 3502 2550 exaudi
3532 2497 3790 2566 gemitus

2143 2597 2545 2664 peccatorum;
2574 2591 2861 2646 osculetur
2888 2607 2992 2646 nos
3011 2591 3083 2645 ab
3121 2591 3312 2645 osculo
3349 2589 3464 2644 oris
3506 2589 3627 2644 suis
3663 2591 3792 2662 paci

2140 2686 2410 2757 Magister
2445 2689 2504 2740 et
2540 2685 2824 2752 conditor,
2853 2688 2916 2739 ut
2944 2684 3004 2738 in
3043 2684 3206 2740 nobis
3235 2684 3342 2738 hoc
3372 2683 3791 2756 recipientibus

2143 2780 2562 2847 holocaustum,
2578 2796 2780 2852 pacem
2795 2795 2971 2850 quam
2991 2795 3288 2850 speramus
3299 2778 3645 2833 habeamus.
3660 2780 3786 2834 Per.

2815 2875 3124 2925 lmmolalio.

2211 2958 2463 3030 Dignum
2492 2961 2551 3013 et
2567 2959 2786 3030 justum
2821 2961 2924 3024 est,
2957 2973 3186 3028 aequum
3219 2960 3276 3011 et
3299 2956 3520 3027 justum
3544 2961 3655 3023 est,
3688 2975 3792 3012 nos

2141 3051 2242 3106 tibi
2273 3051 2362 3106 hic
2395 3055 2452 3106 et
2487 3051 2698 3123 ubique
2729 3051 2945 3122 gratias
2968 3067 3161 3122 agere,
3191 3049 3294 3105 tibi
3325 3051 3526 3106 laudes
3567 3051 3786 3118 dicere,

2059 3143 2114 3218 ί]
2141 3149 2198 3200 et
2227 3146 2441 3201 hostias
2472 3145 2794 3210 immolare,
2821 3148 2878 3198 et
2909 3145 3170 3200 confiteri
3191 3143 3622 3199 misericordias
3639 3147 3788 3209 tuas,

2141 3240 2384 3295 Domine
2400 3243 2614 3306 sancte,
2634 3241 2802 3294 Pater
2814 3238 3202 3309 omnipotens,
3222 3242 3436 3292 aeterne
3457 3239 3634 3304 Deus,
3654 3254 3793 3310 quo-

2144 3332 2301 3387 niam
2330 3349 2578 3403 magnus
2606 3350 2664 3386 es
2682 3336 2762 3399 tu,
2793 3335 2849 3385 et
2871 3333 3086 3385 faciens
3113 3331 3433 3396 mirabilia;
3466 3335 3530 3385 tu
3560 3348 3624 3384 es
3641 3332 3792 3386 Deus

2143 3428 2312 3480 solus.
2345 3428 2424 3480 Tu
2450 3424 2632 3480 fecisti
2652 3427 2820 3479 caelos
2843 3425 2900 3479 in
2923 3425 3216 3479 intellectu
3244 3443 3257 3491 ;
3294 3428 3353 3478 tu
3383 3425 3656 3480 formasti
3681 3428 3792 3480 ter-

2144 3537 2268 3574 ram
2290 3537 2460 3591 super
2479 3537 2658 3591 aquas
2680 3536 2693 3586 ;
2718 3523 2779 3572 tu
2801 3519 2983 3573 fecisti
3001 3519 3313 3572 luminaria
3332 3535 3574 3588 magna,
3605 3520 3790 3574 solem

2143 3614 2200 3668 in
2237 3617 2582 3684 potestatem
2629 3612 2762 3679 diei,
2794 3613 2990 3666 lunam
3035 3615 3091 3665 et
3125 3613 3316 3665 stellas
3345 3612 3403 3666 in
3432 3615 3791 3684 potestatem

2145 3707 2346 3762 noctis.
2387 3708 2467 3761 Tu
2510 3704 2693 3760 fecisti
2735 3723 2857 3772 nos,
2901 3709 2958 3760 et
2993 3723 3111 3760 non
3143 3705 3248 3776 ipsi
3281 3723 3417 3770 nos;
3448 3723 3632 3778 opera
3664 3723 3790 3760 ma-

2146 3817 2325 3854 nuum
2352 3803 2581 3854 tuarum
2611 3817 2725 3854 non
2755 3799 3005 3853 omittas.
3041 3801 3188 3854 Tuus
3219 3803 3306 3852 est
3331 3799 3474 3865 dies,
3502 3804 3558 3853 et
3587 3802 3689 3854 tua
3710 3804 3793 3854 est

2148 3911 2276 3948 nox.
2312 3897 2372 3948 ln
2395 3893 2488 3947 die
2519 3893 2676 3948 enim
2708 3893 2997 3947 mandasti
3027 3892 3484 3946 misericordiam
3518 3897 3707 3961 tuam,
3737 3897 3795 3948 et

2147 3988 2205 4042 in
2238 3991 2404 4042 nocte
2439 3986 2760 4053 declarasti,
2787 4003 2960 4057 quam
2983 3985 3283 4040 hodiernis
3304 3986 3514 4057 vigiliis
3539 3987 3601 4040 in
3627 3987 3794 4042 lumi-

2149 4083 2236 4136 nis
2262 4081 2430 4152 hujus
2452 4079 2757 4135 festivitate
2786 4079 3162 4132 celebramus.
3198 4081 3326 4133 Hmc
3353 4083 3439 4132 est
3465 4080 3626 4134 enim
3655 4098 3791 4146 nox,

2148 4174 2483 4229 salutarium
2509 4172 2736 4228 conscia
2765 4175 3282 4226 sacramentorum.
3315 4174 3454 4240 Nox,
3488 4173 3548 4226 in
3569 4191 3691 4245 qua
3706 4191 3793 4228 ve-

2150 4268 2304 4322 niam
2325 4266 2718 4338 peccatoribus
2740 4267 3006 4336 przestas;
3043 4264 3115 4317 de
3142 4265 3430 4319 veteribus
3453 4266 3792 4322 hominibus

2150 4378 2326 4415 novos
2353 4359 2568 4426 efficis;
2599 4359 2670 4412 de
2700 4357 2930 4412 senibus
2958 4357 3143 4411 effetis
3174 4363 3433 4413 maturos
3465 4360 3666 4415 reddis
3704 4361 3788 4415 in-

2147 4455 2354 4520 fantes,
2385 4469 2528 4524 quos
2555 4452 2613 4506 in
2641 4469 2848 4506 novam
2875 4455 3202 4506 creaturam
3232 4457 3466 4508 renatos
3511 4453 3583 4508 de
3626 4472 3791 4510 sacro

403 4523 532 4534 η---
555 4523 613 4529 -_
635 4523 936 4545 -__,,---_--
966 4523 1067 4528 -ᾑῄ
1095 4523 1344 4530 _--._---
1379 4523 1471 4528 η.
1493 4523 1694 4542 --_----,
1725 4523 2014 4546 Ἱππ-ο-

400 4566 701 4626 neravitex
715 4584 866 4640 aqua
896 4571 954 4622 et
981 4567 1196 4640 Spiritu
1227 4571 1444 4635 sancto,
1474 4567 1648 4622 faciat
1669 4585 1767 4623 eos
1789 4584 1855 4623 ex
1877 4571 2039 4623 aeter-

2156 4549 2301 4603 Tonte
2340 4546 2628 4618 producis.
2670 4546 2784 4600 Hac
2820 4548 2988 4599 nocte
3023 4544 3082 4599 in
3121 4549 3407 4601 aeternum
3436 4547 3594 4602 diem
3617 4565 3789 4603 rena~

400 4663 581 4719 nitate
605 4661 818 4716 vestire
842 4661 1106 4717 salutem.
1140 4663 1248 4717 Per
1272 4662 1606 4718 Dominum.

474 4820 778 4892 Baptizatis
818 4824 874 4876 et
904 4822 964 4876 in
992 4753 1215 4877 c1133:
1242 4753 1552 4889 l(:‘oli):i)natis,
1584 4839 1728 4893 quos
1763 4821 2039 4876 Dominus

400 4916 598 4971 noster
631 4931 665 4968 a
695 4913 943 4969 chrisma
972 4915 1298 4986 petentibus
1345 4915 1788 4990 regeneratione
1820 4914 2038 4968 donare

402 5006 674 5080 dignatus
694 5011 797 5076 est,
822 5024 1130 5078 precamur
1151 5009 1520 5082 omnipotens
1551 5010 1720 5075 Deus,
1751 5011 1813 5061 ut
1832 5007 2040 5079 baptis-

399 5115 560 5156 mum
583 5100 737 5171 quod
771 5105 1134 5172 acceperunt,
1161 5102 1599 5158 immaculatum
1631 5102 1818 5172 ipsum
1848 5100 2035 5171 perfe-

402 5197 536 5248 rant
561 5210 740 5266 usque
773 5194 833 5249 in
855 5191 1053 5250 ﬁnem.
1089 5197 1196 5250 Per
1224 5197 1558 5252 Dominum.

571 5301 782 5358 XXXVI.
817 5317 975 5360 »ωειλ
1014 5320 1066 5359 1N
1107 5320 1324 5360 V’lGlLIlS
1365 5316 1582 5358 sucu:
1623 5315 1865 5356 mecum.

470 5392 856 5450 Sacrosanctas
897 5397 1079 5452 noctis
1107 5397 1271 5451 istius
1298 5394 1484 5467 gratia
1517 5393 1770 5448 tenebris
1798 5395 2036 5448 saecula-

470 5535 494 5563 ⁸
538 5523 628 5578 Sic
653 5528 886 5584 chrisma
937 5530 1248 5584 ﬂectebant
1297 5529 1538 5591 veteres,
1582 5528 1644 5579 ut
1688 5525 1747 5580 in
1794 5526 2035 5581 concilio

399 5593 733 5653 Bracarensi
765 5618 823 5668 ιι,
848 5616 1070 5656 canone
1092 5600 1124 5654 4
1149 5615 1161 5654 :
1198 5601 1263 5655 Ut
1281 5613 1386 5669 pro
1411 5599 1644 5652 chrisma
1671 5597 1813 5651 nihil
1832 5599 2035 5667 episco-

391 5679 499 5737 pus
521 5669 776 5737 accipiat.

405 5802 414 5812 .
466 5735 1030 5814 {Hujuscelotionis
1053 5741 1183 5811 post
1220 5739 1571 5814 baptismum
1611 5736 1944 5814 mentio_fit,
1975 5743 2038 5814 ut

402 5805 563 5862 initio
589 5805 758 5880 hujus
774 5811 904 5866 libri
922 5805 1186 5876 diximus,
1202 5805 1356 5882 apud
1367 5809 1738 5868 Ambrosium
1760 5809 1819 5867 in
1844 5805 1940 5867 lib.
1963 5809 2034 5867 de

2141 4646 2364 4698 scentes
2395 4640 2593 4713 populi
2611 4641 3007 4711 procreantur,
3043 4640 3213 4710 regni
3246 4641 3488 4694 caelestis
3516 4643 3670 4697 atria
3701 4659 3787 4697 re-

2141 4739 2422 4801 serantur,
2453 4738 2512 4789 et
2535 4735 2706 4789 beata
2736 4736 2866 4808 lege
2898 4733 3264 4789 commerciis
3292 4734 3500 4788 divinis
3525 4736 3793 4792 humana

2140 4832 2454 4884 mutantur.
2481 4829 2608 4883 Haec
2635 4831 2720 4882 est
2747 4828 2904 4883 enim
2928 4845 3038 4882 nox
3069 4827 3165 4881 illa
3184 4843 3312 4898 qua:
3335 4829 3488 4882 facta
3506 4830 3677 4884 estin
3698 4830 3791 4886 de-

2141 4923 2303 4989 liciis,
2336 4921 2394 4976 in
2424 4939 2538 4994 qua
2569 4922 2820 4977 maxime
2852 4920 3146 4976 delectasti
3174 4921 3587 4990 nos,Domine,
3620 4924 3682 4978 in
3704 4925 3787 4979 fa-

2141 5019 2303 5071 ctura
2324 5019 2440 5070 tua.
2476 5017 2594 5071 Nox
2617 5015 2675 5069 in
2707 5033 2819 5087 qua
2847 5015 3075 5069 inferna
3103 5018 3440 5085 patuerunt,
3456 5031 3570 5070 nox
3597 5017 3660 5072 in
3679 5034 3793 5090 qua

2141 5111 2434 5165 absolutus
2465 5113 2552 5164 est
2570 5109 2778 5177 Adam,
2810 5125 2920 5164 nox
2945 5109 3004 5162 in
3034 5125 3149 5179 qua
3169 5107 3405 5162 inventa
3427 5113 3518 5164 est
3543 5110 3792 5183 dragma

2142 5221 2270 5276 quae
2297 5203 2568 5275 perierat,
2593 5219 2702 5257 nox
2737 5203 2794 5256 in
2823 5220 2936 5274 qua
2958 5201 3095 5257 boni
3125 5203 3377 5257 Pastoris
3403 5203 3672 5259 humeris
3703 5221 3788 5260 re-

2140 5301 2369 5370 portata
2400 5299 2485 5350 est
2513 5296 2630 5352 ovis
2671 5296 2916 5368 perdita,
2951 5312 3062 5350 nox
3090 5296 3148 5350 in
3179 5313 3295 5366 qua
3327 5295 3596 5351 diabolus
3623 5316 3786 5354 occu-

2138 5391 2262 5447 buit
2289 5394 2347 5445 et
2383 5390 2478 5446 Sol
2511 5391 2749 5461 justitiaa
2790 5390 3045 5446 Christus
3074 5393 3304 5444 exortus
3327 5393 3415 5444 est
3447 5407 3461 5446 :
3493 5395 3554 5444 et
3589 5393 3791 5448 solutis

2137 5525 2430 5600 My‘steriis,
2453 5542 2578 5596 cap.
2598 5528 2674 5600 6,_
2671 5527 2727 5578 et
2747 5524 2806 5600 _in
2830 5524 2928 5600 lib.
2953 5541 3013 5600 in
3041 5524 3112 5578 de
3132 5525 3554 5600 Sacramentis.
3581 5545 3709 5600 cap.
3741 5532 3785 5595 l,

2139 5595 2234 5652 ubi
2266 5596 2324 5651 in
2352 5595 2615 5651 Romana
2638 5595 2888 5650 Ecclesia
2915 5595 2973 5650 id
2996 5595 3337 5651 inusitatum
3364 5597 3594 5654 dicitur.
3634 5595 3784 5654 [dem

2138 5667 2280 5723 ritus
2313 5667 2462 5722 infra
2483 5667 2543 5722 in
2570 5667 2774 5722 Missali
2805 5667 3117 5722 Gallicano.

2176 5752 2229 5866 hc
2253 5738 2571 5864 Eprruptus
2602 5739 2777 5807 locus,
2806 5737 2901 5793 ubi
2935 5738 3250 5810 legendum
3282 5740 3512 5796 videtur
3532 5758 3639 5815 pro
3661 5758 3783 5799 neo-

2213 5826 2247 5866 u
2329 5850 2342 5864 .
