3968 6224
142 277 220 325 277
1173 264 1260 319 DE
1300 255 1612 318 LITIJRGIA
1648 259 2024 317 GALLICANA
2063 263 2261 318 LIBER
2303 265 2391 320 Ill.

3371 269 3473 319 278

141 373 318 434 inferni
355 371 611 440 nexibus,
646 371 1019 446 claustrisque
1060 371 1379 445 perfractis,
1403 371 1587 425 multa
1609 387 1737 424 san-
1763 369 2110 454 Amaximee
2155 371 2386 444 pietatis
2428 372 2487 427 et
2533 370 2834 444 potestatis
2877 370 3247 444 omnipotens
3285 373 3476 443 Pater,

140 476 328 529 ctorum
339 468 683 539 corpora,de
697 467 972 539 sepulcris
987 465 1742 537 erumpentia,intraverunt

141 568 186 621 in
208 567 443 618 sanctam
475 561 791 616 civitatem.
831 561 874 616 Ο
905 578 1036 615 vere
1077 561 1249 614 beata
1285 576 1417 625 nox,
1456 575 1584 630 qua:
1618 559 1740 614 sola

141 657 318 715 meruit
351 656 490 710 scire
531 661 768 726 tempus
803 659 860 709 et
885 655 1090 710 horam
1119 671 1232 724 qua
1260 653 1515 709 Christus
1545 669 1735 706 resur-

137 752 281 807 rexit!
309 751 373 803 de
405 766 519 820 qua
544 749 670 819 jam
707 749 763 802 in
801 750 1024 819 psalmo
1062 749 1251 802 fuerat
1279 747 1689 819 prophetatum
1720 762 1734 801 :

137 845 252 910 Quia
279 859 378 897 nox
406 847 466 895 ut
492 842 618 896 dies
645 841 1106 896 inluminabitur.
1139 843 1256 896 Nox
1295 841 1351 895 in
1394 856 1508 912 qua
1541 843 1737 894 exorta

134 943 205 994 est
233 936 562 992 resurrectio
602 936 661 990 in
702 936 1018 990 aeternum!
1066 936 1140 990 Te
1174 934 1332 988 enim
1366 934 1737 1005 omnipotens

132 1033 270 1098 Deus',
292 1033 690 1084 creaturarum
710 1029 1024 1084 caelestium
1052 1028 1365 1083 multitudo
1386 1032 1443 1083 et
1470 1028 1737 1082 innume-

132 1126 307 1181 rabiles
335 1125 679 1206 angelorum
695 1123 852 1180 chori
872 1123 994 1179 sine
1009 1123 1327 1179 cessatione
1350 1123 1732 1195 proclamant,

132 1219 349 1274 dicentes
377 1235 389 1272 :
420 1217 686 1272 Sanctus.

717 1311 838 1360 Post
862 1311 1100 1361 Sanctus.

185 1397 283 1452 Tuo
309 1397 487 1468 jussu,
518 1396 788 1463 Domine,
813 1396 1048 1451 condita
1078 1399 1212 1450 sunt
1241 1393 1425 1468 251
1470 1392 1736 1449 universa

127 1493 173 1547 in
199 1493 317 1546 caelo
361 1495 416 1544 et
453 1491 513 1544 in
545 1495 722 1559 terra,
755 1490 811 1544 in
844 1490 990 1544 mari
1023 1494 1080 1544 et
1111 1491 1168 1544 in
1196 1489 1466 1544 omnibus
1493 1487 1728 1559 abyssis.

126 1586 220 1641 Tibi
240 1584 592 1656 patriarchte,
621 1585 939 1655 prophetae,
964 1584 1228 1655 apostoli,
1258 1586 1560 1653 martyres,
1593 1598 1728 1636 con-

126 1680 351 1743 fessores,
382 1682 554 1750 atque
577 1694 781 1732 omnes
803 1677 982 1732 sancti
1006 1677 1220 1748 gratias
1241 1679 1421 1746 agunt
1445 1692 1457 1729 :
1492 1675 1646 1746 quod
1674 1677 1731 1728 et

1843 465 2162 536 quamlibet
2188 483 2303 521 non
2321 466 2442 520 sine
2471 465 3018 533 debitareverentia,
3037 470 3294 523 attamen
3321 469 3478 525 nulla

1842 558 2013 612 ofﬁcii
2043 558 2344 629 dignitate,
2375 560 2499 614 vilis
2523 559 2840 615 admodum
2871 564 3138 631 precator
3164 562 3394 630 accedo,
3419 566 3478 619 et

1840 670 1972 706 reus
1993 653 2356 707 conscientia:
2385 654 2543 708 testis
2565 653 2799 708 adsisto.
2830 653 3054 718 Quidne
3075 655 3293 725 rogabo
3319 656 3474 727 quod

1840 763 1957 802 non
1990 747 2265 801 mereor?
2290 750 2436 802 Atne
2471 747 2562 818 pie
2600 746 2738 818 (non
2772 748 2894 802 sine
2946 748 3046 803 Dei
3086 765 3226 820 pace
3259 749 3474 806 dictum

1839 840 1930 912 sit)
1954 841 2108 912 quod
2127 841 2343 912 peccati
2366 841 2551 912 magis
2579 846 2664 896 est
2695 845 3010 910 accusator,
3035 842 3134 913 qui
3158 859 3260 914 pro
3283 860 3477 915 pecca-

1837 934 1909 987 tis
1942 935 2140 989 debuit
2168 952 2290 989 esse
2315 935 2708 989 interventor?
2734 936 2949 990 Accuso
2982 952 3121 1007 ergo
3148 953 3242 991 me
3273 937 3395 1004 tibi,
3416 939 3476 993 et

1839 1044 1954 1081 non
1989 1045 2213 1093 excuso,
2243 1031 2300 1081 et
2329 1044 2522 1082 coram
2560 1029 2796 1082 testibus
2824 1029 3103 1085 conﬁteor
3129 1030 3473 1101 injustitiam

1838 1138 2031 1175 meam
2051 1121 2154 1176 tibi
2168 1121 2415 1175 Domino
2434 1123 2550 1176 Deo
2566 1138 2715 1175 meo.
2733 1123 3042 1190 Conﬁteor,
3061 1124 3319 1195 inquam,
3335 1140 3469 1180 con-

1837 1216 2005 1269 ﬁteor
2032 1216 2134 1269 sub
2171 1215 2412 1269 testibus
2448 1215 2790 1286 injustitiam
2833 1217 3144 1288 impietatis
3193 1234 3369 1284 meae,
3412 1220 3475 1272 ut

1835 1309 2096 1364 remittas
2116 1308 2476 1380 impietatem
2491 1307 2708 1379 peccati
2728 1307 2861 1362 mei.
2877 1308 3167 1365 Conﬁteor
3183 1310 3338 1380 quod
3361 1310 3472 1366 nisi

1835 1402 2114 1468 remittas,
2145 1404 2298 1455 recte
2328 1418 2419 1456 me
2463 1401 2686 1472 punias.
2733 1401 2917 1456 Habes
2965 1418 3058 1455 me
3095 1403 3467 1458 confitentem

1835 1495 2135 1561 reum,scd
2165 1494 2445 1565 (scio)nisi
2468 1494 2655 1547 verbis
2674 1511 2790 1549 non
2819 1495 3248 1550 emendantem.
3274 1496 3470 1551 Verbis

1834 1589 1990 1643 enim
2012 1589 2194 1660 placo,
2221 1588 2489 1658 operibus
2514 1587 2766 1642 offendo.
2791 1589 3029 1658 Culpam
3055 1588 3469 1656 sentio,emen-

1835 1682 2130 1736 dationem
2160 1681 2383 1735 differo.
2416 1681 2668 1735 Subveni
2689 1697 2848 1752 ergo,
2866 1681 3102 1734 subveni
3123 1681 3308 1752 pietas
3328 1681 3470 1737 inef-

123 1789 205 1826 nos
230 1773 511 1838 facientes,
542 1773 650 1826 has
676 1772 892 1827 hostias
925 1771 1210 1841 spiritales
1241 1774 1299 1824 et
1331 1769 1552 1823 sincera
1581 1769 1722 1822 liba-
1749 1753 1804 1826 B
1830 1775 2042 1854 fabilis.
2089 1777 2346 1845 Ignosce,
2381 1774 2612 1844 ignosce
2659 1773 2822 1841 mihi,
2871 1773 3116 1828 Trinitas
3164 1774 3464 1832 mirabilis.

124 1866 253 1921 mina
275 1871 332 1920 ut
351 1865 534 1920 libens
553 1865 828 1920 exaudias
850 1865 1249 1936 deprecamur.
1273 1865 1348 1918 Te
1367 1879 1616 1928 oramus,
1641 1862 1726 1916 uti

124 1961 208 2015 hoc
232 1960 563 2014 sacriﬁcium
592 1964 691 2014 tua
718 1959 1122 2014 benedictione
1154 1957 1483 2023 benedicas,
1516 1960 1574 2010 et
1597 1955 1721 2027 Spi-

122 2054 235 2108 ritus
255 2053 424 2107 sancti
450 2053 534 2106 tui
565 2069 698 2107 rore
725 2052 1059 2123 perfundas,
1091 2054 1152 2105 ut
1181 2051 1254 2104 sit
1283 2049 1553 2104 omnibus
1580 2049 1721 2120 legi-

122 2148 235 2200 tuna
261 2146 634 2215 Eucharistia,
663 2163 768 2218 per
791 2145 1080 2201 Christum
1103 2144 1416 2200 Dominum
1437 2147 1718 2198 nostrum.

124 2239 204 2304 Qui
229 2239 416 2312 pridie.

450 2337 716 2386 Collectio
745 2337 807 2386 ad
839 2336 988 2400 panis
1011 2335 1338 2386 fractionem.

174 2422 384 2494 Respice
431 2423 506 2476 ad
547 2423 701 2476 hanc
747 2422 1119 2489 oblationem,
1152 2420 1519 2492 omnipotens
1549 2419 1718 2486 Deus,

118 2533 256 2587 quam
281 2516 376 2570 tibi
404 2516 786 2571 offerimusin
812 2517 1097 2571 honorem
1127 2514 1378 2570 nominis
1403 2513 1483 2568 tui
1510 2529 1614 2585 pro
1636 2529 1720 2567 sa-

117 2611 206 2664 lute
231 2626 442 2681 regum,
479 2614 539 2665 et
574 2611 826 2664 exercitu
848 2627 1070 2675 eorum,
1105 2613 1163 2664 et
1189 2608 1453 2663 omnium
1476 2608 1716 2662 circum-

118 2703 426 2758 adstantium
451 2722 464 2769 ;
501 2708 562 2758 et
598 2707 804 2775 praesta
836 2704 1018 2774 utqui
1048 2721 1113 2757 ex
1142 2719 1210 2757 ea
1228 2701 1600 2773 sumpserint,
1625 2717 1716 2755 ac-

117 2796 292 2868 cipiant
320 2797 636 2852 sanitatem
656 2796 888 2865 mentis,
910 2797 1305 2867 integritatem
1328 2794 1602 2867 corporis,
1631 2798 1717 2848 tu-

115 2892 256 2944 telam
297 2891 512 2958 salutis,
547 2891 911 2944 intellectum
945 2907 1144 2944 sensus
1175 2889 1401 2956 Christi,
1445 2887 1716 2942 securita-

113 2986 204 3038 tem
240 2984 370 3056 spei,
401 2984 947 3039 corroborationem
990 2984 1146 3050 fidei,
1172 2983 1559 3037 aeternitatem
1590 2981 1716 3052 Spi-

110 3077 223 3131 ritus
245 3078 436 3132 sancti.
467 3080 689 3132 Prazsta
720 3094 824 3149 per
855 3095 987 3132 eum
1011 3077 1109 3148 qui
1142 3080 1335 3131 tecum
1368 3075 1474 3129 viv.
1510 3079 1568 3128 et
1593 3091 1714 3146 reg.

251 3181 478 3235 XXXVII.
513 3195 680 3237 mssa
721 3196 888 3236 PRIMA
928 3196 1015 3235 me
1053 3194 1258 3234 sxxcro
1299 3193 1542 3234 exsensa.

527 3278 784 3328 Collectio
811 3281 928 3342 post
951 3276 1246 3341 prophetia.

165 3362 374 3418 Summe
398 3364 777 3436 omnipotens
791 3364 958 3430 Deus,
981 3363 1270 3433 quicornu
1289 3360 1485 3414 salutis
1506 3361 1717 3414 nostras

109 3455 152 3510 in
179 3458 340 3511 crucis
368 3462 480 3512 tuae
504 3457 786 3528 mysterio
811 3455 1076 3522 extulisti,
1102 3459 1163 3508 ut
1189 3471 1294 3508 nos
1315 3453 1373 3508 in
1407 3453 1582 3508 domo
1606 3453 1712 3507 Da-

107 3547 179 3602 vid
191 3550 337 3620 pueri
360 3551 441 3605 tui
460 3551 650 3622 regali
671 3549 900 3620 fastigio
920 3549 1292 3615 sublimares;
1327 3548 1385 3601 in
1409 3563 1521 3618 quo
1541 3546 1716 3601 etiam

109 3641 290 3697 trifario
309 3644 476 3698 titulo
493 3643 792 3698 Trinitatis
819 3642 984 3696 nobis
1003 3642 1194 3696 unitas
1215 3641 1584 3695 manifestata
1606 3639 1716 3692 cla-

108 3751 297 3790 rescens
322 3737 689 3804 ostenditur;
722 3737 984 3792 Salvator
1009 3752 1218 3806 nempe
1245 3734 1303 3788 in
1330 3733 1589 3799 homine,
1618 3732 1714 3787 Sa-

108 3829 276 3884 cerdos
305 3832 518 3902 quippe
553 3831 614 3884 in
649 3830 982 3896 chrismate,
1013 3830 1128 3882 Rex
1160 3828 1374 3883 scilicet
1395 3826 1712 3881 secundum

107 3937 304 3977 carnem
358 3942 425 3979 ex
473 3941 729 3996 genere;
772 3940 972 3994 preces
1012 3926 1236 3977 nostras
1279 3926 1390 3975 tuae
1429 3920 1713 3990 supplices

107 4015 490 4085 prosternimus
520 4017 826 4088 Majestati,
860 4021 922 4072 ut
947 4033 1090 4088 quos
1121 4017 1178 4070 in
1212 4019 1310 4070 tuo
1340 4014 1577 4070 nomine
1608 4030 1713 4085 per

108 4110 360 4166 lavacrum
409 4111 878 4184 regenerationis
930 4126 1266 4166 consecrare
1319 4109 1590 4180 dignatus
1629 4125 1708 4174 es,

109 4211 324 4273 praestes,
358 4206 540 4260 etiam
573 4205 632 4258 in
667 4205 970 4259 sanctitate
999 4208 1057 4258 et
1076 4203 1300 4274 justitia
1332 4202 1431 4256 tibi
1464 4201 1709 4256 Domino

110 4299 400 4366 servientes,
427 4299 882 4354 unanimitatem
910 4298 1045 4352 fidei
1079 4314 1183 4368 per
1209 4295 1558 4351 infusionem
1591 4295 1712 4366 Spi-

110 4390 223 4445 ritus
251 4393 325 4448 tui
347 4394 530 4449 sancti
561 4392 970 4447 inviolabiliter
995 4390 1302 4456 custodire,
1332 4406 1398 4444 ac
1425 4406 1533 4460 per
1556 4389 1709 4442 viam

107 4485 229 4552 pacis
268 4487 461 4543 liberis
495 4486 788 4558 gressibus
826 4488 1224 4556 properantes,
1252 4483 1500 4538 caelestia
1529 4499 1708 4554 regna
1729 4495 1788 4568 D

106 4582 481 4638 conscendere.
508 4583 621 4637 Per
646 4596 867 4651 resurg.

709 4680 834 4729 Post
857 4679 1067 4728 Preces.

158 4764 307 4833 Deus,
335 4766 454 4836 qui,
487 4765 697 4820 evulsis
719 4763 1190 4836 superstitionum
1217 4761 1414 4832 spinis,
1443 4760 1503 4815 in
1530 4761 1714 4816 Eccle-

101 4858 165 4910 sia
193 4863 281 4914 tua
323 4859 616 4930 plantaria
646 4859 783 4913 ﬁdei
813 4859 929 4912 alta
964 4857 1158 4911 radice
1197 4855 1458 4927 posuisti,
1507 4853 1713 4909 exaudi

103 4967 301 5020 precem
347 4953 592 5008 familiae
635 4956 784 5018 tum;
813 4952 1032 5022 respice
1074 4950 1146 5004 de
1177 4951 1335 5017 cazlo,
1375 4951 1432 5003 et
1469 4948 1619 5016 vide,
1655 4950 1715 5002 et

101 5043 235 5100 visita
262 5048 492 5102 vineam
524 5047 717 5114 istam,
751 5050 810 5100 et
832 5049 1042 5117 praesta
1060 5047 1141 5112 ut,
1166 5047 1221 5097 te
1251 5043 1564 5114 inrigante,
1598 5041 1712 5096 fru-

101 5141 226 5193 ctum
254 5142 499 5212 accipiat
526 5141 586 5195 in
619 5140 905 5207 ubertate,
931 5155 1078 5211 quae,
1097 5141 1154 5191 te
1185 5139 1509 5208 plantante,
1532 5134 1714 5190 incre-

100 5237 326 5290 mentum
349 5235 558 5306 accipit
588 5235 647 5289 in
684 5233 965 5306 germine.
1001 5235 1108 5288 Per
1128 5247 1348 5301 resurg.

603 5332 860 5397 Apologia
877 5330 1181 5382 sacerdotis.

153 5421 281 5473 Ante
317 5424 433 5474 tua:
469 5418 882 5474 immensitatis
921 5418 1317 5488 conspectum,
1351 5416 1410 5468 et
1433 5414 1568 5468 ante
1600 5414 1715 5465 tuae

101 5507 485 5568 ineffabilitatis
521 5515 736 5579 oculos,
779 5529 812 5568 o
844 5511 1106 5582 Majestas
1153 5507 1463 5574 mirabilis,
1501 5505 1716 5560 scilicet

102 5608 211 5658 ante
242 5611 367 5663 tuos
411 5611 642 5664 sanctos
686 5607 902 5676 vultus,
940 5603 1133 5678 252
1176 5618 1390 5674 magne
1429 5601 1609 5668 Deus,
1658 5601 1718 5652 et

1826 1871 2022 1934 Parce,
2070 1885 2260 1940 parce,
2312 1884 2512 1938 parce,
2553 1867 2844 1938 supplico,
2892 1868 3085 1921 Deitas
3150 1869 3464 1940 placabilis.

1826 1961 2061 2028 Exaudi,
2097 1959 2321 2028 exaudi,
2360 1959 2565 2014 exaudi
2599 1976 2711 2026 me,
2747 1976 2910 2031 rogo,
2952 1959 3039 2013 his
3087 1961 3274 2014 verbis
3318 1961 3467 2016 illius

1827 2056 1951 2110 Filii
1977 2055 2058 2109 tui
2090 2056 2439 2108 clamantem
2470 2071 2482 2108 :
2511 2055 2699 2120 Pater,
2725 2056 2940 2107 aeterne
2963 2055 3131 2121 Deus,
3159 2055 3386 2125 peccavi
3406 2055 3464 2109 in

1824 2150 1984 2217 caelo,
2007 2151 2061 2202 et
2079 2164 2274 2202 coram
2305 2150 2356 2201 te
2380 2165 2392 2214 ;
2413 2147 2536 2216 jam
2566 2163 2680 2201 non
2707 2163 2834 2200 sum
2858 2147 3067 2217 dignus
3097 2147 3290 2202 vocari
3314 2147 3462 2203 ﬁlius

1825 2246 1987 2309 tuus;
2021 2243 2110 2296 fac
2136 2258 2228 2295 me
2249 2244 2310 2294 ut
2332 2257 2511 2294 unum
2536 2239 2605 2293 de
2637 2240 3012 2294 mercenariis
3039 2240 3170 2294 tuis.
3195 2241 3264 2295 Et
3287 2259 3458 2310 nunc,

1823 2339 1991 2391 Pater
2020 2335 2364 2402 misericors,
2387 2333 2620 2388 unicum
2647 2333 3055 2388 misericordiae
3070 2337 3182 2388 tua:
3204 2338 3456 2405 portum,

1823 2430 2047 2487 Christo
2089 2431 2338 2495 favente,
2373 2431 2528 2500 peto,
2565 2431 2625 2481 ut
2653 2427 2807 2499 quod
2838 2444 2942 2498 per
2974 2445 3066 2482 me
3112 2428 3331 2483 vilescit
3358 2445 3462 2500 per

1821 2524 1982 2579 illum
2020 2526 2319 2594 acceptum
2349 2523 2500 2576 ferre
2534 2521 2807 2593 digneris.
2840 2521 2947 2587 Qui
2979 2521 3036 2576 in
3065 2524 3347 2577 aeternum
3374 2525 3456 2577 te-

1823 2636 1950 2673 cum
1980 2618 2115 2672 vivit
2147 2621 2204 2671 et
2229 2621 2453 2688 regnat.

2417 2726 2654 2779 Prmt‘atio
2681 2726 2870 2778 missae.

1894 2837 2288 2907 Expectatum,
2317 2834 2524 2888 fratres
2546 2832 2847 2900 carissimi,
2867 2836 2924 2887 et
2942 2831 3334 2889 desideratum
3359 2852 3460 2891 no-

1821 2929 1908 2984 bis
1937 2931 2107 2999 atque
2128 2927 2390 2982 universo
2413 2927 2614 2997 generi
2632 2927 2888 2981 humano
2904 2927 3212 2981 salutarem
3225 2929 3457 2985 Pascha

1822 3023 1976 3078 diem
1999 3021 2212 3093 adepti,
2229 3021 2500 3076 concordi
2523 3037 2586 3075 ac
2608 3021 2876 3090 religiosa
2888 3036 3056 3091 prece
3071 3021 3456 3091 omnipotenti

1739 3125 1794 3200 ρ
1821 3118 1936 3170 Deo
1960 3115 2174 3187 gratias
2194 3131 2452 3185 agamus,
2469 3117 2771 3186 poscentes
2792 3113 2915 3185 ejus
2927 3113 3382 3169 misericordiam
3395 3114 3454 3171 in

1819 3211 1925 3264 hac
1945 3209 2035 3264 die
2056 3208 2508 3263 Resurrectionis
2533 3207 2765 3263 Domini
2792 3207 3117 3262 nostriJesu
3135 3207 3344 3263 Christi
3364 3208 3450 3263 Fi-

1818 3304 1877 3358 lii
1901 3303 2006 3371 sui,
2029 3305 2090 3356 ut
2111 3302 2324 3356 tribuat
2350 3305 2681 3372 temporum
2698 3301 2972 3372 quietem,
3000 3317 3204 3372 regum
3231 3301 3455 3373 pacabi-

1817 3397 2058 3463 litatem,
2080 3395 2341 3467 judicum
2372 3393 2899 3462 mansuetudinem,
2934 3394 3187 3449 hostium
3216 3394 3454 3451 inﬁrmi-

1816 3494 2016 3557 tatem,
2031 3506 2336 3561 corporum
2354 3487 2928 3555 saluhritatem,aeris
2943 3488 3452 3560 temperiem,anni

1816 3583 2260 3655 benignitatem,
2286 3583 2578 3637 fructuum
2602 3581 2847 3653 copiam,
2872 3581 3245 3636 schismatum
3272 3583 3450 3654 paeni-

1817 3678 2080 3744 tentiam,
2105 3677 2364 3748 gentium
2382 3675 2744 3730 vocationem
2770 3692 2782 3740 ;
2818 3677 2874 3728 et
2899 3677 3448 3731 conventumEccle-

1816 3772 2107 3826 siasticum
2152 3770 2388 3841 paciﬁca
2417 3775 2472 3824 et
2511 3785 2652 3839 pura
2679 3767 3153 3838 congregatione,
3186 3769 3451 3826 Paracliti

1815 3865 1899 3920 sui
1929 3862 2382 3918 sanctiﬁcatione
2415 3862 2756 3927 conlustret;
2786 3860 3059 3914 devotum
3092 3877 3157 3914 ac
3196 3860 3448 3917 dicatum

1813 3959 1922 4013 sibi
1941 3957 2282 4028 virginalem
2313 3955 2596 4026 pudorem
2617 3957 2675 4007 et
2695 3953 3066 4008 continentiae
3090 3954 3450 4025 propositum

1813 4052 2128 4125 gloriosum
2162 4052 2333 4120 atque
2361 4049 2595 4102 beatum
2631 4047 2688 4100 in
2727 4047 2998 4101 omnibus
3025 4047 3336 4116 custodiat;
3366 4048 3446 4102 vi-

1813 4148 2056 4201 duarum
2099 4142 2445 4198 laboriosam
2480 4140 2900 4195 continentiam
2946 4159 3048 4196 sua
3077 4141 3450 4198 miseratione

1811 4241 2141 4304 confoveat;
2178 4235 2451 4308 orphanis
2480 4251 2650 4306 opem
2683 4233 2914 4305 pietatis
2946 4239 3202 4306 paterna:
3231 4236 3446 4308 imper-

1811 4335 1932 4389 tiat.
1968 4334 2076 4388 Per
2105 4333 2508 4402 resurgentem
2536 4346 2570 4384 a
2611 4332 2784 4383 mort.
2819 4329 3130 4384 Dominum
3164 4335 3444 4384 nostrum.

2363 4440 2615 4491 Collectio
2643 4440 2893 4505 sequitur.

1884 4545 2034 4598 Deus
2059 4541 2448 4612 omnipotens,
2479 4539 2682 4595 exaudi
2712 4540 2988 4611 populum
3015 4541 3197 4606 tuum,
3221 4539 3328 4595 hac
3355 4539 3450 4597 die

1815 4638 1888 4692 ad
1901 4635 2145 4708 gloriam
2161 4633 2617 4689 Resurrectionis
2640 4632 2872 4687 Domini
2899 4632 3221 4688 nostriJesu
3241 4632 3451 4690 Christi

1814 4731 1938 4785 Filii
1963 4729 2046 4784 tui
2066 4729 2125 4783 in
2146 4731 2246 4783 tuo
2270 4727 2509 4783 nomine
2541 4728 2980 4797 congregatum,
3009 4729 3068 4780 et
3091 4725 3449 4797 Majestatem

1813 4822 2007 4898 253
2044 4827 2203 4876 tuam
2240 4821 2572 4893 suppliciter
2611 4822 2947 4874 exorantem
2986 4820 3170 4893 dirige
3217 4838 3283 4876 ex
3311 4838 3451 4894 pra-

1814 4918 1960 4974 senti
1985 4915 2294 4971 festivitate
2328 4915 2386 4969 in
2421 4913 2681 4968 laetitiam
2711 4913 3152 4985 sempiternam,
3182 4918 3354 4988 atque
3383 4932 3451 4972 ex

1812 5014 1920 5067 hac
1961 5011 2260 5066 hodiernae
2301 5007 2682 5064 solemnitatis
2734 5009 3084 5065 exultatione
3131 5009 3204 5065 ad
3241 5010 3450 5081 gaudia

1813 5106 2146 5177 incorrupta
2173 5102 2518 5159 transmitte.
2547 5103 2658 5157 Per
2680 5119 2902 5174 resurg.

2435 5214 2557 5264 Post
2591 5213 2820 5264 nomina.

1887 5315 2140 5387 Suscipe,
2172 5330 2520 5386 qumsumus,
2544 5315 2814 5383 Domine,
2837 5315 3088 5371 hostiam
3113 5312 3454 5384 placationis

1815 5413 1873 5465 et
1885 5408 2088 5476 laudis;
2103 5412 2161 5462 et
2174 5409 2276 5463 has
2290 5408 2612 5464 oblationes
2623 5409 2974 5464 famulorum
2987 5407 3451 5479 famularumque

1817 5508 2066 5571 tuarum,
2100 5519 2241 5574 quas
2261 5501 2365 5557 tibi
2393 5501 2690 5558 offerimus
2721 5501 2894 5556 hodie
2926 5502 2984 5555 in
3013 5501 3448 5557 Resurrectione

1818 5597 2048 5654 Domini
2078 5596 2261 5653 nostri
2284 5598 2418 5653 Jesu
2447 5595 2654 5652 Christi
2686 5593 3006 5650 secundum
3045 5609 3303 5664 carnem,
3335 5595 3452 5665 pla-

159 5742 180 5770 ‘
202 5747 258 5802 ld
289 5753 373 5804 est
403 5757 522 5822 post
541 5767 774 5824 precem,
806 5753 869 5806 ut
898 5748 958 5804 in
997 5747 1184 5804 Natali
1211 5744 1467 5813 Domini,
1495 5741 1710 5800 scilicet
1736 5744 1865 5814 post
1899 5742 2180 5813 hymnum
2211 5740 2386 5796 trium
2430 5752 2765 5812 puerorum,
2797 5738 2860 5790 ut
2895 5733 3131 5808 quidem
3162 5733 3444 5806 interpre-

114 5818 294 5877 tamur.
