3968 6224
446 306 547 359 279

449 507 673 560 ctorum
691 508 922 560 tuorum
945 503 1089 559 caris
1119 502 1347 571 nostris,
1377 502 1475 573 qui
1499 501 1559 555 in
1587 501 1811 557 Christo
1838 500 2086 556 dormie-

449 602 603 666 runt,
632 599 1002 670 refrigerium
1029 598 1087 652 in
1114 597 1354 668 regione
1375 595 1653 650 vivorum.
1682 596 1809 651 Per.

1107 711 1183 762 Ad
1210 724 1415 775 pacem.

520 810 744 875 Annue,
779 823 1124 880 quaesumus,
1164 804 1432 872 Domine,
1470 803 1819 876 supplicibus
1861 802 1989 871 tuis,
2029 806 2091 858 ut

450 902 573 956 haec
592 904 802 956 nostra:
822 899 1106 954 servitutis
1127 897 1343 953 oblatio
1368 898 1429 953 in
1458 898 1612 952 diem
1631 896 2090 952 Resurrectionis

451 993 685 1050 Domini
712 993 895 1048 nostri
922 995 1054 1048 Jesu
1085 991 1405 1059 Christi,.et
1432 992 1676 1046 salutem
1708 991 1874 1046 nobis
1901 992 2091 1047 confe-

450 1088 602 1145 l'erat
630 1090 689 1142 et
717 1103 938 1160 pacem.
970 1087 1078 1140 Per
1102 1088 1524 1157 resurgentem.

1101 1199 1440 1251 Contestatio.

521 1301 769 1372 Dignum
802 1301 860 1352 et
879 1297 1101 1368 justum
1133 1299 1238 1361 est,
1259 1310 1489 1365 aequum
1512 1295 1571 1346 et
1591 1294 1838 1347 salutare
1863 1295 1966 1359 est,
1987 1308 2092 1346 nos

451 1393 553 1450 tibi
575 1393 667 1448 hic
689 1395 746 1447 et
764 1391 976 1462 ubique
1005 1405 1238 1460 semper
1257 1387 1472 1459 gratias
1491 1403 1684 1457 agere,
1702 1386 1946 1440 Domine
1969 1403 2095 1440 san-

451 1490 562 1555 cte,
594 1488 764 1541 Pater
795 1483 1185 1554 omnipotens,
1213 1484 1428 1536 aeterne
1459 1481 1626 1535 Deus.
1652 1479 1765 1536 Sed
1786 1479 1843 1534 in
1866 1480 1972 1533 hac
2000 1479 2092 1534 die

452 1577 912 1635 Resurrectionis
948 1575 1181 1631 Domini
1218 1573 1398 1629 nostri
1430 1575 1562 1629 Jesu
1601 1573 1807 1628 Christi
1857 1572 1980 1628 Filii
2012 1572 2093 1626 tui

457 1671 766 1747 gratulatio
799 1671 989 1741 major
1020 1669 1233 1724 exultat
1255 1669 1313 1722 in
1341 1667 1608 1722 cordibus
1633 1666 1860 1721 nostris.
1893 1665 1989 1721 Hic
2011 1669 2097 1720 est

1231 302 1560 357 APPENDIX
1602 301 1688 355 AD
1725 299 1946 354 OPERA
1985 299 2218 357 SANCTI
2255 301 2555 358 GERMANI
2595 302 3020 358 PARISIENSIS.

447 413 608 467 catus
623 407 1102 466 adsume.Tribue
1129 408 1307 465 etiam
1332 425 1435 481 per
1454 406 1927 463 intercessionem
1955 423 2082 461 san-
2103 421 2163 494 Α

3733 305 3839 358 280

2860 407 3132 460 Collectio.

2261 494 2480 550 Famuli
2517 494 2621 563 tui,
2654 494 2920 562 Domine,
2964 494 3061 567 qui
3107 494 3182 550 ad
3225 497 3386 551 tuam
3415 498 3552 552 sunt
3578 494 3838 568 gratiam

2188 587 2391 655 vocati,
2416 591 2514 643 tuo
2541 589 2941 643 indesinenter
2961 591 3344 661 protegantur
3359 589 3604 657 auxilio;
3644 593 3714 644 ut
3744 588 3839 661 qui

2191 682 2384 737 divino
2430 686 2564 736 sunt
2602 683 2890 754 baptismo
2933 682 3262 754 regenerati
3286 725 3300 751 ,
3339 699 3649 755 nunquam
3691 700 3727 738 a
3760 683 3842 738 tui

2190 776 2357 848 regni
2383 775 2643 848 potentia
2669 775 2892 847 possint
2922 775 3108 830 evelli.
3135 777 3262 830 Per.

2813 879 2934 928 Post
2967 877 3198 928 nomina.

2261 965 2496 1031 Adesto,
2514 961 3312 1035 Domine,supplicationibus
3338 962 3567 1030 nostris,
3602 964 3667 1018 et
3689 963 3844 1018 obla-

2192 1059 2381 1114 tiones
2406 1058 2756 1114 famulorum
2790 1073 2855 1112 ac
2881 1057 3233 1112 famularum
3266 1059 3518 1124 tuarum,
3547 1073 3704 1130 quas
3739 1055 3843 1111 tibi

2193 1151 2506 1220 offerimus,
2536 1150 2795 1223 placidus
2823 1167 2888 1205 ac
2913 1150 3202 1222 benignus
3232 1149 3490 1205 adsume.

2853 1253 2931 1304 Ad
2958 1265 3163 1318 pacem.

2265 1339 2549 1407 Concede,
2583 1355 2930 1411 quaesumus,
2969 1337 3342 1409 omnipotens
3374 1339 3544 1405 Deus,
3588 1342 3656 1393 ut
3697 1339 3840 1394 festa

2192 1433 2506 1499 Paschalia,
2549 1450 2678 1504 quae
2727 1433 3032 1488 devotione
3074 1431 3333 1500 colimus,
3374 1431 3641 1488 moribus
3681 1448 3837 1486 exse-

2197 1544 2461 1600 quamur.
2490 1529 2615 1582 Per.

2863 1597 3174 1648 Immolatio.

2267 1685 2409 1738 Vere
2437 1683 2679 1754 dignum
2699 1685 2756 1737 et
2769 1683 2989 1754 justum
3005 1687 3091 1737 est
3113 1700 3126 1738 :
3152 1682 3291 1755 quia
3316 1699 3481 1738 verus
3500 1683 3600 1738 ille
3616 1687 3841 1755 Agnus,

456 1766 614 1821 enim
648 1765 768 1819 dies
795 1763 853 1818 ίη
886 1780 1000 1834 (Ιυο
1025 1762 1195 1817 Ποδίδ
1232 1764 1429 1816 exorta
1460 1764 1546 1816 θεία
1587 1763 1879 1833 Perpet“83
1925 1776 2095 1814 causa
2115 1794 2172 1866 B
2198 1777 2296 1850 qui
2325 1794 2428 1848 pro
2460 1777 2624 1832 nobis
2654 1780 2740 1830 est
2766 1776 3115 1832 immolatus.
3147 1776 3255 1840 Qui
3291 1779 3542 1832 mortem
3576 1780 3843 1832 nostram

457 1858 685 1914 ltetitias.
711 1857 808 1912 Hic
835 1861 922 1912 est
952 1857 1073 1911 dies
1103 1854 1538 1910 resurrectionis
1566 1855 1857 1920 humanm,
1884 1856 1941 1907 et
1969 1853 2097 1907 vitae
2117 1853 2170 1866 "
2197 1871 2500 1926 moriendo
2535 1871 2831 1937 destruxit,
2863 1874 2921 1924 et
2949 1870 3126 1925 vitam
3169 1873 3429 1925 nostram
3475 1869 3841 1941 resurgendo

456 1951 665 2009 natalis
708 1955 960 2006 ωίθνηωο
1005 1949 1104 2004 Hic
1143 1952 1229 2003 θεία
1263 1949 1386 2002 dies
1424 1948 1483 2002 in
1521 1963 1634 2019 (Ιυο
1673 1946 1861 2001 satiati
1901 1964 2098 2001 sumus
2198 1964 2659 2036 reparavitJesus
2676 1964 2931 2019 Christus
2959 1963 3236 2018 Dominus
3257 1967 3471 2018 noster.
3497 1963 3605 2019 Cui
3632 1963 3842 2018 merito

457 2063 629 2102 mane
666 2043 1063 2100 misericordia
1094 2047 1219 2109 tua;
1256 2059 1370 2114 quo
1412 2040 1578 2096 nobis
1607 2040 1703 2095 ille
1735 2041 2095 2108 Benedictus,

457 2139 558 2213 qui
601 2138 758 2192 venit
796 2137 855 2192 in
895 2137 1130 2192 nomine
1171 2135 1423 2202 Domini,
1463 2135 1613 2189 Deus
1662 2138 1859 2190 noster
1896 2134 2100 2188 inluxit

459 2231 641 2289 nobis.
658 2231 755 2286 Hic
775 2231 932 2285 enim
953 2230 1234 2285 Dominus
1255 2232 1452 2283 noster
1469 2230 1496 2283 J
1503 2245 1631 2282 esus
1653 2227 1906 2283 Christus
1928 2228 2098 2282 Filius

459 2329 586 2381 tuus
613 2325 937 2397 adimplens
973 2323 1306 2396 prophetias
1347 2322 1704 2393 temporibus
1744 2321 2096 2393 praestitutis,

462 2419 711 2488 visitavit
737 2435 842 2473 nos
873 2420 1002 2489 post
1031 2417 1292 2482 biduum,
1329 2415 1421 2469 die
1453 2415 1626 2470 tertia
1657 2414 1983 2470 resurrexit.
2000 2414 2099 2469 Hic

459 2517 545 2568 est
574 2512 732 2567 enim
767 2511 889 2565 dies
923 2509 1068 2565 tanti
1105 2508 1362 2563 muneris
1393 2507 1793 2563 benedictione
1821 2508 2099 2579 signatus,

460 2607 560 2678 qui
610 2604 893 2660 hodierna
935 2603 1242 2658 festivitate
1277 2602 1664 2674 gaudentibus
1703 2602 1762 2656 in
1800 2605 1922 2656 toto
1963 2601 2102 2656 orbe

463 2697 806 2753 mortalibus
826 2697 1247 2768 frequentatur.
1272 2695 1416 2760 Quia
1431 2696 1693 2749 omnium
1708 2711 1862 2750 mors
1874 2711 2100 2766 perem-

462 2795 562 2864 pta
597 2793 683 2845 est
722 2791 780 2844 in
821 2807 988 2844 cruce
1025 2789 1252 2855 Christi,
1281 2793 1340 2843 et
1380 2789 1439 2843 in
1489 2789 1930 2843 Resurrectione
1981 2789 2103 2860 ejus

465 2884 728 2940 omnium
754 2883 869 2938 vita
881 2882 1140 2937 surrexit.
1157 2884 1224 2936 Et
1245 2899 1417 2950 nunc,
1443 2882 1684 2936 Domine
1707 2884 2105 2948 sancte,Pater

465 2978 854 3049 omnipotens,
871 2979 1086 3030 aeterne
1102 2976 1272 3042 Deus,
1297 2975 1579 3046 supplices
1598 2976 1996 3046 deprecamur,
2021 2975 2101 3030 uti

463 3073 613 3126 hanc
659 3071 1014 3126 oblationem
1044 3069 1389 3124 benedicere
1418 3072 1475 3122 et
1504 3069 1858 3124 sanctiﬁcare
1900 3068 2101 3140 digne-

465 3165 562 3219 ris.
596 3166 704 3219 Per
727 3163 1018 3219 Christum
1048 3162 1360 3217 Dominum
1389 3165 1670 3216 nostrum.

1095 3280 1218 3328 Post
1245 3279 1476 3328 Sanctus.

538 3377 668 3429 Hac
695 3377 750 3428 te
781 3391 906 3440 vox,
937 3371 1204 3439 Domine,
1228 3372 1468 3444 mystica
1492 3373 1615 3427 luce
1638 3372 1961 3439 comitatur,
1979 3387 2106 3443 qua:

466 3485 598 3523 cum
629 3467 686 3521 in
706 3465 969 3538 supernis
983 3465 1288 3520 dominicae
1301 3466 1730 3538 perennitatem
1745 3465 1931 3520 laudis
1944 3481 2103 3519 exer-

468 3564 619 3629 ceat,
649 3559 1100 3615 celebrationem
1132 3559 1280 3614 tanti
1310 3559 1564 3614 nominis
1595 3559 1810 3612 invexit
1834 3562 1891 3613 et
1918 3558 2105 3626 terris,

466 3658 530 3709 ut
577 3653 912 3725 hujusmodi
947 3669 1224 3725 personas
1253 3653 1300 3706 si
1340 3651 1610 3707 homines
1639 3655 1927 3718 tacerent,
1977 3669 2109 3707 saxa

468 3748 806 3804 clamarent.
842 3746 1123 3802 Viderunt
1157 3749 1213 3800 te
1253 3745 1446 3812 inferi,
1480 3747 1668 3811 Deus;
1708 3744 2012 3813 viderunt,
2053 3748 2111 3800 et

466 3841 791 3896 timuerunt
809 3856 842 3894 a
862 3856 998 3894 voce
1021 3838 1262 3894 tonitrui
1281 3837 1385 3904 tui,
1415 3838 1672 3892 dicentes
1697 3854 1708 3892 :
1732 3837 2013 3909 Absorpta
2027 3840 2112 3892 est

469 3952 626 3990 mors
670 3934 730 3988 in
760 3933 1001 3988 victoria
1036 3935 1153 3986 tua.
1193 3931 1299 3985 Ubi
1340 3935 1444 3999 est,
1477 3932 1642 3998 Mors,
1675 3931 1906 3985 aculeus
1934 3931 2110 3986 tuus?

466 4028 745 4084 Adtonita
766 4027 1065 4098 paululum
1080 4025 1430 4080 miserorum
1445 4029 1653 4081 stetere
1673 4025 1980 4096 supplicia;
2006 4042 2111 4080 nec

468 4122 801 4177 habuerunt
838 4122 1132 4173 tormenta
1178 4118 1535 4184 cruciatum;
1567 4123 1623 4173 et
1653 4118 1913 4189 judiccm
1942 4136 2108 4174 suum

469 4213 664 4288 254
698 4213 822 4284 ipsa
850 4211 1025 4265 etiam
1051 4228 1222 4282 pcena
1244 4211 1612 4280 contremuit,
1630 4212 1766 4284 quia
1778 4215 1983 4267 natura
2002 4215 2111 4267 ter-

471 4307 728 4362 ribilium
751 4304 1147 4372 tenebrarum,
1180 4305 1490 4376 praesentia
1518 4306 1601 4359 tui
1630 4306 1871 4378 fulgoris
1891 4306 2108 4373 habita,

464 4402 591 4472 jam
638 4403 776 4453 tunc
830 4397 1026 4452 timuit
1065 4398 1334 4468 judicari.
1372 4401 1779 4454 Exultaverunt
1816 4400 1998 4454 sancti
2050 4400 2110 4454 in

473 4494 677 4567 gloria,
695 4494 956 4548 laatantes
969 4493 1028 4546 in
1043 4492 1324 4547 cubilibus
1336 4493 1470 4560 suis,
1487 4493 1642 4565 quod
1653 4496 1961 4549 Auctorem
1975 4510 2104 4565 pro-

473 4588 663 4642 missos
695 4586 802 4640 sibi
840 4586 980 4640 lucis
1011 4590 1410 4657 agnoscerent.
1441 4587 1699 4652 Quorum
1726 4590 1808 4654 tu,
1838 4587 2106 4657 Domine,

472 4682 715 4754 stipatus
746 4680 1097 4752 agminibus,
1134 4684 1192 4735 et
1235 4681 1340 4735 tibi
1366 4684 1594 4735 tantum
1626 4683 1762 4736 noto
1803 4682 2110 4754 splendore

471 4775 759 4848 perfusus,
806 4774 1083 4829 sacriﬁcia
1114 4791 1218 4845 per
1243 4778 1300 4829 te
1342 4774 1601 4829 instituta
1645 4776 1958 4842 sanctifica,
1993 4791 2109 4830 non

471 4867 766 4924 invitantis
787 4868 1016 4935 merito,
1033 4867 1134 4922 sed
1152 4868 1560 4923 sanctiﬁcantis
1587 4871 1873 4941 exemplo,
1899 4872 1959 4923 ut
1979 4885 2114 4922 cun-

471 4963 575 5017 ctis
600 4962 708 5017 rite
741 4962 1029 5032 perfectis,
1063 4962 1358 5017 Salvatore
1401 4967 1596 5019 nostro
1640 4965 1712 5019 ab
1743 4963 1946 5018 inferis
1986 4962 2111 5033 jam

472 5071 722 5122 reverso,
769 5057 826 5108 et
870 5071 1028 5108 mors
1055 5070 1114 5108 se
1141 5053 1429 5128 intelligat
1455 5058 1688 5124 victam,
1720 5060 1778 5111 et
1804 5055 1919 5109 vita
1947 5071 2108 5110 revo-

472 5153 684 5216 catam,
716 5164 832 5220 per'
850 5147 1140 5203 Christum
1177 5149 1488 5206 Dominum
1517 5154 1802 5206 nostrum.
1843 5149 1953 5213 Qui
2003 5148 2113 5220 pri-

474 5244 568 5300 die
600 5259 776 5316 quam
804 5259 860 5313 p.

470 5370 728 5425 XXXVIII.
770 5381 930 5422 nussx
983 5383 1335 5426 MATL'TINALIS
1389 5384 1489 5424 pen
1527 5382 1707 5423 TOTUM
1757 5382 1964 5423 rxscnx
2006 5383 2110 5423 Ριιο

634 5454 898 5496 PARV'ULIS
938 5455 1028 5502 QUI
1066 5456 1257 5496 RENATI
1297 5456 1452 5502 SUNT,
1495 5454 1739 5494 SECUNDA
1777 5455 1955 5494 FERIA.

543 5548 708 5612 Deus,
734 5546 834 5617 qui
863 5546 1164 5602 credentes
1186 5546 1246 5599 in
1271 5549 1328 5599 te
1354 5546 1598 5616 populos
1627 5545 1828 5618 gratiae
1854 5546 1968 5597 tua;
2008 5543 2113 5598 lar-

473 5640 648 5711 gitate
679 5640 1042 5712 multiplices,
1083 5638 1302 5709 respice
1349 5637 1628 5710 propitius
1658 5639 1732 5694 ad
1767 5636 2110 5692 electionem

471 5738 650 5802 tuam,
695 5737 756 5788 ut
795 5734 890 5807 qui
931 5747 1094 5786 sacro
1143 5730 1493 5803 baptismate
1537 5737 1670 5788 sunt
1707 5731 1914 5800 renati,
1945 5731 2112 5805 regni

473 5826 714 5883 caelestis
741 5827 1080 5881 mereantur
1109 5825 1434 5883 introitum.
1465 5828 1574 5883 Per
1600 5827 1926 5884 Dominum.

2127 4537 2186 4610 D

2200 2075 2401 2115 omnes
2431 2057 2644 2129 angeli.

2272 2297 2441 2363 Deus,
2469 2295 2569 2366 qui
2595 2311 2797 2349 omnes
2818 2295 2878 2349 in
2903 2295 3128 2350 Christo
3145 2298 3379 2350 renatos
3404 2312 3588 2366 genus
3615 2295 3844 2367 regium

2201 2394 2259 2445 et
2305 2387 2660 2444 sacerdotale
2706 2405 2827 2444 esse
2873 2387 3077 2455 fecisti,
3122 2389 3196 2442 da
3223 2388 3389 2443 nobis
3413 2389 3558 2443 velle
3591 2393 3653 2443 et
3680 2405 3845 2462 posse

2203 2483 2356 2556 quod
2379 2483 2659 2555 praecipis,
2679 2484 2741 2536 ut
2757 2483 2968 2554 populo
2998 2481 3071 2536 ad
3089 2483 3474 2537 aeternitatem
3501 2486 3712 2539 vocato
3736 2500 3845 2537 una

2203 2578 2276 2632 sit
2307 2577 2448 2631 fides
2475 2575 2762 2632 mentium
2795 2579 2852 2630 et
2877 2576 3060 2646 pietas
3087 2576 3402 2630 actionum.
3431 2577 3560 2630 Per.

2890 2677 3161 2727 Collectio.

2275 2763 2656 2836 Omnipotens
2677 2763 3028 2835 sempiterne
3046 2763 3215 2830 Deus,
3231 2779 3334 2835 per
3361 2779 3532 2835 quem
3558 2763 3732 2818 nobis
3755 2780 3842 2818 re-

2206 2857 2463 2930 demptio
2497 2858 2800 2929 praestatur
2824 2860 2883 2911 et
2907 2856 3164 2928 adoptio,
3189 2857 3408 2928 respice
3439 2857 3497 2910 in
3528 2873 3714 2928 opera
3735 2857 3850 2928 pie-

2205 2951 2339 3006 tatis
2364 2955 2505 3018 tuaa;
2539 2953 2597 3005 et
2635 2967 2761 3023 quae
2801 2950 3071 3022 dignatus
3109 2967 3169 3004 es
3209 2951 3492 3016 conferre,
3528 2966 3847 3016 conserva;

2207 3048 2269 3100 ut
2294 3045 2352 3098 in
2380 3044 2605 3100 Christo
2632 3043 2849 3098 renatis
2880 3047 3099 3098 {eterna
3135 3043 3421 3098 tribuatur
3681 3044 3845 3099 here-

2579 2199 2703 2239 ITEM
2743 2198 2901 2240 MISSA
2939 2199 3254 2250 PASCHALIS,
3295 2199 3482 2240 TERTIA
3522 2199 3709 2239 FERIA.

2125 3165 2181 3239 ρ
2208 3139 2376 3207 ditas,
2405 3141 2463 3193 et
2484 3155 2620 3193 vera
2649 3121 2901 3192 libertas.
2931 3140 3057 3192 Per.

2831 3239 2953 3288 Post
2983 3239 3214 3289 nomina.

2281 3325 2535 3398 Suscipe,
2555 3325 2816 3390 Domine,
2837 3341 3080 3380 munera
3107 3324 3334 3380 nomini
3358 3328 3454 3380 tuo
3483 3324 3704 3390 oblata,
3725 3342 3854 3396 qua

2208 3420 2268 3474 in
2315 3419 2441 3474 Filii
2485 3418 2567 3473 tui
2612 3419 3050 3474 Resurrectione
3097 3419 3506 3491 triumphantis
3546 3419 3604 3473 in
3642 3420 3850 3491 gloria,

2211 3512 2547 3568 universalis
2575 3512 2698 3584 ejus
2719 3512 3009 3585 adquisita
3039 3513 3321 3584 sanguine
3356 3513 3526 3568 offert
3573 3513 3850 3568 Ecclesia.

2211 3609 2333 3662 Per.

2865 3677 2944 3728 Ad
2974 3690 3180 3742 pacem.

2282 3763 2663 3834 Omnipotens
2680 3762 3033 3834 sempiterne
3051 3765 3218 3832 Deus,
3241 3763 3338 3834 qui
3357 3779 3460 3835 per
3472 3763 3852 3835 Unigenitum

2211 3859 2374 3911 tuum
2401 3856 2741 3911 eternitatis
2755 3857 2920 3912 nobis
2947 3857 3189 3924 aditum,
3214 3857 3436 3912 devicta
3464 3860 3678 3924 morte,
3704 3872 3851 3910 rese-

2211 3951 2388 4016 rasti;
2423 3949 2580 4021 erige
2627 3951 2701 4005 ad
2747 3954 2802 4004 te
2847 3951 3024 4006 corda
3053 3950 3435 4018 credentium,
3465 3954 3527 4005 ut
3559 3967 3768 4006 omnes
3795 3950 3853 4004 in

2211 4043 2436 4098 Christo
2479 4043 2670 4098 renati
2708 4061 2775 4098 ex
2819 4060 2972 4115 aqua
3017 4048 3074 4097 et
3113 4044 3329 4116 Spiritu
3356 4047 3554 4100 sancto
3603 4059 3854 4115 regnum

2211 4138 2485 4193 caelorum
2517 4137 2747 4207 ingredi
2775 4141 3130 4192 mereantur.
3161 4139 3287 4192 Per.

2881 4240 3188 4290 lmmolntio.

2282 4326 2528 4397 Dignum
2557 4329 2612 4379 et
2641 4325 2861 4396 justum
2888 4329 2974 4380 est
2995 4343 3100 4381 nos
3125 4326 3230 4381 tibi
3259 4327 3472 4398 gratias
3500 4342 3699 4397 agere,
3729 4343 3854 4381 om-

2212 4419 2482 4491 nipotens
2537 4419 2889 4491 sempiterne
2940 4421 3108 4488 Deus,
3159 4437 3264 4491 per
3313 4422 3508 4475 Jesum
3558 4420 3857 4476 Christum

2213 4512 2416 4567 Filium
2442 4515 2607 4566 tuum
2635 4512 2946 4567 Dominum
2978 4515 3258 4567 nostrum.
3298 4514 3408 4567 Per
3435 4529 3609 4584 quem
3642 4513 3854 4568 huma-

2213 4623 2351 4661 num
2381 4622 2564 4678 genus
2591 4605 2902 4674 viviﬁcans,
2933 4606 3150 4660 Pascha
3177 4606 3352 4660 etiam
3389 4622 3495 4677 per
3533 4607 3769 4677 Moysen
3801 4611 3858 4660 et.

2211 4703 2404 4754 Aaron
2430 4700 2679 4754 famulos
2705 4703 2833 4755 tuos
2861 4701 3012 4772 Agni
3037 4699 3433 4755 immolatione
3460 4698 3684 4769 jussisti
3713 4701 3859 4754 cele-

2211 4793 2369 4848 brari
2401 4810 2414 4848 :
2446 4794 2931 4865 consequentibus
2951 4794 3310 4865 temporibus
3331 4809 3512 4864 usque
3540 4792 3612 4847 ad
3643 4793 3858 4848 adven-

2213 4891 2336 4941 tum
2365 4887 2595 4942 Domini
2625 4887 2808 4942 nostri
2836 4889 2968 4943 Jesu
2998 4887 3206 4942 Christi
3240 4887 3359 4959 (qui
3385 4888 3531 4942 sicut
3558 4903 3747 4959 agnus
3783 4887 3856 4942 ad

2214 4981 2504 5035 victimam
2525 4981 2727 5036 ductus
2740 4981 2846 5052 est)
2864 4981 3132 5036 eamdem
3155 4981 3640 5036 consuetudinem
3657 4981 3717 5036 in
3741 4998 3861 5036 me-

2215 5075 2464 5129 moriam
2486 5075 2791 5129 observare
2814 5062 3152 5146 pmcepisti.
3178 5077 3300 5147 Ipse
3326 5078 3412 5130 est
3437 5091 3623 5147 agnus
3653 5075 3859 5130 imma-

2215 5169 2452 5236 culatus,
2470 5167 2788 5238 quiprioris
2811 5168 3008 5240 populi
3023 5169 3275 5239 primum
3288 5170 3505 5224 Pascha
3529 5169 3589 5223 in
3609 5170 3856 5241 {Egypto

2215 5263 2402 5316 fuerat
2424 5261 2773 5315 immolatus.
2798 5263 2922 5332 Ipse
2947 5265 3033 5316 est
3055 5262 3217 5317 Aries
3244 5262 3305 5317 in
3332 5263 3609 5317 verticem
3641 5262 3858 5318 montis

2216 5353 2420 5409 excelsi
2451 5354 2524 5408 de
2548 5370 2720 5425 vepre
2746 5356 3022 5426 prolatus,
3047 5356 3325 5411 sacrificio
3350 5356 3694 5410 destinatus.
3726 5358 3852 5427 lpse

2216 5453 2300 5503 est
2326 5447 2544 5502 Vitulus
2575 5448 2892 5519 saginatus,
2924 5449 3024 5520 qui
3050 5450 3107 5504 in
3138 5449 3514 5505 tabernaculo
3546 5449 3728 5520 patris
3755 5466 3856 5504 no-

2215 5543 2316 5597 stri
2357 5541 2603 5596 Abrahw
2643 5546 2882 5614 propter
2911 5543 3166 5614 hospites
3198 5548 3285 5598 est
3311 5543 3659 5598 victimatus.
3690 5543 3858 5614 Cujus

2214 5635 2542 5709 passionem
2579 5640 2638 5690 et
2671 5636 3151 5692 resurrectionem
3189 5637 3568 5705 celebramus,
3602 5638 3766 5708 cujus
3805 5642 3860 5690 et

2215 5730 2527 5786 adventum
2571 5746 2889 5801 speramus.
2933 5732 3002 5785 Et
3041 5730 3172 5787 ideo
3219 5748 3351 5787 cum
3399 5731 3626 5805 angelis
3674 5735 3732 5786 et
3776 5747 3858 5786 ar-

2217 5823 2512 5896 changelis
2543 5823 2788 5880 claman.
2819 5823 2928 5879 dic.
