3968 6224
445 343 548 399 283

1234 335 1567 392 APPENDIX
1603 333 1690 387 AD
1728 329 1950 385 OPERA
1987 324 2221 380 SANCTI
2259 319 2558 376 GERMANI
2597 317 3023 373 PARISIENSIS.

3727 314 3819 368 284

444 451 686 511 donasti.
731 451 825 507 Ille
858 453 1102 506 mortem
1133 446 1508 518 temporalem
1549 441 1761 510 intulit,
1803 444 1866 494 tu
1903 439 2076 494 vitam
2099 447 2366 520 Asuum,
2396 429 2760 499 adsumptam
2785 443 2855 482 ex
2899 441 3068 482 carne
3112 423 3361 497 Virginis
3550 420 3823 520 hominis

444 549 778 621 perpetuam
799 543 1068 600 tribuisti.
1093 545 1394 613 Propterea
1414 537 1659 609 profusis
1688 534 1906 607 gaudiis
1924 535 2074 587 totus

443 638 502 693 in
533 638 666 692 orbe
691 640 972 691 terrarum
1009 632 1256 687 mundus
1295 629 1544 684 exultat:
1585 627 1678 681 sed
1719 629 1776 680 et
1815 638 2074 695 superna

443 736 748 791 concinunt
771 736 1076 806 potestates
1108 731 1389 801 hymnum
1422 725 1618 798 gloriae
1643 729 1777 790 tuae,
1813 724 1933 778 sine
1963 723 2074 777 line

445 829 714 886 dicentes.

585 938 760 992 XLIII.
797 950 955 990 MISSA
979 950 1031 989 ns
1058 949 1146 987 me
1174 945 1411 987 SABBATO
1441 943 1663 984 ocnus
1689 941 1930 982 meum.

419 1018 424 1023 I
513 1033 808 1097 Conserva,
840 1028 1094 1096 Domine,
1122 1025 1392 1080 familiam
1427 1027 1604 1090 tuam,
1637 1037 1778 1092 quos
1817 1036 1885 1074 ex
1929 1035 2076 1090 aqua

444 1132 501 1182 et
537 1125 746 1197 Spiritu
793 1126 982 1177 sancto
1024 1120 1303 1193 prOpitius
1346 1115 1669 1184 redemisti;
1721 1117 1784 1168 ut
1827 1117 2076 1167 veterem

442 1220 736 1277 hominem
779 1235 910 1272 cum
949 1215 1063 1270 suis
1102 1215 1318 1268 actibus
1363 1210 1760 1282 exspoliantes,
1804 1207 1865 1261 in
1902 1206 2076 1279 ipsius

442 1312 866 1370 conversatione
919 1310 1192 1377 vivamus,
1247 1307 1317 1361 ad
1368 1306 1528 1376 cujus
1561 1301 1931 1358 substantiam
1975 1316 2078 1372 per

441 1410 560 1464 haec
587 1405 871 1479 paschalia
891 1404 1112 1459 dierum
1138 1405 1462 1455 octavarum
1489 1401 1600 1452 tuae
1630 1394 2077 1452 Resurrectionis

441 1501 712 1574 mysteria
739 1497 1093 1554 transtulisti.
1123 1497 1248 1550 Per.

1126 1595 1392 1647 Collectio.

514 1689 636 1756 Fac,
666 1686 1026 1756 omnipotens
1055 1687 1111 1738 et
1136 1682 1454 1738 misericors
1481 1680 1644 1748 Deus,
1673 1682 1734 1732 ut
1760 1677 1909 1749 quod
1934 1680 2079 1731 octa-

441 1797 639 1836 varum
661 1781 882 1834 dierum
911 1776 1358 1834 Resurrectionis
1395 1781 1506 1829 tuae
1542 1771 1899 1844 paschalibus
1939 1771 2078 1824 cele-

439 1876 669 1930 bramus
688 1872 905 1942 officiis,
926 1871 1284 1926 fructiferum
1304 1868 1470 1923 nobis
1496 1865 1653 1923 omni
1675 1869 1929 1937 tempore
1956 1881 2077 1920 sen-

440 1968 574 2023 tiam
584 1986 664 2022 us.
697 1968 805 2022 Sal.

1068 2037 1191 2084 Post
1209 2032 1442 2083 nomina.

509 2125 657 2178 Deus
681 2121 1085 2177 misericordias
1107 2120 1489 2191 sempiternae,
1512 2116 1611 2188 qui
1629 2116 1688 2170 in
1711 2117 1830 2188 ipso
1848 2117 2078 2172 Pascha-

437 2217 504 2273 lis
537 2217 665 2272 festi
704 2232 935 2272 recursu
974 2214 1144 2270 ﬁdem
1184 2216 1414 2267 sacratae
1447 2211 1549 2265 tibi
1588 2211 1766 2281 plebis
1798 2211 2074 2278 accendis,

437 2327 581 2383 auge
611 2309 873 2384 gratiam,
902 2325 1076 2380 quam
1103 2307 1326 2373 dedisti,
1355 2309 1420 2360 ut
1446 2305 1620 2376 digna
1649 2321 1848 2359 omnes
1874 2303 2078 2359 intelli-

439 2406 629 2478 gentia
655 2403 1142 2474 comprehendant
1172 2417 1286 2472 quo
1317 2400 1538 2454 lavacro
1565 2399 1763 2467 abluti,
1804 2415 1918 2469 quo
1959 2397 2078 2468 Spi-

437 2499 550 2554 ritu
577 2497 915 2569 regenerati,
948 2512 1060 2567 quo
1087 2493 1360 2565 sanguine
1381 2496 1513 2547 sunt
1548 2493 1809 2548 redemti.
1840 2493 1965 2546 Per.

1107 2597 1182 2648 Ad
1211 2609 1417 2661 pacem.

507 2688 669 2754 Deus,
693 2685 790 2758 qui
813 2701 917 2756 per
944 2683 1313 2756 Unigenitum
1341 2686 1504 2758 tu‘um
1537 2679 1868 2736 aeternitatis
1909 2679 2074 2735 nobis

435 2780 673 2848 aditum,
697 2778 913 2834 devicta
940 2782 1144 2848 morte,
1174 2777 1455 2845 reserasti,
1475 2775 1656 2832 deduc
1682 2791 1785 2829 nos
1809 2773 1880 2828 ad
1907 2773 2074 2829 socie-

433 2879 609 2929 tatem
634 2872 942 2928 caelestium
971 2872 1331 2944 gaudiorum,
1362 2875 1423 2925 ut
1449 2870 1663 2941 Spiritu
1696 2870 1888 2923 sancto
1915 2884 2074 2923 rena-

434 2972 520 3023 tos
547 2984 792 3039 regnum
819 2971 984 3022 tuum
1012 2966 1182 3021 facias
1202 2964 1455 3020 introire.
1489 2965 1596 3018 Per
1613 2979 1837 3034 resurg.

1084 3067 1418 3118 Contestatio.

505 3156 750 3226 Dignum
779 3158 836 3209 et
847 3155 1067 3226 justum
1085 3159 1188 3222 est,
1212 3151 1591 3208 necessarium
1617 3156 1675 3207 et
1699 3151 1941 3206 salutare
1962 3153 2066 3219 est,

430 3253 498 3304 ut
536 3253 591 3303 te
632 3249 939 3303 Dominum
982 3265 1045 3302 ac
1084 3250 1262 3301 Deum
1311 3247 1441 3299 totis
1479 3245 1784 3300 visceribus
1819 3245 2071 3299 humana

431 3341 678 3398 conditio
727 3345 1049 3409 veneretur,
1105 3342 1224 3394 Rex
1279 3339 1554 3392 mirabilis
1605 3338 1846 3394 Christe.
1899 3339 2070 3408 Cujus

431 3435 924 3502 condemnatione,
973 3434 1229 3488 tartareis
1256 3432 1490 3486 vinculis
1531 3432 1786 3486 absoluta
1832 3432 2067 3486 creden-

432 3529 576 3583 tium
605 3527 788 3594 turba,
818 3526 1094 3582 libertatis
1117 3526 1365 3596 insignia
1383 3527 1721 3597 gratulatur.
1740 3525 1845 3589 Qui
1861 3542 1990 3580 vere
2007 3529 2071 3580 ut

431 3624 538 3677 Leo
564 3623 632 3677 de
661 3622 812 3676 tribu
837 3621 975 3676 Juda
1002 3620 1217 3674 mundo
1247 3622 1522 3687 ostensus,
1557 3619 1879 3674 animarum
1908 3620 2072 3674 devo-

430 3720 676 3770 ratorem
718 3715 1032 3770 extinctum
1077 3714 1302 3769 leonem
1342 3713 1627 3768 diabolum
1680 3714 1864 3767 omnis
1922 3716 2071 3767 terra

430 3811 673 3864 laetatur.
709 3809 993 3864 Permittis
1024 3812 1077 3863 te
1107 3808 1390 3863 clavorum
1414 3807 1653 3863 nexibus
1678 3807 1974 3878 alligatum
1999 3806 2070 3860 ad

429 3904 680 3976 stipitem
701 3903 881 3958 crucis
909 3901 1074 3957 tereri
1091 3913 1136 3972 ³,
1157 3907 1227 3956 ut
1245 3919 1360 3957 non
1396 3903 1468 3957 sit
1484 3919 1654 3974 parva
1672 3917 1843 3972 quem
1861 3899 2069 3970 impius

429 3997 715 4070 quondam
742 4000 1073 4066 expavescat
1098 3996 1370 4067 potentia.
1397 3997 1480 4050 Ad
1497 3995 1660 4065 cujus
1678 4011 1874 4050 vocem
1901 3993 2066 4048 emit-

431 4095 556 4144 tens
601 4090 887 4159 spiritum,
928 4094 1080 4143 terra
1116 4089 1369 4156 tremuit,
1409 4089 1610 4142 caelum
1667 4087 1913 4158 expavit,
1951 4087 2070 4141 dies

429 4183 595 4253 fugit,
625 4182 705 4235 sol
747 4182 1074 4236 obscuratus
1112 4185 1213 4249 est,
1258 4184 1409 4234 astra
1449 4181 1853 4234 abscondentes
1886 4180 2070 4234 radios

430 4291 578 4344 suos,
603 4274 770 4328 simul
807 4275 1000 4328 omnia
1033 4275 1444 4346 migraverunt.
1495 4272 1687 4346 259
1733 4273 1906 4344 Cujus
1949 4273 2070 4328 des-

429 4385 622 4434 censu,
653 4368 954 4423 confractis
980 4369 1179 4439 portis,
1207 4369 1368 4439 luget
1392 4367 1702 4422 infernum.
1730 4368 1852 4431 Quo
1879 4383 2064 4422 resur-

430 4467 618 4534 gente,
649 4463 916 4518 laetantur
944 4462 1155 4534 angeli,
1186 4463 1399 4517 exultat
1435 4466 1585 4516 terra
1622 4478 1753 4516 cum
1795 4461 2069 4516 habitato-

2176 526 2438 591 formam,
2468 522 2691 578 mittere
2717 522 2984 592 dignatus
3013 523 3116 587 est,
3146 516 3675 584 fratresfcarissimi,
3705 531 3824 587 sup-

2176 619 2400 691 pliciter
2442 633 2767 684 exoremus;
2812 619 2877 670 ut
2929 614 3074 669 sicut
3125 613 3186 667 in
3219 613 3336 682 ,hac
3387 609 3823 667 Resurrectione

2179 713 2433 784 ejusdem
2460 728 2562 765 nos
2588 727 2620 763 ει
2650 712 2834 764 morte
2863 713 3140 780 perpetua
3167 723 3298 762 cum
3328 706 3422 760 illo
3449 703 3823 772 resuscitavit,

2178 807 2256 861 ita
2293 804 2513 877 pietatis
2548 820 2666 858 suae
2696 803 2844 858 dono
2872 802 2941 856 ab
2970 801 3236 855 omnibus
3262 817 3364 854 nos
3391 798 3611 854 inimici
3639 803 3822 852 tutan:

2179 899 2419 967 insidiis,
2455 897 2677 952 inlaesos
2707 896 2872 951 faciat
2892 896 2949 949 in
2977 895 3173 948 matris
3201 893 3458 949 Ecclesiae
3486 891 3712 963 gremio
3734 907 3818 945 re-

2180 993 2408 1060 sedere;
2443 996 2500 1046 et
2527 991 2890 1045 conscientiae
2931 987 3258 1060 integritate
3288 987 3356 1042 de
3395 985 3823 1057 regeneratione

2184 1086 2511 1157 gaudentes,
2547 1089 2760 1138 aeterna
2783 1083 3205 1156 primitivorum
3235 1080 3522 1148 Ecctcsiae,
3555 1078 3822 1151 quemad-

2182 1180 2414 1235 modum
2443 1178 2737 1234 devotione
2765 1179 2833 1232 ad
2865 1192 3137 1249 praesens,
3173 1176 3251 1229 ita
3280 1179 3336 1229 et
3361 1173 3821 1229 remuneratione

2179 1273 2423 1328 adsociet
2447 1272 2508 1326 in
2536 1277 2846 1339 aeternum;
2873 1276 2928 1326 et
2952 1271 3072 1325 haec
3101 1284 3343 1324 munera
3372 1267 3555 1340 plebis
3583 1283 3705 1323 suae
3725 1266 3817 1322 be-

2176 1367 2438 1423 nedicere
2468 1366 2761 1437 dignetur.
2793 1365 2902 1420 Sal.

2870 1451 3138 1501 Collectio.

2247 1531 2414 1597 Deus,
2447 1529 2616 1584 totius
2637 1528 2908 1583 claritatis
2935 1528 3194 1582 conditor
3208 1529 3263 1582 et
3284 1526 3628 1595 moderator,
3652 1540 3820 1598 quem

2177 1624 2426 1679 caelestia
2464 1623 2765 1692 mirantur,
2814 1627 2870 1677 et
2898 1627 3123 1676 terrena
3153 1622 3420 1693 pavitant,
3453 1620 3681 1675 inferna
3707 1624 3818 1674 tre-

2177 1718 2458 1786 miscunt;
2505 1718 2596 1772 cui
2634 1717 2968 1788 angelorum
3010 1721 3214 1770 turma:
3251 1720 3306 1770 et
3340 1714 3819 1785 archangelorum

2098 1821 2153 1892 B
2178 1813 2456 1867 exercitus
2477 1811 2742 1881 militant,
2764 1827 2880 1865 non
2896 1810 2980 1865 uti
2996 1810 3277 1864 mundum
3303 1823 3621 1880 expugnas,
3649 1823 3819 1879 quem

2179 1906 2296 1977 ipse
2321 1905 2522 1972 fecisti,
2555 1906 2654 1960 sed
2684 1909 2749 1960 ut
2774 1905 3010 1959 subruas
3036 1903 3237 1958 mundi
3261 1906 3509 1974 peccata,
3540 1918 3674 1972 quae
3702 1901 3817 1956 dia-

2177 1999 2339 2054 bolus
2366 1999 2684 2068 adinvenit;
2713 1998 2845 2070 quia
2871 1999 2952 2053 ita
2991 1998 3254 2069 dignatus
3296 2013 3353 2052 es
3390 1996 3630 2068 diligere
3670 1996 3819 2049 hunc

2177 2094 2478 2163 mundum,
2514 2097 2580 2147 ut
2604 2092 2972 2163 Unigenitum
2994 2095 3158 2146 tuum
3187 2091 3435 2146 traderes
3483 2105 3589 2161 pro
3633 2094 3820 2143 nostra

2178 2188 2375 2256 salute,
2403 2187 2562 2257 cujus
2582 2202 2745 2241 cruce
2767 2185 3046 2256 redempti
3074 2201 3289 2253 sumus,
3318 2187 3499 2238 morte
3529 2181 3815 2250 viviﬁcati,

2175 2281 2432 2352 passione
2461 2281 2675 2349 salvati,
2707 2279 3119 2335 resurrectione
3158 2277 3470 2349 gloriﬁcati.
3500 2278 3607 2330 Per
3632 2277 3817 2347 ipsum

2175 2375 2367 2446 itaque
2395 2379 2449 2429 te
2477 2373 2753 2445 supplices
2783 2373 3129 2441 invocamus,
3172 2376 3238 2426 ut
3261 2371 3394 2426 huic
3421 2370 3660 2424 familia
3703 2375 3811 2424 tute

2175 2468 2234 2522 in
2263 2469 2528 2523 omnibus
2561 2468 2752 2523 adesse
2785 2466 3055 2538 digneris,
3101 2465 3246 2520 sicut
3288 2464 3519 2518 adfuisti
3560 2463 3814 2534 patribus

2174 2562 2381 2617 nostris
2413 2561 2768 2632 sperantibus
2809 2561 2868 2615 in
2907 2566 3003 2615 tua
3038 2557 3423 2613 misericordia
3453 2575 3465 2613 :
3518 2557 3596 2611 sic
3643 2563 3702 2611 et
3737 2557 3819 2611 his

2175 2656 2437 2711 omnibus
2462 2656 2654 2709 adesse
2686 2655 2941 2725 dignare,
2984 2657 3049 2707 ut
3089 2653 3160 2705 sit
3201 2652 3262 2705 in
3312 2651 3572 2706 sensibus
3617 2666 3817 2705 eorum

2173 2751 2345 2806 timor
2373 2749 2684 2804 devotionis
2714 2753 2849 2815 tuae,
2882 2747 2942 2801 in
2967 2746 3134 2800 corde
3161 2745 3318 2813 ﬁdes,
3351 2745 3412 2799 in
3449 2760 3622 2815 opere
3657 2743 3818 2815 justi-

2174 2844 2270 2914 tia,
2303 2844 2362 2898 in
2390 2848 2517 2897 actu
2545 2842 2742 2914 pietas,
2777 2842 2838 2896 in
2874 2840 3072 2912 lingua
3102 2839 3323 2907 veritas,
3362 2837 3422 2892 in
3459 2837 3719 2892 moribus
3744 2837 3820 2892 di-

2174 2938 2429 3009 sciplina,
2457 2940 2524 2990 ut
2548 2936 2719 3006 digne
2750 2934 2969 3005 riteque
2995 2931 3432 2987 immortalitatis
3477 2929 3676 3004 260
3716 2931 3818 2986 sibi

2176 3031 2477 3103 praemium
2504 3029 2773 3100 consequi
2803 3031 3151 3082 mereantur.
3179 3027 3303 3080 Per.

2798 3123 2922 3170 Post
2953 3121 3185 3179 nomina,

2091 3194 2144 3267 C
2240 3199 2514 3266 Concede,
2537 3213 2886 3270 quaesumus,
2911 3196 3268 3266 omnipotens
3287 3195 3453 3263 Deus,
3482 3196 3549 3246 ut
3577 3191 3683 3263 qui
3713 3193 3812 3248 Re-

2169 3292 2532 3348 surrectionis
2554 3291 2852 3346 dominicas
2876 3289 3166 3344 sollemnia
3189 3288 3443 3356 colimus,
3461 3302 3564 3357 per
3583 3285 3819 3340 innova-

2169 3387 2383 3442 tionem
2412 3386 2495 3441 tui
2514 3385 2753 3457 Spiritus
2771 3402 2803 3438 a
2829 3387 3009 3438 morte
3030 3383 3234 3437 animae
3259 3396 3650 3452 resurgamus.
3688 3381 3815 3434 Per.

2843 3477 2919 3527 Ad
2950 3490 3152 3540 pacem.

2243 3554 2458 3610 Exaudi
2494 3570 2616 3622 nos,
2662 3551 2919 3618 Domine,
2973 3556 3160 3606 sancte
3207 3553 3390 3617 Pater,
3447 3549 3818 3620 omnipotens

2170 3651 2344 3718 Deus;
2375 3651 2431 3704 et
2447 3647 2534 3702 his
2551 3645 2928 3701 oblationibus
2948 3645 3320 3716 precibusque
3349 3643 3649 3715 susceptis,
3675 3657 3819 3714 pras-

2171 3743 2365 3798 sentia:
2404 3745 2519 3796 tuae
2551 3740 2823 3794 virtutem
2867 3739 3161 3808 intersere,
3197 3744 3261 3793 ut
3300 3737 3451 3810 quod
3495 3735 3715 3808 singuli
3749 3735 3817 3790 ad

2170 3835 2465 3908 Majestatis
2495 3838 2606 3889 tuae
2625 3835 2954 3888 obtulerunt
2979 3834 3279 3902 honorem,
3309 3831 3527 3887 cunctis
3553 3828 3815 3902 proﬁciat

2169 3931 2240 3986 ad
2269 3930 2528 3985 salutem.
2556 3929 2663 3984 Per
2689 3943 2911 3997 resurg.

2839 4014 3130 4065 Immolatio

2240 4094 2491 4166 Dignum
2519 4097 2574 4147 et
2592 4093 2814 4164 justum
2831 4095 2930 4158 est,
2955 4089 3336 4144 necessarium
3361 4092 3418 4144 et
3442 4089 3693 4144 salutare
3712 4093 3815 4157 est,

2169 4204 2270 4244 nos
2294 4187 2397 4242 tibi
2424 4187 2632 4258 gratias
2657 4201 2848 4257 agere,
2881 4184 3240 4255 omnipotens
3268 4184 3433 4250 Dens,
3456 4182 3591 4236 licet
3616 4182 3818 4254 glorias

2170 4286 2282 4336 tuae
2309 4280 2636 4335 mortalium
2663 4278 2923 4333 membra
2951 4294 3067 4332 non
3096 4280 3432 4348 congruant,
3452 4275 3820 4348 Redemptio-

2168 4375 2256 4429 nis
2279 4378 2490 4429 nostrae
2514 4373 2765 4444 perferre
2791 4371 3106 4442 praeconia:
3136 4371 3273 4425 dum
3300 4368 3604 4424 hominum
3629 4385 3816 4440 genus

2167 4469 2555 4539 mancipatum
2580 4470 2784 4536 morte,
2803 4465 3159 4519 infernorum
3185 4463 3409 4518 sedibus
3435 4463 3818 4518 tenebrarum

427 4557 582 4612 ribus
609 4558 741 4612 suis.
786 4559 846 4610 In
891 4573 1004 4628 quo
1047 4555 1342 4628 triumpho
1385 4554 1727 4627 conspicitur
1779 4554 2348 4640 comitatioDvincla
2372 4560 2802 4630 restringerent,
2834 4558 3086 4630 spiritale
3117 4557 3382 4625 Verbum,
3428 4572 3534 4626 per
3575 4557 3734 4627 quod
3760 4557 3821 4610 in

424 4651 519 4705 illa
560 4650 890 4722 prophetico
927 4667 1025 4706 ore
1056 4650 1334 4723 promissa
1365 4666 1378 4703 :
1414 4651 1522 4704 Ero
1563 4666 1718 4704 mors
1755 4653 1872 4718 tua,
1913 4665 1946 4702 ο
1983 4649 2069 4702 in-

423 4745 603 4800 ferne.
636 4745 738 4799 Ubi
767 4748 850 4799 est
876 4761 1012 4816 ergo
1053 4745 1287 4800 victoria
1327 4745 1458 4798 tua?
1495 4744 1605 4797 Nec
1641 4743 1796 4797 enim
1839 4743 1908 4796 ab
1953 4741 2064 4796 alio

427 4840 664 4909 poterat,
691 4837 800 4892 nisi
826 4856 858 4892 a
882 4838 994 4893 vita
1023 4855 1180 4894 mors
1205 4838 1480 4893 devorari.
1509 4837 1615 4901 Qui
1653 4838 1925 4892 descensu
1963 4852 2064 4889 suo

425 4948 518 4986 eos
543 4930 641 5002 qui
664 4931 1007 4985 tenebantur
1051 4949 1083 4984 a
1119 4935 1300 4986 morte
1341 4930 1561 5002 superis
1600 4930 1844 4986 reddidit
1885 4945 2066 4984 resur-

426 5023 632 5096 gendo,
662 5028 724 5078 ut
746 5024 867 5094 ejus
913 5025 1247 5080 resurrectio
1285 5025 1548 5080 vivorum
1583 5025 1672 5079 vel
1707 5026 2063 5078 mortuorum

425 5117 745 5173 testimonio
770 5117 1133 5174 formaretur.
1161 5119 1318 5174 Unde
1351 5123 1540 5174 sancte
1580 5120 1765 5185 Pater,
1809 5116 2066 5186 omnipo-

422 5219 566 5281 tens,
591 5216 803 5268 aeterne
829 5213 999 5279 Deus,
1027 5229 1131 5284 per
1152 5216 1343 5269 Jesum
1367 5212 1655 5268 Christum
1675 5210 1876 5264 Filium
1892 5213 2062 5265 tuum

424 5306 728 5361 Dominum
765 5309 1024 5361 nostrum
1052 5308 1231 5379 gloria
1258 5307 1361 5363 tibi
1389 5321 1635 5376 semper,
1667 5305 1767 5376 qui
1798 5304 1858 5360 in
1889 5308 1964 5372 te,
2007 5310 2064 5361 et

424 5416 492 5454 ex
519 5405 594 5468 te,
623 5406 679 5456 et
706 5406 896 5456 tecum
926 5417 1149 5473 semper
1170 5406 1272 5456 est.
1304 5403 1411 5455 Per
1434 5415 1606 5471 quem
1631 5403 1685 5454 te
1712 5398 1915 5452 laud.b.

779 5505 952 5558 XLIV.
978 5519 1138 5559 MISSA
1173 5518 1419 5559 CLAUSUM
1451 5517 1690 5557 esseea.

494 5597 694 5667 Deum,
726 5596 825 5668 qui
857 5613 960 5666 pro
985 5596 1150 5650 ruina
1173 5595 1342 5652 totius
1369 5594 1569 5648 mundi
1598 5593 1827 5648 unicum
1854 5592 2057 5648 Filium

494 5719 518 5747 ³
550 5720 637 5775 Sic
667 5720 726 5773 in
751 5718 954 5773 Missali
979 5719 1280 5774 Gallicano.
1310 5722 1394 5774 An
1424 5723 1608 5775 teneri.

501 5788 529 5869 ξ)
556 5790 706 5844 Nihil
745 5788 838 5868 hic
878 5788 946 5841 de
995 5792 1215 5869 pascha
1238 5793 1521 5869 armatiita,
1553 5792 1725 5869 quod
1747 5791 2059 5869 baptizatus

425 5861 665 5931 quisque
677 5861 1146 5933 anniversarium,
1160 5861 1220 5919 id
1239 5865 1324 5920 est
1334 5862 1455 5936 ipso
1469 5862 1558 5922 die
1569 5861 1685 5937 quo
1709 5861 2057 5939 baptismum

2166 4655 2448 4728 principio
2479 4653 2671 4709 omnia
2694 4653 2921 4707 fuerant
2944 4651 3269 4719 constituta,
3294 4649 3586 4704 descendit
3616 4650 3682 4704 in
3713 4651 3822 4705 Ma-

2166 4749 2347 4817 riam;
2381 4764 2507 4819 qute
2527 4747 2666 4802 dum
2696 4749 2921 4817 partum
2953 4762 3121 4800 suum
3142 4745 3312 4816 Virgo
3339 4743 3604 4812 miratur,
3641 4744 3828 4798 inclu-

2165 4859 2291 4898 sum
2320 4841 2614 4897 hominem
2635 4839 2809 4895 edidit
2838 4840 3037 4894 Deum.
3067 4841 3246 4904 Quem
3275 4843 3468 4893 tamen
3483 4842 3655 4892 tuum
3681 4855 3828 4905 esse,

2166 4953 2385 4992 summe
2413 4935 2770 5006 omnipotens
2799 4933 2964 5001 Deus,
2995 4937 3302 5004 antequam
3339 4937 3705 5001 nasceretur,
3744 4949 3832 4986 co-

2165 5034 2453 5102 gnoverat,
2477 5029 2691 5100 quippe
2709 5043 2838 5099 quae
2857 5026 3069 5081 sciebat
3087 5025 3286 5082 mundi
3305 5041 3426 5080 esse
3442 5025 3824 5097 principium.

2166 5127 2214 5179 Is
2249 5139 2496 5195 namque
2524 5137 2752 5176 crucem
2782 5124 3089 5192 spontanea
3111 5120 3420 5186 voluntate,
3454 5121 3703 5190 propter
3733 5136 3820 5175 re-

2164 5217 2550 5288 demptionem
2599 5214 2835 5270 humani
2885 5215 3130 5284 generis,
3178 5215 3246 5268 de
3297 5211 3529 5267 inimico
3572 5217 3824 5285 tyranno

2165 5311 2641 5382 triumphaturus,
2673 5307 2957 5378 ascendit;
2983 5311 3040 5363 et
3068 5307 3263 5363 relicto
3293 5306 3588 5378 paulisper
3612 5323 3825 5379 corpo-

2162 5405 2238 5459 ris
2263 5405 2495 5475 templo,
2517 5402 2835 5457 inferorum
2851 5402 3096 5456 claustra
3115 5400 3337 5456 confrin
3345 5416 3508 5471 gens,
3531 5401 3825 5472 pristinae,

2159 5503 2224 5554 ut
2249 5502 2380 5554 ante
2417 5498 2622 5566 fuerat,
2671 5496 2800 5551 vitae
2842 5495 3107 5550 restituit.
3142 5496 3251 5549 Nec
3289 5494 3590 5550 suffecerat
3638 5496 3828 5550 solum

2160 5593 2451 5649 hominem
2471 5591 2800 5647 emendasse
2826 5593 3120 5661 peccatum
3145 5605 3158 5643 :
3189 5588 3288 5643 sed
3311 5605 3416 5660 per
3461 5588 3828 5645 ablutionem

2160 5721 2531 5800 suscepisset,
2543 5717 2850 5800 quotannis
2892 5715 3280 5800 rememorari.
3305 5715 3589 5800 debebat,”
3607 5732 3686 5800 ei:
3721 5719 3828 5800 qe-

2159 5788 2341 5849 rardo'
2364 5788 2643 5846 saeculi—ix
2677 5788 2940 5861 episcopo
2971 5788 3306 5857 Turonensi,
3346 5788 3408 5843 in
3446 5788 3708 5862 capitulo
3735 5790 3827 5845 93.
