3968 6224
520 305 622 364 287

697 412 894 472 XLVII.
927 428 1090 472 msss
1120 428 1289 471 pum
1328 428 1417 469 ms
1453 428 1512 467 IN
1550 425 1975 469 ROGATIONIBL'S.

592 513 657 566 In
679 510 939 582 jejunio‘
972 509 1083 565 hoc
1112 506 1311 564 afﬂicti
1346 521 1607 578 corpore,
1639 507 1698 560 et
1725 504 1900 562 corde
1926 504 2159 561 contriti

523 605 963 677 frequentamus
990 602 1065 658 ad
1089 605 1145 656 te
1174 617 1391 672 preces,
1426 599 1880 656 clementissime
1906 600 2076 667 Deus,
2100 601 2164 653 ut

523 715 657 754 cum
674 696 1023 752 abstinentia
1038 693 1321 765 corporali
1339 692 1689 749 abstinentia
1705 692 1872 748 nobis
1891 692 2162 748 vitiorum

526 792 775 847 donetur
806 807 819 845 :
851 793 913 844 ut
949 788 1209 843 restricto
1244 802 1486 857 corpore
1518 786 1590 840 ab
1623 786 1824 857 epulis,
1858 789 1941 853 tu,
1974 785 2071 858 qui
2102 802 2164 839 es

525 884 764 940 refectio
789 900 944 949 vera,
973 882 1032 937 in
1062 880 1272 936 nostris
1299 879 1567 934 cordibus
1599 879 1822 935 oriaris.
1855 880 1981 934 Per.

598 977 821 1033 Gratias
854 975 955 1030 tibi
987 974 1235 1045 agimus,
1259 972 1504 1028 Domine
1535 976 1752 1041 sancte,
1782 974 1955 1027 Pater
1985 970 2167 1027 omni-

525 1075 751 1144 potens,
781 1072 998 1124 aeterne
1024 1069 1192 1134 Deus,
1220 1065 1317 1138 qui
1340 1083 1467 1134 nos,
1491 1069 1621 1138 post
1638 1066 2163 1137 transgressionem

518 1163 728 1235 jejunii
751 1162 951 1217 vetitia
980 1161 1394 1231 contingendo,
1418 1159 1493 1215 ad
1519 1158 1941 1215 continentiam
1967 1159 2164 1214 salutis

526 1256 805 1328 reparasti
826 1272 930 1328 per
948 1255 1269 1321 Christum;
1286 1259 1343 1309 te
1366 1254 1425 1307 in
1446 1253 1556 1308 hoc
1569 1252 1862 1324 jejunium
1884 1252 2168 1324 supplices

526 1367 593 1406 ac
623 1349 908 1421 provoluti
934 1364 1227 1419 rogamus,
1253 1351 1315 1401 ut
1335 1347 1517 1402 dones
1538 1346 1704 1401 nobis
1723 1348 1942 1400 rectam
1967 1363 2002 1401 a
2019 1345 2169 1400 vitiis

526 1446 809 1510 mentem,
844 1445 902 1496 et
928 1441 1140 1513 Spiritu
1169 1440 1475 1512 principali
1502 1439 1623 1512 (qui
1654 1441 1741 1494 est
1765 1438 2164 1495 mortiﬁcatio-

527 1537 616 1591 nis
644 1536 890 1607 amator)
912 1551 1018 1590 nos
1040 1535 1408 1602 conrobores,
1434 1537 1497 1588 ut
1515 1535 1646 1605 post
1666 1535 1859 1588 actum
1874 1531 2167 1603 jejunium

529 1630 603 1685 ad
635 1632 867 1685 aeterna
896 1628 1229 1683 refectionis
1258 1644 1363 1683 nos
1394 1643 1606 1699 pascua
1632 1626 1932 1697 perducas.
1966 1627 2092 1681 Per.

1157 1717 1281 1766 Post
1307 1714 1538 1765 nomina.

1309 301 1641 361 APPENDIX
1678 302 1765 357 AD
1801 302 2024 360 OPERA
2061 300 2294 360 SANCTI
2328 300 2630 358 GERMANI
2667 300 3093 358 PARISIENSIS.

2178 428 2239 501 Α
2259 427 2324 468 ac
2354 410 2621 483 squalore
2646 409 2859 483 jejunii
2889 408 3207 466 substratos
3240 401 3494 478 intuens,
3527 403 3592 464 in
3621 402 3928 463 virtutum

3824 294 3927 353 288

2260 503 2609 561 successibus
2638 505 2849 561 releva.
2877 506 3003 560 Per.

2940 604 3210 658 Collectio.

2333 693 2718 765 Omnipotens
2733 692 3087 764 sempiterne
3104 693 3274 758 Deus,
3289 690 3675 757 mundentur,
3694 704 3931 761 quaesu-

2263 803 2412 856 mus,
2439 786 2657 841 viscera
2685 788 2883 841 nostra
2902 802 2937 841 a
2957 786 3175 841 cunctis
3213 784 3403 839 carnis
3432 782 3685 851 delictis,
3705 783 3932 854 jejunii

2265 881 2683 938 adtenuatione
2712 880 3004 947 confecta;
3032 883 3097 934 ut
3133 879 3193 933 in
3228 877 3405 950 ipsius
3429 877 3640 949 jejunii
3672 876 3928 953 humili-

2264 978 2382 1031 tate
2399 973 2701 1048 prostratis
2717 990 2836 1029 non
2852 974 3041 1028 valeat
3057 970 3566 1027 carnisinfirmitas
3578 969 3929 1025 dominari:

2266 1069 2402 1141 quia
2424 1073 2487 1124 tu
2514 1067 2811 1123 institutor
2832 1064 3176 1134 sobrietatis,
3206 1066 3253 1120 si
3283 1066 3386 1133 vis,
3418 1068 3583 1137 potes
3614 1063 3819 1119 nostri
3851 1064 3930 1119 ci-

2266 1163 2378 1217 tius
2406 1161 2689 1229 misereri,
2729 1164 2794 1216 ut
2821 1159 3099 1233 spiritalia
3132 1159 3476 1231 cogitemus,
3505 1160 3566 1213 et
3605 1158 3928 1231 concupis-

2267 1255 2484 1311 centias
2508 1254 2716 1324 carnis,
2747 1257 2805 1310 te
2832 1254 3162 1325 adjuvante,
3191 1252 3509 1308 vincamus.
3541 1253 3677 1306 Per.

2887 1356 3009 1405 Post
3044 1353 3272 1405 nomina.

2338 1444 2507 1510 Deus,
2538 1441 2635 1513 qui
2675 1440 2890 1496 mentis
2926 1441 3239 1512 puritatem
3274 1439 3584 1511 adprobas,
3615 1455 3749 1495 non
3771 1439 3926 1511 jeju-

2268 1536 2431 1591 nium
2452 1554 2487 1591 a
2507 1535 2644 1591 cibis
2666 1534 3036 1590 solummodo
3060 1533 3305 1605 gloriam
3328 1534 3655 1589 humanam
3680 1536 3928 1604 captan-

2268 1635 2409 1698 tem,
2438 1630 2681 1700 dignare
2710 1629 2905 1684 oculos
2932 1627 3119 1684 cordis
3144 1627 3328 1682 nostri
3356 1627 3416 1681 in
3441 1627 3551 1682 hoc
3572 1625 3819 1697 jejunio
3849 1627 3928 1681 ita

2269 1722 2619 1779 inluminare
2654 1722 2957 1790 introrsus,
2989 1725 3054 1775 ut
3092 1720 3197 1775 tibi
3240 1721 3299 1774 in
3348 1719 3435 1775 bis
3479 1736 3610 1791 quas
3640 1720 3926 1775 homines

601 1792 719 1890 Tua
745 1790 899 1890 funt}
934 1789 1201 1890 “9'21”:
1234 1789 1514 1890 “EH10?”
1543 1786 1750 1890 Ψξὼίὲδ
1784 1803 1843 1890 Πξ
1878 1786 2168 1890 Ῠθίξὼθηξ)
2191 1807 2246 1879 Β
2272 1817 2533 1873 nesciunt
2556 1817 2616 1871 in
2644 1817 2864 1872 occulto
2892 1833 2926 1869 a
2951 1814 3099 1870 vitiis
3116 1813 3340 1885 jejunio
3367 1815 3712 1885 placeamus
3743 1831 3761 1869 :
3790 1814 3927 1886 quia

529 1884 681 1939 victu
694 1882 766 1937 ad
780 1881 1261 1937 sustentationem
1280 1863 2039 1951 reﬁcimur,tuaquejejunia
2052 1879 2171 1951 qui-

527 1979 634 2033 bus
660 1992 895 2032 carnem
924 1992 957 2030 a
985 1973 1203 2030 lubrica
1232 1975 1545 2046 voluptate,
1574 1976 1630 2027 te
1658 1973 2051 2045 praecipiente,
2078 1990 2168 2028 re-

528 2071 885 2142 stringimus.
900 2070 979 2124 Tu
997 2068 1071 2123 ad
1087 2068 1547 2123 consolationem
1565 2070 1822 2121 nostram
1839 2066 2172 2121 vicissitudi-

528 2182 630 2221 nes
652 2168 982 2235 temporum
1005 2160 1352 2234 disposuisti,
1374 2165 1437 2215 ut
1456 2164 1684 2232 tempus
1701 2160 1913 2215 edendi
1930 2177 2172 2232 corpora

527 2260 724 2314 nostra
750 2256 988 2311 refectio
1011 2255 1203 2311 sobria
1224 2256 1424 2321 aleret,
1450 2257 1505 2308 et
1520 2254 1832 2325 jejunandi
1850 2256 2080 2326 tempus
2102 2270 2172 2309 ea

526 2352 586 2407 in
620 2350 907 2423 justitiam
942 2349 1051 2403 tibi
1091 2348 1364 2419 placitam
1407 2347 1627 2401 faceret
1660 2349 1973 2402 macerata.
2016 2349 2173 2403 Hanc

527 2444 777 2501 hostiam
809 2443 881 2497 ob
902 2442 1194 2513 jejunium
1215 2440 1500 2495 triduana:
1526 2440 1932 2496 macerationis
1954 2457 1988 2495 a
2007 2440 2173 2496 nobis

529 2538 785 2593 oblatam
828 2535 1193 2590 sanctificans
1233 2534 1546 2604 dignanter
1590 2533 1850 2601 adsume,
1884 2536 1942 2587 et
1966 2537 2174 2606 praesta

526 2632 787 2705 placatus
814 2632 894 2697 ut,
929 2628 1115 2700 sopita
1158 2627 1542 2682 delectatione
1576 2643 1874 2698 corporea,
1904 2643 2071 2683 mens
2101 2628 2172 2682 ab

530 2722 929 2795 iniquitatibus
951 2721 1169 2794 pariter
1195 2720 1585 2792 conquiescat.
1612 2722 1738 2775 Per.
1786 2798 1791 2801 _

1187 2810 1265 2860 Ad
1311 2823 1516 2860 nacem.

1187 2824 1265 2860 Λα
1348 2824 1516 2859 acem.

604 2883 860 2938 Refectio
910 2886 1028 2949 tua,
1075 2824 1343 2950 DomineI:
1387 2879 1665 2936 restrictis
1713 2879 2068 2951 corporibus,
2111 2880 2171 2935 in

529 2977 734 3050 spiritu
764 2976 1149 3032 contribulata
1175 2978 1471 3047 gustatur;
1501 2979 1559 3030 et
1590 2974 1744 3043 ideo,
1777 2974 2049 3046 prostrati
2079 2973 2172 3045 je-

525 3070 678 3143 junii
717 3070 1075 3143 paenitentia,
1109 3069 1394 3141 supplices
1421 3084 1746 3135 exoramus,
1774 3066 2174 3122 misericordia

531 3275 661 3312 mus
691 3258 750 3311 in
772 3257 973 3328 spiritu
1001 3255 1322 3311 dilectionis
1352 3258 1465 3310 tum
1492 3255 1770 3328 pabulum
1798 3271 1987 3324 suave,
2017 3255 2173 3326 quod

533 3351 709 3405 corda
740 3354 939 3405 nostra
963 3350 1035 3404 ab
1077 3349 1259 3420 epulis
1295 3348 1577 3417 vacantia,
1608 3348 1682 3404 ad
1712 3348 1957 3421 proximi
1996 3348 2171 3405 dilec-

532 3444 753 3499 tionem
781 3442 1110 3498 succendat.
1139 3442 1265 3497 Per.

602 3605 745 3657 Vere
776 3603 1021 3675 dignum
1051 3605 1111 3657 et
1129 3531 1366 3673 jam?
1368 3531 1691 3676 1:30.264
1726 3604 1782 3658 te
1815 3602 1873 3657 in
1902 3603 2170 3658 observa-

534 3697 691 3753 tione
712 3696 921 3768 jejunii
949 3712 1229 3769 quaerere,
1259 3696 1357 3768 qui
1383 3713 1443 3751 es
1465 3696 1632 3768 panis
1652 3713 1820 3751 verus
1845 3699 1904 3751 et
1920 3695 2079 3751 vivus
2099 3696 2169 3751 de

531 3792 672 3847 caelo
703 3790 1079 3846 descendens.
1102 3791 1175 3845 Te
1203 3790 1419 3861 itaque,
1453 3790 1770 3844 humiliatis
1792 3789 2015 3861 jejunio
2042 3806 2168 3845 cor-

532 3884 787 3956 poribus,
802 3886 997 3939 mente
1016 3884 1371 3938 famulantes
1388 3882 1615 3950 devota,
1630 3900 1735 3954 per
1750 3884 1899 3938 hanc
1911 3882 2171 3938 sacriﬁcii

533 3977 997 4034 immolationem
1027 3993 1324 4048 rogamus,
1361 3978 1425 4030 ut
1459 3975 1924 4031 humiliationem
1963 3974 2172 4047 jejunii

531 4071 721 4141 hujus,
761 4086 937 4140 quam
972 4086 1076 4140 pro
1117 4069 1326 4123 nostris
1364 4068 1620 4123 reatibus
1659 4068 1718 4122 in
1760 4070 1868 4123 hac
1902 4068 2172 4125 triduana

532 4162 934 4219 observatione
992 4162 1408 4233 persolvimus,
1448 4160 1529 4215 ita
1572 4160 1850 4216 intuearis
1894 4163 2167 4234 placatus,

532 4260 596 4311 ut
624 4272 658 4310 a
686 4254 908 4310 delictis
925 4255 1260 4326 jejunantes
1287 4254 1565 4323 absolvas,
1591 4272 1734 4327 quos
1754 4255 2172 4312 incontinentia

531 4366 803 4405 verarum
830 4348 890 4403 in
916 4348 1212 4421 pravitatis
1240 4348 1700 4420 transgressione
1730 4348 2033 4404 immersit.
2064 4352 2173 4405 Per

531 4443 823 4500 Christum
870 4442 1196 4498 dominum.

600 4538 821 4595 XLVIII.
852 4554 979 4595 mm
1004 4552 1166 4593 ιίιεεΑ
1197 4553 1438 4594 saeuam
1466 4554 1556 4593 nu:
1588 4554 1641 4594 IN
1672 4552 2098 4594 aocsrronmus.

606 4633 773 4699 Deus,
789 4631 950 4702 cujus
971 4631 1235 4703 exemplo
1251 4630 1543 4702 jejunium
1568 4631 1767 4685 datum
1793 4633 1880 4686 est
1896 4633 2026 4703 post
2046 4648 2174 4704 gus-

534 4727 658 4778 tum
690 4724 1119 4796 prohibitionis,
1154 4740 1259 4795 per
1282 4723 1746 4779 inobedientiam
1774 4723 1919 4796 ligni
1947 4724 2169 4795 ingres-

533 4834 684 4884 sum,
701 4816 824 4885 tibi,
839 4817 1107 4883 Domine,
1122 4817 1298 4872 corda
1311 4819 1528 4884 nostra,
1544 4817 1602 4872 in
1610 4817 1820 4889 jejunii
1832 4817 2174 4873 maceratio-

532 4927 604 4965 ne
618 4910 894 4981 subjecta,
909 4927 1015 4982 per
1026 4910 1491 4965 inlustrationem
1506 4913 1618 4965 tuae
1636 4910 2031 4982 inspirationis
2048 4927 2174 4965 san-

531 5003 748 5070 ctiﬁca;
774 5005 832 5058 et
853 5003 924 5057 de
946 5003 1268 5059 caelestibus
1287 5004 1519 5059 sedibus
1534 5005 1647 5060 tuis
1668 5020 1774 5060 nos
1794 5004 1854 5058 in
1876 5005 1996 5060 luto
2017 5005 2173 5060 fascis

603 5129 630 5159 ⁸
660 5130 784 5185 Non
814 5130 1018 5197 solam,
1049 5132 1112 5184 ut
1152 5130 1349 5198 modo,
1384 5130 1820 5196 abstinentiam,
1860 5129 1960 5183 sed
1993 5130 2170 5184 etiam

527 5200 819 5273 jejunium
848 5200 1354 5273 inRogationibus
1375 5201 1716 5273 praecipiunt
1745 5200 1989 5256 concilia
2008 5201 2175 5256 Galli-

533 5272 699 5340 cana,
731 5272 1147 5327 Aurelianense
1185 5289 1223 5338 ι,
1256 5272 1479 5328 canene
1517 5275 1605 5339 27,
1640 5274 1699 5326 et
1739 5273 2072 5327 Turonense
2110 5289 2170 5338 ιι,

534 5359 757 5423 canone
790 5347 872 5398 l7.
902 5342 1126 5423 Unde__«
1151 5344 1547 5423 _Rog_ationum
1582 5343 2050 5423 operosissimam
2087 5343 2172 5423 fe.-

535 5414 848 5495 stiv'itate‘m
867 5415 1170 5495 )‘ioappellat
1188 5413 1383 5495 Avitus
1406 5413 1729 5495 inhomilia
1751 5413 1821 5467 de
1845 5413 2175 5495 Rogationi-

533 5484 638 5555 bus
661 5500 675 5538 :
709 5505 737 5533 «
762 5483 1061 5555 Festivit’as
1087 5485 1375 5555 siquidem
1398 5488 1502 5549 est,
1526 5484 1686 5552 cujus
1700 5483 2034 5555 jucunditas
2052 5487 2175 5538 tota

533 5554 997 5633 sola_sobrietasz
1028 5553 1189 5625 cujus
1226 5555 1410 5624 epulas
1442 5555 1737 5633 lacrymae,
1780 5553 1941 5633 cujus
1978 5557 2174 5633 pastus

536 5624 752 5706 esuries,
773 5628 876 5681 est,
903 5647 932 5706 ξ,
954 5623 1139 5706 ῌεεοὶ(
1162 5623 1279 5706 non
1306 5640 1410 5706 per
1437 5623 1645 5706 Callias
1658 5623 1873 5706 ‘modo,
1898 5623 1999 5706 sed
2024 5642 2173 5706 pene

536 5712 641 5766 per
670 5697 874 5752 orbem
906 5699 1094 5751 totum
1122 5693 1426 5766 {celebris
1454 5693 1620 5749 initio
1656 5694 1914 5750 homilias
1943 5693 2171 5751 dicitur.

533 5765 691 5850 Tunc
709 5769 924 5850 lectum
947 5766 1140 5846 fuerat
1158 5765 1535 5850 Evangelium
1553 5782 1621 5848 ex
1639 5766 1888 5850 μαιώφὶ
1908 5784 2035 5850 cap.
2049 5784 2171 5850 vm,

537 5837 609 5892 de
634 5837 857 5893 Christo
884 5835 1134 5892 Domino
1161 5835 1221 5892 in
1249 5834 1379 5891 navi
1405 5835 1753 5908 dormiente,
1785 5841 1843 5895 et
1869 5855 1902 5895 a
1931 5834 2175 5912 discipu-

2270 1911 2406 1967 doni
2449 1910 2534 1965 tui
2573 1912 2660 1964 est
2696 1910 2805 1964 hoc
2844 1908 3054 1980 ipsum,
3083 1907 3240 1979 quod
3275 1924 3309 1961 a
3353 1906 3493 1961 cibis
3525 1907 3921 1975 abstinemus,

2271 2005 2344 2060 sit
2382 2004 2641 2060 muneris
2689 2003 2775 2058 tui
2820 2006 2882 2057 ut
2925 2019 2960 2056 a
3006 2001 3254 2074 peccatis
3290 2000 3469 2056 etiam
3513 2017 3651 2055 cum
3691 2001 3921 2072 jejunio

2272 2098 2690 2164 emundemur;
2742 2099 2800 2151 et
2847 2094 3227 2150 desiderabile
3283 2095 3444 2150 fonte
3495 2093 3792 2149 ubertatis
3844 2095 3923 2150 ita

2271 2193 2394 2247 haec
2438 2207 2684 2246 munera
2717 2188 2906 2244 imbre
2948 2188 3132 2245 sancti
3167 2187 3412 2261 Spiritus
3451 2186 3773 2260 perfunde,
3806 2192 3922 2243 uta

2265 2285 2665 2358 jejunantibus
2716 2285 3006 2355 percepta,
3049 2284 3256 2338 cuncta
3305 2281 3446 2338 vitia
3495 2282 3824 2351 mundent,
3866 2285 3920 2336 et

2272 2380 2511 2434 virtutes
2539 2378 2800 2433 inserant
2828 2392 3082 2432 morum.
3115 2377 3245 2431 Per.

2940 2478 3018 2529 Ad
3044 2491 3247 2543 pacem.

2343 2567 2406 2620 In
2431 2564 2644 2636 jejunii
2664 2563 2991 2619 humilitate
3011 2562 3330 2631 substratis,
3361 2561 3746 2634 omnipotens
3777 2578 3917 2617 sem-

2273 2659 2500 2730 piterne
2545 2659 2714 2727 Deus,
2753 2657 3022 2729 absterge
3064 2672 3305 2712 omnem
3334 2656 3529 2711 labem
3567 2657 3820 2728 peccati,
3862 2660 3916 2710 ut

2274 2752 2556 2807 mundata
2587 2751 2769 2807 nostri
2797 2750 2986 2806 cordis
3010 2767 3241 2817 arcana,
3272 2766 3406 2805 cum
3451 2748 3817 2805 abstinentia
3850 2749 3915 2803 ci-

2271 2846 2501 2913 borum,
2542 2844 2874 2916 jurgiorum
2930 2844 3107 2898 etiam
3152 2842 3589 2915 inquietudines
3639 2845 3910 2909 exclusas,

2273 2938 2504 2994 dilectio
2554 2941 2654 2993 tua
2711 2941 2770 2992 et
2809 2937 3078 3010 proximi,
3113 2936 3323 2991 nostris
3368 2936 3429 2991 in
3465 2936 3744 2992 cordibus
3776 2952 3910 3009 pura

2273 3034 2608 3088 succrescat.
2639 3032 2767 3086 Per.

2919 3100 3257 3151 Contestatio.

2274 3282 2430 3337 tione
2460 3281 2519 3335 in
2543 3279 2790 3352 jejunio,
2823 3280 3195 3352 omnipotens
3221 3280 3578 3352 sempiterna
3611 3282 3788 3349 Deus,
3817 3298 3910 3354 per

2270 3375 2559 3431 Christum
2606 3374 2922 3430 Dominum
2968 3377 3252 3429 nostrum.
3301 3374 3410 3439 Qui
3452 3391 3561 3430 nos
3606 3376 3908 3448 mysterio-

2271 3486 2404 3524 rum
2438 3471 2675 3523 tuorum
2714 3467 2948 3522 secretis
2983 3467 3328 3535 informans,
3360 3468 3671 3540 pacificum
3725 3466 3904 3543 265

2272 3579 2480 3617 nemus
2500 3578 2599 3617 ore
2622 3561 2905 3616 columbae
2932 3564 3222 3633 gestatum
3240 3563 3357 3617 Noe
3379 3562 3560 3617 oculis
3581 3563 3905 3627 ostendens,

2272 3655 2439 3712 nobis
2469 3656 2541 3711 de
2573 3655 2797 3710 virente
2837 3655 3043 3711 arbore
3088 3656 3271 3710 crucis
3315 3656 3639 3727 gloriosum
3685 3658 3904 3728 signum

2272 3749 2567 3823 expressit;
2588 3766 2764 3821 quem
2782 3749 3065 3804 columbas
3078 3749 3366 3821 speciesin
3391 3750 3605 3805 Christi
3626 3749 3907 3806 decoravit

2271 3845 2515 3912 honore,
2543 3843 2763 3898 cunctis
2808 3842 3118 3898 colendum
3161 3842 3404 3915 Spiritus
3457 3844 3903 3899 sanctiﬁcatione

2272 3937 2700 3993 demonstrans.
2721 3937 2893 4009 Cujus
2908 3937 3180 3992 animalis
3200 3937 3537 3993 innocentia
3558 3955 3687 3993 esse
3701 3936 3905 3993 similes

2271 4033 2680 4103 praeoptantes,
2696 4030 2767 4086 ab
2790 4048 2976 4103 eoque
2998 4031 3344 4086 sanctiﬁcari
3364 4030 3606 4103 Spiritu,
3621 4031 3905 4104 cujusipse

2272 4125 2518 4197 sumpsit
2538 4124 2811 4197 speciem,
2837 4128 3170 4192 exorantes;
3194 4124 3252 4179 in
3273 4125 3383 4180 hoc
3395 4125 3627 4195 jejunio
3651 4126 3905 4180 triduana

2273 4218 2676 4273 humiliatione
2704 4218 2988 4286 instituto,
3015 4219 3293 4273 invictum
3326 4219 3434 4272 hoc
3468 4219 3709 4290 signum
3735 4219 3763 4260 δ
3786 4232 3901 4273 cum

2272 4312 2529 4384 plebium
2551 4312 2748 4366 cuneis
2768 4313 3165 4384 praeferentes,
3185 4315 3357 4383 atque
3375 4311 3742 4383 Majestatem
3757 4316 3901 4366 tuam

2272 4405 2562 4478 psallentii
2586 4418 2609 4447 ο
2634 4405 3035 4461 modulatione
3064 4406 3387 4474 laudantes,
3411 4405 3691 4477 petimus,
3722 4405 3899 4462 omni-

2271 4503 2478 4571 potens
2523 4499 2693 4568 Deus,
2717 4503 2781 4554 ut
2797 4499 3043 4571 accipias
3068 4502 3273 4555 cuncta
3302 4498 3486 4571 plebis
3512 4502 3649 4554 vota
3672 4513 3898 4572 quaeque

2189 4551 2250 4624 D
2272 4551 2505 4665 quoquo
2551 4551 2811 4647 ritu’tibi
2840 4551 3033 4648 reddit
3057 4551 3341 4664 subjectar;
3378 4595 3438 4647 et
3476 4592 3560 4646 ita
3591 4551 3709 4648 eo;
3722 4594 3782 4648 in
3806 4551 3899 4647 hoc

2265 4686 2490 4758 jejunio
2518 4686 2936 4753 sanctiﬁces,ut
2964 4704 2999 4741 a
3026 4686 3246 4741 cunctis
3272 4688 3617 4741 mereantur
3642 4688 3774 4742 exui
3789 4700 3900 4759 pec-

2273 4780 2432 4835 catis.
2465 4783 2575 4835 Per
2603 4780 2891 4836 Christum
2922 4780 3259 4849 Dominum.
3922 4776 3923 4849 ί

2450 4898 2619 4953 XLIX.
2652 4913 2812 4953 msss
2849 4913 3044 4953 mm;
3082 4914 3171 4954 nm
3210 4914 3265 4953 IN
3301 4912 3730 4956 ROGATIONIBL'S.

2343 5005 2514 5072 Deus,
2544 5021 2718 5075 quem
2743 5004 2932 5059 nullus
2956 5004 3289 5060 mortalium
3317 5021 3540 5073 sensus,
3570 5024 3711 5062 usus
3736 5004 3893 5063 carnis

2273 5130 2342 5184 lis
2364 5130 2607 5185 excitato
2625 5129 2825 5212 Lquod
2841 5130 3231 5212 .ljlvangelium
3252 5130 3312 5186 in
3334 5133 3534 5212 nostro
3558 5128 3891 5212 Lectionario

2274 5218 2392 5275 non
2418 5201 2830 5275 praescribitur.
2841 5201 3039 5275 Itaque
3059 5201 3219 5275 varia
3239 5203 3828 5275 erat_Evangeliorum
3845 5202 3889 5255 in

2275 5271 2514 5345 diversis
2557 5271 2864 5345 provinciis
2912 5272 3103 5345 lectio,
3148 5272 3287 5327 licet
3329 5273 3491 5328 idem
3525 5271 3681 5330 esset
3712 5276 3889 5345 ubique

2275 5342 2590 5399 Galliarum
2621 5343 2762 5397 ordo
2785 5359 2851 5397 ac
2880 5342 3042 5398 ritus.

2347 5414 2375 5454 δ
2409 5413 2551 5494 Hinc
2586 5412 2899 5495 probatur,
2915 5414 3070 5495 quod
3092 5414 3151 5468 in
3182 5414 3280 5469 lib.
3320 5431 3359 5469 II
3396 5431 3467 5495 ex
3500 5417 3889 5495 Gregoriojuo

2275 5484 2511 5562 ronensi
2543 5483 2810 5562 episcopo
2844 5483 3113 5562 diximus,
3148 5502 3377 5541 crucem
3422 5487 3481 5541 in
3523 5483 3891 5562 his'supplica-

2274 5555 2528 5610 tionibus
2553 5554 2727 5626 fuisse
2740 5554 3080 5626 ’przelatam.

2344 5639 2367 5669 ο
2392 5626 2589 5681 Avitus
2606 5626 2671 5699 in
2692 5625 2975 5699 Se’rmqne
2988 5627 3067 5699 de
3095 5628 3518 5699 Rogationibus
3551 5632 3655 5699 ait,
3687 5633 3890 5699 Mamer

2275 5701 2399 5752 tum
2430 5716 2459 5747 ‹‹
2488 5714 2619 5773 cum
2646 5698 2764 5752 Deo
2804 5688 3134 5773 (de‘finiisse)
3165 5688 3451 5773 quidquid
3478 5688 3658 5758 hodie
3683 5697 3889 5760 Psalmis

2276 5785 2343 5825 ac
2372 5768 2636 5841 precibus
2667 5768 2923 5826 mundus
2946 5768 3245 5826 inclamat.
3280 5792 3309 5822 »

3922 4810 3923 4877 l

3916 5134 3919 5249 l
