3968 6224
97 350 174 402 289
1102 341 1189 400 DE
1227 345 1540 400 LITURGIA
1576 345 1948 400 GALLICANA
1987 345 2185 402 LIBER
2223 343 2310 401 Ill.

3306 351 3410 404 290

95 456 322 514 inlecebra
352 459 752 528 pragravatus,
790 455 901 512 nisi
943 473 978 510 a
1013 462 1070 512 te
1099 457 1305 528 jejunii
1349 457 1668 529 expiatione
1690 471 1749 542 Α
1771 458 2055 526 omnibus,
2093 475 2439 531 quasumus,
2468 457 2845 531 benedictum,
2874 456 3195 532 ascriptam.
3224 462 3294 517 Et
3322 465 3408 516 re;

96 554 226 608 fuerit
247 551 584 619 inlustratus,
604 551 882 623 agnoscit,
912 551 1057 622 pelle
1075 551 1143 607 de
1173 551 1439 607 cordibus
1465 553 1672 608 nostris

95 663 193 701 cum
215 644 530 700 abstinentia
554 645 780 700 turbam
806 645 1072 700 vitiorum
1089 646 1157 700 de
1176 645 1447 717 ingluvia
1473 648 1672 702 saturi-

95 747 180 795 tate
210 739 562 811 gignentium,
592 744 657 794 ut
683 756 827 810 pura
852 739 954 794 tibi
981 739 1185 794 serviat
1211 739 1381 794 etiam
1410 745 1541 811 post
1568 757 1668 795 ex-

93 839 238 887 actum
252 833 552 902 jujunium,
582 849 752 904 quam
772 837 835 888 tu
864 833 1145 904 propitius
1168 833 1487 903 donaveris,
1509 835 1671 889 devo-

92 928 152 981 tio
172 926 412 980 novitatis.
442 927 568 981 Per.

708 996 981 1046 Collectio.

144 1077 240 1131 lam
261 1077 311 1130 in
335 1075 579 1130 triduani
597 1077 806 1148 jejunii
833 1078 945 1133 fine
973 1078 1256 1146 conclusa,
1287 1078 1670 1136 sinceritatem

95 1176 228 1237 tuam,
277 1171 528 1239 Domine,
577 1171 952 1241 deprecamur
991 1172 1049 1225 in
1093 1171 1400 1227 visceribus
1442 1174 1666 1240 nostris,

92 1263 403 1318 maceratione
417 1264 622 1334 jejunii
657 1264 917 1332 adﬂictis,
937 1265 1238 1335 advenire;
1269 1271 1324 1320 et
1344 1271 1407 1320 ut
1434 1266 1502 1321 de
1529 1267 1670 1321 atria

92 1368 163 1415 tua
185 1366 348 1419 sancta
371 1361 636 1416 exaudias
665 1367 986 1433 peccatores
1017 1362 1074 1417 in
1104 1363 1366 1435 squalore
1406 1363 1667 1419 miseria-

94 1471 189 1509 rum
221 1454 450 1525 jacentes
490 1472 792 1526 rogamus;
833 1461 894 1510 ut
933 1457 1029 1511 des
1067 1456 1230 1511 nobis
1273 1457 1492 1512 fontem
1537 1474 1666 1529 gra-

95 1548 254 1602 tiarum
293 1554 542 1617 tuarum,
586 1553 643 1604 et
669 1549 886 1620 pandas
925 1549 1033 1604 iter
1066 1568 1179 1621 quo
1217 1556 1343 1622 post
1383 1551 1669 1622 jejunium

92 1657 294 1695 escarum
314 1642 615 1696 carnalium
643 1642 761 1697 itur
785 1643 855 1696 ad
883 1642 1248 1699 refectionem
1274 1659 1497 1714 pascuae
1527 1660 1670 1699 sem-

91 1735 338 1806 piternam.
364 1738 486 1790 Per.

649 1807 773 1856 Post
795 1805 1027 1856 nomina.

141 1886 504 1957 Jejunantium,
527 1886 785 1956 Domine,
815 1902 1164 1958 quasumus,
1196 1887 1519 1958 supplicum
1537 1892 1666 1942 vota
1689 1844 1744 1916 B

90 1981 311 2050 propitius
333 1981 584 2050 intuere;
616 1985 674 2036 et
699 1996 937 2035 munera
962 1981 1265 2052 praesentia
1291 1981 1664 2051 sanctiﬁcans,

90 2088 166 2143 per
186 2073 577 2144 perceptionem
609 2089 810 2128 eorum
838 2073 1054 2128 occulta
1083 2073 1264 2130 cordis
1294 2075 1472 2129 nostri
1491 2091 1668 2130 reme-

93 2164 158 2218 dia
196 2172 289 2220 tua
325 2166 558 2220 clariﬂca
601 2166 830 2238 pietatis
874 2183 887 2222 :
934 2172 999 2222 ut
1049 2183 1219 2238 opera
1261 2168 1508 2222 carnalia
1565 2184 1669 2222 nec

93 2259 204 2312 tluxa
238 2277 328 2314 nos
363 2264 609 2330 teneant,
656 2277 796 2332 quos
839 2259 1130 2316 institutor
1158 2260 1363 2332 jejunii
1416 2261 1668 2316 Christus

94 2355 310 2423 reparavit
336 2354 681 2426 redemptor.
710 2355 834 2408 Per.

695 2447 769 2496 Ad
798 2460 1001 2509 pacem.

146 2527 277 2596 Deus,
327 2527 419 2599 qui
469 2527 971 2600 intemperantiam
1011 2527 1316 2582 saturitatis
1350 2531 1462 2582 tuae
1505 2526 1671 2581 absti-

95 2619 250 2673 nentia
295 2620 636 2676 dedicatione
668 2621 968 2692 superasti,
991 2625 1046 2674 et
1072 2620 1382 2692 puritatem
1410 2620 1668 2674 castimo-

96 2711 187 2778 nia,
209 2718 261 2767 ut
284 2714 653 2786 cognoscaris,
683 2713 914 2782 dedisti;
964 2728 1196 2767 serenus
1235 2729 1338 2768 nos
1373 2718 1472 2766 tuo
1513 2713 1670 2766 vultu

95 2803 411 2877 circumspice,
440 2813 496 2862 et
513 2807 908 2878 jejunantibus
934 2823 1130 2878 pacem
1155 2806 1402 2878 proximi
1430 2812 1485 2860 et
1513 2811 1671 2860 tuam

92 2896 319 2969 largiaris;
358 2917 531 2972 quam
569 2901 643 2955 ad
667 2902 894 2956 Patrem
921 2901 1248 2970 ascendens,
1282 2897 1477 2973 266
1506 2899 1670 2954 nobis

94 2990 311 3065 reliquisti
337 2995 679 3050 sectandam.
709 2997 834 3049 Per.

680 3086 992 3136 Immolatio.

144 3165 249 3220 Vere
280 3167 509 3239 dignum
541 3173 598 3224 et
627 3169 850 3239 justum
896 3174 997 3238 est,
1029 3168 1274 3240 satisque
1306 3172 1391 3222 est
1427 3166 1667 3238 dignum

1774 554 1946 622 liqua.

1771 660 1832 714 L.
1876 676 2272 718 COLLECTIONES
2309 679 2366 717 IN
2416 648 2812 718 ROGXTIONIBI'S
2865 678 2964 718 PER
3010 677 3232 718 DIVERSA
3277 676 3411 717 LOCA

2423 750 2767 790 SANCTORUM.

2250 824 2308 871 In
2334 827 2516 872 sancto
2546 823 2699 872 Petro
2726 836 2865 872 nunc
2881 823 2927 870 ⁸.

1843 895 1988 950 Deus
2009 896 2295 968 refugium
2307 913 2644 968 pauperum,
2661 914 2786 968 spes
2802 897 3131 966 humilium,
3146 896 3408 970 salusque

1771 987 2129 1056 miserorum,
2172 989 2581 1045 interveniente
2606 1007 2709 1062 pro
2738 990 2902 1045 nobis
2927 989 3251 1045 beatissimo
3280 990 3407 1056 fun-_

1771 1081 1963 1136 datore
1992 1082 2250 1136 Ecclesia
2277 1087 2387 1138 tua
2411 1085 2596 1151 Petro,
2625 1084 3057 1156 supplicationes
3086 1083 3409 1156 supplicum

1769 1179 2001 1229 tuorum
2020 1176 2078 1229 in
2106 1176 2196 1231 die
2221 1177 2470 1232 triduani
2491 1169 2663 1248 hujus
2683 1178 2888 1248 jejunii
2907 1179 3216 1233 clementer
3242 1195 3408 1233 exau-
3509 1169 3522 1174 ’

1771 1267 1858 1336 di;
1901 1273 1957 1322 et
1995 1270 2462 1342 tranquillitatem
2503 1288 2537 1324 a
2578 1270 2728 1324 vitiis
2768 1272 2979 1342 pariter
3041 1276 3098 1326 et
3151 1272 3408 1327 hostibus

1769 1362 1978 1416 nostris
1998 1364 2239 1418 concede
2267 1364 2638 1435 temporibus,
2670 1369 2735 1418 ut
2772 1380 2912 1435 quos
2943 1364 3168 1434 justitia
3206 1365 3404 1437 ﬂagel-

1768 1454 1956 1510 lorum
1981 1461 2208 1511 tuorum
2224 1458 2376 1528 juste
2390 1458 2575 1512 facere
2598 1461 2782 1528 potest
2795 1473 2914 1512 esse
2943 1457 3212 1527 adﬂictos,
3234 1459 3410 1514 abun-

1770 1549 1958 1603 dantia
1986 1550 2383 1606 misericordia
2411 1555 2542 1621 tua,
2570 1551 2692 1622 ipso
2712 1551 2877 1607 beato
2907 1552 3070 1606 Petro
3097 1551 3404 1620 obtinente,

1767 1642 1936 1697 faciat
1965 1644 2296 1700 consolatos.
2318 1647 2442 1701 Per.

1839 1812 2205 1883 Omnipotens
2249 1739 2812 1885 sempitgiiiigageus,
2871 1813 2970 1885 qui
3029 1813 3189 1868 beato
3246 1815 3410 1868 Petro

1766 1905 2036 1975 apostolo,
2083 1906 2317 1960 conlatis
2359 1907 2606 1961 clavibus
2645 1906 2810 1977 regni
2839 1907 3093 1977 caelestis,
3128 1907 3345 1962 animas
3386 1907 3412 1947 ι)

1766 1998 1982 2069 ligandi
2008 2003 2177 2070 atque
2207 2000 2459 2054 solvendi
2487 1997 2676 2071 267
2710 2000 3063 2071 pontiﬁcium
3109 2001 3408 2070 tradidisti,

1769 2092 1973 2146 exaudi
1998 2092 2278 2164 propitius
2300 2109 2496 2164 preces
2523 2097 2743 2147 nostras
2769 2093 2828 2146 in
2859 2093 2948 2147 die
2970 2093 3176 2163 jejunii
3212 2093 3406 2164 hujus,

1769 2189 1826 2240 et
1867 2185 2266 2240 intercessione
2311 2186 2453 2256 ejus,
2490 2202 2836 2257 quaesumus,
2878 2190 2944 2240 ut
2981 2202 3014 2239 a
3047 2191 3406 2257 peccatorum

1768 2283 2093 2334 nostrorum
2117 2279 2356 2334 nexibus
2381 2279 2710 2334 liberemur.
2743 2281 2868 2334 Per.

2227 2372 2477 2422 Collectio
2497 2372 2551 2421 in
2576 2376 2756 2421 sancto
2781 2371 2959 2421 Paulo.

1842 2447 1996 2514 Vide,
2027 2447 2281 2513 Domine,
2322 2463 2668 2518 quaesumus,
2699 2447 3089 2501 infirmitatem
3118 2451 3407 2517 nostram;

1770 2545 1826 2596 et
1855 2541 1913 2595 in
1930 2541 2127 2596 diebus
2147 2541 2498 2612 jejuniorum
2541 2541 2800 2608 istorum,
2845 2557 2986 2611 quos
3024 2540 3174 2595 trina
3210 2557 3408 2596 conse-

1770 2635 1943 2690 cratio
1987 2634 2138 2688 trino
2183 2652 2423 2690 numero
2482 2635 2615 2688 facit
2660 2639 2936 2703 extensos,
3001 2635 3411 2690 interveniente

1769 2728 1933 2783 beato
1969 2730 2218 2799 apostolo
2253 2734 2351 2784 tuo
2386 2729 2577 2795 Paulo,
2613 2729 2795 2784 celere
2829 2729 2991 2783 nobis
3029 2729 3239 2800 pietate
3279 2745 3407 2784 suc-

1771 2839 1934 2878 curre
1958 2841 1972 2876 :
2013 2827 2077 2877 ut
2105 2839 2246 2894 quos
2263 2823 2487 2894 justitia
2514 2822 2769 2894 corripis,
2800 2823 3180 2878 misericordia
3205 2838 3405 2878 conso-

1769 2916 1920 2972 leris.
1948 2918 2073 2971 Per.

2380 2987 2510 3035 Item
2536 2987 2796 3037 collectio.

1841 3062 2076 3132 Exaudi,
2110 3062 2342 3118 Domine
2369 3077 2716 3134 quaesumus,
2748 3062 3028 3134 gemitum
3050 3064 3313 3117 nostrum
3346 3062 3407 3118 in

1770 3156 1968 3211 diebus
1998 3157 2350 3227 jejuniorum
2388 3156 2540 3210 trino
2578 3172 2819 3211 numero
2858 3156 3117 3210 Trinitati
3154 3161 3400 3211 sacrato-

181 3215 247 3220 "'
284 3215 509 3239 “Ὀ···““¹·⁶
544 3215 598 3224 "'
627 3215 850 3239 d"“"‘"'
899 3215 997 3238 ""7
1029 3215 1274 3240 """"‘1""
1309 3215 1391 3222 "'
1431 3215 1667 3238 "'O_""'
1998 3215 2020 3227 "
2054 3215 2076 3227 ν

92 3264 130 3311 τε
170 3260 325 3315 solum
349 3280 379 3315 θ
401 3263 796 3334 jejunantibus,
835 3263 1114 3335 quaerere,
1157 3263 1258 3333 qui
1301 3278 1359 3316 es
1394 3215 1743 3332 magisterc
1769 3267 1929 3320 rum;
1959 3257 2016 3305 et
2057 3250 2439 3306 intercedente
2471 3250 2637 3305 beato
2679 3251 2852 3306 Paulo
2895 3248 3168 3322 magistro
3212 3255 3407 3306 nostro

93 3351 402 3424 abstinentia,
448 3362 503 3411 et
551 3356 918 3410 continentia
963 3360 1360 3411 remunerator
1410 3360 1662 3410 aeterne:

93 3445 252 3516 quique
274 3465 301 3502 a
312 3448 718 3520 jejunantibus,
737 3449 903 3504 ﬁdele
918 3454 1139 3504 tantum
1159 3449 1326 3504 corde
1342 3452 1664 3520 exposcant,

94 3537 307 3612 abstergis
332 3559 557 3599 omnem
574 3543 883 3612 maculam,
911 3560 1084 3615 quam
1111 3543 1371 3598 saturitas
1388 3541 1670 3598 contrahit

93 3631 318 3691 indecens.
347 3638 454 3692 Hoc
483 3637 681 3709 itaque
709 3642 964 3692 sanctum
996 3637 1285 3708 jejunium
1316 3636 1381 3690 in
1414 3635 1670 3690 Leviticis

93 3726 286 3795 apicibus
311 3747 407 3802 per
429 3732 716 3785 famulum
740 3735 905 3785 tuum
946 3731 1173 3802 Moysen
1215 3729 1529 3784 evidentius
1567 3729 1665 3784 de-

96 3818 263 3876 clarasti
297 3841 309 3878 :
355 3823 412 3880 in
451 3840 565 3896 quo
599 3824 817 3896 jussisti
858 3829 920 3878 ut
964 3824 1399 3878 humiliaremus
1451 3823 1670 3877 animas

95 3919 276 3982 nostras,
301 3933 367 3971 ne
396 3918 933 3987 exterminaremur,
964 3917 1107 3972 sicut
1145 3933 1240 3972 esu
1271 3917 1418 3988 gula
1448 3916 1670 3971 deditus

95 4008 281 4076 populus
307 4013 734 4067 exterminatur.
771 4011 929 4075 Quod
960 4011 1129 4065 etiam
1153 4010 1316 4064 nobis
1336 4008 1671 4080 Unigenitus

96 4098 188 4151 tuus
212 4102 278 4155 ita
301 4105 664 4160 sanctificavit
698 4104 1010 4176 implendo,
1039 4109 1094 4159 et
1112 4109 1177 4158 ut
1200 4119 1446 4175 regnum
1474 4102 1667 4174 perdi-

98 4194 182 4246 tum
196 4211 280 4264 per
286 4197 563 4268 jejunium
588 4199 882 4270 panderet,
903 4204 958 4253 et
976 4198 1217 4269 peccatis
1238 4197 1464 4252 veniam
1487 4197 1667 4252 daret.

100 4283 144 4337 Et
162 4285 262 4342 ideo
301 4307 417 4362 qua
457 4292 756 4348 instituisti
795 4292 1017 4362 jejunia
1065 4291 1283 4363 suscipe
1319 4290 1524 4358 libens,
1568 4306 1672 4361 per

99 4392 143 4430 ea
163 4396 292 4437 nosa
331 4387 574 4441 reatibus
618 4385 835 4440 cunctis
879 4385 1192 4455 absolvens,
1236 4400 1340 4457 per
1383 4383 1670 4440 Christum

102 4470 339 4532 Dominum
363 4485 642 4535 nostrum.

148 4568 243 4623 Post
262 4571 477 4629 Sanctus
495 4591 598 4646 per
629 4578 771 4629 totas
800 4578 904 4629 tres
931 4575 1120 4628 missas
1149 4573 1287 4627 dicis
1318 4591 1334 4626 :

150 4660 267 4718 Hanc
288 4665 452 4736 igitur
476 4668 824 4723 oblationem
848 4666 1082 4721 familia
1111 4670 1225 4721 tua
1247 4665 1351 4720 tibi
1379 4663 1670 4735 adstantis,

99 4766 290 4820 quorum
309 4761 406 4816 tibi
429 4763 564 4818 ﬁdes
594 4761 823 4832 cognita
847 4765 951 4829 est,
982 4766 1038 4815 et
1063 4764 1199 4814 nota
1224 4759 1464 4828 devotio,
1500 4774 1674 4830 quam

101 4846 172 4900 tibi
190 4851 405 4910 offerunt
438 4873 541 4927 pro
577 4855 872 4911 devotione
907 4854 1231 4909 animorum
1268 4869 1524 4922 suorum,
1571 4869 1674 4923 pro

99 4954 290 5009 qllomm
307 4949 401 5003 tibi
423 4949 642 5021 placitis
669 4948 960 5005 desideriis
1000 4948 1408 5020 supplicamus,
1453 4963 1676 5001 memor

101 5046 185 5088 esse
217 5039 450 5113 dignare,
503 5044 761 5113 Domine,
808 5048 995 5098 sancte
1032 5043 1216 5109 Pater,
1255 5044 1466 5096 aterne
1507 5041 1670 5110 Deus,

103 5125 144 5178 in
164 5128 326 5188 diebus
345 5137 693 5208 jejuniorum
719 5137 995 5209 ipsorum,
1027 5141 1093 5190 ut
1116 5152 1149 5190 a
1174 5135 1389 5189 cunctis
1417 5149 1511 5188 eos
1540 5148 1672 5204 pec-

104 5222 202 5276 catis
221 5227 501 5302 abstergas,
531 5237 587 5287 et
611 5231 903 5286 residuum
921 5228 1212 5301 temporis,
1243 5244 1356 5299 quo
1377 5227 1458 5282 eis
1483 5226 1676 5280 alimo-

105 5314 279 5374 niorum
302 5326 578 5397 perceptio
607 5324 964 5393 concedetur,
1002 5323 1078 5378 ita
1103 5339 1198 5378 eos
1227 5336 1558 5376 conservare
1587 5319 1674 5374 di-

108 5413 265 5482 Eneris,
291 5423 348 5471 ut
372 5419 611 5474 sobriam
641 5419 814 5473 vitam
841 5417 1130 5485 habentes,
1167 5431 1284 5470 non
1322 5415 1677 5469 involvantur

106 5512 396 5568 meatorum
423 5512 634 5585 laqueis
658 5513 729 5567 ab
750 5511 932 5583 epulis
957 5509 1229 5576 excitatis,
1253 5525 1357 5579 per
1389 5507 1676 5564 Christum

109 5589 352 5660 Dominum
398 5613 674 5663 nostrum.
719 5606 900 5671 Quam
938 5603 1284 5659 oblationem
1329 5606 1392 5657 tu
1436 5602 1584 5656 Deus
1616 5599 1677 5654 in

112 5739 310 5865 δελ-Πῶς
346 5752 614 5821 particula
648 5767 790 5808 nunc
835 5747 1045 5822 passim
1085 5745 1331 5802 occurrit
1368 5743 1427 5800 iu
1473 5742 1678 5799 Missali

197 5832 345 5865 lcaan

197 5832 327 5874 168.110
335 5863 348 5875 .

164 5869 230 5940 Sic
244 5869 323 5945 in
334 5869 553 5952 vetustis
577 5895 701 5952 aliis
729 5895 856 5950 Mss.
994 5891 1236 5948 Collecta
1282 5905 1382 5945 seu
1425 5886 1677 5942 oratione

1766 3350 1936 3417 atque
1973 3345 2218 3414 doctore,
2267 3361 2613 3415 quaesumus,
2657 3361 2730 3399 ne
2768 3345 2920 3416 apud
2967 3350 3021 3400 te
3065 3344 3191 3416 plus
3231 3345 3411 3400 valeat

1770 3439 2002 3493 offensio
2030 3438 2508 3509 delinquentium,
2540 3454 2714 3510 quam
2739 3438 3026 3494 miseratio
3045 3442 3164 3509 tua,
3188 3454 3412 3510 semper

1769 3532 1989 3588 indulta
2005 3531 2232 3588 ﬂetibus
2251 3531 2714 3603 supplicantium.
2742 3534 2867 3586 Per.

2209 3621 2382 3670 Oratio
2407 3621 2460 3670 in
2483 3625 2663 3670 sancto
2689 3621 2970 3684 Stephano.

1838 3699 2067 3767 Praesta,
2085 3713 2434 3769 quasumus,
2454 3696 2811 3766 omnipotens
2837 3702 2893 3750 et
2911 3696 3229 3752 misericors
3239 3697 3404 3768 Deus,

1771 3796 1833 3846 ut
1851 3791 2139 3862 fragilitati
2167 3795 2373 3845 nostra
2397 3789 2636 3844 adﬂicta
2661 3789 2721 3842 in
2749 3789 2946 3844 diebus
2980 3790 3220 3845 istorum
3250 3791 3405 3861 jeju-

1769 3885 1997 3940 niorum
2032 3884 2370 3956 magniﬁcus
2396 3884 2560 3938 levita
2581 3899 2645 3937 ac
2673 3882 2871 3937 beatus
2895 3882 3216 3954 Stephanus
3242 3884 3406 3939 auxi-

1769 3979 1910 4034 lium
1930 3977 2358 4033 interventionis
2384 3976 2680 4032 exhibeat:
2709 3976 2809 4048 qui
2833 3976 3082 4032 imitator
3109 3977 3406 4033 dominica

1769 4073 2042 4144 passionis
2076 4077 2134 4128 et
2156 4072 2401 4143 pietatis,
2433 4071 2654 4143 primus
2681 4069 2741 4124 in
2768 4087 2967 4126 cruore
2996 4073 3253 4144 martyrii
3281 4071 3404 4128 eni-

1769 4167 1912 4236 tuit;
1957 4172 2013 4222 et
2047 4183 2272 4239 semper
2315 4166 2386 4221 sit
2422 4166 2706 4238 perfectus
2740 4164 3098 4238 suffragator,
3130 4171 3320 4239 atque,
3352 4171 3406 4222 te

1771 4261 2131 4332 concedente,
2162 4265 2458 4332 promptus
2486 4260 2728 4331 adjutor.
2759 4261 2883 4315 Per.

2378 4354 2508 4403 Item
2534 4352 2796 4403 collectio.
2869 4405 2884 4415 κ

1843 4430 2040 4486 Preces
2078 4433 2297 4484 nostras
2342 4427 2403 4482 in
2446 4427 2554 4481 hoc
2581 4427 2802 4498 jejunio
2843 4430 3150 4498 protentas,
3181 4443 3408 4498 quasu-

1772 4541 1920 4591 mus,
1950 4523 2206 4592 Domine,
2235 4522 2383 4576 beati
2410 4521 2591 4576 levita
2617 4524 2674 4574 et
2711 4519 2977 4590 martyris
3017 4519 3100 4574 tui
3140 4520 3409 4591 Stephani

1773 4622 2150 4690 prosequatur
2185 4615 2392 4684 oratio;
2427 4619 2482 4669 et
2504 4619 2569 4670 ut
2587 4613 2733 4670 adsit
2769 4612 2933 4667 nobis
2971 4612 3208 4668 adﬂictis
3244 4613 3409 4670 mise-

1773 4711 2017 4768 ricordia
2040 4715 2157 4780 tua,
2191 4710 2312 4781 ejus
2335 4708 2596 4779 precibus
2624 4707 2979 4777 adjuvemur.
3010 4708 3134 4762 Per.

2229 4800 2401 4851 Oratio
2428 4801 2483 4850 in
2507 4804 2686 4850 sancto
2715 4799 2954 4850 Martino.

1844 4880 2076 4951 Porrige
2132 4879 2422 4933 dexteram
2470 4880 2659 4945 tuam,
2723 4891 3080 4947 quasumus,
3135 4875 3407 4947 Domine,

1773 4975 1925 5046 plebi
1953 4979 2088 5040 tua,
2119 4973 2178 5027 in
2207 4973 2295 5026 die
2314 4969 2668 5042 jejuniorum
2697 4985 2932 5024 suorum
2966 4969 3412 5026 misericordiam

1773 5067 2114 5140 postulanti;
2157 5071 2240 5134 ut,
2285 5064 2668 5120 intercedente
2697 5063 2861 5118 beato
2887 5063 3144 5134 Martino,
3168 5068 3412 5120 terrores

1774 5162 2138 5216 imminentes
2169 5159 2537 5228 declinemus,
2567 5162 2624 5213 et
2670 5158 2865 5212 solatia
2908 5157 3036 5212 vita
3074 5157 3410 5212 immortali-

1774 5256 1905 5310 tatis
1930 5254 2288 5326 accipiamus,
2318 5257 2374 5308 et
2408 5252 2753 5324 sempiterna
2795 5252 3001 5323 gaudia
3045 5250 3412 5322 comprehen-

1776 5349 1998 5405 damus.
2028 5349 2154 5404 Per.

2459 5417 2587 5466 Item
2614 5417 2731 5467 alia.

1849 5497 1995 5552 Deus
2021 5499 2218 5551 auctor
2234 5492 2464 5564 jejunii,
2494 5493 2784 5548 institutor
2808 5491 3186 5557 abstinentia,
3214 5488 3309 5561 qui
3329 5490 3412 5560 ,ᾔει

1770 5591 1922 5664 junii
1945 5590 2188 5646 formam
2213 5586 2614 5658 complectens,
2638 5585 2968 5642 submovisti
2993 5584 3306 5655 ingluviem
3331 5600 3415 5669 sas

1778 5736 1846 5792 de
1877 5737 2072 5817 sancto
2106 5734 2290 5816 Petro,
2324 5729 2424 5784 ubi
2468 5731 2638 5786 modo
2670 5728 2882 5801 legitur
2926 5725 3175 5782 absolute
3201 5723 3414 5796 ligandi

1778 5823 1982 5864 01111533.
2002 5821 2134 5862 V008
2165 5817 2398 5860 animas.
