3968 6224
499 311 596 369 29!

1295 309 1625 367 APPENDIX
1662 308 1750 365 AD
1786 307 2009 365 OPERA
2043 307 2276 366 SANCTI
2313 308 2612 366 GERMANI
2648 308 3074 366 PARISIENSIS.

3784 309 3892 362 292

500 417 764 485 turitatis,
796 420 862 474 ut
888 416 949 473 in
975 416 1139 474 nobis
1168 419 1514 473 castimoniae
1535 417 1805 472 sobrietas
1832 424 2136 490 regnaret;
2161 432 2220 504 Α
2243 417 2435 490 gloriae
2462 423 2592 487 tuae,
2621 417 2889 489 sedetque
2914 417 2984 472 ad
3011 418 3301 472 dexteram
3329 417 3510 484 tuam,
3533 413 3892 486 promissum

501 513 738 584 respice,
771 511 1026 582 Domine,
1064 511 1343 584 propitius
1377 527 1547 582 super
1572 511 1674 565 bos
1693 511 1970 582 supplices
1990 517 2137 582 tuos,

495 605 717 678 jejunio
761 606 1040 661 triduanaa
1080 605 1432 659 abstinentiae
1465 609 1757 673 vacantes;
1804 610 1861 660 et
1900 605 2140 660 interce-

502 699 670 754 dente
713 716 935 754 summo
976 699 1096 752 viro
1149 699 1310 753 beato
1363 697 1623 764 Martino,
1682 698 1920 769 gratiam
1985 703 2142 754 tuam

500 793 912 848 benedictionis
939 798 1048 846 ture
1078 792 1240 846 nobis
1270 792 1534 846 omnibus
1559 792 1631 846 ab
1653 808 1720 847 eo
1759 797 2022 846 exoratus
2062 793 2145 846 in-

502 887 706 956 funde;
736 892 800 941 ut
830 886 975 940 sicut
1004 885 1109 940 hoc
1131 885 1416 956 jejunium
1448 885 1519 940 ad
1545 885 1728 940 cultus
1754 885 1838 940 tui
1879 885 2143 940 timorem

501 981 868 1035 constitutum
899 979 1072 1033 vincit
1112 979 1422 1050 ingluviem
1469 980 1635 1052 gulae,
1667 979 1743 1033 ita
1780 978 2143 1034 inluminatio

500 1078 598 1128 tua
639 1075 697 1128 in
728 1072 984 1127 sensibus
1037 1073 1244 1128 nostris
1288 1079 1517 1144 superet
1547 1089 1777 1127 omnem
1819 1077 2143 1128 nostrorum

500 1167 757 1222 fomitem
783 1166 1050 1220 vitiorum
1063 1208 1075 1221 .
1107 1169 1230 1222 Per.

950 1259 1122 1308 Oratio
1149 1260 1200 1308 in
1229 1263 1408 1309 sancto
1432 1259 1701 1324 Gregorio.

569 1347 940 1418 Omnipotens
985 1345 1328 1416 sempiterne
1372 1345 1540 1414 Deus,
1596 1343 1790 1417 268
1829 1343 2043 1414 jejuni,
2075 1345 2143 1399 de

499 1439 614 1495 tuis
650 1441 821 1494 etiam
860 1439 1021 1493 donis
1065 1439 1266 1508 satiati,
1321 1439 1409 1493 vel
1457 1438 1709 1510 qualibet
1768 1439 2143 1494 maceratione

503 1534 763 1602 confecti,
813 1532 1163 1603 majestatem
1202 1536 1357 1587 tuam
1398 1533 1679 1604 supplices
1713 1548 2032 1601 exoramus,
2080 1536 2146 1586 ut

502 1627 751 1699 expulsis
789 1627 858 1681 de
879 1627 1142 1681 cordidus
1168 1627 1372 1681 nostris
1402 1631 1761 1698 peccatorum
1789 1626 2056 1693 tenebris,
2084 1627 2143 1680 in

2244 516 2502 566 sanctum
2530 510 2804 582 Spiritum
2828 511 2889 565 in
2916 511 3060 565 ﬁlios
3097 509 3416 581 adoptionis
3458 508 3683 565 effudit.
3734 509 3892 564 Unde

2244 606 2498 660 laetantes
2523 605 2672 660 inter
2699 605 2894 659 altaria
2929 608 3044 674 tua,
3094 604 3326 660 Domine
3366 601 3561 676 269
3592 603 3891 670 virtutem,

2244 699 2454 754 hostias
2475 699 2578 754 tibi
2603 699 2783 753 laudis
2809 698 3098 754 offerimus
3122 715 3255 754 cum
3295 699 3512 770 angelis
3555 702 3613 754 et
3653 697 3895 752 archan-

2246 793 2402 864 gelis,
2436 810 2538 865 per
2563 793 2849 849 Christum
2876 794 3200 849 Dominum.

2473 901 2579 955 LII.
2613 917 2763 955 mssa
2793 918 2850 955 IN
2876 918 2964 955 DIE
2988 915 3184 955 sancro
3205 900 3232 940 ι)
3259 916 3652 955 PENTECOSTEN.

2315 1000 2480 1068 Deus,
2510 999 2868 1053 inluminatio
2895 1003 2951 1054 et
2987 999 3098 1053 vita
3143 998 3516 1065 credentium,
3555 997 3718 1068 cujus
3759 1012 3890 1052 mu-

2244 1108 2449 1148 nerum
2478 1093 2777 1148 ineffabilia
2803 1093 3136 1164 magnitudo
3159 1091 3447 1146 hodiernae
3468 1091 3793 1146 festivitatis
3818 1097 3894 1146 te-

2245 1186 2507 1242 stimonio
2531 1187 2868 1255 celebratur,
2898 1186 2967 1240 da
2988 1185 3213 1258 pOpulis
3233 1186 3346 1240 tuis
3365 1201 3568 1256 capere
3595 1184 3891 1239 intellectu

2245 1281 2395 1353 quod
2439 1281 2684 1335 didicere
2739 1279 3032 1350 miraculo,
3076 1285 3140 1334 ut
3184 1279 3431 1351 adoptio,
3479 1295 3656 1350 quam
3692 1279 3757 1332 in
3801 1293 3889 1334 eos

2244 1375 2484 1446 Spiritus
2512 1379 2736 1429 sanctus
2763 1373 3068 1442 advocavit,
3112 1373 3251 1427 nihil
3293 1373 3353 1427 in
3398 1372 3699 1427 dilectione
3743 1372 3888 1442 tepi-

2245 1467 2402 1538 dum,
2434 1467 2577 1522 nihil
2602 1467 2805 1522 habeat
2834 1467 2892 1521 in
2920 1466 3266 1522 confessione
3289 1466 3598 1522 diversum.
3627 1467 3757 1520 Per.

2931 1565 3199 1615 Collectio.

2314 1646 2522 1700 Mentes
2570 1649 2819 1715 nostras,
2875 1662 3200 1717 quaesumus
3245 1645 3514 1713 Domine,
3577 1642 3887 1699 Paraclitus

501 1722 592 1777 die
621 1722 725 1775 hac
742 1721 968 1793 jejunii,
999 1721 1382 1776 intercedente
1409 1737 1632 1775 summo
1661 1721 1910 1775 antistite
1953 1723 2204 1811 nostro‘
2243 1738 2502 1810 Spiritus,
2541 1739 2640 1810 qui
2683 1739 2750 1793 de
2777 1745 2830 1794 te
2862 1738 3495 1811 p,.ocedjt,in1uminet;
3530 1742 3587 1792 et
3612 1737 3687 1792 ad
3720 1752 3889 1792 omne

502 1820 559 1870 et
586 1815 908 1869 ἀίνίηοιίιω
935 1814 1335 1885 ιηῖδῖθΐίοταω
1373 1830 1574 1886 caPace
1597 1815 1889 1886 Gregorio:
1941 1813 2010 1867 ad
2052 1806 2218 1878 VC'B
2242 1847 2383 1904 Opus
2424 1832 2639 1887 bonum
2678 1833 2968 1904 perducat,
3022 1832 3168 1887 sicut
3207 1831 3369 1887 nobis
3406 1831 3675 1904 promisit
3717 1830 3887 1884 Filius

499 1921 624 1962 ram
671 1907 878 1978 lucem,
933 1923 1062 1979 quae
1107 1906 1358 1962 Christus
1416 1914 1518 1978 est,
1568 1925 1669 1962 nos
1719 1908 1885 1962 facias
1939 1922 2138 1978 perve-

501 2000 644 2057 nire.

1189 2070 1459 2122 Collectio.

572 2157 940 2230 Omnipotens
968 2157 1313 2229 sempiterna
1357 2157 1522 2227 Deus,
1565 2164 1723 2227 cujus
1749 2157 1916 2229 jussu
1952 2174 2082 2212 caro
2109 2174 2142 2212 a

499 2252 879 2322 voluptatibus
909 2251 1116 2323 jejunii
1140 2251 1518 2306 maceratione
1550 2252 1937 2323 restringitur,
1965 2258 2023 2307 et
2051 2251 2143 2307 Sa-

501 2351 681 2400 torem
706 2362 872 2400 suum
901 2362 1030 2400 caro
1069 2349 1283 2413 nostra,
1321 2361 1424 2416 per
1461 2345 1822 2399 sobrietatem
1865 2345 2139 2415 restricta,

502 2438 810 2511 cognoscit,
841 2455 944 2509 per
975 2439 1437 2493 intercessionem
1478 2439 1687 2492 summi
1722 2438 2010 2509 apostolici
2046 2440 2143 2492 Pa-

502 2533 604 2588 tris
628 2532 808 2587 nostri
834 2532 1108 2604 Gregorii,
1139 2531 1199 2586 in
1226 2532 1331 2585 hoc
1350 2531 1574 2603 jejunio
1596 2531 1783 2586 tribue
1804 2532 2020 2586 cunctis
2040 2532 2143 2586 im-

502 2630 846 2684 maculatum
877 2629 934 2683 in
968 2633 1023 2684 te
1067 2628 1426 2684 credentibus
1473 2645 1734 2684 exercere
1776 2630 2031 2699 cultum;
2081 2634 2144 2684 ut

503 2724 674 2779 etiam
700 2723 744 2778 si
782 2723 1176 2795 jejunantibus
1223 2724 1357 2778 vitia
1401 2724 1726 2793 succedunt,
1773 2728 1830 2778 et
1877 2723 2144 2779 deserunt

502 2817 754 2886 virtutes,
806 2823 903 2871 tua
945 2833 1081 2888 erga
1127 2834 1239 2885 eos,
1270 2819 1434 2873 Pater
1463 2818 1843 2889 omnipotens,
1892 2817 2143 2873 custodia

500 2916 838 2982 perseveret.
870 2913 994 2966 Per.

823 3005 906 3060 LI.
936 3021 1093 3061 IISSA
1123 3022 1175 3062 IN
1206 3005 1583 3064 ascassmaa‘
1609 3021 1823 3062 nonum.

571 3099 739 3168 Deus,
781 3099 880 3171 qui
935 3100 1240 3154 Ecclesiam
1287 3105 1445 3155 tuam
1491 3101 1830 3172 evangelica:
1869 3099 2136 3156 exhorta-

2241 1925 2511 1982 veritatis.
2542 1929 2666 1982 Per.

2875 1998 3000 2046 Post
3022 1997 3250 2047 nomina.

2313 2078 2541 2133 Munera
2558 2081 2770 2148 nostra,
2795 2093 3121 2148 quaesumus
3147 2076 3406 2146 Domine,
3436 2075 3617 2131 sancti
3646 2075 3883 2147 Spiritus

2241 2171 2326 2226 tui
2353 2171 2678 2244 dignatione
2704 2175 3015 2237 sacrentur,
3043 2187 3146 2242 per
3173 2187 3300 2242 quae
3343 2187 3377 2224 a
3413 2170 3659 2240 peccatis
3699 2169 3878 2224 omni-

2241 2264 2347 2320 bus
2372 2264 2689 2336 adoptionis
2718 2269 2829 2320 tuaa
2851 2263 2948 2318 ﬁlii
2978 2280 3359 2318 renascamur.
3395 2265 3517 2318 Per.

2903 2359 2981 2409 Ad
3012 2373 3215 2409 pacem.

2903 2374 2981 2409 Λα
3011 2374 3215 2423 pacem.

2314 2441 2549 2496 Domine
2585 2445 2794 2510 sancte,
2842 2442 3006 2495 Pater
3039 2439 3418 2512 omnipotens,
3461 2444 3677 2495 aeterne
3715 2441 3878 2508 Deus,

2242 2523 2410 2607 cujus
2428 2535 2642 2608 Spiritu
2671 2539 2854 2589 totum
2883 2551 3089 2606 corpus
3113 2534 3371 2588 Ecclesiae
3395 2534 3810 2605 multiplicatur
3832 2538 3881 2586 et

2243 2629 2481 2700 regitur,
2510 2645 2778 2684 conserva
2803 2629 2863 2683 in
2889 2645 3092 2682 novam
3129 2628 3356 2682 familia:
3397 2633 3508 2682 tute
3543 2628 3876 2699 progeniem

2243 2722 2698 2776 sanctiﬁcationis
2723 2723 2987 2793 gratiam,
3020 2738 3194 2794 quam
3215 2721 3447 2791 dedisti;
3473 2726 3540 2776 ut
3564 2737 3800 2792 corpore
3830 2726 3878 2775 et

2242 2821 2432 2869 mente
2451 2815 2724 2885 renovati,
2764 2831 2968 2886 puram
2993 2815 3095 2869 tibi
3131 2814 3378 2868 animam
3413 2830 3544 2868 cum
3587 2813 3880 2869 securitate

2242 2909 2393 2980 pacis
2419 2914 2474 2964 et
2495 2925 2704 2980 purum
2732 2913 2924 2980 pectus
2955 2925 3180 2980 semper
3205 2909 3531 2964 exhibeant.
3560 2909 3685 2963 Per.

2911 3007 3220 3056 lmmolatio.

2316 3091 2453 3145 Vere
2478 3090 2719 3161 dignum
2744 3093 2800 3145 et
2829 3089 3052 3160 justum
3079 3095 3182 3160 est,
3213 3106 3316 3144 nos
3339 3090 3442 3145 tibi
3467 3107 3694 3162 semper
3711 3089 3806 3144 hic
3829 3096 3879 3145 et

501 3192 651 3249 tione
683 3192 954 3247 doctrina:
982 3210 1108 3264 quae
1135 3210 1362 3248 sursum
1391 3198 1523 3248 sunt
1545 3193 1713 3264 jubes
1740 3211 1957 3266 sapere,
1990 3199 2046 3248 et
2071 3193 2142 3248 ad
2163 3179 2216 3254 C
2243 3183 2451 3256 ubique
2493 3184 2700 3256 gratias
2741 3199 2933 3255 agere,
2975 3190 3031 3238 et
3071 3183 3299 3255 gloriari
3336 3184 3398 3238 in
3441 3185 3710 3256 Operibus
3751 3185 3877 3252 tuis,

501 3301 628 3341 eam
652 3302 712 3340 se
750 3285 1107 3341 altitudinem
1154 3287 1224 3341 ad
1259 3303 1432 3357 quam
1473 3287 1720 3342 Salvator
1763 3288 1965 3342 mundi
2003 3304 2138 3342 con-

503 3379 719 3436 scendit
745 3378 982 3451 erigere,
1016 3380 1087 3433 da
1125 3379 1473 3450 supplicibus
1511 3379 1623 3434 tuis
1667 3381 1935 3453 subsequi
1977 3382 2140 3437 intel-

501 3472 651 3526 lectu
679 3472 832 3543 quod
857 3472 1020 3527 multi
1045 3473 1308 3528 viderunt
1336 3479 1673 3544 conspectu;
1704 3479 1765 3529 ut
1800 3475 1859 3530 in
1890 3476 2139 3531 secundo

500 3566 814 3621 Mediatoris
851 3566 1093 3622 adventu
1139 3567 1391 3622 ditentur
1415 3567 1596 3635 donis,
1621 3569 1720 3640 qui
1747 3569 1857 3624 tuis
1885 3570 2136 3626 credide-

500 3665 636 3715 runt
660 3659 969 3731 promissis.
998 3662 1122 3716 Per.

571 3755 778 3809 Praesta
803 3754 985 3824 nobis,
1016 3755 1375 3828 omnipotens
1418 3761 1475 3811 et
1511 3757 1832 3812 misericors
1871 3755 2035 3826 Deus,
2077 3763 2142 3812 ut

501 3847 646 3902 sicut
685 3848 924 3903 humani
967 3850 1191 3919 generis
1232 3851 1580 3906 Salvatorcm
1605 3851 1910 3906 consedere
1950 3856 2138 3906 tecum

500 3942 561 3996 in
593 3947 692 3996 tua
719 3943 1010 4012 majestate
1031 3943 1389 4015 conﬁdimus,
1439 3944 1519 3998 ita
1555 3961 1736 4016 usque
1775 3944 1847 3998 ad
1883 3960 2142 3998 consum-

500 4035 809 4089 mationem
838 4035 1027 4090 saeculi
1058 4054 1288 4093 manere
1314 4038 1630 4108 nobiscum,
1656 4038 2139 4110 quemadmodum

502 4132 588 4184 est
605 4128 904 4199 pollicitus,
941 4130 1272 4186 sentiamus.
1301 4133 1427 4187 Per.

1123 4224 1243 4274 Post
1266 4224 1514 4274 nomina."

573 4306 938 4374 Sacriﬁcium,
973 4307 1228 4379 Domine,
1256 4327 1359 4381 pro
1399 4309 1522 4364 Filii
1551 4311 1636 4365 tui
1670 4310 1739 4365 in
1781 4311 1930 4366 cmlis
1973 4311 2140 4367 hodie

500 4402 836 4458 Ascensione
877 4401 1218 4472 deferimus;
1267 4409 1495 4476 praesta,
1555 4421 1902 4476 quaesumus,
1959 4411 2023 4461 ut
2069 4405 2139 4461 ad

499 4502 659 4552 tuam
685 4496 923 4568 gloriam
947 4512 1048 4568 per
1071 4496 1262 4568 ipsum
1290 4497 1382 4553 his
1415 4499 1765 4555 commerciis
1807 4500 2141 4557 venerandis

499 4606 820 4664 surgamus.
850 4591 973 4646 Per.

1169 4662 1246 4714 Ad
1274 4677 1479 4726 pacem.

573 4745 738 4816 Deus,
772 4747 872 4819 qui
899 4747 1038 4802 dum
1063 4748 1331 4804 subsellia
1375 4749 1606 4806 Deitatis
1638 4751 1916 4821 ascendis,
1955 4751 2140 4807 obser-

500 4854 631 4894 vare
657 4855 761 4893 nos
796 4857 994 4910 pacem
1035 4843 1356 4913 evangelica
1393 4844 1726 4900 auctoritate
1769 4861 1885 4899 non
1931 4844 2139 4900 desinis

499 4934 716 5002 docere,
747 4932 819 4986 da
843 4933 1004 4987 nobis
1037 4935 1288 5004 placidus
1315 4953 1509 5007 pacem
1549 4942 1730 5007 tuam,
1757 4943 1822 4992 ut
1850 4938 1989 4993 dum
2019 4937 2135 4993 dis-

498 5024 705 5082 cordia:
740 5042 920 5098 prona
958 5027 1294 5099 refugimus,
1332 5031 1448 5086 caeli
1489 5032 1667 5088 ardua
1700 5048 2136 5104 consequamur.

496 5126 622 5180 Per.

1165 5192 1472 5247 Immolatio.

571 5282 709 5337 Vere
739 5282 981 5353 dignum
1007 5282 1061 5336 et
1089 5279 1312 5352 justum
1336 5288 1438 5351 est,
1479 5299 1582 5354 per
1616 5282 1902 5341 Christum
1941 5285 2134 5340 Domi-

495 5391 639 5431 num
666 5381 946 5430 nostrum.
974 5375 1080 5438 Qui
1113 5381 1372 5431 mortuus
1399 5381 1481 5430 est
1507 5382 1740 5448 propter
1775 5383 2001 5450 peccata
2031 5396 2136 5433 no-

496 5473 630 5535 stra,
663 5473 719 5524 et
754 5469 1064 5525 resurrexit
1101 5474 1334 5540 propter
1361 5469 1825 5539 justiﬁcationem
1865 5477 2134 5529 nostram.

495 5562 758 5619 Ascendit
807 5580 980 5636 super
1031 5579 1227 5618 omnes
1260 5563 1465 5632 caelos;
1513 5569 1569 5619 et
1622 5565 1896 5620 exaltatus
1934 5567 2139 5623 throno

567 5697 594 5726 ‘
630 5699 780 5754 Inter
811 5699 1015 5754 Alcimi
1041 5698 1186 5754 Aviti
1228 5698 1550 5770 fragmenta
1585 5715 1769 5755 unum
1793 5705 1881 5758 est
1915 5719 1987 5759 ex
2015 5719 2135 5759 ser-

494 5785 664 5829 mone
691 5771 760 5825 de
793 5771 1130 5826 Ascensione
1159 5769 1403 5827 Domini.

567 5841 598 5881 ι)
623 5842 689 5896 Et
715 5841 786 5894 de
815 5840 921 5895 hoc
949 5841 1092 5895 festo
1117 5840 1400 5896 habentur
1427 5843 1540 5899 duo
1563 5844 1882 5917 fragmenta
1908 5864 1978 5904 ex
2017 5863 2132 5904 ser-

2240 3278 2476 3333 Domine
2509 3283 2717 3347 sancte,
2759 3280 2923 3332 Pater
2963 3279 3341 3350 omnipotens,
3374 3283 3586 3333 aeterne
3627 3279 3795 3345 Deus,
3827 3278 3878 3331 in

2242 3370 2348 3425 hoc
2370 3371 2655 3443 praecipue
2676 3371 2785 3442 die,
2809 3372 2868 3426 in
2894 3389 3008 3444 quo
3029 3372 3471 3427 sacratissimum
3489 3372 3701 3426 Pascha
3722 3372 3879 3442 quin-

2241 3465 2514 3537 quaginta
2553 3465 2776 3520 dierum
2802 3466 3084 3537 mysteriis
3106 3466 3349 3537 tegitur;
3390 3470 3446 3522 et
3473 3482 3578 3538 per
3602 3482 3703 3520 sua
3725 3465 3879 3520 vesti-

2243 3559 2355 3630 gia,
2400 3559 2816 3614 recursantibus
2863 3559 3085 3614 dierum
3127 3559 3340 3631 spatiis,
3397 3561 3777 3632 colleguntur,
3831 3564 3880 3613 et

2241 3652 2510 3725 dispersio
2539 3653 2888 3724 linguarum,
2917 3670 3044 3725 quae
3070 3654 3130 3708 in
3160 3653 3488 3708 confusione
3515 3654 3666 3709 facta
3679 3654 3874 3720 fuerat,

2241 3763 2341 3818 per
2389 3747 2662 3818 Spiritum
2708 3753 2969 3803 sanctum
3016 3748 3319 3803 adunatur.
3374 3748 3550 3803 Hodie
3614 3749 3771 3803 enim
3818 3747 3876 3802 de

2240 3841 2392 3895 caelis
2421 3846 2653 3912 repente
2678 3857 2882 3896 sonum
2921 3841 3213 3897 audientes
3250 3842 3506 3912 apostoli,
3549 3842 3718 3896 unius
3757 3841 3876 3896 ﬁdei

2239 3935 2577 4006 Symbulum
2623 3940 2987 4006 exceperunt,
3040 3941 3096 3990 et
3145 3936 3354 4006 linguis
3391 3936 3558 3990 variis
3596 3935 3875 4009 Evangelii

2239 4029 2324 4084 tui
2353 4029 2593 4100 gloriam
2621 4029 2885 4101 gentibus
2921 4029 3296 4100 tradiderunt,
3326 4046 3430 4102 per
3451 4029 3743 4086 Christum
3784 4029 3875 4084 Do-

2239 4122 2462 4178 minum
2488 4126 2768 4178 nostrum.

2347 4241 2482 4295 Llll.
2514 4256 2665 4295 mssa
2689 4255 3002 4297 sancronun
3033 4255 3291 4295 ranuou
3317 4254 3380 4294 ar
3407 4254 3778 4296 reanucxoms.

2313 4343 2616 4398 Dominum
2633 4344 2811 4418 Deum
2828 4347 3108 4414 nostrum,
3130 4344 3333 4397 fratres
3357 4342 3657 4411 carissimi,
3678 4342 3875 4415 suppli-

2241 4452 2331 4492 ces
2357 4453 2678 4505 exoremus,
2709 4437 2808 4510 qui
2834 4437 3037 4492 sanctis
3080 4437 3426 4508 martyribus
3474 4437 3591 4492 suis
3627 4436 3874 4493 Ferreolo

2159 4534 2298 4624 Det
2354 4531 2679 4585 Ferrucioni
2729 4531 2991 4602 quadam
3043 4530 3245 4586 tribuit
3285 4531 3611 4585 futurorum
3650 4530 3873 4603 praemia

2243 4624 2580 4696 gaudiorum
2611 4624 2672 4679 in
2690 4625 2814 4697 ipsa
2839 4625 3208 4697 praesentium
3252 4625 3577 4680 conditione
3618 4625 3870 4680 certami-

2239 4734 2381 4773 num
2407 4717 2600 4791 270
2621 4719 2778 4789 (dum
2806 4719 3419 4791 perinextinguibilem
3446 4719 3533 4774 sui
3559 4720 3771 4775 amoris
3797 4735 3873 4774 ar-

2239 4813 2436 4868 dorem
2464 4813 2793 4884 intelligunt
2815 4816 3148 4870 suavitatem
3164 4815 3295 4869 vitae
3319 4814 3543 4868 damnis
3560 4815 3866 4886 adquirere,

2240 4912 2296 4962 et
2320 4911 2563 4962 mortem
2588 4909 2883 4964 moriendo
2912 4909 3122 4963 calcare
3149 4925 3163 4963 :
3194 4908 3401 4980 quibus
3420 4908 3561 4963 dum
3582 4916 3869 4980 praetervo-

2238 5000 2361 5056 lans
2387 5002 2477 5056 hic
2505 5002 2622 5057 dies
2664 5019 2767 5074 per
2813 5003 3140 5074 urgentium
3177 5019 3477 5074 poenarum
3511 5001 3865 5058 acerbitatem

2239 5096 2611 5166 concluditur,
2636 5097 2826 5152 aditus
2851 5101 3080 5153 aeterna:
3100 5097 3242 5152 lucis
3266 5097 3561 5168 aperitur),
3597 5098 3695 5153 det
3722 5096 3864 5153 nobis

2237 5188 2464 5244 famulis
2484 5189 2618 5258 suis,
2640 5195 2707 5246 ut
2729 5191 2875 5245 sicut
2891 5177 3018 5246 illos
3036 5192 3191 5246 nulla
3216 5195 3636 5246 tormentorum
3653 5206 3862 5264 genera,

2237 5300 2471 5354 corpore
2524 5285 2654 5339 licet
2695 5285 3007 5354 deserente,
3061 5286 3376 5358 fregerunt,
3430 5287 3511 5342 ita
3566 5303 3672 5342 nos
3712 5285 3863 5342 nulla

2239 5377 2439 5432 mundi
2474 5378 2646 5449 hujus
2690 5379 2990 5435 inlecebrae
3043 5397 3076 5434 a
3115 5397 3234 5436 sua;
3276 5381 3567 5454 proposito
3603 5378 3864 5437 servitutis

2239 5471 2552 5543 perniciosa
2592 5474 2889 5529 securitate
2922 5474 3260 5545 deﬁectant;
3317 5481 3382 5531 ut
3434 5475 3705 5532 virtutem
3750 5472 3863 5529 ﬁdei

2239 5571 2446 5622 nostrae
2473 5566 2695 5623 divinus
2714 5567 2862 5641 ignis
2886 5585 3002 5624 suae
3017 5570 3267 5626 caritatis
3287 5571 3577 5642 accendat,
3610 5577 3668 5628 et
3694 5569 3861 5626 omni!

2237 5720 2407 5785 mone
2432 5707 2599 5778 Aviti,
2627 5708 2689 5785 in
2719 5724 2965 5785 quorum
2985 5709 3178 5780 primo
3206 5710 3474 5785 egregius
3500 5711 3657 5768 locus
3686 5715 3767 5768 est
3805 5708 3861 5762 de

2238 5777 2478 5850 Spiritus
2497 5777 2674 5836 sancti
2704 5777 3014 5838 divinitate}
