3968 6224
137 340 220 396 293
1211 331 1300 393 DE
1335 334 1649 392 LITURGIA
1685 330 2058 390 GALLICANA
2096 331 2295 390 LIBER
2334 331 2421 389 Ill.
3389 335 3492 390 294

137 451 184 503 in
200 446 341 502 nobis
364 445 750 519 corporalium
765 445 1031 503 vitiorum
1048 444 1416 502 fundamenta
1437 451 1750 502 consumat.
1775 457 1835 528 Α
1854 445 2110 499 animum
2138 446 2209 499 ad
2249 443 2507 514 martyrii
2533 448 2664 500 vota
2691 443 3040 516 componat?
3077 446 3177 500 aut
3219 444 3346 516 quis
3381 461 3495 500 non

142 545 243 597 Per.
1853 544 2193 611 provocetur
2222 540 2292 594 ad
2337 555 2612 611 pugnam,
2646 556 2777 594 cum
2816 539 3002 594 videat
3041 555 3251 609 magno
3288 538 3496 594 laboris

1852 634 2038 688 fructu
2068 639 2491 689 remuneratam
2510 639 2826 704 martyrum
2844 633 3016 688 fuisse
3043 631 3330 687 victoriam
3345 633 3372 686 ?
3391 634 3496 688 Ro-

1853 745 2052 798 gamus
2075 745 2233 799 ergo,
2267 728 2525 796 Domine,
2558 733 2622 782 ut
2648 727 2706 782 in
2738 726 3338 782 commemorationem
3363 743 3490 782 san-

1849 826 2068 876 ctorum
2097 826 2331 876 tuorum
2358 822 2601 875 Ferreoli
2629 825 2685 876 et
2708 821 3079 889 Ferrucionis,
3109 821 3342 876 illorum
3371 837 3495 891 pre-

1849 917 2008 969 tiosas
2035 915 2259 969 virtutis
2289 915 2625 970 memoriam
2647 916 2978 983 recolentes,
2999 920 3218 986 partem
3236 930 3494 970 remune-

1845 1009 2078 1063 rationis
2090 1008 2352 1062 admittas
2367 1026 2383 1076 ;
2403 1025 2465 1062 ac
2479 1014 2710 1080 praestes
2726 1008 3013 1063 utfamilia
3024 1014 3121 1062 tua
3133 1025 3490 1080 perseverare

1846 1119 2076 1156 cursum
2105 1101 2268 1172 coepti
2297 1101 2506 1156 laboris
2538 1103 2802 1174 expediat
2832 1120 2844 1157 ε
2893 1107 3175 1174 quatenus
3204 1103 3300 1173 qui
3342 1102 3403 1156 in
3435 1107 3489 1158 te

1843 1196 2100 1265 credunt,
2132 1201 2186 1250 et
2215 1195 2319 1249 tibi
2349 1195 2622 1265 serviunt,
2664 1197 2769 1250 etsi
2811 1213 2926 1252 non
2968 1196 3024 1250 in
3062 1197 3265 1268 prima,
3305 1197 3394 1250 vel
3429 1195 3488 1250 in

1843 1289 2091 1344 secunda
2118 1289 2594 1344 remunerationis
2633 1295 2803 1359 sorte,
2847 1290 3039 1344 locum
3080 1290 3230 1361 apud
3273 1293 3328 1343 te
3367 1305 3486 1344 me-

1841 1388 2076 1438 reantur
2105 1383 2360 1438 obtinere
2380 1383 2639 1453 justitiae.
2675 1384 2741 1436 Et
2761 1383 2888 1438 ideo
2916 1399 3044 1438 cum
3071 1383 3289 1454 angelis
3316 1387 3484 1454 atque

1841 1476 2197 1547 archangelis
2217 1477 2462 1531 clamant
2487 1477 2758 1532 dicentes.

795 613 1066 664 Collectio.

193 687 335 755 Deus,
364 685 524 757 cujus
555 703 813 742 amorem
841 687 1078 758 piissimi
1117 687 1461 742 confessores
1503 687 1558 742 et
1594 702 1747 741 mar-

136 787 257 852 tyres
293 780 370 833 tui
415 781 717 835 Ferreolus
751 787 806 836 et
847 781 1106 835 Ferrucio
1147 799 1344 836 cruore
1368 782 1656 850 adserunt,
1695 784 1750 835 et

135 879 283 930 morte
297 873 635 928 conﬁrmant
655 894 670 943 ;
688 876 785 946 qui
800 875 938 929 dum
954 875 1055 929 tibi
1070 880 1184 928 tam
1199 875 1440 930 libenter
1455 879 1747 945 sumptum

133 985 159 1022 a
179 974 224 1023 te
247 967 360 1021 vitae
384 985 596 1022 munus
623 969 984 1040 impendunt,
1023 969 1314 1023 neminem
1340 985 1454 1023 non
1482 985 1584 1039 pro
1626 968 1747 1022 Vita

132 1061 250 1116 mori
292 1064 597 1130 testantur;
635 1064 878 1118 concede
933 1068 996 1117 ut
1050 1063 1221 1118 ﬁdem
1259 1080 1430 1134 quam
1481 1063 1746 1117 cordibus

131 1156 303 1210 nostris
319 1156 543 1226 proprio
563 1156 899 1228 inscriptam
919 1157 1195 1229 sanguine
1215 1157 1589 1228 reliquerunt,
1617 1158 1743 1212 vitae

131 1249 312 1304 meritis
339 1251 662 1304 excolamus
679 1269 696 1319 ;
728 1256 784 1305 et
808 1252 959 1322 quod
987 1251 1046 1305 in
1074 1251 1152 1306 eis
1179 1251 1532 1305 admiramur
1551 1251 1738 1306 imite-

131 1359 252 1410 mur,
273 1343 414 1414 quod
444 1344 688 1398 colimus
715 1344 1044 1415 diligamus,
1075 1345 1228 1415 quod
1252 1344 1418 1400 laude
1445 1346 1740 1417 prosequi-

129 1452 234 1491 mur
251 1438 666 1492 conversatione
697 1444 1000 1493 sectemur.
1035 1440 1160 1493 Per.

720 1534 844 1580 Post
867 1531 1099 1580 nomina.

182 1605 465 1660 Recensitis
491 1606 825 1661 nominibus
851 1607 1093 1660 fratrum
1120 1621 1494 1677 carorumque
1523 1607 1738 1658 nostro-

127 1715 249 1766 rum,
276 1716 494 1754 oremus
526 1701 883 1754 Dominicam
910 1699 1377 1765 misericordiam,
1400 1698 1530 1753 utin
1549 1699 1737 1752 medio
1910 1698 2074 1746 “0‘15:
2123 1698 2220 1748 ‘1‘“
2257 1698 2488 1732 Dem-“"1
2530 1698 2846 1732 δοηδηηθω
2888 1698 3110 1755 napus“.

127 1791 429 1847 Hierusalem
458 1794 518 1847 in
547 1794 994 1866 congregatione
1021 1799 1342 1848 sanctorum
1364 1793 1485 1846 haec
1504 1792 1736 1846 nomina
1757 1828 1810 1866 ι)
1836 1771 2160 1866 testimonio
2191 1771 2577 1866 decorastiida
2604 1771 2768 1826 DObiS
2781 1787 3127 1866 QP?5umusi
3147 1771 3484 1866 humilitatis

126 1885 208 1939 sibi
231 1886 380 1940 faciat
403 1887 470 1940 ab
497 1863 709 1958 angelo
744 1863 1200 1942 sanctiﬁcationis
1230 1887 1288 1940 in
1329 1863 1812 1940 beatitudinem”
1838 1865 2327 1958 eiusexemplum
2371 1864 2590 1931 audire,
2640 1869 2705 1920 ut
2743 1865 3128 1920 desideremus
3168 1863 3484 1937 intelligere

128 1980 289 2033 etcrni
316 1981 500 2051 gaudii
522 1957 838 2036 recenseri:
875 1981 1329 2051 sacriﬁciumque
1348 1979 1455 2034 hoc
1482 1984 1738 2033 nostrum
1837 1957 1992 2029 (Ἑλοά
2021 1959 2293 2025 exercuit:
2328 1962 2384 2012 et
2407 1958 2640 2030 adsequi
2665 1963 2786 2014 ίοίο
2825 1973 3017 2013 amore
3057 1957 3213 2030 qu°d
3251 1958 3478 2015 meruit-

1873 1584 2004 1638 [ιν.
2044 1601 2194 1639 mssa
2225 1602 2280 1639 IN
2308 1601 2626 1639 marmura
2656 1600 2839 1638 SANCTI
2870 1600 3134 1638 JOHANNIS
3166 1599 3447 1641 namsrxt.

1909 1679 2074 1746 Deus,
2123 1678 2220 1748 qui
2257 1678 2488 1732 beatum
2530 1679 2846 1732 Johannem
2887 1677 3192 1748 Baptistam
3235 1678 3484 1734 veritatis

126 2073 240 2126 sicut
269 2073 322 2127 in
373 2075 900 2146 praeformationem
942 2075 1365 2143 Melchisedech,
1432 2073 1490 2128 in
1532 2074 1738 2128 virtute

126 2167 415 2236 sanctiticet;
456 2186 659 2238 preces
679 2185 905 2240 quoque
932 2168 1292 2223 offerentium
1319 2169 1464 2222 hanc
1495 2167 1732 2221 oblatio-

125 2277 229 2315 nem
275 2263 612 2333 prOpitiatus
684 2263 948 2317 exaudiat
1012 2263 1070 2316 in
1133 2261 1734 2316 commemorationem

126 2351 534 2410 beatissimorum
594 2362 915 2427 martyrum
964 2357 1215 2410 Ferreoli
1258 2362 1314 2411 et
1358 2356 1730 2422 Ferrucionis,

127 2449 447 2521 omniumque
475 2455 844 2516 sanctorum;
887 2455 951 2504 ut
993 2467 1195 2504 eorum
1234 2450 1495 2521 precibus
1533 2449 1730 2519 adjuti,

125 2557 212 2596 non
230 2545 396 2598 solum
425 2545 749 2598 viventibus
771 2544 1055 2615 praesidia,
1086 2560 1286 2598 verum
1330 2543 1501 2597 etiam
1538 2544 1734 2597 defun-

126 2635 202 2690 ctis
225 2638 350 2692 caris
382 2639 596 2694 nostris
623 2638 880 2708 requiem
924 2638 1177 2692 obtinere
1219 2642 1565 2692 mereantur.
1604 2638 1729 2692 Per.

622 2731 874 2779 Collectio
899 2731 962 2779 ad
994 2745 1196 2794 pacem.

176 2802 409 2858 Mirabilis
435 2805 495 2859 in
528 2806 740 2859 sanctis
769 2806 906 2873 tuis,
940 2805 1173 2859 Domine
1203 2805 1498 2875 virtutum,
1533 2809 1588 2860 et
1606 2821 1732 2876 pec-

123 2897 353 2952 catoribus
401 2899 568 2953 nobis
614 2899 1078 2953 beatissimorum
1129 2905 1447 2970 martyrum
1499 2903 1729 2953 tuorum

122 2982 322 3040 Ferreoli
351 2993 405 3042 et
440 2989 804 3042 Fcrrucionis
831 2989 1144 3059 patrocinio
1179 2989 1408 3059 largire.
1455 2988 1536 3042 llli
1579 3004 1732 3042 coro-

120 3090 197 3127 nas
226 3075 461 3148 insignes
492 3078 841 3150 gemmibus,
872 3077 1158 3148 lapidibus
1183 3077 1442 3148 pretiosis
1472 3075 1731 3148 martyrii

118 3168 285 3224 Virtute
310 3177 647 3226 meruerunt
668 3189 683 3241 ;
714 3189 816 3226 nos
842 3188 1039 3226 eorum
1069 3171 1372 3243 suifragiis,
1396 3176 1451 3226 te
1484 3171 1728 3225 donante
1750 3201 1805 3275 Ο

121 3262 406 3320 delictorum
430 3267 662 3320 veniam
698 3282 1145 3336 consequamur;
1185 3271 1239 3320 et
1287 3265 1529 3320 concede
1549 3265 1724 3346 nobis

121 3359 165 3408 ut
190 3359 485 3430 conjunctio
514 3360 804 3414 labiorum
844 3360 1046 3430 copula
1075 3359 1348 3413 efﬁciatur
1379 3360 1720 3426 animarum,

121 3455 161 3504 et
201 3453 568 3509 ministerium
626 3454 802 3508 osculi
841 3457 1135 3525 perpetuae
1183 3453 1438 3525 proﬁciat
1484 3453 1721 3508 caritati.

119 3542 215 3599 Per.

717 3618 1052 3668 Contestatio.

173 3690 392 3764 Dignum
417 3699 475 3749 et
493 3694 722 3765 justum
750 3699 851 3749 est.
871 3695 1009 3748 Vere
1031 3693 1271 3764 dignum
1289 3697 1345 3747 et
1365 3692 1586 3763 justum
1602 3694 1718 3748 est:

121 3787 586 3860 quotienscumque
631 3803 852 3858 pugnas
908 3792 1236 3842 sanctorum
1293 3787 1614 3854 recolimus,
1668 3790 1723 3840 te

121 3876 402 3945 laudamus;
461 3888 520 3937 et
563 3881 623 3936 in
656 3898 771 3952 quo
820 3887 1098 3952 martyres
1137 3887 1266 3937 tuos
1304 3880 1632 3935 Ferreolum
1669 3882 1725 3934 et

122 3969 475 4030 Ferrucionem
512 3975 881 4048 proferimus,
917 3975 1028 4030 tuis
1059 3975 1358 4030 virtutibus
1397 3972 1579 4047 271
1620 3973 1721 4027 ad-

122 4067 427 4138 scribamur;
457 4070 597 4142 quia
627 4070 853 4124 illorum
885 4087 1090 4125 corona
1115 4075 1214 4124 tua
1251 4073 1335 4124 est
1382 4069 1580 4139 gloria,
1623 4069 1724 4139 qui

123 4173 200 4228 per
217 4164 434 4218 unicum
465 4164 674 4218 Filium
702 4170 868 4219 tuum
895 4166 1085 4219 Jesum
1111 4164 1397 4219 Christum
1419 4163 1723 4217 Dominum

122 4269 168 4306 ac
208 4256 538 4314 Salvatorcm
587 4263 847 4314 nostrum
888 4259 1147 4313 mortalia
1193 4275 1427 4329 corpora
1483 4257 1726 4312 docuisti

122 4350 309 4418 pretiosi
336 4353 585 4424 palmam
615 4357 840 4424 portare
878 4353 1159 4424 martyrii.
1192 4353 1346 4407 Juste
1385 4356 1579 4406 autem
1613 4351 1724 4406 tuis

123 4445 298 4499 meritis
341 4448 698 4516 exhibemus,
760 4465 872 4519 quo
911 4447 1351 4502 fortissimorum
1406 4449 1724 4516 martyrum

124 4534 236 4593 facta
256 4556 606 4608 veneramur,
638 4543 738 4613 qui
769 4543 1050 4596 humanas
1077 4545 1296 4595 mentes
1331 4541 1402 4595 ad
1438 4545 1723 4594 certamen

126 4633 325 4689 celi-stis
365 4637 563 4707 glorise
606 4653 802 4691 amore
844 4642 958 4691 tua:
1002 4636 1224 4708 pietatis
1275 4635 1552 4690 accendis.
1591 4637 1724 4690 Tuae

124 4739 328 4800 namque
346 4732 572 4786 virtutis
597 4738 682 4786 est
701 4731 1008 4802 praemium
1029 4747 1195 4802 paena
1214 4735 1560 4784 sanctorum.
1585 4730 1724 4782 Nam

128 4819 172 4872 in
216 4839 314 4892 qua
365 4825 776 4896 subjacuerunt
814 4825 947 4879 saevi
989 4824 1248 4878 membra
1289 4824 1585 4892 carniﬁcis,
1621 4822 1726 4877 tibi

127 4915 261 4970 servit
282 4925 595 4990 martyrum
620 4919 830 4973 effusus
851 4919 1102 4990 sanguis,
1133 4918 1236 4973 tibi
1258 4918 1615 4989 triumphum
1641 4933 1728 4972 re-

127 5013 277 5074 portat
300 5029 497 5068 manus
525 5020 762 5069 cruenta
789 5014 1038 5082 lictoris;
1067 5012 1280 5084 quique
1308 5012 1496 5084 gladio
1531 5011 1726 5065 volun-

129 5102 243 5155 taria
268 5106 403 5159 colla
424 5108 739 5178 subposuit,
769 5108 869 5162 tibi
890 5107 1055 5176 vicit;
1088 5107 1299 5178 quique
1321 5105 1550 5178 ungulis
1570 5106 1725 5160 ﬁam.

129 5195 308 5268 misque
345 5200 660 5273 subjacuit,
698 5201 781 5256 tui
819 5202 1072 5272 palmam
1111 5200 1357 5255 nominis
1399 5200 1721 5272 reportavit.

131 5286 272 5346 Habes
304 5312 460 5368 ergo,
492 5295 747 5362 Domine,
778 5294 838 5347 in
865 5311 977 5364 quo
1017 5295 1250 5363 exultes,
1299 5296 1722 5367 quotienscum-

131 5399 216 5455 que
239 5395 396 5442 tanta:
422 5389 646 5444 virtutis
671 5387 1007 5443 memoriam
1032 5389 1364 5458 recolimus;
1405 5406 1510 5443 nec
1537 5389 1720 5443 inme-

132 5478 216 5530 rito
238 5481 466 5552 singulis
489 5483 811 5554 quibusque
855 5482 1102 5538 caelestia
1141 5483 1290 5538 dona
1321 5482 1592 5555 disponis,
1626 5481 1725 5554 qui

132 5573 313 5628 tantum
337 5593 438 5647 per
470 5583 690 5633 sanctos
717 5584 844 5633 tuos
873 5577 1127 5650 undique
1157 5593 1410 5632 amorem
1451 5576 1721 5648 adquiris.

131 5659 237 5724 Qnis
260 5684 367 5724 non
391 5677 517 5742 post
537 5677 759 5728 tantam
801 5672 1024 5745 pietatis
1068 5677 1181 5728 tua:
1217 5670 1721 5743 magniﬁcentiam,

191 5789 210 5816 '
234 5791 350 5850 Haec
372 5795 638 5854 Collectio
663 5798 863 5854 eadem
888 5799 950 5854 in
978 5799 1186 5856 Ordine
1213 5800 1578 5871 Gregoriano.

1837 2053 1944 2108 Per
1967 2053 2157 2107 Jesum
2187 2051 2495 2107 Christum.

2391 2152 2640 2203 Collectio
2669 2153 2920 2216 sequitur.

1908 2235 2282 2305 Omnipotens
2326 2234 2667 2304 sempiterne
2711 2235 2875 2301 Deus,
2931 2234 3028 2306 qui
3081 2234 3476 2292 beatissimum

1833 2345 2247 2400 praecursorem
2275 2333 2440 2382 tuum
2465 2328 2783 2382 Johannem
2823 2329 3128 2400 Baptistam
3159 2329 3230 2383 ad
3256 2346 3474 2402 prepa-

1835 2423 2037 2477 randas
2087 2422 2376 2494 Unigeniti
2434 2421 2515 2475 tui
2557 2421 2674 2475 vias
2733 2422 2885 2476 nasci
2922 2422 3170 2493 jussisti,
3221 2427 3431 2494 praesta
3461 2467 3474 2494 ,

1833 2533 2160 2587 quaesumus
2205 2521 2271 2570 ut
2316 2515 2735 2570 intercessionis
2773 2516 2893 2586 ejus
2923 2516 3201 2570 auxilium
3239 2516 3472 2586 tribuas,

1833 2615 1888 2663 et
1912 2611 1984 2664 ad
2013 2610 2302 2681 implenda
2347 2609 2614 2664 mandata
2661 2625 2950 2681 praepares
3000 2610 3338 2666 voluntates.
3373 2611 3478 2666 Per

1831 2703 2134 2757 Dominum
2156 2707 2434 2757 nostrum.

2465 2783 2586 2832 Post
2605 2781 2834 2830 nomina.

1901 2869 2272 2938 Omnipotens
2297 2867 2638 2938 sempiterne
2655 2869 2818 2936 Deus,
2835 2867 2933 2938 qui
2949 2868 3100 2922 hunc
3121 2868 3271 2922 diem
3291 2869 3470 2924 hono—

1829 2961 2069 3016 rabilem
2098 2961 2262 3015 nobis
2289 2961 2348 3014 in
2374 2961 2526 3015 beati
2554 2961 2829 3014 Johannis
2868 2961 3134 3032 Baptistae
3176 2962 3467 3017 nativitate

1827 3053 2007 3110 fecisti
2031 3055 2334 3124 insignem,
2364 3070 2708 3125 quaesumus,
2739 3059 2803 3108 ut
2829 3057 2960 3108 tuus
2989 3055 3314 3109 Prmcursor
3341 3054 3473 3126 (quo

1831 3147 2025 3220 272
2051 3149 2199 3203 inter
2223 3152 2385 3202 natos
2413 3147 2718 3202 mulierum
2740 3147 3005 3202 omnibus
3024 3148 3208 3218 major
3226 3165 3340 3204 non
3353 3166 3472 3204 sur-

1831 3244 1993 3314 rexit)
2022 3247 2273 3297 nostram
2300 3241 2664 3312 fragilitatem
2694 3247 2806 3296 tute
2836 3241 3034 3312 pietati
3065 3243 3422 3298 commendet
3454 3261 3470 3312 ;

1825 3341 1883 3392 et
1912 3337 2054 3391 caris
2089 3336 2320 3404 nostris,
2362 3351 2611 3407 quorum
2655 3339 2787 3390 sunt
2821 3335 3057 3390 nomina
3090 3337 3342 3400 recitata,
3392 3337 3470 3391 ita

1824 3430 2185 3502 refrigerium
2215 3429 2438 3501 pietatis
2465 3428 2753 3500 impetret,
2800 3433 2866 3484 ut
2908 3429 2988 3484 ibi
3013 3430 3358 3502 recipiantur
3382 3431 3470 3486 vel

1824 3524 2034 3594 ultimi,
2079 3524 2179 3579 ubi
2219 3540 2476 3578 summus
2525 3523 2825 3595 praeminet
2866 3523 2928 3578 in
2970 3539 3148 3595 regno
3196 3524 3469 3580 caelorum

1825 3619 2093 3690 Baptista.
2125 3617 2281 3682 Quod
2309 3617 2450 3688 ipse.

2355 3717 2605 3767 Collectio
2629 3717 2693 3768 ad
2720 3731 2922 3782 pacem.

1899 3801 2043 3855 Deus
2068 3797 2094 3826 ⁸
2121 3799 2219 3870 qui
2249 3804 2590 3870 praesentem
2617 3798 2768 3853 diem
2794 3797 3190 3852 honorabilem
3215 3799 3382 3854 nobis
3405 3799 3464 3855 in

1824 3894 1975 3949 beati
2001 3893 2270 3948 Johannis
2292 3892 2581 3946 nativitate
2607 3891 2808 3958 fecisti,
2842 3891 2913 3945 da
2941 3891 3168 3961 populis
3194 3892 3308 3946 tuis
3348 3893 3464 3964 spi-

1825 3987 2076 4042 ritalium
2109 3987 2349 4059 gratiam
2379 3986 2737 4057 gaudiorum,
2791 3989 2848 4040 et
2901 3985 3159 4039 omnium
3211 3985 3465 4042 ﬁdelium

1825 4087 2044 4138 mentes
2069 4081 2252 4153 dirige
2279 4080 2338 4135 in
2363 4080 2511 4136 viam
2542 4080 2735 4135 salutis
2759 4084 2816 4134 et
2843 4080 3016 4151 pacis.
3038 4080 3164 4136 Per.

2493 4177 2806 4227 Immolatio.

1897 4263 2036 4316 Vere
2077 4260 2318 4332 dignum
2357 4263 2440 4314 est
2477 4275 2580 4313 nos
2614 4258 2717 4313 tibi
2755 4274 2980 4330 semper
3013 4257 3106 4314 hic
3148 4264 3205 4314 et
3256 4259 3464 4332 ubique

1827 4356 2034 4428 gratias
2091 4371 2282 4425 agere,
2334 4353 2569 4407 Domine
2613 4357 2823 4422 sancte,
2875 4354 3037 4408 Pater
3085 4353 3462 4424 omnipotens,

1823 4455 2034 4505 aeterne
2064 4449 2228 4503 Deus.
2256 4447 2363 4512 Qui
2385 4447 2442 4501 in
2474 4447 2733 4501 omnium
2772 4451 3097 4501 sanctorum
3135 4451 3362 4501 tuorum
3404 4463 3464 4502 es

1825 4544 2125 4615 splendore
2152 4537 2454 4608 mirabilis;
2487 4540 2584 4612 qui
2605 4544 2940 4612 praesentem
2978 4539 3131 4594 diem
3158 4539 3460 4595 honorabi-

1826 4639 1942 4693 lem
1985 4637 2148 4691 nobis
2185 4637 2245 4689 in
2287 4635 2436 4688 beati
2471 4634 2740 4688 Johannis
2781 4633 3074 4688 nativitate
3107 4632 3323 4702 fecisti;
3377 4637 3458 4705 ut,

1829 4731 2023 4804 gratiae
2062 4735 2174 4785 tua:
2217 4731 2488 4800 operante
2519 4729 2748 4795 virtute,
2799 4727 2891 4781 ille
2930 4733 3062 4798 (quo
3105 4727 3255 4782 inter
3300 4733 3462 4784 natos

1825 4827 2129 4881 mulierum
2168 4822 2358 4877 nullus
2394 4821 2592 4891 major)
2639 4821 2911 4890 oriretur;
2961 4821 3030 4876 da
3071 4821 3296 4893 populis
3349 4823 3462 4878 tuis

1825 4919 2203 4976 eruditionem
2226 4914 2570 4988 spiritalium
2587 4914 2944 4986 gaudiorum,
2965 4921 3021 4971 et
3039 4914 3298 4970 omnium
3325 4916 3460 4974 ﬁde-

1824 5015 1964 5070 lium
1994 5019 2212 5068 mentes
2230 5011 2409 5082 dirige
2435 5010 2494 5064 in
2510 5009 2662 5063 viam
2683 5008 2880 5064 salutis
2901 5014 2958 5064 et
2981 5010 3168 5082 pacis;
3202 5014 3267 5064 ut
3291 5027 3463 5081 quem

1812 5107 2204 5163 'manifestavit
2239 5104 2556 5161 testiﬁcatio
2597 5103 2804 5173 nuntii,
2870 5104 3104 5176 impleat
3164 5104 3464 5176 praesentia

1826 5202 2092 5269 nuntiati,
2110 5217 2213 5272 per
2229 5199 2518 5255 Christum
2544 5199 2847 5254 Dominum
2864 5204 3141 5255 nostrum.
3163 5200 3270 5253 Per
3288 5214 3461 5269 quem

1827 5298 2168 5369 Majestatem
2191 5299 2372 5349 tuam.

2346 5394 2645 5446 Benedictio
2671 5397 2699 5437 b
2722 5396 2918 5460 populi.

1899 5482 2063 5550 Deus,
2094 5478 2192 5552 qui
2218 5495 2321 5551 per
2348 5477 2628 5533 Zachariae
2654 5477 2940 5548 loquelam
2967 5474 3337 5534 manifestasti
3355 5497 3458 5537 na-

1824 5575 2101 5632 tivitatem
2142 5573 2316 5628 sancti
2354 5572 2645 5641 Johannis,
2684 5571 2722 5639 1-
2760 5575 2984 5642 praesta,
3019 5587 3363 5642 quaesumus,
3396 5580 3460 5629 ut

1824 5671 1926 5745 qui
1953 5667 2212 5726 natalitia
2236 5668 2360 5740 ejus
2394 5665 2749 5723 devotissime
2777 5663 3035 5736 colimus,
3059 5664 3456 5722 intercessione

191 5881 213 5919 δ
233 5882 353 5939 Tres
375 5904 564 5944 cruces
593 5889 683 5944 hic
709 5890 981 5947 denotant
1008 5890 1218 5945 trinam
1243 5891 1438 5961 populi
1464 5890 1941 5947 benedictionem.
