3968 6224
450 335 553 389 295

1237 331 1570 390 APPENDIX
1607 333 1696 387 AD
1733 332 1953 388 OPERA
1992 332 2226 390 SANCTI
2263 332 2565 390 GERMANI
2601 333 3028 392 PARISIENSIS.

3725 339 3817 393 296

447 443 604 497 illius
634 441 1001 514 gaudeamus.
1029 445 1066 510 οξ-
1091 442 1161 503 Ut
1184 441 1430 513 populus
1455 446 1608 512 tuus,
1639 441 1739 512 qui
1767 442 1838 496 ad
1879 442 2082 497 nativi-
2110 456 2168 528 Α
2186 444 2442 516 vestigiis
2471 445 2653 516 Caput
2676 445 2936 499 omnium
2973 444 3232 498 nostrum
3277 447 3500 501 secutus
3537 447 3625 501 est
3663 445 3816 502 Chri-

447 539 626 591 tatem
665 537 787 608 ejus
825 540 1227 605 convenerunt,
1274 536 1561 590 salventur
1603 535 1818 590 meritis
1856 552 1960 607 per
1995 537 2085 591 in-

448 635 771 685 terventum
809 630 1063 684 omnium
1103 634 1427 683 sanctorum
1452 633 1508 684 et
1536 629 1990 701 deprecationem
2015 631 2085 685 il-

448 724 560 778 lius
586 723 802 779 meritis
831 724 1185 795 adjuventur.
1218 729 1255 789 ·ξ·
1293 723 1390 792 Da,
1431 723 1691 792 Domine,
1735 729 1802 778 ut
1842 724 1952 778 illis
1982 742 2085 780 an-

451 817 611 888 gelus
662 816 880 872 Gabriel
926 817 1073 887 (quo
1117 816 1408 870 Zacharias
1455 817 1719 887 loquente
1785 818 2086 890 obmutuit)

449 911 784 965 intercessor
827 909 1070 978 adsistat,
1108 913 1165 964 et
1212 909 1427 965 meritis
1465 910 1616 964 illius
1658 910 2090 982 adjuventurjet

449 1005 719 1059 moribus.

698 1113 803 1166 LV.
835 1127 996 1167 MISSA
1023 1125 1346 1166 SANCTORUM
1376 1126 1530 1166 PETRI
1557 1129 1621 1167 ar
1649 1129 1829 1168 PAULI.

524 1222 892 1293 Omnipotens
931 1233 956 1262 ι
1003 1220 1346 1291 sempiterne
1386 1221 1552 1288 Deus,
1597 1221 1694 1293 qui
1735 1222 1888 1276 hunc
1936 1222 2086 1277 diem

450 1313 909 1371 beatissimorum
938 1314 1323 1386 apostolorum
1349 1313 1497 1368 Petri
1526 1319 1582 1368 et
1619 1315 1779 1369 Pauli
1813 1317 2087 1388 martyrio

451 1410 808 1478 consecrasti,
874 1410 945 1464 da
994 1407 1257 1462 Ecclesiae
1297 1411 1411 1461 tuae
1454 1412 1575 1462 toto
1620 1412 1902 1463 terrarum
1951 1409 2086 1464 orbe

451 1503 689 1573 diffusas,
741 1519 940 1557 eorum
975 1517 1199 1572 semper
1250 1501 1580 1571 magisterio
1619 1502 1943 1574 gubernari,
1987 1520 2089 1574 per

450 1614 591 1670 quos
630 1596 872 1668 sumpsit
908 1595 1198 1667 religionis
1249 1595 1572 1650 exordium.
1625 1597 1731 1650 Per
1777 1596 2084 1651 Dominum

451 1696 711 1746 nostrum
737 1691 928 1745 Jesum
956 1688 1244 1744 Christum
1270 1688 1474 1743 Filium
1499 1693 1682 1743 tuum.

1009 1786 1260 1836 Collectio
1279 1786 1533 1850 sequitur.

2189 542 2360 592 stum.
2387 538 2490 593 Cui
2516 539 2719 593 merito
2749 556 2864 594 om.

2190 630 2491 681 Benedictio
2516 630 2697 694 populi
2724 632 2776 680 in
2800 632 2969 682 natale
3011 631 3367 696 apostolorum
3396 632 3534 682 Petri
3577 636 3633 682 et
3668 633 3820 682 Pauli.

2260 717 2423 784 Deus,
2445 715 2544 787 qui
2563 717 2833 771 membris
2845 717 3126 786 Ecclesiae,
3139 717 3293 772 velut
3310 717 3617 789 gemellum
3633 718 3823 774 lumen

2187 825 2301 881 quo
2329 813 2632 864 caveantur
2656 809 2925 880 tenebrae,
2958 809 3140 866 fecisti
3166 809 3317 865 Petri
3343 810 3824 882 lacrymas,_Pauli

2187 903 2404 958 litteras
2457 920 2769 958 coruscare.
2830 907 3030 960 Amen.
3100 905 3249 958 Hanc
3305 904 3531 975 plebem
3586 904 3824 976 placitus

2187 997 2396 1070 inspice
2425 1015 2438 1052 ε
2470 997 2568 1070 qui
2584 998 2746 1052 caalos
2771 997 2905 1052 facis
2931 998 3151 1069 aperire
3172 1000 3336 1053 Petro
3362 998 3421 1051 in
3449 998 3627 1065 clave,
3662 999 3824 1053 Paulo

2186 1091 2247 1146 in
2286 1092 2572 1162 dogmate.
2611 1095 2811 1147 Amen.
2843 1090 3035 1164 274
3061 1093 3131 1147 Ut
3156 1091 3560 1162 prmviantibus
3589 1091 3824 1146 ducibus

2186 1184 2302 1239 illic
2340 1202 2478 1256 grex
2507 1185 2682 1256 possit
2719 1186 3004 1252 accedere,
3048 1201 3161 1256 quo
3199 1190 3581 1256 pervenerunt
3616 1185 3826 1256 pariter

2186 1282 2302 1333 tam
2330 1278 2422 1333 ille
2449 1280 2642 1333 Pastor
2667 1277 2995 1350 suspendio,
3025 1278 3326 1348 quamiste
3358 1278 3554 1332 doctor
3577 1294 3688 1349 per
3717 1278 3821 1349 gla-

2188 1371 2346 1426 dium
2375 1372 2434 1426 in
2461 1389 2782 1444 congresso.
2813 1373 2917 1426 Per
2942 1372 3243 1426 Dominum
3271 1377 3550 1427 nostrum.

2238 1484 2364 1538 LVI.
2389 1499 2546 1539 MISSA
2569 1501 2624 1539 IN
2653 1501 2857 1540 NATALE
2878 1484 2906 1525 δ
2933 1500 3093 1540 ['NIUS
3114 1499 3370 1540 APOSTOLI
3392 1500 3456 1540 ET
3483 1499 3758 1540 ΗΑΒ-[ηις
3781 1526 3793 1539 .

2261 1581 2497 1636 Domine
2529 1583 2694 1649 Deus,
2723 1583 2979 1638 omnium
3005 1582 3340 1638 Sanctorum
3365 1583 3634 1655 splendor
3657 1583 3824 1637 mira-

2188 1675 2338 1744 bilis,
2369 1676 2464 1748 qui
2493 1676 2646 1731 hunc
2672 1677 2823 1732 diem
2856 1677 3005 1731 beati
3040 1677 3278 1748 apostoli
3315 1678 3400 1732 tui
3433 1677 3514 1732 ill.
3557 1677 3826 1748 martyrio

2188 1770 2543 1839 consecrasti,
2573 1770 2645 1825 da
2682 1770 2938 1825 Ecclesia
2963 1775 3078 1825 tuae
3105 1771 3277 1842 digne
3303 1772 3372 1826 de
3398 1775 3553 1826 tanto
3581 1771 3825 1842 gaudere

1016 1829 1255 1836 ____-----
1279 1829 1532 1850 ,μνη-η
2530 1829 2541 1839 ,
3167 1829 3200 1842 υ
3581 1829 3618 1842 υ

522 1874 754 1941 Exaudi,
795 1887 1138 1944 quasumus,
1171 1872 1428 1940 Domine,
1461 1873 1740 1943 populum
1765 1877 1931 1926 tuum
1957 1888 2088 1927 cum
2108 1829 2164 1901 B
2190 1864 2462 1936 apostolo,
2490 1867 2557 1916 ut
2596 1864 2750 1935 apud
2788 1864 3231 1919 misericordiam
3263 1869 3442 1932 tuam,
3470 1867 3529 1920 et
3567 1863 3824 1936 exemplo

451 1972 771 2023 sanctorum
800 1966 1182 2037 apostolorum
1207 1971 1436 2020 tuorum
1456 1965 1606 2019 Petri
1634 1969 1690 2019 et
1714 1965 1869 2019 Pauli
1893 1971 2087 2036 patro-

452 2061 600 2116 cinio
627 2060 1071 2132 supplicantem;
1103 2057 1296 2131 2'73
1322 2062 1389 2114 ut
1412 2063 1511 2113 tuo
1535 2057 1982 2128 auxiliOLservati,
2000 2074 2084 2114 se-

451 2171 585 2209 cura
608 2155 711 2209 tibi
735 2154 912 2226 possit
941 2153 1233 2208 devotione
1264 2152 1493 2208 servire.
1523 2154 1630 2207 Per
1658 2153 1869 2208 Jesum.

941 2250 1190 2300 Collectio
1217 2253 1335 2314 post
1360 2250 1590 2300 nomina.

520 2337 913 2407 Apostolorum
939 2340 1190 2404 tuorum,
1223 2335 1477 2404 Domine,
1508 2335 1804 2390 beatorum
1847 2335 1997 2390 Petri
2033 2339 2090 2390 et

451 2430 610 2486 Pauli
630 2430 944 2486 desiderata
969 2428 1264 2483 sollemnia
1284 2444 1662 2498 recensemus,
1684 2433 1909 2500 praesta,
1926 2445 2086 2500 quae-

453 2540 668 2590 sumus,
715 2527 780 2576 ut
802 2523 1019 2576 honora
1047 2521 1222 2592 gloria
1245 2521 1541 2592 passionis,
1569 2523 1715 2577 sicut
1739 2521 1846 2576 illis
1870 2523 2090 2593 magni-

451 2617 738 2672 ﬁcentiam
767 2615 965 2670 tribuit
990 2615 1416 2686 sempiternam,
1444 2616 1522 2670 ita
1548 2616 1710 2670 nobis
1735 2615 1959 2670 veniam
1985 2616 2089 2670 lar-

456 2711 643 2782 giatur
677 2713 960 2781 optatam;
1000 2713 1054 2762 et
1087 2709 1318 2762 nomina
1338 2725 1534 2763 eorum
1560 2725 1686 2780 quas
1707 2709 1934 2764 recitata
1959 2713 2092 2764 sunt

451 2803 512 2858 in
536 2803 680 2858 libro
705 2803 831 2857 vitaz
857 2818 1084 2858 censeas
1110 2802 1388 2874 deputari.
1415 2803 1522 2858 Per
1559 2820 1711 2872 eum,
1764 2803 1864 2874 qui
1900 2807 2090 2859 tecum

449 2899 603 2954 vivit.
1159 2944 1164 2948 .

985 2966 1235 3017 Collectio
1254 2966 1319 3016 ad
1353 2981 1555 3031 pacem.

523 3051 668 3106 Deus
706 3048 860 3121 pacis
903 3048 1184 3118 conditor,
1231 3050 1377 3104 Deus
1421 3049 1666 3104 caritatis
1704 3049 1978 3116 indultor,
2017 3050 2091 3104 da

450 3144 612 3200 nobis
638 3143 892 3215 placidus
908 3159 1108 3215 pacem
1125 3147 1303 3212 tuam,
1327 3147 1383 3197 et
1407 3146 1613 3214 praesta
1629 3147 1693 3198 ut
1709 3143 1849 3198 dum
1876 3148 2088 3198 sancta

449 3254 582 3294 rum
619 3243 848 3293 tuorum
890 3237 1281 3308 apostolorum
1317 3236 1464 3290 Petri
1506 3242 1562 3291 et
1589 3237 1746 3291 Pauli
1771 3237 1911 3292 festa
1937 3238 2084 3293 cele-

451 3333 704 3397 bramus,
731 3345 833 3400 per
849 3345 1047 3383 eorum
1069 3328 1528 3384 intercessionem
1547 3329 1700 3400 pacis
1729 3330 2086 3386 securitatem

452 3440 584 3480 cum
607 3428 965 3495 peccatorum
991 3423 1155 3477 venia
1183 3422 1449 3494 consequi
1469 3438 1810 3479 mereamur.
1842 3425 1947 3480 Per
1975 3425 2082 3479 Do-

452 3519 676 3573 minum
700 3522 959 3572 nostrum
983 3517 1192 3571 Iesum.

1019 3613 1310 3664 Immolatio
1336 3613 1522 3664 missas.

523 3698 660 3754 Vere
687 3697 927 3769 dignum
949 3701 1005 3752 et
1018 3697 1240 3768 justum
1267 3700 1352 3750 est
1374 3712 1477 3750 nos
1497 3695 1600 3750 tibi
1626 3711 1852 3768 semper
1872 3701 1929 3751 et
1957 3697 2083 3752 ubi-

449 3803 560 3865 que
581 3793 791 3864 gratias
816 3807 1005 3863 agere,
1024 3789 1257 3845 Domine
1278 3793 1486 3859 sancte,
1515 3791 1678 3844 Pater
1706 3789 2082 3861 omnipotens,

449 3892 656 3943 aeterne
686 3887 832 3941 Deus
859 3904 876 3939 :
904 3885 1190 3956 praecipue
1216 3883 1384 3937 hodie
1430 3883 1490 3937 in
1537 3883 1814 3938 honorem
1839 3884 2087 3938 beatissi-

448 3997 677 4036 morum
712 3979 1095 4051 apostolorum
1124 3981 1180 4032 et
1220 3981 1536 4049 martyrum
1574 3981 1802 4031 tuorum
1844 3977 1994 4031 Petri
2031 3981 2087 4032 et

448 4075 645 4130 Pauli:
690 4089 830 4144 quos
867 4072 947 4126 ita
980 4070 1176 4125 electio
1215 4074 1316 4124 tua
1350 4070 1453 4125 tibi
1499 4085 1827 4124 consecrare
1857 4070 2086 4141 dignata.

449 4173 553 4235 est,
579 4171 645 4221 ut
667 4165 818 4220 beati
841 4163 990 4219 Petri
1022 4163 1350 4218 saecularem
1373 4161 1624 4232 piscandi
1649 4166 1829 4217 artem
1855 4163 1914 4217 in
1942 4163 2082 4218 divi-

448 4274 591 4316 num
617 4258 826 4329 dogma
851 4259 1220 4325 converteret,
1252 4259 1529 4326 quatenus
1555 4255 1875 4310 humanum
1906 4272 2084 4327 genus

448 4355 520 4409 de
545 4351 826 4425 profundo
849 4350 1009 4405 istius
1034 4349 1234 4404 mundi
1259 4352 1673 4420 praeceptorum
1698 4353 1929 4405 tuorum
1957 4351 2087 4406 reti~

447 4448 554 4504 bus
585 4447 872 4502 liberares.
920 4445 1061 4498 Nam
1099 4443 1419 4515 coapostolo
1459 4443 1579 4514 ejus
1619 4443 1793 4498 Paulo
1833 4449 2082 4501 mentem

447 4557 580 4598 cum
602 4540 835 4597 nomine
858 4539 1216 4594 commutasti
1231 4555 1249 4607 ;
1291 4541 1348 4592 et
1379 4553 1548 4608 quem
1576 4537 1734 4608 prius
1772 4545 2084 4609 persecuto-

446 4652 571 4695 rem
589 4635 880 4692 metuebat
900 4631 1165 4700 Ecclesia,
1186 4649 1338 4687 nunc
1359 4632 1672 4687 caelestium
1689 4634 2083 4689 mandatorum

445 4732 670 4786 laetatur
703 4745 760 4785 se
796 4727 1004 4783 habere
1047 4727 1353 4782 doctorem.
1395 4725 1598 4780 Paulus
1633 4732 1869 4782 emeatus
1913 4732 1997 4782 est
2021 4731 2086 4782 ut

445 4823 680 4892 videret,
748 4823 946 4877 Petrus
991 4820 1218 4892 negavit
1269 4824 1330 4874 ut
1382 4819 1653 4875 crederet.
1709 4821 1847 4875 Huic
1904 4821 2084 4876 claves

449 4916 683 4972 caelestis
721 4915 947 4986 imperii
991 4913 1291 4983 tradidisti,
1325 4913 1410 4967 illi
1446 4913 1515 4968 ad
1549 4915 1856 4969 evocandas
1885 4918 2083 4986 gentes

447 5011 652 5066 divinae
679 5011 821 5081 legis
847 5009 1140 5064 scientiam
1169 5007 1469 5062 contulisti.
1515 5009 1655 5062 Nam
1691 5009 1784 5063 ille
1820 5009 2078 5063 introdu‘

445 5105 540 5175 cit,
580 5104 674 5160 hic
699 5103 900 5174 aperit.
932 5102 1111 5156 Ambo
1137 5101 1312 5172 igitur
1337 5101 1560 5156 virtutis
1582 5107 1808 5156 aeternas
1846 5103 2083 5173 praemia

443 5203 581 5256 sunt
619 5187 828 5269 adepti.
868 5197 1025 5250 Hunc
1060 5195 1289 5250 dextera
1330 5199 1429 5250 tua
1468 5196 1819 5267 gradientem
1858 5196 1918 5251 in
1963 5197 2078 5252 ele-

443 5296 636 5350 mento
661 5291 895 5364 liquido,
927 5307 1000 5344 ne
1026 5294 1404 5360 mergeretur,
1432 5289 1646 5359 erexit;
1689 5290 1854 5345 illum
1890 5295 2081 5346 autem

442 5386 612 5442 tertio
668 5384 1102 5455 naufragantem
1142 5383 1423 5454 profunda
1475 5382 1661 5454 pelagi
1718 5384 1853 5438 fecit
1904 5385 2080 5439 vitare

444 5479 789 5534 discrimina.
825 5477 921 5532 Hic
947 5483 1135 5550 portas
1164 5477 1392 5543 inferni,
1421 5476 1512 5530 ille
1539 5476 1735 5530 mortis
1761 5477 1896 5531 vicit
1942 5494 2077 5558 acu-

443 5573 620 5630 leum.
656 5573 858 5628 Paulus
886 5573 1069 5643 capite
1111 5571 1395 5641 plectitur,
1439 5569 1573 5640 quia
1616 5569 1878 5640 gentibus
1914 5576 2082 5642 caput

440 5666 576 5726 ﬁdei
601 5666 1031 5740 comprobatur;
1055 5666 1252 5720 Petrus
1277 5667 1468 5719 autem
1494 5662 1800 5735 praemissis
1827 5664 1888 5719 in
1915 5681 2080 5722 cruce

515 5823 540 5900 '_'
567 5820 771 5900 Afﬁnis
791 5823 875 5874 est
904 5818 1025 5898 haec
1047 5817 1225 5872 oratio
1252 5817 1630 5900 Gregorianas.

2187 1958 2307 2029 ejus
2334 1959 2621 2029 juvemur,
2665 1960 2722 2013 et
2765 1958 3004 2014 meritis.
3060 1960 3164 2013 Per
3207 1959 3511 2014 Dominum
3567 1963 3823 2014 nostrum

2187 2051 2394 2107 Filium
2419 2056 2603 2108 tuum.

2747 2121 2998 2172 Collectio
3014 2121 3266 2184 sequitur.

2258 2208 2599 2278 Majestatem
2625 2211 2804 2275 tuam,
2836 2207 3094 2277 Domine,
3127 2207 3460 2280 suppliciter
3485 2223 3821 2279 exoramus;

2188 2305 2256 2355 ut
2287 2301 2430 2356 sicut
2467 2301 2726 2356 Ecclesiae
2764 2304 2878 2356 tua:
2904 2301 3104 2356 beatus
3131 2301 3212 2356 ill.
3243 2303 3531 2373 apostolus
3552 2303 3824 2375 pradica-

2189 2399 2278 2449 tor
2317 2398 2374 2449 et
2414 2395 2611 2449 doctor
2651 2394 2883 2462 exstitit,
2925 2395 3007 2449 ita
3045 2395 3117 2449 sit
3171 2411 3276 2466 pro
3314 2395 3476 2450 nobis
3517 2401 3826 2469 perpetuus

2189 2487 2541 2559 suffragator.
2574 2489 2679 2544 Per
2707 2489 3012 2543 Dominum
3039 2493 3299 2544 nostrum
3325 2491 3348 2545 J
3356 2505 3538 2544 esum.

2687 2587 2936 2637 Collectio
2956 2590 3072 2651 post
3094 2587 3326 2637 nomina.

2259 2671 2524 2728 Laztiﬁcet
2568 2689 2689 2740 nos,
2729 2688 3076 2744 qumsumus,
3115 2673 3372 2743 Domine,
3417 2690 3633 2728 munus
3674 2675 3824 2730 obla-

2188 2770 2347 2835 tum;
2378 2769 2442 2820 ut
2465 2767 2610 2821 sicut
2635 2767 2695 2820 in
2719 2768 2970 2838 apostolo
2998 2771 3095 2821 tuo
3126 2771 3179 2822 te
3208 2767 3530 2822 mirabilem
3549 2768 3823 2839 praedica-

2189 2877 2337 2930 mus,
2360 2859 2438 2914 sic
2462 2876 2565 2931 per
2583 2858 2747 2914 illum
2772 2877 3182 2932 praesumamus
3201 2859 3574 2932 indulgentize
3604 2860 3859 2934 largita-‘

2188 2959 2326 3009 tem.
2370 2956 2578 3009 Praesta
2621 2952 2784 3009 nobis
2830 2955 2950 3025 ejus
2986 2955 3297 3009 desiderata
3343 2955 3722 3023 commercia;
3769 2959 3828 3009 ut

2190 3048 2351 3119 cujus
2396 3053 2732 3120 perpetuam
2774 3048 3109 3119 dignitatem
3157 3052 3506 3103 sacrosancto
3560 3049 3826 3120 mysterio

2188 3141 2614 3213 frequentamus
2635 3142 2696 3196 in
2722 3141 2908 3209 terris,
2939 3147 2996 3196 et
3037 3142 3338 3213 praesentia
3378 3142 3542 3196 nobis
3581 3141 3829 3196 subsidia

2187 3235 2434 3307 postulet
2462 3238 2518 3290 et
2543 3239 2774 3291 aeterna.
2803 3236 2908 3290 Per
2937 3236 3242 3290 Dominum
3268 3240 3547 3292 nostrum.

2842 3333 3175 3383 Contestatio.

2259 3419 2397 3473 Vere
2417 3417 2658 3490 dignum
2685 3423 2740 3473 et
2757 3417 2982 3490 justum
3007 3423 3091 3474 est
3115 3422 3170 3473 te
3198 3417 3449 3488 laudare,
3469 3420 3827 3493 omnipotens

2185 3511 2351 3582 Deus,
2380 3512 2662 3583 praecipue
2691 3512 2751 3566 in
2777 3511 2926 3567 beati
2954 3512 3189 3584 apostoli
3205 3512 3288 3567 tui
3315 3512 3394 3568 ill.
3421 3510 3752 3586 festivitate,
3774 3516 3828 3570 in

2185 3621 2298 3677 qua
2332 3605 2610 3678 gloriosus
2653 3606 2775 3677 ejus
2813 3606 3043 3678 sanguis
3083 3623 3186 3678 pro
3223 3606 3444 3661 Christo
3482 3607 3702 3663 effusus
3727 3615 3825 3663 est.

2185 3699 2358 3771 Cujus
2384 3699 2718 3754 venerabilis
2753 3716 2960 3755 annuae
3000 3700 3338 3755 recursionis
3381 3700 3740 3756 sollemnitas
3777 3707 3829 3756 et

2185 3797 2463 3864 perpetua
2489 3809 2732 3864 semper,
2759 3798 2817 3848 et
2835 3810 2979 3848 nova
3005 3799 3088 3849 est
3105 3811 3121 3862 ;
3165 3794 3299 3865 quia
3329 3799 3386 3848 et
3425 3794 3487 3848 in
3520 3801 3825 3869 conspectu

2185 3890 2298 3940 tua:
2323 3887 2620 3957 Majestatis
2640 3892 2936 3958 permanet
2956 3904 3110 3942 mors
3137 3891 3365 3942 tuorum
3383 3889 3633 3959 pretiosa
3651 3890 3828 3960 justo-

2185 3996 2346 4049 rum;
2376 3983 2433 4034 et
2458 3984 2848 4035 restaurantur
2876 3981 3224 4037 incrementa
3252 3981 3481 4050 laetitias,
3527 3999 3664 4036 cum
3702 3982 3822 4037 feli-

2184 4073 2365 4128 citatis
2390 4079 2616 4129 aeternas
2645 4075 2972 4130 recoluntur
2989 4075 3235 4130 exordia.
3264 4075 3552 4146 Supplices
3576 4080 3634 4131 te
3661 4093 3826 4148 roga-

2184 4183 2332 4237 mus,
2387 4167 2746 4239 omnipotens
2795 4170 2959 4237 Deus,
3004 4174 3069 4224 ut
3121 4169 3284 4224 nobis
3319 4168 3531 4224 donare
3571 4169 3829 4243 digneris

2183 4261 2499 4332 apostolum
2527 4266 2692 4316 tuum
2731 4263 2810 4317 ill.
2838 4279 2942 4334 pro
2970 4263 3211 4334 peccatis
3252 4263 3457 4318 nostris
3485 4263 3826 4320 intercesso-

2183 4370 2326 4425 rem,
2369 4355 2798 4411 necessitatibus
2831 4361 3168 4428 patronum;
3208 4362 3274 4411 ut
3315 4356 3414 4428 qui
3449 4373 3553 4428 pro
3589 4358 3828 4413 veritate

2183 4465 2406 4503 sacrum
2447 4449 2784 4521 sanguinem
2819 4450 2985 4519 fudit,
3015 4451 3133 4521 ipse
3159 4455 3289 4505 ante
3317 4455 3685 4521 conspectum
3713 4452 3828 4507 Ma-

2176 4542 2398 4614 jestatis
2423 4547 2537 4598 tuas
2566 4548 2692 4598 vota
2714 4548 2906 4599 nostra
2933 4544 3219 4616 suscipiat.
3251 4545 3318 4599 Et
3345 4545 3423 4599 ita
3448 4544 3499 4599 ei
3521 4545 3823 4617 obsequio-

2184 4653 2315 4691 rum
2341 4641 2665 4692 nostrorum
2692 4638 3039 4693 ofﬁciositate
3069 4638 3407 4710 placeamus,
3440 4643 3504 4693 ut
3543 4639 3685 4694 dum
3725 4654 3828 4693 nos

2185 4727 2237 4781 ei
2264 4728 2650 4799 supplicamus
2676 4728 2737 4782 in
2763 4729 2948 4797 terris,
2971 4728 3064 4783 ille
3086 4745 3189 4782 nos
3203 4727 3608 4783 commendare
3631 4727 3827 4799 digne.

2184 4824 2278 4875 tur
2305 4821 2366 4875 in
2386 4821 2533 4877 caelis
2558 4821 2798 4877 Domino
2828 4823 2958 4878 Jesu
2982 4822 3223 4877 Christo.
3257 4821 3357 4876 Cui
3393 4821 3601 4878 merito
3629 4837 3827 4877 omnes

2184 4917 2371 4987 angel.

2281 5029 2435 5084 LVII.
2476 5045 2628 5084 mssa
2668 5046 2723 5084 IN
2763 5044 2893 5085 nisu
2936 5046 3202 5085 passmms
3238 5046 3423 5086 SANC’I'I
3463 5045 3730 5088 IOHANNIS

2648 5117 2911 5156 BAPTISTE
2946 5118 3010 5156 ΕΤ
3047 5118 3331 5158 ΗΔΒΤΥΗῙεο.

2254 5196 2444 5270 275
2481 5200 2658 5254 Deum
2699 5201 2944 5268 Patrem,
2973 5206 3030 5257 et
3054 5201 3280 5271 Filium,
3309 5205 3366 5256 et
3391 5201 3666 5273 Spiritum
3694 5217 3819 5256 san-

2182 5295 2334 5346 ctum
2357 5292 2560 5347 humili
2580 5293 2926 5350 confessione
2947 5299 3001 5350 et
3026 5294 3264 5366 supplici
3289 5294 3608 5364 devotione,
3626 5296 3824 5350 fratres

2181 5385 2476 5455 carissimi,
2511 5387 2831 5443 unianimes
2873 5388 3259 5458 Obsecremus;
3301 5394 3364 5444 ut
3402 5405 3507 5443 nos
3533 5389 3700 5444 hodie
3725 5403 3822 5442 va-

2181 5479 2431 5535 ticinatae
2481 5481 2660 5549 Vocis,
2711 5482 2876 5537 Verbi
2910 5483 3298 5552 Praecursoris,
3339 5482 3538 5555 legum
3583 5482 3823 5550 Limitis,

2179 5573 2731 5645 Lucernaezlucentis,
2761 5576 2936 5631 sancti
2962 5577 3228 5649 martyris
3252 5576 3522 5649 Baptistae.
3551 5576 3825 5633 Johannis

2180 5669 2499 5739 passionem
2529 5668 2956 5739 celebrantibus,
2987 5670 3242 5741 ejusdem
3285 5671 3689 5728 intercessione
3732 5669 3823 5725 in-

521 5895 550 5935 b
572 5893 733 5945 Deest
759 5892 880 5945 haec
902 5890 1071 5943 missa
1096 5890 1414 5946 communis
1438 5891 1499 5945 in
1520 5890 1869 5950 Lectionario
1890 5899 2102 5962 nostro,
2134 5895 2193 5950 in
2219 5911 2332 5968 quo
2363 5896 2589 5954 nullum
2615 5903 2699 5954 est
2724 5899 3039 5956 Commune
3066 5898 3493 5971 Apostolorum.
