3968 6224
82 297 166 350 297
1140 292 1228 350 DE
1262 294 1575 352 LITURGIA
1610 295 1983 354 GALLICANA
2021 298 2220 355 LIBER
2257 299 2346 354 Ill.
3306 308 3410 360 298

82 400 305 466 Inminet,
337 399 633 467 defendat,
664 402 724 456 et
748 401 1090 468 sanctificet;
1116 407 1178 457 ut
1199 404 1294 474 qui
1317 420 1421 474 pro
1438 404 1675 458 veritate
1699 418 1757 489 Α
2305 405 2557 456 Collectio
2583 403 2648 455 ad
2673 419 2874 470 pacem.

85 510 270 550 sacrum
301 494 642 564 sanguinem
677 495 842 561 fudit,
885 511 988 566 pro
1023 497 1187 550 nobis
1217 496 1291 552 ad
1332 498 1514 551 Deum
1545 514 1674 568 pre-
1849 491 2073 562 Accipe,
2107 508 2453 562 quaesumus,
2502 491 2767 559 Domine,
2814 509 3059 546 munera
3103 493 3413 564 dignanter

86 605 158 642 ces
177 587 404 642 fundere
439 587 735 658 dignetur.
768 589 876 642 Per
916 589 1247 644 Dominum.
1780 584 1993 653 oblata,
2018 589 2076 638 et
2095 585 2247 639 beati
2274 585 2411 640 Sixti
2445 585 2694 656 episcopi
2728 589 2786 639 et
2806 587 3073 656 martyris
3099 587 3413 658 suffragan-

591 686 841 735 cOllectio
871 686 1120 749 sequitur.
1779 677 1930 731 tibus
1961 677 2198 743 meritis,
2234 678 2306 732 ad
2338 681 2548 732 nostrae
2576 679 2774 732 salutis
2799 682 3179 750 augmentum
3208 697 3409 751 prove-

140 774 188 824 In
223 771 494 823 honorem
529 769 846 824 beatissimi
868 772 1136 841 martyris
1165 773 1247 825 tui
1291 773 1554 843 Baptistae
1582 775 1674 828 ,Ιο-
1780 771 1904 824 nire
1936 771 2216 836 concede;
2251 775 2309 825 et
2351 772 2528 837 illam,
2573 788 2699 842 quae
2730 772 2786 825 in
2830 788 2898 826 eo
2942 773 3206 843 ﬂagravit
3250 773 3414 828 fortis

85 864 271 927 hannis,
302 863 458 932 cujus
484 863 662 917 h6die
695 864 1025 934 passionem
1056 865 1432 931 celebramus,
1457 866 1547 918 his
1563 866 1674 920 Ma-
1780 863 2029 930 dilectio,
2058 864 2117 917 in
2155 865 2320 918 nobis
2346 864 2577 935 adspira
2601 865 2909 934 benignus.
2943 867 3052 920 Per
3083 883 3213 920 eum
3248 882 3302 936 q.

79 957 240 1026 jestati
264 961 387 1022 tuae,
419 957 798 1028 omnipotens
839 959 1008 1024 Deus,
1042 959 1308 1013 laudibus
1344 959 1675 1023 servientes,
2339 961 2628 1010 lmmolatio
2662 961 2850 1012 missae.

84 1049 338 1103 sollemnia
360 1050 508 1104 festa
527 1051 911 1118 concinimus,
935 1052 1268 1122 suppliciter
1279 1053 1674 1123 deprecantes,
1850 1048 1991 1099 Vere
2014 1046 2254 1115 dignum
2274 1046 2563 1115 etjustum
2586 1050 2689 1113 est,
2714 1063 2943 1117 acquum
2963 1052 3020 1101 et
3039 1049 3287 1103 salutare
3306 1053 3410 1116 est,

85 1148 132 1197 ut
152 1143 289 1213 cujus
314 1143 534 1197 meritis
565 1144 957 1215 obsequimur,
993 1145 1205 1214 ejus,te
1238 1146 1512 1213 donante,
1542 1150 1680 1216 aput
1781 1139 1882 1192 tibi
1911 1139 2168 1192 assiduas
2206 1138 2406 1192 laudes
2454 1155 2682 1204 canere,
2712 1141 2955 1194 Domine
3001 1144 3216 1208 sancte,
3245 1143 3415 1197 Pater

87 1237 407 1290 clementiam
440 1241 604 1291 tuam
636 1239 904 1308 precibus
925 1237 1282 1309 adjuvemur.
1313 1241 1436 1294 Per,
1781 1232 2170 1302 omnipotens,
2189 1225 2414 1286 'aaterne
2448 1233 2617 1299 Deus,
2650 1248 2753 1302 per
2780 1233 3068 1288 Christum
3101 1235 3414 1290 Dominum

665 1335 785 1384 Post
812 1335 1043 1384 nomine.
1781 1330 2062 1380 nostrum.
2098 1325 2206 1390 Qui
2239 1342 2342 1396 per
2374 1325 2686 1380 adventum
2725 1342 2892 1380 suum
2935 1327 3235 1382 credentes
3267 1328 3326 1382 in
3353 1344 3412 1382 se

137 1419 339 1472 Munera
370 1419 570 1490 populi
605 1420 707 1486 tui,
739 1421 1110 1491 omnipotens
1133 1423 1301 1489 Deus,
1332 1439 1457 1494 qua:
1486 1424 1587 1477 tibi
1620 1425 1676 1478 in
1780 1420 2047 1474 homines
2078 1419 2150 1472 ad
2183 1419 2430 1472 caalestia
2458 1435 2640 1488 regna
2670 1419 2914 1472 transire
2944 1420 3203 1489 permisit
3232 1438 3244 1474 :
3280 1438 3416 1492 quo-

86 1511 166 1566 hac
192 1511 490 1566 beatissimi
515 1513 777 1584 Martyris
807 1514 887 1567 tui
921 1515 1186 1585 Baptista:
1215 1515 1495 1570 Johannis
1522 1518 1676 1571 festi-
1781 1512 1937 1566 niam
1964 1513 2041 1565 bii
2068 1513 2163 1582 qui
2197 1529 2253 1564 se
2284 1516 2395 1565 tum
2433 1516 2610 1565 testes
2642 1512 2892 1566 offerunt
2916 1512 3188 1580 veritatis,
3223 1514 3411 1568 inimi-

85 1604 222 1657 vitate
260 1605 589 1672 deferimus,
635 1623 982 1677 quaesumus,
1017 1608 1358 1678 propitiatus
1402 1609 1676 1677 intende;
1780 1622 1929 1672 cum,
1965 1605 2101 1659 dum
2136 1605 2491 1670 occiduntur,
2521 1604 2805 1659 occidunt.
2825 1607 2900 1658 Ex
2934 1605 3140 1676 quibus
3169 1609 3254 1660 est
3284 1623 3412 1660 san-

87 1700 133 1750 ut
163 1697 378 1768 perfecti
421 1699 594 1770 hujus
632 1699 892 1753 sacrificii
934 1701 1389 1756 sanctiﬁcatione
1429 1704 1677 1774 purgati,
1780 1701 1900 1753 ctus
1941 1715 2005 1752 ac
2035 1698 2377 1752 venerabilis
2427 1698 2613 1752 Sixtus
2646 1703 2884 1770 martyr,
2920 1699 3082 1769 cujus
3103 1699 3274 1754 hodie
3301 1700 3410 1754 sol-

89 1793 364 1845 nostrorum
398 1808 430 1845 a
458 1795 513 1845 te
547 1809 886 1846 mereamur
902 1794 1179 1865 consequi
1201 1794 1426 1849 veniam
1450 1795 1681 1850 delicto-
1700 1787 1756 1859 B
1783 1792 2048 1846 lemnitas
2069 1792 2391 1846 celebratur
2415 1809 2428 1846 :
2459 1791 2558 1862 qui
2580 1791 2717 1846 dum
2741 1792 3071 1862 apostolicae
3090 1793 3239 1846 sedis
3261 1809 3417 1847 exce-

88 1898 203 1937 rum.
229 1885 343 1938 Per.
1781 1885 1956 1956 pisset
1984 1885 2256 1955 insignia,
2286 1888 2342 1937 et
2384 1902 2442 1938 se
2474 1885 2726 1955 primum
2765 1902 2886 1939 esse
2931 1885 3289 1956 conspiceret
3327 1903 3413 1940 sa-

568 1957 822 2006 Collectio
849 1958 915 2006 ad
944 1971 1148 2020 pacem.
1444 2016 1449 2021 _

1816 1979 2100 2046 erdotum,
2131 1978 2492 2032 occasionem
2520 1978 2783 2032 salutaris
2804 1979 3085 2049 passionis
3106 1979 3414 2050 excipiens,

142 2037 362 2142 ξυδεῳέν
395 2055 748 2142 (Ῑυδεδυφυῗν
778 2043 1060 2142 Αῧξπίυηῗν
1091 2059 1302 2142 Ρΐῗθξθδ
1346 2046 1587 2142 Πίξδίτδδν
1625 2049 1682 2098 et
1782 2090 1898 2127 non
1931 2076 2155 2126 tantum
2184 2071 2471 2125 saecularis
2503 2071 2656 2124 exuit
2696 2071 2892 2126 sordes
2921 2072 3194 2142 contagii,
3218 2090 3416 2127 verum

91 2131 444 2236 intercessione
477 2135 752 2205 martyris
773 2135 854 2188 tui
891 2136 1155 2206 Baptista:
1173 2137 1471 2204 Johannis,
1507 2154 1679 2208 quem
1781 2166 1954 2220 etiam
1985 2166 2308 2236 exemplum
2333 2164 2440 2218 fuit
2461 2164 2685 2218 ceteris.
2719 2165 2862 2218 Nam
2882 2181 3014 2219 mox
3033 2131 3165 2219 suus
3185 2182 3415 2236 quoque

91 2225 133 2276 in
156 2229 237 2279 tuo
266 2225 476 2281 honore
510 2243 883 2296 veneramur,
916 2230 1181 2283 Ecclesiae
1216 2232 1326 2284 tua:
1366 2234 1498 2285 vota
1541 2249 1676 2285 con-

1816 2259 2042 2313 iinister
2077 2259 2316 2312 eximius
2359 2258 2702 2312 venerabilis
2744 2258 3112 2325 Laurentius,
3168 2258 3417 2314 victoria:

95 2317 221 2423 ﬁrm?
247 2336 256 2372 ³
288 2320 379 2389 qui
410 2320 588 2423 θίίῇηξ
620 2321 831 2423 (“89”
856 2327 941 2423 es}
967 2323 1288 2423 habiti?“
1313 2324 1365 2377 ei
1405 2328 1459 2377 te
1487 2324 1676 2423 ἕδρη·
1781 2354 2034 2423 palmam
2066 2352 2341 2416 imitatus,
2368 2351 2589 2422 accepit
2613 2355 3021 2405 ornamentum
3065 2317 3179 2422 quo
3221 2351 3418 2406 debuit

93 2410 306 2517 tandum,
329 2413 530 2467 mundi
553 2414 837 2482 Salvator,
855 2415 1112 2470 offerres.
1145 2417 1394 2487 Dignum
1417 2421 1503 2470 est
1524 2418 1678 2472 enim
1781 2410 2011 2517 inﬁmam
2042 2446 2250 2511 subire,
2275 2449 2336 2498 ut
2362 2410 2608 2515 glori-am
2629 2448 2952 2498 mereretur
2978 2410 3257 2500 ate‘mam
3279 2462 3414 2500 0οη,

97 2501 173 2556 hoc
195 2506 404 2566 mereri.
440 2510 501 2560 ut
552 2524 759 2562 omnes
806 2526 910 2564 nos
955 2509 1317 2580 baptismatis
1361 2511 1446 2564 tui
1495 2511 1679 2581 gratia
1781 2501 2042 2611 gequere.
2071 2542 2176 2594 per
2210 2501 2519 2594 dhrisium.

97 2602 389 2666 consecutos,
423 2601 771 2655 meritorum
803 2619 1039 2656 suorum
1084 2603 1513 2670 intercessione,
1542 2620 1675 2658 con-

100 2689 212 2743 ciliet
235 2692 480 2748 Salvator
502 2695 731 2748 mundi.

604 2792 896 2842 ιωωοιεηίο
930 2793 1118 2844 missa.
1853 2762 2020 2827 Deus,
2057 2759 2316 2813 fidelium
2365 2762 2596 2813 tuorum
2643 2760 2891 2814 salvator
2935 2763 2992 2814 et
3027 2764 3232 2827 rector,
3260 2761 3418 2816 omni

151 2872 359 2943 Dignum
377 2878 432 2928 et
443 2875 670 2945 justum
694 2880 797 2943 est,
828 2894 1058 2949 {equum
1085 2883 1142 2932 et
1169 2881 1415 2934 salutare
1448 2885 1551 2947 est,
1577 2898 1681 2936 nos
1781 2857 1987 2949 Ροίῗηδ
2025 2852 2816 2949 semPi‘efT_D‘i“3’_ad_est°
2846 2853 2990 2949 "Dii?
3023 2853 3423 2949 SQ'IeWDitaﬁs

100 2964 174 3016 tibi
194 2982 586 3040 semperagere
615 2971 854 3040 gratias,
883 2944 1255 3043 omnipotens
1280 2977 1338 3027 et
1358 2944 1680 3031 misericors
1783 2947 2108 3048 hodie“???
2149 2949 2209 3048 fet
2245 2944 2434 3048 277
2475 2946 2744 3048 ,Ecckesjw
2793 2946 3017 3048 gaufiiis
3060 2947 3129 3000 de
3172 2946 3422 3048 ε¹,⁰”ί9³⁸

98 3055 226 3124 Deus,
261 3060 400 3114 inter
436 3039 541 3116 has
593 3039 1092 3119 sacramentorugn
1148 3067 1363 3137 epulas,
1413 3069 1681 3139 martyris
1781 3039 2051 3111 martyris
2083 3039 2162 3093 tui
2185 3039 2450 3110 passione
2475 3039 2630 3092 beati
2664 3039 2958 3144 [λίψ-θηῒῖ
2969 3040 3284 3144 conceptis,
3319 3039 3418 3144 be-

101 3151 156 3202 tui
183 3159 327 3222 caput
365 3171 490 3209 cum
539 3157 881 3228 evangelica
912 3158 1316 3213 recordatione
1346 3161 1593 3228 misceri,
1630 3158 1760 3233 etC
1788 3135 1996 3206 mgnus
2020 3133 2248 3204 adspira
2279 3150 2292 3186 ³
2327 3133 2903 3237 ἦυὲ-θδθυνιρῐηηίωη
2925 3133 3069 3237 tidf”
3102 3137 3275 3188 tanta
3305 3133 3416 3188 Vir-

96 3231 214 3297 'velut
235 3245 285 3298 in
314 3246 461 3302 disco
490 3225 718 3303 metalli
753 3250 1054 3318 radiantis,
1085 3252 1163 3306 ita
1209 3270 1378 3324 super
1418 3225 1681 3309 mensam
1718 3225 1760 3233 ψ
1786 3229 1920 3329 Fuﬁ?
1949 3230 2096 3293 ortu,
2131 3230 2189 3280 et
2229 3225 2407 3329 cord‘a
2436 3226 2758 3329 Ιφίδῐξίίωῖξ
2788 3227 3064 3329 ⁸⁰ΡΡῙί⁰ί⁰
3092 3230 3320 3329 .138”?
3325 3243 3420 3282 um

102 3338 182 3389 tua:
217 3341 620 3410 propitiationis
653 3342 866 3397 offerri.
911 3345 995 3399 Sit
1028 3361 1167 3416 ergo
1207 3319 1393 3414 nobis,
1418 3348 1680 3415 Domine,
1785 3321 2108 3416 igniantut;
2136 3325 2198 3373 “t
2225 3319 2378 3416 aPud
2404 3319 2862 3416 miséricordiam
2902 3323 3059 3416 tu?!“
3090 3319 3420 3416 minii“?

101 3427 298 3496 jocunda
325 3435 596 3503 laudatio,
633 3437 705 3489 sit
731 3437 788 3490 in
812 3413 1381 3511 honorevaartyris
1413 3413 1680 3496 recordas
1785 3431 1916 3468 mur
1940 3414 2168 3481 merito’
2203 3413 2363 3484 cujus
2409 3413 2732 3466 exultamus
2762 3414 3043 3484 exemplo'
3083 3415 3192 3468 Per
3234 3413 3424 3468 Domi”

107 3521 160 3575 tio
184 3527 358 3580 cantici
382 3528 772 3600 triumphalis.
797 3531 867 3584 Et
887 3547 1017 3585 cum
1036 3532 1124 3586 his
1141 3534 1460 3588 caelestibus
1486 3552 1680 3606 super-
1787 3524 1925 3562 num
1956 3511 2238 3561 Ποδίνωηο

107 3614 258 3686 nisque
278 3620 567 3676 virtutibus
590 3621 779 3676 ﬁdelis
790 3625 988 3695 populi
1000 3627 1344 3697 symphonia
1355 3628 1682 3696 misceatur,

109 3722 198 3775 qua
222 3727 250 3763 a
274 3711 472 3768 dextris
501 3715 618 3768 tuis
648 3731 906 3771 consona
935 3735 1071 3773 voce
1104 3719 1206 3773 sub
1228 3721 1380 3775 trina
1397 3721 1685 3792 repetitio-

109 3814 158 3852 ne
181 3809 400 3874 cantant,
432 3807 714 3864 dicentes.
741 3810 1005 3879 Sanctus,
1041 3814 1303 3882 Sanctus,
1334 3815 1593 3869 Sanctus.

1835 2655 1960 2707 LIX.
2003 2668 2162 2708 MISSA
2205 2669 2260 2706 IN
2300 2667 2506 2706 manus
2548 2667 2740 2706 smcrr
2782 2667 3047 2708 LAURENTI
3090 2668 3381 2708 MARTYRIS.

2347 3575 2598 3626 Collectio
2637 3575 2888 3638 sequitur.

1858 3664 2026 3730 Deus,
2045 3662 2245 3716 mundi
2283 3665 2510 3715 creator
2536 3664 2595 3714 et
2622 3664 2834 3727 rector,
2863 3660 2960 3730 qui
2992 3661 3143 3715 hunc
3180 3661 3334 3716 diem
3364 3662 3422 3717 in

1786 3756 1967 3811 levitas
1987 3755 2355 3809 tuiLaurenti
2384 3752 2662 3824 martyrio
2690 3753 3276 3819 consecrasti,exaudi
3298 3771 3425 3826 pro-

1786 3850 1957 3920 pitius
1983 3849 2264 3920 supplices
2282 3852 2427 3914 tuos,
2459 3850 2516 3900 et
2545 3846 2797 3900 concede
2821 3849 2882 3900 ut
2908 3862 3112 3900 omnes
3147 3847 3244 3917 qui
3278 3863 3426 3902 mar-

111 3915 237 3974 [νηὶ.
259 3939 398 3979 mssa
421 3944 476 3981 IN
503 3943 718 3983 NATALE
749 3945 933 3984 SANCTI
963 3946 1097 3986 sum
1131 3948 1275 3988 Pam-2
1314 3949 1466 3988 uanis
1503 3948 1682 3989 norm.
1784 3943 2052 4015 tyriicjus
2073 3942 2280 3996 merita
2297 3956 2661 4005 veneramur,
2683 3938 3188 3994 intercessionibus
3209 3940 3331 4011 ejus
3352 3939 3422 3996 ab

161 4021 316 4102 276
336 4032 576 4088 Domine
589 4035 758 4102 Deus,
775 4037 1030 4091 fidelium
1044 4038 1444 4111 insuperabilis
1465 4042 1684 4096 fortitu-
1785 4039 2015 4094 aeternis
2028 4039 2309 4110 gehennae
2324 4035 2605 4092 incendiis
2621 4035 2952 4092 liberemur.
2969 4037 3077 4090 Per
3088 4036 3418 4092 Dominum.

115 4112 180 4181 d0,
198 4121 276 4189 qui
302 4123 442 4179 inter
473 4127 792 4182 mundana:
815 4133 1265 4187 conversationis
1293 4134 1530 4190 adversa
1552 4153 1680 4190 san-
2275 4136 2524 4186 Collectio
2553 4138 2670 4199 post
2690 4135 2921 4184 nomine.

116 4211 386 4272 ctorumnos
405 4221 658 4275 maxime
683 4222 1102 4292 glorificatione
1119 4227 1684 4295 solaris,...tuiinde-
1857 4226 2120 4282 Concede
2164 4225 2347 4292 nobis,
2393 4222 2656 4289 Domine,
2691 4223 2938 4294 gratiam
2979 4225 3138 4278 tuam
3170 4223 3228 4276 in
3269 4222 3424 4279 beati

117 4301 311 4363 sinenter
345 4313 627 4380 accendis,
667 4315 868 4382 excita,
902 4318 1166 4387 Domine,
1198 4321 1254 4374 in
1293 4322 1542 4377 Ecclesia
1587 4327 1684 4378 tua
1786 4321 2053 4376 Laurenti
2103 4319 2372 4390 martyris
2422 4317 2757 4372 celebritate
2799 4317 3217 4387 multiplicem;
3247 4320 3310 4370 ut
3352 4316 3422 4370 de

118 4391 346 4471 Spiritum,
372 4407 453 4460 cui
499 4408 599 4461 ille
645 4409 898 4476 servivit;
953 4415 1013 4464 ut
1056 4413 1391 4469 studeamus
1445 4416 1682 4488 diligere
1785 4414 1929 4469 tanti
1961 4431 2147 4485 agone
2194 4411 2526 4467 certaminis
2558 4411 2738 4464 discat
2773 4411 3016 4481 populus
3047 4409 3420 4475 Christianus,

120 4491 230 4603 quod
253 4500 458 4567 amavit,
491 4505 556 4555 et
598 4519 771 4574 opere
819 4521 1083 4560 exercere
1127 4507 1282 4578 quod
1338 4509 1547 4565 docuit.
1576 4513 1761 4603 PerD
1785 4513 1844 4564 et
1873 4509 2041 4562 firma
2063 4506 2294 4562 solidari
2317 4505 2617 4577 patientia,
2651 4507 2708 4557 et
2737 4503 2833 4574 pia
2864 4503 3117 4556 exultare
3164 4501 3419 4556 victoria.

118 4577 356 4646 Dominum
381 4599 641 4650 nostrum
665 4598 858 4652 Jesum
887 4598 1089 4654 Filium
1120 4577 1302 4656 tuum.
1703 4577 1760 4603 υ
2307 4601 2556 4652 Collectio
2587 4600 2651 4650 ad
2683 4614 2886 4664 pacem.

601 4694 856 4745 Collectio
883 4697 1135 4760 sequitur.
1855 4691 2047 4747 Sancti
2080 4688 2348 4744 Laurenti
2382 4703 2506 4754 nos,
2541 4686 2805 4753 Domine,
2849 4701 3196 4756 quaesumus,
3218 4701 3419 4757 preca-

165 4767 333 4828 Prazsta
358 4778 536 4846 nobis,
579 4780 948 4852 omnipotens
981 4787 1038 4836 et
1063 4782 1387 4840 misericors
1418 4786 1585 4854 Deus,
1621 4792 1683 4842 ut
1783 4787 1861 4842 tio
1886 4786 2042 4857 justa
2072 4786 2339 4848 tueatur;
2373 4784 2432 4834 et
2474 4779 2629 4851 quod
2663 4782 2860 4834 nostra
2901 4778 3255 4834 conscientia
3299 4796 3416 4836 non

116 4854 224 4915 beati
243 4865 359 4922 Sixti
380 4872 648 4944 martyris
674 4874 753 4928 tui
780 4876 1027 4946 repetita
1057 4878 1431 4947 sollemnitas,
1463 4885 1519 4934 et
1546 4881 1682 4936 libe-
1782 4854 2096 4952 praesumit,
2131 4877 2254 4948 ejus
2286 4874 2472 4941 nobis,
2507 4873 2604 4945 qui
2634 4872 2736 4927 tibi
2762 4872 2994 4944 placuit,
3029 4873 3289 4928 oratione
3324 4872 3421 4928 do-

117 4952 338 5014 rationem
375 4965 538 5020 nobis
581 4968 904 5038 perfectam
938 4969 1170 5036 tribuat,
1201 4974 1256 5026 et
1283 4973 1544 5029 salutem.
1574 4977 1681 5030 Per
1782 4977 1968 5028 netur.
2001 4973 2108 5026 Per
2133 4968 2443 5024 Dominum
2471 4970 2730 5024 nostrum
2766 4967 2968 5022 Filium
2995 4970 3178 5022 tuum.

120 5040 358 5110 Dominum
389 5064 670 5115 nostrum,
2343 5065 2632 5117 Immolatio
2666 5064 2850 5115 missas.

536 5158 787 5209 Collectio
810 5164 928 5224 post
949 5161 1179 5213 nomina.
1851 5159 1993 5211 Vere
2014 5156 2256 5227 dignum
2278 5157 2336 5208 et
2344 5155 2565 5224 justum
2593 5155 2696 5218 est,
2732 5150 3100 5222 omnipotens
3129 5151 3426 5222 sempiter-

169 5231 352 5304 Adesto,
369 5241 631 5311 Domine,
648 5245 1162 5316 supplicationibus
1175 5249 1403 5318 nostris,
1429 5255 1487 5306 et
1508 5252 1680 5306 inter—
1782 5267 1852 5306 ne
1885 5251 2053 5316 Deus,
2069 5249 2170 5303 tibi
2193 5249 2250 5301 in
2274 5243 2700 5314 tantimartyris
2718 5244 3059 5299 Laurenti...
3086 5244 3269 5299 laudis
3284 5243 3413 5298 hos-

124 5323 311 5382 cessione
339 5337 598 5407 martyris
626 5339 706 5392 tui
734 5339 872 5394 Sixti
904 5346 1242 5414 perpetuam
1266 5345 1432 5399 nobis
1455 5345 1674 5400 miseri-
1781 5345 1887 5400 tias
1905 5343 2228 5408 immolare,
2250 5340 2345 5411 qui
2369 5339 2615 5394 hostiam
2642 5338 2930 5394 viventem
2959 5337 3130 5393 hodie
3158 5336 3214 5390 in
3242 5335 3416 5406 ipsius

126 5417 317 5510 fordiam
344 5426 623 5502 benignus
648 5432 955 5505 impende;
981 5440 1039 5490 et
1066 5437 1304 5492 nomina
1326 5455 1454 5510 qua:
1480 5440 1681 5494 recita-
1780 5438 1964 5492 levita:
2014 5435 2096 5489 tui
2139 5433 2294 5488 beati
2339 5431 2610 5488 Laurenti
2660 5433 2928 5504 martyris
2964 5427 3284 5485 ministerio
3315 5445 3420 5500 per

128 5505 165 5604 la
188 5519 287 5604 sunt
305 5527 616 5580 nostrorum
643 5543 909 5582 carorum
934 5529 993 5583 in
1011 5531 1219 5586 caelesti
1242 5532 1456 5604 pagina
1472 5533 1680 5604 jubeas
1779 5531 1984 5586 ﬂorem
2000 5529 2139 5584 casti
2152 5527 2408 5600 corporis
2431 5526 2720 5597 accepisti.
2736 5526 2908 5596 Cujus
2924 5540 3122 5578 vocem
3136 5539 3240 5595 per
3260 5521 3422 5595 hym-

128 5602 332 5666 In“amri.
361 5615 460 5671 Per
483 5619 794 5676 Dominum
820 5626 1102 5678 nostrum.
1247 5602 1257 5603 ί
1329 5602 1340 5604 ἡ
1478 5602 1488 5604 ⁷
1780 5623 2034 5680 nidicum
2064 5621 2440 5679 modolamiui
2467 5618 2491 5647 "
2534 5618 2739 5690 psalmi
2781 5617 3122 5686 audivimus,
3162 5617 3422 5673 canentis

145 5739 655 5903 θὶῖὰξιέἕὲἕῗξάυιαω,
687 5765 776 5820 vel
804 5767 1092 5826 modulo“.
1128 5767 1228 5824 Hic
1251 5785 1390 5842 ergo
1415 5770 1725 5827 versiculus
1750 5774 1885 5826 tunc
1908 5769 1969 5825 in
2000 5770 2145 5825 festo
2167 5766 2347 5823 sancti
2373 5761 2685 5829 Laurentii,
2709 5759 2790 5814 uti
2823 5773 2994 5829 nunc,
3019 5757 3336 5819 canebatur
3364 5759 3420 5814 in

425 5865 603 5903 lcano-

98 5871 100 5926 ς
147 5865 188 5881 ‘"
198 5865 298 5894 “me
315 5865 603 5910 (³811108110.

100 5955 102 6029 ι
384 5943 645 6017 Pnaon.
695 5952 935 6021 LXXII.
2778 5937 2784 5942 ’
3035 5957 3106 6014 to
