3968 6224
435 335 538 392 283

1224 331 1555 388 APPE'NDIX
1592 329 1680 382 AD
1717 326 1938 382 OPERA
1975 322 2210 378 SANCTI
2247 319 2547 374 GERMANI
2586 317 3012 374 PARISIENSIS.

3713 317 3816 372 284

434 444 675 503 donasti.
720 445 814 501 llle
847 447 1091 500 mortem
1122 441 1495 513 temporalem
1537 438 1749 507 intulit,
1790 440 1854 490 tu
1891 436 2066 491 vitam
2088 444 2355 517 Asuum,
2385 428 2749 499 adsumptam
2774 443 2844 483 ex
2889 442 3057 484 carne
3101 425 3350 499 Virginis
3394 424 3505 482 viri
3561 424 3820 482 hominis

431 544 766 613 perpetuam
789 538 1057 594 tribuisti.
1081 540 1381 608 Propterea
1404 533 1646 605 profusis
1675 531 1894 604 gaudiis
1913 532 2063 584 totus

431 631 491 686 in
521 631 655 685 orbe
681 634 961 685 terrarum
998 626 1244 682 mundus
1283 624 1532 679 exultat:
1571 623 1667 677 sed
1707 625 1764 676 et
1802 636 2062 692 supernas

431 729 736 784 concinunt
759 731 1064 800 potestates
1095 725 1377 795 hymnum
1408 720 1604 793 gloriae
1629 725 1764 787 tuae,
1800 721 1920 775 sine
1949 721 2061 774 line

432 822 700 879 dicentes.

573 931 746 985 XLIII.
782 943 942 983 mssa
966 943 1017 983 ιη
1045 942 1133 981 me
1160 940 1398 981 sseaaro
1427 939 1650 979 ocnus
1675 937 1916 978 PASCHE.

406 1009 410 1015 ’
500 1026 794 1090 Conserva,
826 1021 1080 1089 Domine,
1109 1019 1379 1074 familiam
1414 1022 1589 1086 tuam,
1623 1034 1764 1088 quos
1803 1033 1872 1071 ex
1915 1032 2063 1088 aqua

430 1123 487 1175 et
524 1118 731 1189 Spiritu
779 1119 968 1170 sancto
1011 1114 1288 1186 prOpitius
1333 1111 1654 1180 redemisti;
1707 1114 1769 1164 ut
1813 1115 2062 1164 veterem

428 1212 721 1268 hominem
764 1227 894 1265 cum
934 1209 1048 1264 suis
1087 1209 1303 1262 actibus
1349 1206 1745 1277 exspoliantes,
1789 1203 1850 1258 in
1886 1203 2062 1276 ipsius

427 1305 851 1362 conversatione
903 1304 1177 1371 vivamus,
1231 1301 1302 1356 ad
1353 1301 1512 1372 cujus
1546 1298 1916 1354 substantiam
1961 1314 2064 1369 per

427 1401 545 1455 haec
571 1398 856 1471 paschalia
875 1397 1095 1452 dierum
1122 1399 1446 1450 octavarum
1474 1398 1584 1448 tuae
1614 1391 2062 1448 Resurrectionis

426 1494 696 1566 mysteria
722 1490 1077 1546 transtulisti.
1107 1492 1232 1544 Per.

1109 1591 1376 1642 Collectio.

497 1682 620 1749 Fac,
650 1680 1010 1750 omnipotens
1039 1680 1095 1732 et
1119 1678 1436 1732 misericors
1464 1675 1628 1744 Deus,
1656 1678 1718 1729 ut
1743 1674 1892 1746 quod
1917 1678 2062 1728 octa-

424 1790 622 1829 varum
644 1773 865 1827 dierum
894 1771 1341 1828 Resurrectionis
1377 1776 1489 1825 tum
1525 1768 1882 1840 paschalibus
1921 1768 2062 1822 cele-

422 1868 652 1923 bramus
671 1866 888 1935 ofﬁciis,
909 1865 1266 1920 fructiferum
1288 1863 1454 1918 nobis
1479 1862 1636 1918 omni
1657 1865 1911 1933 tempore
1939 1878 2060 1917 sen-

423 1960 557 2016 tiam
567 1978 647 2015 us.
679 1961 787 2015 Sal.

1051 2031 1174 2078 Post
1191 2027 1424 2078 nomina.

491 2117 639 2170 Deus
663 2114 1066 2170 misericordiae
1089 2114 1471 2185 sempiternae,
1495 2112 1593 2184 qui
1611 2113 1670 2167 in
1693 2113 1812 2184 ipso
1832 2114 2060 2169 Pascha-

418 2209 486 2265 lis
518 2209 647 2264 festi
685 2225 916 2264 recursu
957 2208 1128 2264 ﬁdem
1166 2212 1396 2262 sacratae
1428 2207 1532 2261 tibi
1570 2207 1748 2278 plebis
1779 2208 2055 2276 accendis,

418 2319 563 2376 auge
592 2302 854 2376 gratiam,
883 2319 1058 2374 quam
1084 2301 1307 2369 dedisti,
1337 2305 1402 2356 ut
1427 2301 1602 2372 digna
1629 2317 1828 2356 omnes
1855 2301 2058 2356 intelli-

420 2398 610 2469 gentia
636 2396 1122 2467 comprehendant
1153 2411 1267 2466 quo
1298 2395 1519 2450 lavacro
1545 2396 1744 2463 abluti,
1785 2411 1898 2466 quo
1939 2395 2058 2466 Spi-

417 2491 530 2546 ritu
557 2490 896 2561 regenerati,
929 2506 1040 2561 quo
1067 2487 1340 2559 sanguine
1361 2492 1494 2543 sunt
1528 2489 1790 2544 redemti.
1821 2490 1946 2544 Per.

1087 2591 1163 2642 Ad
1191 2605 1397 2656 pacem.

486 2680 648 2747 Deus,
673 2677 769 2750 qui
793 2695 896 2750 per
924 2677 1291 2750 Unigenitum
1320 2680 1485 2754 tu‘um
1517 2676 1848 2732 aeternitatis
1890 2677 2054 2732 nobis

414 2773 652 2841 aditum,
677 2771 893 2827 devicta
921 2775 1123 2841 morte,
1155 2772 1434 2841 reserasti,
1455 2771 1635 2826 deduc
1660 2787 1764 2825 nos
1789 2771 1860 2826 ad
1887 2770 2054 2826 socie-

411 2870 588 2922 tatem
613 2866 922 2921 czelestium
950 2866 1310 2938 gaudiorum,
1341 2870 1403 2920 ut
1429 2865 1642 2936 Spiritu
1675 2867 1867 2920 sancto
1894 2882 2054 2920 rena-

414 2964 498 3015 tos
526 2977 771 3032 regnum
799 2963 962 3015 tuum
991 2960 1161 3015 facias
1182 2959 1434 3014 introire.
1467 2960 1574 3014 Per
1592 2975 1815 3031 resurg.

1063 3061 1397 3112 Contestatio.

483 3147 728 3218 Dignum
759 3151 815 3202 et
825 3148 1046 3218 justum
1064 3152 1166 3217 est,
1191 3147 1568 3202 necessarium
1596 3151 1653 3203 et
1678 3147 1919 3203 salutare
1940 3151 2044 3216 est,

409 3244 476 3295 ut
513 3245 568 3296 te
611 3241 917 3296 Dominum
959 3258 1024 3296 ac
1061 3244 1241 3296 Deum
1288 3241 1418 3295 totis
1456 3241 1762 3296 visceribus
1796 3243 2047 3296 humana

409 3334 655 3390 conditio
704 3339 1026 3403 veneretur,
1083 3337 1202 3390 Rex
1256 3334 1531 3389 mirabilis
1583 3336 1823 3390 Christe.
1875 3336 2046 3406 Cujus

409 3427 901 3496 condemnatione,
951 3428 1205 3482 tartareis
1231 3428 1466 3483 vinculis
1507 3429 1762 3482 absoluta
1809 3429 2044 3482 creden-

408 3521 552 3575 tium
581 3521 764 3587 turba,
793 3521 1069 3576 libertatis
1093 3521 1341 3592 insignia
1359 3523 1697 3593 gratulatur.
1716 3521 1821 3585 Qui
1837 3539 1965 3576 vere
1983 3526 2048 3576 ut

407 3616 514 3670 Leo
541 3615 609 3670 de
635 3615 789 3669 tribu
813 3616 950 3670 Juda
978 3615 1192 3670 mundo
1223 3618 1498 3681 ostensus,
1533 3615 1855 3670 animarum
1884 3617 2047 3670 devo-

405 3713 652 3763 ratorem
694 3709 1006 3763 extinctum
1053 3709 1278 3764 leonem
1318 3709 1603 3763 diabolum
1655 3709 1839 3763 omnis
1897 3713 2046 3764 terra

405 3803 648 3857 laetatur.
685 3803 969 3858 Permittis
1001 3806 1052 3857 te
1082 3803 1366 3857 clavorum
1390 3802 1628 3858 nexibus
1654 3803 1949 3874 alligatum
1974 3804 2045 3858 ad

404 3896 655 3968 stipitem
677 3897 857 3951 crucis
884 3895 1050 3951 tereri
1067 3908 1111 3966 ,
1132 3900 1203 3950 ut
1221 3913 1336 3951 non
1372 3897 1443 3951 sit
1460 3913 1629 3968 parva
1647 3912 1818 3967 quem
1836 3896 2044 3968 impius

403 3989 690 4061 quondam
717 3993 1047 4060 expavescat
1073 3990 1344 4061 potentia.
1372 3991 1454 4045 Ad
1472 3990 1634 4060 cujus
1652 4007 1849 4045 vocem
1876 3991 2041 4045 emit-

405 4087 529 4136 tens
575 4083 861 4152 spiritum,
903 4087 1054 4136 terra
1090 4084 1343 4151 tremuit,
1383 4085 1584 4137 czelum
1641 4084 1887 4154 expavit,
1925 4084 2044 4139 dies

403 4175 568 4245 fugit,
599 4175 679 4228 sol
721 4175 1048 4229 obscuratus
1087 4179 1187 4244 est,
1232 4178 1383 4229 astra
1422 4177 1826 4232 abscondentes
1859 4178 2043 4232 radios

404 4284 551 4336 suos,
575 4267 743 4321 simul
781 4269 972 4322 omnia
1007 4269 1417 4341 migravcrunt.
1467 4269 1661 4343 259
1706 4271 1880 4341 Cujus
1923 4271 2043 4326 des-

403 4377 595 4427 censu,
626 4361 927 4417 confractis
953 4363 1151 4434 portis,
1179 4363 1341 4434 luget
1365 4363 1674 4419 infernum.
1703 4365 1824 4428 Quo
1851 4381 2038 4418 resur-

403 4459 591 4526 gente,
623 4456 889 4510 laetantur
916 4457 1127 4528 angeli,
1159 4458 1371 4512 exultat
1406 4462 1557 4512 terra
1594 4474 1725 4512 cum
1767 4458 2042 4512 habitato-

2165 524 2427 591 formam,
2457 522 2679 578 mittere
2706 522 2972 593 dignatus
3001 524 3104 588 est,
3134 519 3660 589 fratresl'carissimi,
3691 535 3821 591 sup-

2165 617 2388 688 pliciter
2430 632 2755 684 exoremus;
2799 620 2865 670 ut
2918 615 3061 670 sicut
3114 614 3174 669 in
3207 615 3324 684 .hac
3376 614 3819 670 Resurrectione

2166 712 2420 782 ejusdem
2447 727 2550 765 nos
2575 727 2607 763 a
2637 712 2823 764 morte
2851 714 3127 781 perpetua
3154 725 3286 764 cum
3315 709 3411 763 illo
3437 707 3818 777 resuscitavit,

2165 804 2244 859 ita
2279 803 2500 876 pietatis
2535 820 2653 858 sua}
2683 803 2831 858 dono
2859 803 2928 857 ab
2957 803 3222 857 omnibus
3249 819 3351 856 nos
3378 801 3596 856 inimici
3622 806 3817 856 tutan:

2166 898 2406 967 insidiis,
2441 897 2664 951 inlaasos
2693 896 2858 952 faciat
2879 897 2937 950 in
2963 897 3159 950 matris
3187 896 3446 952 Ecclesiae
3473 895 3694 966 gremio
3718 911 3811 950 re-

2167 992 2394 1058 sedere;
2429 996 2486 1046 et
2513 991 2875 1046 conscientiae
2917 989 3244 1061 integritate
3275 989 3342 1044 de
3381 989 3816 1060 regeneratione

2169 1085 2497 1155 gaudentes,
2532 1089 2747 1139 zeterna
2769 1084 3192 1157 primitivorum
3221 1083 3508 1151 Ecctesiae,
3539 1083 3815 1154 quemad-

2167 1179 2400 1233 modum
2428 1178 2723 1233 devotione
2750 1179 2819 1233 ad
2851 1194 3123 1249 praesens,
3159 1178 3238 1231 ita
3266 1182 3322 1232 et
3346 1177 3813 1232 remuneratione

2163 1272 2408 1327 adsociat
2432 1271 2492 1326 in
2521 1277 2800 1327 internum
2815 1289 2831 1340 ;
2857 1277 2913 1326 et
2937 1272 3058 1326 haec
3087 1286 3328 1326 munera
3356 1270 3538 1344 plebis
3566 1286 3684 1326 sua
3706 1270 3808 1326 be-

2161 1365 2422 1421 nedicere
2453 1365 2746 1437 dignetur.
2777 1366 2887 1421 Sal.

2854 1452 3123 1502 Collectio.

2232 1529 2398 1596 Deus,
2431 1529 2600 1584 totius
2620 1529 2892 1583 claritatis
2919 1529 3178 1583 conditor
3192 1531 3248 1583 et
3268 1529 3610 1598 moderator,
3633 1544 3809 1602 quem

2161 1622 2409 1678 caelestia
2449 1623 2748 1692 mirantur,
2798 1628 2854 1677 et
2882 1627 3107 1678 terrena
3136 1624 3404 1694 pavitant,
3436 1623 3662 1678 inferna
3688 1628 3808 1678 tre-

2160 1716 2441 1786 miscunt;
2489 1717 2580 1772 cui
2617 1717 2952 1788 angelorum
2995 1722 3197 1772 turmae
3235 1722 3290 1772 et
3323 1717 3807 1788 archangelorum

2081 1818 2136 1890 B
2161 1811 2440 1865 exercitus
2460 1811 2725 1881 militant,
2747 1827 2862 1865 non
2879 1811 2963 1865 uti
2978 1811 3261 1866 mundum
3287 1824 3604 1883 expugnes,
3630 1827 3807 1882 quem

2161 1904 2278 1975 ipse
2303 1904 2504 1972 fecisti,
2539 1905 2636 1959 sed
2667 1909 2732 1959 ut
2757 1905 2993 1960 subruas
3018 1904 3220 1959 mundi
3245 1909 3492 1976 peccata,
3522 1922 3654 1976 quae
3683 1905 3806 1960 dia-

2159 1998 2322 2053 bolus
2348 1998 2666 2067 adinvenit;
2695 1998 2828 2071 quia
2854 1999 2934 2053 ita
2973 1999 3237 2070 dignatus
3279 2015 3336 2054 es
3373 1999 3610 2071 diligere
3651 1999 3806 2054 hunc

2159 2093 2460 2162 mundum,
2496 2097 2562 2147 ut
2587 2092 2952 2163 Unigenitum
2977 2097 3140 2146 tuum
3169 2093 3417 2147 traderes
3465 2109 3571 2164 pro
3613 2097 3808 2147 nostra

2159 2186 2356 2254 salute,
2383 2186 2544 2256 cujus
2564 2202 2727 2240 cruce
2749 2186 3027 2257 redempti
3056 2203 3271 2255 sumus,
3300 2190 3480 2240 morte
3511 2184 3802 2255 viviﬁcati,

2156 2279 2413 2351 passione
2443 2280 2656 2349 salvati,
2689 2280 3100 2334 resurrectione
3140 2279 3451 2351 gloriﬁcati.
3481 2281 3588 2334 Per
3611 2281 3803 2351 ipsum

2155 2373 2348 2445 itaque
2376 2378 2429 2428 te
2457 2373 2734 2445 supplices
2763 2373 3110 2442 invocamus,
3154 2378 3219 2428 ut
3243 2373 3375 2427 huic
3403 2373 3638 2428 familiae
3681 2379 3796 2428 tuas

2155 2467 2215 2521 in
2243 2467 2508 2522 omnibus
2541 2467 2733 2523 adesse
2765 2467 3036 2538 digneris,
3081 2467 3226 2522 sicut
3269 2467 3499 2521 adfuisti
3540 2467 3799 2538 patribus

2155 2561 2360 2615 nostris
2393 2562 2748 2632 sperantibus
2789 2561 2849 2615 in
2887 2566 2984 2615 tua
3019 2560 3404 2615 misericordia
3433 2579 3446 2616 :
3499 2560 3575 2615 sic
3620 2566 3677 2615 et
3713 2561 3804 2615 his

2155 2655 2416 2710 omnibus
2441 2655 2633 2709 adesse
2665 2655 2922 2724 dignare,
2965 2658 3029 2709 ut
3069 2655 3141 2708 sit
3181 2653 3243 2708 in
3291 2654 3551 2708 sensibus
3596 2670 3801 2710 eorum

2152 2749 2324 2803 timor
2353 2748 2663 2803 devotionis
2693 2753 2828 2816 tuae,
2862 2748 2923 2802 in
2947 2748 3114 2802 corde
3141 2747 3298 2816 ﬁdes,
3331 2748 3392 2802 in
3429 2764 3599 2819 opere
3633 2748 3802 2819 justi-

2153 2843 2249 2912 tia,
2281 2843 2342 2896 in
2369 2847 2497 2896 actu
2523 2841 2721 2914 pietas,
2756 2843 2816 2896 in
2855 2841 3053 2913 lingua
3082 2841 3303 2911 veritas,
3342 2841 3402 2896 in
3439 2841 3692 2896 moribus
3717 2842 3803 2896 di-

2153 2936 2407 3007 sciplina,
2437 2939 2502 2989 ut
2526 2935 2698 3006 digne
2729 2935 2948 3006 riteque
2975 2935 3411 2990 immortalitatis
3456 2933 3650 3008 260
3688 2936 3801 2990 sibi

2154 3029 2456 3101 praemium
2482 3029 2751 3100 consequi
2780 3033 3130 3084 mereantur.
3157 3030 3282 3083 Per.

2776 3123 2900 3171 Post
2932 3123 3163 3182 nomina,

2068 3192 2122 3265 C
2217 3197 2491 3265 Concede,
2515 3213 2864 3269 quaesumus,
2889 3197 3246 3269 omnipotens
3265 3198 3431 3266 Deus,
3461 3200 3525 3250 ut
3553 3196 3655 3267 qui
3684 3197 3790 3253 Re-

2147 3290 2509 3346 surrectionis
2531 3291 2829 3346 dominicas
2854 3291 3144 3346 sollemnia
3166 3291 3422 3360 colimus,
3439 3306 3542 3361 per
3561 3289 3797 3345 innova-

2145 3384 2360 3439 tionem
2388 3385 2472 3439 tui
2491 3385 2730 3456 Spiritus
2747 3402 2780 3438 a
2805 3388 2987 3438 morte
3007 3385 3212 3439 animae
3236 3400 3623 3456 resurgamus.
3659 3385 3792 3438 Per.

2819 3478 2897 3527 Ad
2927 3491 3129 3541 pacem.

2219 3552 2434 3608 Exaudi
2470 3569 2593 3620 nos,
2637 3551 2895 3619 Domine,
2949 3559 3137 3608 sancte
3183 3555 3367 3619 Pater,
3425 3552 3794 3623 omnipotens

2146 3649 2320 3717 Deus;
2350 3650 2407 3702 et
2423 3646 2510 3701 his
2527 3646 2904 3701 oblationibus
2924 3647 3297 3718 precibusque
3326 3647 3621 3719 susceptis,
3645 3663 3794 3718 pras-

2145 3741 2340 3796 sentize
2380 3744 2495 3795 tuae
2528 3739 2797 3795 virtutem
2844 3741 3137 3810 intersere,
3173 3746 3237 3796 ut
3276 3741 3428 3813 quod
3469 3740 3684 3812 singuli
3718 3741 3791 3795 ad

2144 3834 2441 3906 Majestatis
2468 3838 2581 3889 tua:
2599 3835 2929 3889 obtulerunt
2955 3835 3254 3905 honorem,
3285 3835 3501 3890 cunctis
3527 3833 3789 3906 proﬁciat

2143 3930 2214 3984 ad
2243 3929 2502 3985 salutem.
2531 3930 2638 3984 Per
2663 3943 2886 3999 resurg.

2814 4016 3105 4066 Immolalio

2215 4093 2464 4164 Dignum
2493 4095 2548 4147 et
2566 4092 2788 4163 justum
2805 4096 2905 4160 est,
2929 4092 3309 4147 necessarium
3336 4096 3392 4148 et
3416 4092 3661 4148 salutare
3679 4097 3787 4163 est,

2142 4203 2244 4242 nos
2268 4186 2370 4241 tibi
2397 4186 2605 4257 gratias
2631 4202 2822 4257 agere,
2855 4186 3214 4257 omnipotens
3241 4187 3407 4254 Dens,
3430 4186 3562 4241 licet
3587 4187 3788 4258 glorias

2144 4283 2255 4334 tuae
2282 4279 2609 4334 mortalium
2637 4279 2897 4334 membra
2924 4296 3041 4334 non
3069 4285 3406 4352 congruant,
3425 4279 3790 4353 Redemptio-

2141 4373 2227 4427 uis
2252 4377 2462 4428 nostrae
2486 4373 2738 4444 perferre
2764 4373 3078 4443 praeconia:
3109 4373 3248 4428 dum
3274 4373 3575 4428 hominum
3598 4390 3784 4444 genus

2140 4467 2528 4538 mancipatum
2553 4471 2757 4536 morte,
2775 4466 3132 4522 infernorum
3158 4466 3383 4522 sedibus
3410 4467 3785 4523 tenebrarum

399 4549 555 4604 ribus
581 4550 713 4604 suis.
758 4551 819 4603 ln
863 4567 976 4621 quo
1020 4551 1314 4622 triumpho
1357 4550 1699 4622 conspicitur
1750 4551 2116 4637 comitatioD
2138 4560 2320 4614 vincla,
2344 4560 2775 4631 restringerent,
2807 4561 3058 4632 spiritale
3091 4560 3355 4628 Verbum,
3400 4576 3503 4630 per
3543 4561 3696 4631 quod
3724 4562 3788 4616 in

395 4643 491 4697 illa
531 4643 862 4714 prophetico
899 4661 996 4699 ore
1028 4645 1305 4716 promissa
1337 4661 1349 4698 :
1386 4647 1494 4698 Ero
1534 4660 1690 4698 mors
1727 4648 1843 4715 tua,
1884 4661 1917 4698 ο
1955 4645 2041 4699 in-

395 4737 574 4791 ferne.
608 4737 710 4792 Ubi
738 4740 821 4791 est
847 4755 984 4809 ergo
1024 4738 1258 4793 victoria
1298 4739 1429 4792 tua?
1467 4739 1576 4792 Nec
1613 4738 1768 4793 enim
1810 4738 1878 4792 ab
1924 4738 2036 4794 alio

398 4834 634 4900 poterat,
663 4831 769 4885 nisi
795 4850 828 4886 a
852 4832 964 4887 vita
994 4849 1151 4887 mors
1176 4832 1451 4886 devorari.
1480 4832 1586 4896 Qui
1624 4832 1895 4887 descensu
1933 4850 2035 4888 suo

396 4941 488 4979 eos
512 4925 610 4996 qui
633 4925 977 4980 tenebantur
1020 4941 1053 4978 a
1088 4929 1270 4980 morte
1311 4925 1532 4997 superis
1571 4927 1814 4982 reddidit
1853 4943 2036 4981 resur-

395 5019 600 5089 gendo,
631 5024 692 5072 ut
714 5019 836 5089 ejus
881 5019 1216 5072 resurrectio
1255 5019 1518 5074 vivorum
1553 5020 1641 5075 vel
1677 5024 2034 5075 mortuorum

392 5112 714 5167 testimonio
739 5111 1102 5167 formaretur.
1132 5112 1289 5167 Unde
1320 5118 1509 5169 sancte
1549 5116 1735 5183 Pater,
1779 5115 2036 5185 omnipo-

392 5211 535 5274 tens,
560 5209 771 5261 aeterne
799 5207 968 5271 Deus,
997 5222 1100 5277 per
1122 5209 1314 5262 Jcsum
1336 5207 1624 5263 Christum
1645 5207 1846 5262 Filium
1861 5212 2032 5264 .tuum

393 5299 697 5355 Dominum
734 5303 994 5355 nostrum
1021 5301 1201 5372 gloria
1228 5302 1331 5357 tibi
1359 5317 1604 5372 semper,
1636 5301 1737 5373 qui
1767 5301 1826 5357 in
1858 5305 1934 5370 te,
1976 5309 2032 5360 et

391 5409 460 5448 ex
489 5398 562 5462 te,
591 5399 648 5450 et
675 5399 865 5450 tecum
894 5411 1118 5466 semper
1138 5399 1240 5451 est.
1274 5397 1380 5450 Per
1403 5411 1574 5466 quem
1599 5399 1654 5451 te
1680 5396 1884 5450 laud.b.

747 5498 918 5552 XLIV.
946 5513 1106 5554 MISSA
1140 5513 1386 5553 CLAUSUM
1419 5513 1659 5553 PASCHJE.

463 5590 660 5661 Deum,
693 5591 791 5663 qui
824 5608 927 5662 pro
951 5591 1117 5645 ruina
1139 5589 1310 5646 totius
1337 5591 1537 5646 mundi
1566 5592 1796 5648 unicum
1822 5592 2026 5647 Filium

460 5714 485 5741 ⁸
516 5715 603 5770 Sic
632 5715 691 5770 in
717 5715 919 5769 Missali
945 5716 1248 5771 Gallicano.
1277 5720 1362 5771 An
1391 5721 1576 5774 teneri.

467 5783 495 5865 ξ)
522 5786 671 5840 Nihil
710 5785 803 5865 hic
843 5785 912 5839 de
961 5788 1182 5867 pascha
1205 5791 1488 5867 amoti-no,
1521 5791 1693 5867 quod_
1716 5789 2027 5867 baptizatus

391 5858 630 5927 quisque
643 5858 1113 5931 anniversarium,
1127 5858 1187 5916 id
1206 5860 1421 5934 estipso
1437 5860 1526 5919 die
1537 5858 1653 5934 quo
1677 5858 2025 5935 baptismum

2137 4653 2420 4726 principio
2451 4654 2643 4709 omnia
2667 4653 2893 4709 fuerant
2917 4655 3242 4723 constituta,
3267 4653 3554 4709 descendit
3584 4655 3646 4709 in
3675 4655 3788 4710 Ma-

2138 4747 2318 4816 riam;
2351 4764 2478 4819 quas
2499 4748 2638 4803 dum
2667 4752 2896 4819 partum
2926 4765 3094 4803 suum
3114 4749 3284 4820 Virgo
3311 4748 3571 4817 miratur,
3606 4749 3795 4804 inclu-

2135 4858 2262 4897 sum
2290 4841 2586 4897 hominem
2607 4841 2781 4896 edidit
2811 4843 3009 4898 Deum.
3039 4844 3218 4907 Quem
3246 4847 3438 4897 tamen
3453 4846 3621 4897 tuum
3645 4859 3792 4912 esse,

2137 4952 2356 4991 summe
2383 4935 2741 5008 omnipotens
2771 4937 2937 5004 Deus,
2966 4940 3273 5008 antequam
3311 4941 3664 5005 nasceretur,
3702 4953 3797 4993 co-

2136 5034 2424 5102 gnoverat,
2448 5029 2662 5101 quippe
2680 5045 2809 5100 quas
2828 5029 3040 5085 sciebat
3059 5029 3258 5084 mundi
3277 5046 3397 5085 esse
3412 5029 3787 5102 principium.

2136 5125 2184 5178 Is
2218 5139 2467 5194 namque
2494 5138 2723 5177 crucem
2753 5127 3060 5195 spontanee
3081 5123 3391 5190 voluntate,
3423 5127 3661 5195 propter
3689 5141 3782 5180 re-

2134 5217 2520 5287 demptionem
2569 5216 2806 5271 humani
2856 5218 3100 5289 generis,
3148 5218 3217 5273 de
3267 5217 3496 5272 inimico
3538 5221 3786 5288 tyranno

2132 5311 2610 5382 triumphaturus,
2643 5311 2928 5381 ascendit;
2953 5314 3010 5366 et
3039 5311 3234 5367 relicto
3263 5311 3552 5384 paulisper
3576 5328 3785 5384 corpo-

2130 5405 2207 5459 ris
2233 5405 2465 5476 templo,
2488 5403 2805 5459 inferorum
2821 5406 3067 5460 claustra
3085 5405 3306 5461 confrin
3315 5422 3475 5476 gens,
3497 5405 3784 5477 pristina,

2128 5503 2194 5553 ut
2218 5503 2348 5554 ante
2386 5499 2591 5568 fuerat,
2641 5498 2770 5553 vitae
2810 5499 3077 5554 restituit.
3110 5500 3220 5554 Nec
3258 5499 3555 5554 suffecerat
3599 5500 3787 5555 solum

2128 5593 2420 5649 hominem
2440 5593 2769 5649 emendasse
2796 5597 3090 5665 peccatum
3115 5610 3127 5647 :
3158 5593 3256 5649 sed
3281 5609 3384 5666 per
3428 5593 3785 5650 ablutionem

2129 5721 2498 5793 suscepisset,
2514 5720 2818 5793 quotannis
2861 5720 3230 5775 rememorari
3273 5720 3532 5793 debebat,
3573 5737 3645 5776 ex
3677 5724 3786 5777 He-

2127 5791 2304 5849 rardo’
2333 5791 2611 5848 saeculi}:
2646 5791 2908 5864 episcopo
2939 5793 3273 5862 Turonensi,
3313 5793 3376 5848 in
3412 5791 3663 5866 capitulo
3688 5795 3783 5850 93.
