3968 6224
77 357 158 411 285
1099 349 1184 404 DE
1223 347 1536 403 LITURGIA
1571 349 1652 400 GA

1769 347 1943 402 CANA
1984 347 2182 402 LIBER
2220 346 2308 402 Ill.
3295 357 3396 411 286

77 461 314 516 calestem
335 460 569 512 renatus
590 456 844 512 redivivo
857 472 922 512 ac
934 471 1082 512 novo
1097 454 1413 511 nativitatis
1425 471 1660 526 genere,
1685 467 1743 540 Α
1766 457 1878 510 Eva
1902 454 2212 527 decipitur;
2236 473 2390 513 nunc
2415 457 2624 528 angelo
2644 457 2975 528 nunciante,
2993 459 3168 516 Maria
3197 459 3398 516 clariﬁ-

78 569 301 610 remeans
324 551 395 606 ad
426 551 717 622 originem
752 567 935 617 suam,
968 565 1074 606 nos
1097 550 1170 605 ad
1197 549 1448 605 calestia
1481 566 1663 620 regna
1764 555 1943 607 catur.
1965 554 2118 607 Tunc
2140 569 2243 623 per
2272 551 2547 606 invidiam
2576 554 2858 623 serpentis
2881 554 3058 610 homo
3084 555 3180 624 qui
3211 555 3399 609 fuerat

76 645 692 722 produxit.0consilium
716 644 923 699 divina
951 644 1358 715 providentiae!
1391 663 1423 700 ο
1451 643 1659 698 inasti-
1765 647 2332 718 creatusperimitur;
2358 663 2508 700 nunc
2525 647 3094 718 permisericordiam
3108 648 3396 702 redimen-

77 741 310 798 mandum
323 738 709 810 reparationis
730 737 1032 793 auxilium!
1058 739 1472 810 PerVirginem
1497 737 1663 792 nobis
1764 740 1837 795 tis
1858 740 2030 795 homo
2055 741 2150 811 qui
2175 741 2428 812 perierat
2456 741 2752 796 liberatur.
2776 743 2929 796 Tunc
2960 742 3135 796 homo
3165 741 3401 796 manda-

73 836 278 908 gloriosa
300 834 410 887 vita
432 832 1661 902 restituitur,quaperligniinobedientiam
1765 839 1887 889 tum
1929 851 2046 889 non
2095 835 2471 890 custodiendo
2520 835 2591 889 de
2646 835 2912 906 paradiso
2964 836 3213 906 pellitur,
3248 851 3400 890 nunc

72 928 362 986 credebatur
387 927 642 981 extincta
671 943 683 980 :
719 942 823 997 per
852 943 1066 997 aquam
1094 927 1298 981 mundi
1320 930 1554 997 peccata
1575 925 1659 978 di-

71 1027 278 1086 luuntur,
305 1037 405 1091 per
435 1036 618 1090 quam
649 1023 781 1074 ante
813 1024 1075 1075 senserat
1097 1021 1348 1074 mundus
1379 1021 1498 1090 ipse
1527 1036 1663 1073 nau-

71 1117 294 1187 fragium.
323 1114 441 1169 Tibi
468 1130 636 1184 ergo,
661 1131 866 1168 sumne
892 1115 1151 1181 Genitor,
1180 1131 1324 1186 pura
1353 1113 1660 1168 devotione

70 1210 454 1265 immaculatum
486 1225 703 1263 munus
725 1208 1022 1263 offerimus
1051 1226 1064 1263 :
1099 1213 1157 1263 et
1185 1209 1507 1263 elevatione
1533 1223 1655 1261 ma-

71 1319 212 1358 nuum
236 1305 578 1370 nostrarum,
609 1303 771 1372 juxta
800 1302 923 1356 Filii
958 1302 1040 1356 tui
1064 1304 1194 1357 Jesu
1222 1302 1430 1357 Christi
1463 1301 1656 1371 dispo-

69 1397 312 1460 sitionem,
337 1396 498 1467 pium
535 1395 881 1450 sacrificium
915 1396 1291 1452 celebramus.
1322 1397 1432 1450 Per
1465 1395 1654 1450 Chris-

70 1494 162 1546 tum
187 1489 480 1546 Dominum
508 1493 795 1544 nostrum.

169 1599 298 1653 XLV.
339 1613 496 1654 mssa
539 1615 596 1654 ικ
637 1613 962 1653 mvamoxa
989 1631 1013 1658 δ
1051 1612 1268 1652 sanans
1307 1612 1520 1653 CRUCIS.

120 1697 408 1753 Gloriemur
450 1697 512 1751 in
550 1713 718 1751 cruce
759 1696 988 1750 Domini
1029 1695 1212 1750 nostri
1250 1697 1380 1750 Jesu
1425 1695 1652 1762 Christi,

66 1792 232 1846 fratres
243 1791 534 1856 carissimi,
550 1795 608 1844 et
620 1794 741 1845 tota
764 1791 977 1844 mentis
1001 1789 1350 1844 exultatione
1374 1789 1652 1854 latemur;

66 1890 108 1939 et
141 1885 286 1955 hujus
321 1884 438 1938 diei
467 1884 843 1938 festivitatem
881 1900 1011 1938 cum
1059 1883 1267 1954 grandi
1310 1883 1652 1948 reverentia,

66 1977 208 2050 261
241 1981 292 2031 et
323 1978 564 2048 spiritali
596 1978 809 2049 gaudio
836 1978 1213 2043 celebremus,
1249 1976 1307 2030 in
1344 1993 1459 2047 qua
1489 1992 1654 2030 cruce

68 2073 157 2142 ipse
181 2072 438 2126 Dominus
469 2076 672 2126 noster
702 2075 760 2125 et
789 2072 1050 2125 Salvator
1093 2086 1196 2141 pro
1243 2074 1439 2123 nostra
1471 2071 1653 2124 salute

69 2165 311 2236 pependit,
344 2170 398 2220 et
430 2165 729 2220 diabolum
769 2164 1166 2234 triumphavit.
1197 2165 1304 2217 Per
1337 2163 1485 2217 hanc
1513 2180 1652 2234 ergo

69 2239 270 2327 crucem,
295 2260 459 2314 mala
481 2258 963 2329 concupiscentia
991 2257 1331 2328 adpetitum,
1348 2257 1503 2327 quod
1526 2258 1649 2310 dul-

1677 1841 1732 1912 B

1763 930 1909 983 latro
1924 927 2210 983 Christum
2229 929 2533 983 Dominum
2555 929 2884 984 conﬁtendo
2910 929 3245 1000 paradisum
3273 946 3394 985 me-

1760 1026 1937 1076 retur.
1958 1022 2119 1077 Unde
2133 1023 2414 1092 supplices
2431 1039 2722 1093 rogamus,
2737 1023 3186 1077 clementissime
3208 1025 3394 1090 Pater,

1761 1133 1864 1187 per
1893 1117 2118 1186 inclyta
2144 1114 2337 1188 262
2364 1117 2545 1169 crucis
2575 1116 2922 1171 innarrabile
2942 1121 3394 1184 sacramentum,

1761 1214 1818 1264 et
1844 1227 1946 1280 per
1968 1209 2197 1264 Domini
2223 1210 2403 1264 nostri
2426 1210 2452 1263 .l
2459 1225 2556 1262 esu
2578 1210 2785 1264 Christi
2799 1210 2921 1265 Filii
2946 1209 3028 1264 tui
3053 1211 3395 1265 admirabile

1759 1321 2025 1374 regnum,
2066 1308 2128 1358 ut
2166 1303 2288 1374 ejus
2325 1303 2694 1357 festivitatem
2738 1304 3118 1371 celebramus,
3169 1303 3397 1359 hodier-

1760 1415 1899 1453 num
1947 1397 2124 1464 diem,
2163 1397 2221 1452 in
2268 1413 2382 1468 quo
2413 1396 2594 1451 crucis
2634 1414 2739 1452 nos
2785 1413 2985 1453 omnes
3028 1415 3156 1452 cum
3199 1397 3394 1452 latitia

1759 1491 1999 1564 spiritali
2023 1495 2078 1545 et
2090 1491 2355 1546 modesta
2368 1491 2718 1546 exultatione
2733 1507 3032 1562 peragere,
3057 1495 3113 1544 et
3125 1491 3276 1546 inter
3296 1508 3395 1546 ca-

1757 1585 1986 1640 lestium
2008 1585 2281 1639 virtutum
2296 1585 2497 1638 laudes
2514 1585 2854 1639 humilitatis
2866 1588 3078 1638 nostra
3094 1601 3260 1639 voces
3272 1601 3390 1638 sus-

1757 1679 1954 1750 cipias,
1979 1678 2284 1749 multiplici
2317 1678 2677 1733 confessione
2700 1679 2781 1732 ita
2813 1677 3106 1732 dicentes:
3132 1678 3394 1732 Sanctus.

1755 1795 1924 1850 XLVI.
1957 1811 2114 1851 mssa
2155 1811 2341 1851 SANCTI
2381 1811 2646 1851 JOHANNIS
2675 1795 2702 1834 δ
2748 1809 3011 1850 xposrou
3052 1811 3116 1850 ar
3156 1809 3394 1850 evmen-

2481 1882 2664 1921 LlSTJE.

1828 1975 2209 2046 Omnipotens
2237 1974 2592 2045 sempiterne
2619 1974 2787 2040 Deus,
2820 1971 2917 2044 qui
2952 1973 3123 2043 hujus
3161 1971 3274 2027 diei
3319 1973 3397 2028 fe-

1755 2068 2062 2123 stivitatem
2089 2068 2272 2122 fecisti
2294 2069 2366 2122 ad
2393 2067 2654 2121 laetitiam
2675 2067 2833 2120 beati
2852 2066 3132 2122 Johannis
3153 2083 3397 2138 evange-

1754 2162 1917 2228 lista,
1949 2162 2022 2215 da
2052 2161 2318 2215 Ecclesia
2347 2165 2457 2215 tua
2490 2161 2666 2216 etiam
2701 2176 2898 2214 amare
2941 2159 3096 2231 quod
3128 2159 3390 2227 credidit,

1754 2259 1812 2310 et
1842 2255 2152 2327 praedicare
2175 2255 2329 2326 quod
2365 2254 2578 2308 docuit.
2632 2255 2739 2308 Per
2785 2253 3099 2309 Dominum
3132 2257 3393 2310 nostrum

71 2353 175 2406 cedo
207 2353 410 2408 arboris
446 2353 676 2419 inlexit,
712 2349 1038 2406 amaritudo
1077 2350 1226 2404 fellis
1268 2350 1553 2416 coercuit;
1596 2353 1655 2404 et
1751 2351 1944 2406 Jesum
1974 2349 2262 2404 Christum
2286 2347 2492 2402 Filium
2523 2351 2708 2402 tuum.

75 2447 182 2516 gulae
207 2445 564 2512 desiderium,
587 2447 743 2517 quod
765 2444 1014 2500 suavitas
1040 2443 1201 2515 pomi
1227 2443 1474 2515 decepit,
1505 2444 1650 2498 aceti

72 2539 292 2610 asperitas
321 2540 653 2594 refrenavit.
680 2540 794 2594 Sal.

120 2701 248 2754 Dona
283 2700 462 2767 nobis,
511 2627 1117 2770 omniggie‘ifsmisater,
1168 2715 1273 2770 per
1308 2699 1649 2770 mysterium

69 2793 206 2846 crucis
237 2793 520 2864 Unigeniti
555 2793 662 2859 tui,
692 2797 755 2847 ut
779 2809 1068 2848 venenum
1101 2792 1384 2864 serpentis
1425 2792 1650 2864 antiqui

71 2886 202 2956 (quod
225 2886 476 2942 fidelibus
505 2887 712 2942 nititur
731 2887 1062 2958 prepinare)
1095 2903 1198 2958 per
1225 2886 1366 2940 illud
1394 2885 1645 2941 medica-

67 2983 296 3047 mentum,
322 2982 473 3052 quod
496 2981 709 3037 Christi
741 2981 1000 3036 manavit
1023 2982 1224 3047 latere,
1251 2979 1430 3050 possit
1454 2995 1488 3033 a
1514 2980 1650 3034 ﬁde-

68 3071 172 3126 lium
220 3075 531 3145 pectoribus
589 3075 933 3146 expurgari;
982 3089 1242 3145 quosque
1296 3073 1646 3144 trangressio

69 3169 284 3238 praecepti
325 3168 392 3222 de
437 3168 714 3224 Paradiso
773 3169 1007 3239 expulit,
1055 3166 1339 3222 confessio
1395 3167 1648 3222 nominis

70 3258 228 3315 Christi
249 3262 300 3315 in
325 3263 598 3318 Paradiso
621 3263 918 3316 reformet.
951 3262 1064 3316 Sa].

640 3353 764 3402 Post
792 3351 1025 3401 nomina.

121 3420 326 3477 Domine
366 3425 497 3479 Iesu
527 3424 774 3490 Christe,
811 3423 911 3494 qui
941 3424 998 3478 in
1032 3424 1290 3495 patibulo
1319 3423 1501 3479 crucis
1531 3440 1650 3478 sus-

70 3529 249 3582 pensus,
287 3518 510 3572 Patrem
545 3535 614 3572 ex
662 3518 852 3573 forma
897 3518 1046 3572 servi
1085 3535 1262 3589 quam
1301 3532 1652 3588 susceperas,

70 3609 110 3657 ut
133 3607 245 3677 quid
281 3614 334 3664 te
374 3611 773 3682 dereliquerit,
806 3611 1163 3678 adclamasti,
1193 3615 1251 3665 et
1286 3615 1347 3665 ut
1386 3627 1651 3682 persecu-

70 3700 240 3754 toribus
267 3704 486 3759 veniam
525 3705 805 3759 tribueret
837 3705 1154 3776 postulasti,
1187 3709 1346 3759 tuam
1372 3704 1655 3775 supplices

69 3791 386 3863 imploramus
407 3799 806 3866 clementiam,
833 3803 894 3853 ut
921 3798 1076 3870 quod
1097 3802 1232 3853 tunc
1260 3815 1364 3869 pro
1393 3801 1654 3869 suscepta

71 3889 215 3943 carnis
243 3891 556 3947 humilitate
589 3909 623 3946 a
652 3894 818 3947 Patre
847 3897 1114 3964 expetere
1160 3891 1468 3958 videbaris,
1498 3907 1652 3946 nunc

73 3995 170 4036 cum
197 3985 404 4054 eodem,
432 4003 698 4042 connexa
724 4003 956 4058 semper
986 3985 1307 4041 Divinitatis
1344 3988 1650 4057 potestate,

75 4077 333 4134 consistens
355 4083 631 4150 prastare
655 4080 932 4151 digneris.
959 4080 1073 4136 Sal.

125 4237 258 4306 Deus,
285 4243 377 4313 qui
405 4169 1311 4310 EcclesiarrAidtiiZiifucatholicam,
1343 4258 1519 4314 quam
1554 4247 1651 4298 tuo

76 4337 225 4386 sancto
253 4337 522 4407 sanguine
561 4336 881 4404 redemisti,
918 4352 1238 4407 numquam
1275 4336 1650 4408 derelinquis,

78 4423 297 4497 nobisque
328 4429 580 4503 indignis
615 4431 672 4484 in
705 4430 910 4485 eadem
939 4430 1412 4485 concurrentibus
1455 4429 1648 4484 crimi-

77 4531 178 4570 num
204 4520 609 4595 indulgentiam
651 4525 908 4596 placatus
938 4523 1224 4590 concedis,
1257 4527 1315 4578 et
1348 4523 1448 4596 qui
1475 4524 1650 4578 latro-

78 4608 139 4661 nis
170 4615 332 4670 tecum
376 4618 431 4672 in
469 4635 637 4672 cruce
669 4618 978 4689 pendentis
1004 4617 1430 4672 confessionem
1451 4617 1655 4688 justiﬁ-

77 4716 174 4757 care
199 4706 446 4778 dignatus
476 4728 558 4777 es,
589 4728 938 4782 quaesumus,
977 4714 1040 4766 ut
1069 4711 1333 4766 omnium
1360 4711 1418 4766 in
1439 4714 1496 4765 te
1529 4727 1649 4765 cre-

76 4792 282 4855 dentium
308 4803 476 4859 ﬁdem
501 4821 736 4875 augeas,
761 4805 1137 4876 multiplices;
1168 4808 1226 4858 et
1246 4805 1412 4860 solita
1439 4804 1651 4876 pietate

76 4903 250 4958 pacem,
281 4912 444 4966 quam
495 4898 782 4952 custodire
810 4898 1048 4969 jussisti,
1079 4898 1380 4953 inlibatam
1432 4899 1490 4952 in
1550 4915 1654 4953 nos

76 4995 352 5043 conservare
381 4990 656 5062 digneris.
687 4993 800 5046 Sal.

649 5079 984 5130 Contestutio.

127 5141 337 5214 Dignum
362 5154 418 5204 et
434 5151 659 5221 justum
684 5154 787 5218 est,
813 5152 1186 5223 omnipotens
1223 5153 1392 5219 Deus,
1429 5152 1532 5206 tibi
1563 5170 1650 5208 sa-

77 5233 359 5297 criﬁciorum
400 5250 533 5300 vota
574 5246 921 5317 persolvere,
956 5249 1012 5300 te
1043 5245 1103 5300 in
1135 5245 1320 5299 laudis
1362 5246 1652 5316 praconio

79 5325 414 5392 indesinenter
440 5339 741 5406 adtollere,
762 5356 827 5394 ac
847 5338 1164 5411 utriusque,
1183 5343 1240 5392 et
1264 5339 1412 5393 illius
1439 5339 1656 5394 scilicet

78 5417 353 5485 habitatoris
380 5432 654 5504 paradisi,
690 5436 748 5487 et
772 5433 934 5488 istius
971 5433 1377 5505 Redemptoris
1413 5433 1652 5488 humani

80 5519 255 5579 generis
277 5527 531 5598 exempla
557 5544 904 5600 proponere.
939 5528 1036 5582 llle
1068 5527 1306 5599 quidem
1341 5527 1519 5598 prior,
1552 5527 1654 5582 sed

82 5604 154 5662 iste
176 5619 384 5688 melior;
416 5623 511 5676 ille
541 5626 830 5689 terrenus,
861 5621 965 5676 iste
998 5622 1267 5688 calestis;
1294 5622 1390 5676 ille
1417 5621 1487 5676 de
1510 5621 1652 5676 limo

80 5699 233 5774 factus,
255 5710 350 5768 iste
379 5715 549 5771 verbo
578 5717 1079 5788 conceptus.Tunc
1093 5716 1325 5771 diabolo
1346 5715 1649 5782 suadente,

133 5823 280 5906 éHoc
324 5831 522 5888 festum
570 5833 710 5888 item
751 5834 1152 5906 prascriptum
1198 5838 1283 5887 est
1333 5833 1390 5888 in
1436 5831 1651 5887 Ordine

84 5884 391 5963 Gregoriano.

2431 2455 2706 2506 Collectio.

1825 2545 1993 2610 Deus,
2015 2543 2112 2614 qui
2138 2559 2240 2614 per
2267 2559 2329 2596 os
2355 2541 2508 2596 beati
2533 2539 2812 2596 Johannis
2835 2540 3201 2613 evangelista
3223 2540 3394 2597 Verbi

1750 2637 1834 2691 tui
1865 2654 2076 2692 arcana
2100 2636 2388 2701 reserasti,
2417 2639 2645 2706 prasta,
2671 2651 3014 2706 quasumus,
3040 2638 3103 2690 ut
3125 2635 3280 2707 quod
3299 2634 3392 2690 ille

1753 2731 1962 2786 nostris
2010 2731 2241 2784 auribus
2296 2731 2641 2784 excellenter
2693 2728 2935 2796 infudit,
2987 2728 3392 2801 intelligentia

1752 2825 2107 2895 competenti
2139 2824 2461 2880 eruditione
2493 2823 2807 2894 capiamus.
2841 2823 2967 2876 Per.

2370 2931 2492 2980 Post
2528 2929 2761 2980 nomina.

1819 3020 2051 3084 Prasta,
2073 3016 2441 3087 omnipotens
2458 3017 2626 3083 Deus,
2654 3019 2716 3070 ut
2735 3015 2988 3071 Verbum
3003 3031 3136 3072 caro
3155 3015 3390 3081 factum,

1751 3111 1905 3184 quod
1925 3111 2129 3166 beatus
2143 3111 2436 3166 Johannes
2454 3110 2804 3181 evangelista
2824 3109 3176 3180 pradicavit,
3194 3124 3299 3184 per
3314 3108 3396 3164 in-

1671 3212 1727 3286 C
1750 3205 2110 3260 tercessionis
2131 3221 2246 3259 sua
2272 3204 2606 3276 prasidium
2627 3203 2848 3258 habitet
2870 3219 3101 3274 semper
3121 3203 3179 3257 in
3202 3201 3386 3257 nobis.

1754 3302 1878 3356 Per.

2409 3369 2486 3418 Ad
2526 3382 2736 3433 pacem.

1825 3458 2030 3511 Pacem
2056 3459 2236 3521 tuam,
2267 3453 2529 3521 Domine,
2561 3455 2631 3508 de
2664 3456 2798 3510 calo
2836 3454 2911 3509 da
2937 3452 3134 3520 nobis;
3169 3457 3226 3508 et
3256 3469 3387 3526 pos-

1756 3549 1876 3604 side
1905 3566 2028 3617 nos,
2063 3552 2127 3602 ut
2164 3564 2281 3603 non
2309 3549 2525 3602 hareat
2563 3547 2621 3602 in
2655 3547 2968 3602 visceribus
2997 3547 3206 3602 nostris
3235 3548 3390 3601 frau-

1756 3643 2024 3698 dulentus
2050 3643 2274 3698 osculus
2298 3640 2640 3713 proditoris;
2665 3641 2766 3695 sed
2791 3657 2899 3712 pax
2924 3640 3043 3706 illa,
3073 3656 3249 3711 quam
3281 3640 3394 3696 tuis

1755 3735 2034 3807 reliquisti
2069 3735 2380 3807 discipulis,
2410 3750 2643 3806 semper
2677 3733 2919 3788 inlibata
2953 3737 3298 3804 permaneat
3331 3732 3390 3789 in

1754 3829 2022 3885 cordibus
2051 3829 2280 3884 nostris.
2312 3830 2436 3884 Per.

2425 3933 2733 3984 lmmolatio.

1826 4024 1966 4076 Vere
1985 4021 2229 4092 dignum
2251 4023 2308 4074 et
2317 4021 2537 4091 justum
2562 4022 2666 4086 est,
2691 4035 2923 4090 aquum
2943 4021 3001 4073 et
3021 4018 3269 4073 salutare
3285 4020 3390 4083 est,

1755 4134 1859 4172 nos
1886 4115 2010 4182 tibi,
2043 4114 2412 4185 omnipotens
2441 4116 2609 4180 Deus,
2640 4113 2852 4184 gratias
2888 4130 3081 4184 agere,
3113 4112 3270 4166 beati
3297 4113 3393 4167 Jo-

1753 4209 1964 4266 hannis
1981 4207 2225 4280 apostoli
2241 4207 2324 4261 tui
2343 4211 2397 4261 et
2413 4207 2782 4279 evangelista
2801 4206 3015 4261 natalia
3031 4209 3392 4261 venerantes.

1756 4305 1861 4370 Qui
1900 4302 2132 4359 Domini
2171 4301 2350 4356 nostri
2389 4302 2522 4355 Iesu
2562 4301 2771 4356 Christi
2809 4300 2935 4355 Filii
2973 4299 3054 4354 tui
3092 4300 3394 4355 vocatione

1754 4401 2036 4469 suscepta,
2051 4400 2348 4450 terrenum
2367 4395 2585 4464 respuit
2601 4398 2824 4465 patrem
2844 4397 2906 4448 ut
2924 4396 3118 4465 posset
3133 4392 3394 4447 invenire

1755 4494 2060 4546 caelestem.
2089 4489 2252 4544 Retia
2279 4487 2468 4542 saculi
2495 4487 2701 4558 quibus
2732 4488 3139 4559 implicabatur
3163 4485 3390 4556 abjecit,

1673 4590 1732 4662 Ι)
1758 4590 1820 4641 ut
1846 4583 2186 4640 aternitatis
2214 4583 2369 4637 dona
2394 4585 2590 4636 mente
2623 4581 2802 4636 libera
2831 4585 3164 4637 sectaretur.
3188 4580 3396 4634 Natam

1753 4685 1872 4735 tem
1898 4679 1956 4734 in
1986 4677 2254 4733 ﬂuctibus
2275 4693 2481 4731 navem
2502 4674 2757 4746 reliquit,
2781 4678 2844 4728 ut
2865 4675 3262 4730 ecclesiastica
3289 4691 3392 4745 gu-

1755 4772 2110 4829 bernationis
2137 4769 2553 4842 tranquillitate
2586 4767 2945 4823 consisteret.
2969 4771 3014 4822 A
3037 4769 3278 4839 piscium
3308 4784 3396 4822 ca-

1754 4868 1950 4940 ptione
1979 4864 2238 4931 cessavit,
2263 4867 2325 4918 ut
2356 4862 2578 4918 animas
2607 4860 2919 4915 mundanis
2946 4862 3269 4932 gurgitibus
3294 4863 3399 4916 im-

1759 4977 1978 5015 mersas
2007 4961 2233 5014 calamo
2267 4957 2545 5013 doctrina
2575 4955 2840 5010 salutaris
2864 4955 3243 5010 abstraheret.
3269 4957 3400 5011 Des-

1757 5055 1873 5109 titit
1911 5053 2103 5126 pelagi
2136 5051 2425 5124 profunda
2460 5049 2683 5118 rimari,
2721 5053 3076 5104 secretorum
3115 5053 3400 5106 scrutator

1755 5148 2019 5203 redditur
2054 5147 2410 5212 divinorum;
2450 5162 2518 5200 eo
2560 5161 2739 5216 usque
2775 5144 3117 5222 procedens,
3147 5148 3210 5198 ut
3251 5148 3309 5198 et
3338 5143 3398 5199 in

1757 5258 1933 5297 coena
1966 5240 2225 5311 mystica
2260 5243 2625 5295 sacrosancto
2667 5238 2925 5294 convivio
2958 5238 3135 5308 ipsius
3168 5253 3398 5291 recum-

1754 5337 1919 5391 beret
1949 5337 2181 5406 pectore
2215 5334 2544 5400 Salvatoris,
2580 5337 2637 5386 et
2669 5350 2802 5388 eum
2831 5332 2888 5386 in
2923 5348 3087 5386 cruce
3118 5329 3396 5384 Dominus

1756 5428 2098 5485 constitutus
2146 5426 2422 5482 vicarium
2469 5427 2554 5480 sui
2600 5425 2870 5498 Magistri,
2919 5423 3164 5495 Virginis
3217 5421 3396 5477 ﬁlium

1756 5524 2128 5595 subrogaret;
2156 5525 2213 5576 et
2233 5521 2290 5575 in
2323 5520 2604 5592 principio
2631 5520 2901 5586 Verbum,
2927 5517 3083 5591 quod
3104 5518 3251 5572 Deus
3271 5520 3398 5571 erat

1755 5618 1910 5690 apud
1962 5619 2164 5684 Deum,
2222 5616 2340 5688 ipse
2396 5631 2514 5686 pra
2567 5612 2760 5686 263
2815 5613 3020 5667 ceteris
3067 5611 3396 5667 ostenderet

1755 5711 2148 5784 pradicando,
2180 5727 2282 5782 per
2310 5708 2598 5764 Christum
2627 5705 2939 5761 Dominum
2969 5709 3248 5760 nostrum.

1828 5829 1855 5869 δ
1884 5828 1970 5882 Ad
2001 5830 2230 5898 portam
2259 5825 2523 5881 Latinam
2549 5824 2925 5896 appellamus.
