3968 6224
509 342 611 403 287

686 451 882 510 XLVII.
914 466 1079 510 mssa
1108 466 1276 509 rem
1315 466 1405 507 me
1442 467 1499 506 IN
1538 464 1961 507 ROGATIONIBUS.

580 551 647 604 In
666 548 926 620 jejunio!l
960 548 1071 604 hoc
1100 544 1299 602 afﬂicti
1333 560 1595 616 corpore,
1625 546 1685 599 et
1713 543 1887 601 corde
1913 543 2145 599 contriti

512 642 951 715 frequentamus
977 640 1052 696 ad
1076 643 1133 694 te
1160 655 1379 711 preces,
1414 637 1867 694 clementissime
1892 638 2061 705 Deus,
2085 640 2150 691 ut

510 752 645 791 cum
662 734 1011 791 abstinentia
1026 731 1308 803 corporali
1326 730 1677 786 abstinentia
1692 730 1859 786 nobis
1878 731 2148 786 vitiorum

515 830 762 885 donetur
793 845 807 884 :
838 831 901 882 ut
936 826 1196 881 restricto
1232 840 1474 895 corpore
1506 824 1577 879 ab
1610 824 1811 895 epulis,
1845 826 1927 892 tu,
1959 823 2058 896 qui
2089 840 2150 878 es

512 923 752 978 refectio
777 938 932 987 vera,
960 920 1019 974 in
1050 918 1259 974 nostris
1285 917 1555 973 cordibus
1586 917 1809 974 oriaris.
1841 919 1968 973 Per.

586 1015 809 1071 Gratias
840 1012 943 1067 tibi
974 1012 1222 1083 agimus,
1245 1010 1491 1067 Domine
1523 1014 1739 1079 sancte,
1768 1012 1942 1066 Pater
1971 1009 2153 1066 omni-

512 1112 739 1182 potens,
769 1109 986 1161 aaterne
1009 1107 1179 1173 Deus,
1207 1103 1305 1176 qui
1328 1121 1455 1173 nos,
1477 1108 1609 1177 post
1625 1105 2149 1176 transgressionem

506 1201 716 1273 jejunii
738 1199 939 1255 vetitia
968 1199 1381 1270 contingendo,
1406 1197 1481 1254 ad
1507 1197 1926 1253 continentiam
1953 1198 2150 1253 salutis

513 1294 793 1366 reparasti
813 1310 917 1365 per
936 1293 1226 1348 Christum
1243 1310 1256 1360 ;
1273 1296 1331 1348 te
1352 1292 1414 1346 in
1434 1292 1543 1347 hoc
1556 1290 1848 1362 jejunium
1870 1291 2153 1363 supplices

514 1405 580 1444 ac
610 1386 896 1459 provoluti
922 1403 1214 1457 rogamus,
1240 1389 1302 1440 ut
1322 1386 1504 1440 dones
1525 1384 1691 1439 nobis
1709 1387 1928 1439 rectam
1953 1401 1987 1439 a
2004 1384 2153 1439 vitiis

513 1484 797 1547 mentem,
831 1482 890 1535 et
915 1480 1128 1552 Spiritu
1155 1478 1461 1551 principali
1490 1477 1609 1550 (qui
1640 1479 1727 1532 est
1751 1476 2149 1533 mortificatio-

513 1575 603 1629 nis
631 1574 877 1645 amator)
900 1590 1006 1629 nos
1027 1573 1394 1639 conrobores,
1420 1575 1483 1626 ut
1502 1573 1632 1643 post
1653 1573 1845 1626 actum
1859 1570 2152 1642 jejunium

516 1667 589 1723 ad
622 1670 854 1723 aeternae
884 1666 1216 1722 refectionis
1244 1682 1350 1721 nos
1380 1681 1592 1737 pascua
1618 1664 1918 1735 perducas.
1952 1666 2078 1719 Per.

1144 1755 1268 1805 Post
1293 1752 1524 1803 nomina.

1297 340 1629 399 APPENDIX
1665 342 1752 397 AD
1788 340 2011 399 OPERA
2047 340 2280 399 SANCTI
2316 339 2616 397 GERMANI
2654 340 3080 397 PARISIENSIS.

2164 466 2225 540 Α
2246 466 2311 506 ac
2341 449 2608 522 squalore
2633 449 2846 522 jejunii
2876 448 3194 505 substratos
3228 442 3481 517 intuens,
3515 443 3578 504 in
3608 442 3876 505 virtutum

3789 338 3876 396 288

2247 542 2596 600 successibus
2624 544 2836 600 releva.
2864 545 2990 599 Per.

2927 643 3197 697 Collectio.

2321 731 2704 803 Omnipotens
2719 730 3074 803 sempiterne
3091 732 3261 797 Deus,
3276 729 3659 797 mundentur,
3675 745 3881 801 quaesu-

2248 842 2399 895 mus,
2426 825 2644 880 viscera
2671 828 2869 881 nostra
2889 841 2923 880 a
2944 824 3161 880 cunctis
3200 823 3390 879 carnis
3420 822 3666 890 delictis,
3683 823 3881 895 jejunii

2252 920 2669 976 adtenuatione
2698 919 2991 986 confecta;
3019 922 3084 973 ut
3119 918 3180 972 in
3216 916 3393 989 ipsius
3416 916 3629 988 jejunii
3656 916 3879 993 humili-

2250 1016 2369 1069 tate
2385 1012 2687 1087 prostratis
2703 1029 2822 1068 non
2838 1013 3028 1067 valeat
3042 1011 3232 1067 carnis
3243 1010 3552 1066 infirmitas
3565 1009 3879 1066 dominari:

2253 1108 2389 1180 quia
2411 1111 2475 1163 tu
2500 1106 2797 1162 institutor
2818 1104 3163 1173 sobrietatis,
3192 1105 3240 1159 si
3270 1105 3373 1173 vis,
3404 1107 3569 1176 potes
3600 1104 3787 1159 nostri
3814 1105 3881 1159 ci-

2250 1201 2364 1256 tius
2392 1200 2676 1268 misereri,
2715 1203 2780 1254 ut
2806 1198 3084 1272 spiritalia
3119 1198 3463 1270 cogitemus,
3492 1200 3552 1252 et
3590 1198 3880 1271 concupis-

2253 1294 2470 1350 centias
2494 1293 2702 1363 carnis,
2732 1296 2791 1349 te
2818 1293 3148 1364 adjuvante,
3177 1292 3496 1347 vincamus.
3528 1293 3660 1346 Per.

2872 1395 2996 1445 Post
3030 1393 3259 1445 nomine.

2325 1483 2492 1550 Deus,
2523 1480 2620 1553 qui
2661 1480 2875 1535 mentis
2910 1480 3223 1551 puritatem
3260 1479 3568 1551 adprobas,
3600 1495 3725 1535 non
3745 1478 3881 1551 jeju-

2254 1575 2416 1631 nium
2438 1592 2472 1630 a
2492 1574 2630 1630 cibis
2651 1574 3021 1629 solummodo
3045 1573 3292 1645 gloriam
3313 1574 3639 1628 humanam
3663 1576 3884 1644 captan-

2253 1673 2394 1737 tem,
2423 1669 2666 1739 dignare
2696 1669 2890 1724 oculos
2917 1666 3105 1723 cordis
3129 1667 3315 1721 nostri
3342 1666 3401 1721 in
3428 1666 3537 1722 hoc
3556 1666 3789 1738 jejunio
3814 1668 3883 1722 ita

2253 1761 2605 1817 inluminare
2640 1761 2943 1829 introrsus,
2974 1763 3039 1815 ut
3077 1760 3182 1815 tibi
3226 1761 3285 1814 in
3333 1759 3421 1815 his
3465 1776 3595 1831 qua
3624 1760 3884 1815 homines

588 1830 706 1929 Tua
733 1827 887 1929 funtf
922 1827 1188 1929 D‘or‘rjme’
1221 1827 1500 1929 minio?”
1529 1825 1736 1929 ‘1‘.“qu
1770 1842 1829 1929 "3
1864 1825 2154 1929 Ῠοίξὼθηξ)
2176 1845 2232 1918 Β
2256 1856 2519 1912 nesciunt
2541 1856 2601 1910 in
2629 1856 2849 1911 occulto
2877 1872 2911 1909 a
2936 1854 3085 1909 vitiis
3101 1854 3326 1925 jejunio
3352 1854 3692 1925 placeamus
3721 1872 3736 1909 :
3763 1854 3885 1927 quia

516 1922 669 1977 victu
681 1920 754 1976 ad
767 1919 1248 1974 sustentationem
1266 1901 2024 1989 reficimur,tuaquejejunia
2037 1918 2156 1989 qui-

514 2017 621 2071 bus
647 2030 882 2070 carnem
911 2030 945 2068 a
971 2012 1190 2068 lubrica
1219 2014 1531 2084 voluptate,
1559 2015 1616 2065 te
1644 2011 2036 2083 praecipiente,
2062 2028 2153 2066 re-

516 2109 872 2180 stringimus.
887 2108 967 2162 Tu
984 2106 1057 2161 ad
1074 2106 1534 2162 consolationem
1550 2108 1809 2160 nostram
1824 2104 2157 2160 vicissitudi-

515 2220 617 2258 nes
638 2206 968 2273 temporum
992 2198 1339 2272 disposuisti,
1360 2203 1423 2254 ut
1443 2203 1670 2271 tempus
1687 2198 1899 2253 edendi
1915 2216 2157 2271 corpora

515 2298 712 2352 nostra
736 2294 975 2349 refectio
997 2294 1189 2350 sobria
1210 2295 1410 2361 aleret,
1435 2296 1492 2347 et
1506 2292 1817 2363 jejunandi
1835 2294 2066 2365 tempus
2087 2309 2157 2348 ea

514 2390 574 2445 in
607 2388 894 2461 justitiam
931 2387 1036 2442 tibi
1078 2387 1348 2458 placitam
1394 2386 1612 2440 faceret
1645 2388 1958 2441 macerata.
2002 2388 2158 2441 Hanc

514 2482 767 2540 hostiam
796 2481 868 2536 ob
889 2480 1180 2552 jejunium
1201 2480 1485 2535 triduana
1511 2478 1917 2534 macerationis
1939 2496 1973 2533 a
1992 2479 2158 2534 nobis

516 2576 772 2632 oblatam
815 2574 1179 2629 sanctiﬁcans
1219 2573 1530 2643 dignanter
1574 2572 1834 2638 adsume,
1869 2576 1927 2625 et
1950 2576 2158 2645 prazsta

512 2670 773 2743 placatus
800 2671 880 2735 ut,
915 2667 1101 2739 sopita
1143 2665 1527 2720 delectatione
1561 2681 1859 2736 corporea,
1888 2682 2055 2722 mens
2085 2666 2157 2721 ab

514 2761 914 2834 iniquitatibus
938 2761 1154 2833 pariter
1180 2758 1570 2830 conquiescat.
1598 2759 1723 2813 Per.
1774 2834 1779 2837 ι

1172 2847 1251 2897 Ad
1297 2860 1501 2897 nacem.

1172 2861 1251 2897 λα
1333 2861 1501 2897 acem.

590 2922 847 2977 Refectio
894 2924 1015 2988 tua,
1061 2861 1329 2987 Domine?
1373 2918 1650 2973 restrictis
1697 2918 2052 2989 corporibus,
2094 2919 2156 2973 in

515 3016 720 3089 spiritu
751 3013 1136 3071 contribulata
1162 3001 1456 3084 gustatur;
1487 3016 1544 3067 et
1576 3012 1728 3080 ideo,
1761 3012 2033 3084 prostrati
2064 3012 2155 3083 je-

511 3108 664 3181 junii
704 3107 1061 3182 paenitentia,
1096 3105 1379 3178 supplices
1407 3121 1731 3173 exoramus,
1759 3104 2158 3161 misericordia

2255 1949 2393 2006 doni
2433 1949 2519 2004 tui
2559 1951 2645 2003 est
2681 1949 2791 2003 hoc
2830 1947 3040 2020 ipsum,
3069 1947 3226 2019 quod
3260 1964 3295 2001 a
3338 1946 3479 2002 cibis
3511 1946 3881 2016 abstinemus,

2256 2044 2329 2099 sit
2366 2043 2626 2098 muneris
2674 2042 2760 2097 tui
2804 2045 2868 2096 ut
2910 2058 2945 2096 a
2991 2041 3239 2113 peccatis
3275 2040 3454 2096 etiam
3498 2056 3637 2095 cum
3673 2041 3881 2112 jejunio

2257 2137 2675 2203 emundemur;
2726 2138 2785 2191 et
2833 2134 3213 2190 desiderabile
3268 2134 3429 2189 fonte
3480 2133 3765 2190 ubertatis
3813 2135 3885 2190 ita

2256 2232 2379 2286 haec
2422 2246 2668 2285 munera
2702 2228 2892 2283 imbre
2934 2228 3117 2283 sancti
3152 2227 3397 2300 Spiritus
3434 2226 3748 2300 perfunde,
3778 2232 3884 2283 uta

2250 2324 2649 2396 jejunantibus
2700 2325 2991 2395 percepta,
3034 2324 3240 2377 cuncta
3290 2321 3431 2378 vitia
3480 2322 3796 2389 mundent,
3835 2326 3884 2376 et

2255 2418 2496 2473 virtutes
2524 2416 2785 2473 inserant
2812 2431 3067 2471 morum.
3101 2416 3229 2470 Per.

2925 2517 3002 2568 Ad
3028 2530 3231 2582 pacem.

2328 2606 2390 2659 In
2416 2603 2628 2675 jejunii
2647 2602 2975 2658 humilitate
2995 2602 3315 2671 substratis,
3346 2601 3725 2674 omnipotens
3752 2619 3884 2658 sem-
3922 2585 3929 2590 ’

2257 2698 2485 2769 piterne
2529 2698 2698 2767 Deus,
2738 2697 3006 2768 absterge
3050 2713 3288 2752 omnem
3318 2696 3514 2751 labem
3549 2697 3795 2768 peccati,
3834 2700 3887 2751 ut

2257 2790 2540 2847 mundata
2570 2790 2753 2846 nostri
2782 2790 2971 2846 cordis
2995 2807 3226 2858 arcana,
3257 2807 3390 2845 cum
3436 2790 3791 2846 abstinentia
3824 2791 3886 2845 ci-

2254 2884 2485 2951 borum,
2526 2883 2858 2956 jurgiorum
2914 2884 3092 2938 etiam
3137 2882 3571 2955 inquietudines
3623 2885 3883 2951 exclusas,

2257 2977 2488 3033 dilectio
2538 2980 2638 3032 tua
2694 2980 2753 3032 et
2792 2976 3062 3050 proximi,
3098 2977 3308 3032 nostris
3353 2977 3413 3032 in
3449 2976 3721 3032 cordibus
3752 2994 3883 3050 pura

2257 3073 2591 3127 succrescat.
2623 3071 2751 3125 Per.

2902 3140 3241 3191 Contestatio.

516 3204 639 3258 5°13
660 3204 923 3298 Peteniés
954 3200 1110 3298 (ΙΨξά
1138 3216 1311 3298 (ξΡθῙξθ
1344 3216 1466 3298 ‘non
1492 3216 1819 3298 Πιξδτίῗωυτῖ
1854 3202 1916 3253 ut
1940 3198 2151 3298 sentia:
2174 3217 2230 3291 C
2326 3229 2471 3281 Vere
2498 3225 2742 3298 dignum
2770 3228 2829 3280 et
2849 3225 3072 3297 justum
3105 3229 3193 3280 est
3217 3228 3274 3281 te
3304 3227 3428 3281 tota
3460 3226 3655 3282 cordis
3683 3226 3883 3283 contri-

517 3313 647 3350 mus
677 3296 736 3350 in
758 3294 959 3365 spiritu
987 3293 1307 3349 dilectionis
1336 3295 1449 3348 tua:
1476 3294 1754 3366 pabulum
1782 3309 1971 3361 suave,
2001 3292 2157 3364 quod

518 3389 696 3444 corda
726 3391 924 3444 nostra
949 3388 1020 3443 ab
1062 3388 1244 3459 epulis
1278 3387 1561 3456 vacantia,
1592 3386 1666 3442 ad
1696 3386 1942 3459 proximi
1980 3386 2155 3442 dilec-

516 3482 739 3537 tionem
767 3481 1094 3536 succendat.
1123 3480 1248 3535 Per.

588 3642 730 3696 Vere
761 3642 1004 3714 dignum
1036 3643 1095 3696 et
1113 3569 1677 3713 ,Ῑιιέῗέιῗιὲἒὶ0264
1710 3641 1768 3694 te
1798 3639 1858 3694 in
1887 3640 2154 3695 observa-

518 3735 676 3791 tione
696 3735 904 3807 jejunii
933 3750 1214 3808 quaerere,
1243 3734 1341 3806 qui
1367 3750 1428 3788 es
1450 3732 1616 3805 panis
1636 3750 1805 3788 verus
1830 3735 1889 3788 et
1904 3732 2062 3788 vivus
2083 3733 2154 3789 de

517 3830 656 3886 caelo
688 3829 1063 3885 descendens.
1086 3829 1161 3883 Te
1187 3826 1404 3899 itaque,
1438 3826 1754 3881 humiliatis
1776 3826 1999 3898 jejunio
2027 3844 2152 3882 cor-

516 3922 771 3994 poribus,
784 3924 981 3978 mente
1000 3920 1354 3975 famulantes
1373 3919 1599 3987 devota,
1615 3936 1719 3991 per
1734 3920 1883 3975 hanc
1895 3919 2154 3975 sacriﬁcii

516 4016 982 4073 immolationem
1012 4030 1308 4085 rogamus,
1346 4016 1409 4066 ut
1443 4012 1908 4068 humiliationem
1947 4012 2157 4085 jejunii

515 4110 704 4182 hujus,
744 4124 922 4179 quam
955 4123 1059 4177 pro
1102 4105 1310 4161 nostris
1348 4105 1605 4160 reatibus
1643 4105 1702 4159 in
1743 4107 1851 4161 hac
1887 4106 2156 4163 triduana

516 4201 917 4258 observatione
976 4199 1391 4270 persolvimus,
1432 4198 1514 4253 ita
1558 4198 1835 4254 intuearis
1878 4201 2151 4271 placatus,

515 4298 579 4349 ut
606 4311 641 4349 a
669 4292 891 4349 delictis
909 4292 1244 4364 jejunantes
1270 4284 1549 4361 absolvas,
1574 4309 1718 4364 quos
1737 4292 2155 4350 incontinentia

516 4403 786 4443 verarum
814 4386 874 4441 in
899 4385 1195 4458 pravitatis
1224 4386 1684 4458 transgressione
1714 4386 2017 4443 immersit.
2047 4389 2156 4443 Per

516 4480 808 4537 Christum
854 4480 1180 4536 dominum.

584 4576 805 4632 XLVIII.
836 4591 963 4632 ITEM
989 4589 1150 4630 mssa
1181 4590 1421 4631 saeuum
1450 4591 1540 4630 nu;
1572 4592 1625 4632 IN
1656 4590 2081 4633 ROGA'I‘IONIBUS.

532 4700 535 4703 -
590 4670 757 4737 Deus,
772 4668 934 4739 cujus
955 4668 1219 4739 exemplo
1235 4667 1528 4739 jejunium
1551 4668 1752 4723 datum
1776 4672 1863 4724 est
1880 4672 2009 4740 post
2029 4685 2157 4742 gus-

519 4765 643 4816 tum
674 4760 1102 4833 prohibitionis,
1137 4777 1243 4832 per
1265 4760 1730 4816 inobedientiam
1757 4761 1902 4833 ligni
1931 4762 2152 4833 ingres-

517 4871 667 4922 sum,
684 4853 808 4922 tibi,
822 4854 1091 4921 Domine,
1106 4854 1282 4909 corda
1294 4857 1511 4924 nostra,
1528 4855 1586 4910 in
1593 4854 1673 4927 jej
1682 4854 1805 4909 unii
1817 4855 2157 4910 maceratio-

515 4964 588 5003 ne
601 4948 877 5019 subjecta,
891 4965 998 5020 per
1009 4948 1475 5005 inlustrationem
1487 4951 1601 5003 tute
1619 4947 2014 5019 inspirationis
2030 4965 2157 5004 san-

515 5041 730 5110 ctifica;
757 5044 815 5096 et
835 5041 906 5096 de
929 5042 1249 5098 caelestibus
1268 5043 1503 5099 sedibus
1515 5041 1631 5096 tuis
1652 5057 1758 5096 nos
1777 5041 1838 5096 in
1858 5043 1979 5098 luto
2000 5044 2155 5098 faecis

586 5168 612 5197 ⁸
643 5168 766 5223 Non
797 5169 999 5236 solam,
1030 5172 1093 5223 ut
1133 5169 1332 5235 modo,
1367 5167 1803 5235 abstinentiam,
1843 5167 1943 5222 sed
1975 5169 2153 5223 etiam

510 5238 802 5310 jejunium
830 5239 902 5312 in
918 5240 1337 5312 Rogationibus
1357 5238 1700 5308 praecipiunt
1725 5239 1971 5312 concilia
1991 5240 2158 5295 Galli-

517 5326 682 5378 cana,
714 5311 1129 5366 Aurelianense
1167 5328 1205 5377 ι,
1239 5325 1463 5364 canone
1499 5312 1589 5376 27,
1623 5312 1682 5363 et
1723 5311 2055 5365 Turonense
2092 5328 2152 5377 ιι,

517 5398 738 5461 canone
770 5386 852 5437 17.
883 5382 1108 5461 Unde}
1134 5379 1532 5461 _R_og_ationu_m
1566 5380 2034 5461 operosiss‘imarn
2071 5382 2154 5461 fe-

517 5452 828 5532 stivitate_m
847 5451 1153 5532 suppellat
1171 5450 1366 5532 Avitus
1388 5450 1712 5532 in_homilia
1734 5452 1804 5506 de
1827 5452 2157 5532 Rogationi-

516 5523 619 5577 bus
642 5540 656 5579 :
690 5545 718 5572 ‹‹
747 5520 1044 5578 Festivitas
1070 5520 1358 5592 siquidem
1381 5525 1485 5588 est,
1509 5522 1669 5592 cujus
1683 5520 2016 5592 jucunditas
2035 5526 2157 5578 tota

514 5593 980 5673 sola_sobri_eta§,
1011 5591 1172 5662 cujus
1209 5592 1393 5663 epulas
1425 5591 1719 5673 lacrymaé,
1763 5593 1923 5673 cujus
1960 5596 2156 5673 pastus

517 5663 734 5735 esuries
756 5665 858 5717 est.
886 5684 914 5713 »
937 5664 1069 5717 H830
1095 5684 1121 5711 ‹‹
1144 5679 1261 5735 non
1288 5679 1392 5735 per
1420 5663 1627 5735 Gallias
1658 5663 1856 5731 modo,
1880 5663 1981 5718 sed
2006 5681 2156 5735 pene

519 5751 623 5804 per
653 5733 855 5788 orbem
886 5737 1076 5789 totum
1104 5754 1132 5783 ››
1167 5733 1409 5789 celebris
1437 5734 1602 5789 initio
1639 5735 1897 5790 homiliaa
1926 5733 2153 5790 dicitur.

515 5806 674 5887 ’ζωιέὶ
692 5804 907 5887 lectum
929 5805 1122 5885 fuerat
1138 5805 1517 5887 Evangelium
1536 5823 1602 5887 e_x
1621 5806 1872 5887 Matthasi
1890 5822 2018 5887 cap.
2033 5822 2154 5887 vin,

519 5875 591 5928 de
617 5872 839 5931 Christo
865 5874 1116 5932 Domino
1143 5875 1202 5932 in
1231 5872 1361 5932 navi
1387 5876 1736 5946 dormiente,
1768 5879 1827 5933 et
1852 5894 1886 5933 a
1915 5872 2157 5950 discipué

2256 3320 2413 3375 tione
2444 3319 2503 3374 in
2527 3318 2773 3390 jejunio,
2807 3319 3179 3392 omnipotens
3205 3320 3559 3392 sempiterne
3592 3322 3761 3388 Deus,
3794 3338 3887 3394 per

2254 3413 2543 3468 Christum
2589 3412 2904 3468 Dominum
2952 3417 3235 3469 nostrum.
3284 3413 3394 3478 Qui
3435 3431 3542 3470 nos
3588 3416 3884 3488 mysterio-

2255 3524 2387 3562 rum
2422 3510 2658 3561 tuorum
2698 3506 2931 3561 secretis
2968 3507 3311 3575 informans,
3343 3508 3652 3579 paciﬁcum
3702 3507 3882 3582 265

2256 3617 2464 3655 nemus
2484 3617 2583 3656 ore
2605 3600 2889 3655 columbae
2915 3604 3204 3672 gestatum
3222 3602 3340 3656 Noe
3362 3601 3542 3656 oculis
3562 3603 3884 3667 ostendens,

2256 3694 2423 3750 nobis
2454 3695 2526 3750 de
2556 3694 2780 3749 virente
2820 3694 3026 3749 arbore
3071 3694 3253 3749 crucis
3298 3695 3619 3767 gloriosum
3664 3697 3885 3768 signum

2256 3788 2550 3861 expressit;
2572 3804 2747 3860 quem
2766 3788 3047 3843 columbas
3061 3788 3349 3860 speciesin
3373 3788 3587 3844 Christi
3607 3789 3888 3845 decoravit

2255 3882 2498 3950 honore,
2527 3882 2746 3936 cunctis
2791 3881 3101 3937 colendum
3144 3881 3386 3953 Spiritus
3439 3882 3887 3939 sanctiﬁcatione

2256 3975 2683 4031 demonstrans.
2704 3975 2876 4048 Cujus
2891 3975 3163 4031 animalis
3181 3975 3519 4032 innocentia
3539 3993 3666 4032 esse
3680 3976 3887 4032 similes

2254 4072 2663 4141 praeoptantes,
2679 4069 2751 4124 ab
2773 4086 2958 4141 eoque
2980 4069 3327 4125 sanctiﬁcari
3347 4070 3587 4142 Spiritu,
3602 4072 3765 4143 cujus
3776 4071 3890 4142 ipse

2255 4163 2502 4235 sumpsit
2520 4162 2794 4235 speciem,
2820 4166 3151 4231 exorantes;
3176 4163 3235 4218 in
3255 4164 3364 4219 hoc
3377 4163 3608 4235 jejunio
3631 4164 3891 4219 triduana

2255 4256 2659 4312 humiliatione
2687 4256 2970 4325 instituto,
2997 4257 3276 4312 invictum
3307 4258 3416 4312 hoc
3449 4258 3687 4329 signum
3714 4258 3743 4299 δ
3765 4274 3889 4313 cum

2254 4350 2512 4423 plebium
2534 4350 2731 4405 cuneis
2750 4352 3147 4423 praeferentes,
3167 4355 3338 4423 atque
3358 4351 3721 4422 Majestatem
3736 4356 3891 4407 tuam

2254 4444 2545 4517 psallentii
2569 4456 2592 4486 ο
2616 4444 3017 4500 modulatione
3046 4445 3370 4513 laudantes,
3394 4445 3670 4518 petimus,
3702 4446 3888 4502 omni-

2254 4541 2461 4609 potens
2505 4538 2675 4607 Deus,
2699 4542 2763 4593 ut
2778 4538 3025 4610 accipias
3051 4541 3256 4593 cuncta
3284 4538 3467 4610 plebis
3493 4541 3629 4594 vota
3651 4556 3887 4612 quasque

2172 4589 2232 4662 D
2255 4589 2488 4704 quoquo
2534 4589 2794 4686 ritu’tibi
2822 4589 3016 4687 reddit
3039 4589 3324 4703 subjectar;
3361 4635 3419 4686 et
3456 4631 3540 4686 ita
3570 4589 3688 4688 eo;
3702 4634 3761 4689 in
3787 4589 3889 4689 hoc

2248 4725 2472 4797 jejunio
2501 4725 2839 4794 sanctiﬁces,
2856 4730 2918 4780 ut
2946 4743 2981 4780 a
3009 4726 3229 4781 cunctis
3253 4728 3596 4781 mereantur
3622 4728 3752 4782 exui
3770 4743 3891 4800 pec-

2257 4818 2415 4874 catis.
2448 4821 2557 4874 Per
2584 4819 2874 4875 Christum
2905 4820 3241 4875 Dominum.

2432 4937 2601 4991 XLIX.
2635 4952 2796 4993 mssa
2832 4953 3026 4993 nam
3063 4954 3154 4994 om
3192 4954 3247 4994 IN
3284 4952 3710 4996 nocuxoxmrs.

2326 5044 2496 5112 Deus,
2526 5060 2702 5115 quem
2726 5044 2914 5098 nullus
2938 5044 3272 5100 mortalium
3300 5062 3520 5113 sensus,
3550 5064 3691 5103 usus
3715 5047 3888 5103 carnis

2255 5169 2325 5224 lis
2346 5169 2590 5224 excitato
2607 5169 2808 5251 Lquod
2824 5170 3213 5251 Evangelium
3234 5171 3293 5226 in
3316 5174 3514 5251 no_stro
3536 5172 3887 5251 Lectionario

2256 5257 2374 5315 non
2400 5240 2813 5315 praescribitur.
2824 5240 3022 5315 Itaque
3042 5242 3201 5315 varia
3221 5244 3819 5315 eratEvangeliorum
3837 5246 3889 5299 in

2258 5311 2496 5388 diversis
2539 5311 2847 5388 provinciis
2894 5311 3085 5388 lectio,
3130 5313 3270 5368 licet
3310 5314 3470 5369 idem
3505 5311 3661 5371 esset
3691 5317 3888 5388 ubique

2257 5382 2572 5437 Galliarum
2602 5383 2744 5437 ordo
2768 5400 2833 5438 ac
2862 5383 3024 5438 ritus.

2329 5453 2357 5493 ι)
2391 5452 2533 5534 Hinc
2568 5453 2882 5536 probatur,
2898 5454 3053 5536 quod
3074 5454 3133 5509 in
3165 5455 3262 5510 lib.
3303 5473 3341 5510 II
3378 5473 3446 5536 ex
3480 5458 3889 5536 Gregorio_‘_l'u-

2257 5524 2493 5602 ronensi
2525 5524 2792 5602 episcopo
2826 5524 3095 5602 diximus,
3130 5543 3358 5582 crucem
3402 5528 3461 5582 in
3502 5524 3892 5602 his'supplica-

2257 5595 2511 5667 tionibus
2534 5595 2709 5650 fuisse
2721 5595 3062 5667 ’prmlatam.

2326 5679 2350 5708 ο
2374 5666 2656 5741 Avitusin
2674 5666 3049 5741 Se’rmqnede
3078 5668 3497 5741 Rogationibus
3531 5672 3635 5741 ait,
3667 5674 3893 5728 Mamer-

2257 5739 2382 5792 tum
2413 5757 2441 5787 «
2470 5755 2602 5814 cum
2628 5739 2746 5793 Deo
2786 5730 3117 5814 (deliniisse)
3148 5730 3432 5814 quidquid
3457 5730 3638 5800 hodie
3663 5742 3892 5801 Psalmis

2259 5824 2325 5865 ac
2354 5808 2618 5881 precibus
2649 5808 2905 5866 mundus
2928 5808 3228 5868 inclamat.
3262 5834 3291 5863 ››
