  <div class='ocr_page' id='page_1' title='image "/cluster/home/n/w/nwhite01/storage/ocr_20150623/72/uva.x000827084/168.png"; bbox 0 0 3968 6224; ppageno 0'>
   <div class='ocr_carea' id='block_1_1' title="bbox 99 351 2323 416">
    <p class='ocr_par' dir='ltr' id='par_1_1' title="bbox 99 351 2323 416">
     <span class='ocr_line' id='line_1_1' title="bbox 99 351 2323 416; baseline 0.001 -4"><span class='ocrx_word' id='word_1_1' title='bbox 99 359 179 412; x_wconf 82' lang='lat'>289</span> <span class='ocrx_word' id='word_1_2' title='bbox 1115 351 1202 412; x_wconf 85' lang='lat' dir='ltr'>DE</span> <span class='ocrx_word' id='word_1_3' title='bbox 1240 356 1554 413; x_wconf 82' lang='lat' dir='ltr'>LITURGIA</span> <span class='ocrx_word' id='word_1_4' title='bbox 1589 357 1962 414; x_wconf 78' lang='lat' dir='ltr'><strong>GALLICANA</strong></span> <span class='ocrx_word' id='word_1_5' title='bbox 1999 360 2198 416; x_wconf 85' lang='lat' dir='ltr'><strong>LIBER</strong></span> <span class='ocrx_word' id='word_1_6' title='bbox 2235 359 2323 416; x_wconf 87' lang='lat' dir='ltr'>III.</span> 
     </span>
    </p>
   </div>
   <div class='ocr_carea' id='block_1_2' title="bbox 3320 369 3423 423">
    <p class='ocr_par' dir='ltr' id='par_1_2' title="bbox 3320 369 3423 423">
     <span class='ocr_line' id='line_1_2' title="bbox 3320 369 3423 423; baseline 0.01 -1"><span class='ocrx_word' id='word_1_7' title='bbox 3320 369 3423 423; x_wconf 83' lang='lat'><strong>290</strong></span> 
     </span>
    </p>
   </div>
   <div class='ocr_carea' id='block_1_3' title="bbox 97 465 3420 556">
    <p class='ocr_par' dir='ltr' id='par_1_3' title="bbox 97 465 3420 556">
     <span class='ocr_line' id='line_1_3' title="bbox 97 465 3420 556; baseline 0.004 -34"><span class='ocrx_word' id='word_1_8' title='bbox 97 465 332 523; x_wconf 81' lang='lat' dir='ltr'>inlecebra</span> <span class='ocrx_word' id='word_1_9' title='bbox 363 469 766 538; x_wconf 87' lang='lat' dir='ltr'>pragravatus,</span> <span class='ocrx_word' id='word_1_10' title='bbox 804 466 914 523; x_wconf 83' lang='lat' dir='ltr'>nisi</span> <span class='ocrx_word' id='word_1_11' title='bbox 957 484 991 521; x_wconf 92' lang='lat' dir='ltr'>a</span> <span class='ocrx_word' id='word_1_12' title='bbox 1027 473 1082 523; x_wconf 89' lang='lat' dir='ltr'>te</span> <span class='ocrx_word' id='word_1_13' title='bbox 1112 469 1318 540; x_wconf 91' lang='lat' dir='ltr'>jejunii</span> <span class='ocrx_word' id='word_1_14' title='bbox 1362 470 1681 542; x_wconf 83' lang='lat' dir='ltr'>expiatione</span> <span class='ocrx_word' id='word_1_15' title='bbox 1702 484 1761 556; x_wconf 73' lang='grc' dir='ltr'><strong>Α</strong></span> <span class='ocrx_word' id='word_1_16' title='bbox 1784 471 2066 542; x_wconf 89' lang='lat' dir='ltr'>omnibus,</span> <span class='ocrx_word' id='word_1_17' title='bbox 2105 490 2452 546; x_wconf 88' lang='lat' dir='ltr'>quasumus,</span> <span class='ocrx_word' id='word_1_18' title='bbox 2480 469 2857 547; x_wconf 88' lang='lat' dir='ltr'>benedictam,</span> <span class='ocrx_word' id='word_1_19' title='bbox 2886 473 3208 548; x_wconf 83' lang='lat' dir='ltr'>ascriptam.</span> <span class='ocrx_word' id='word_1_20' title='bbox 3237 479 3307 534; x_wconf 78' lang='lat' dir='ltr'>Et</span> <span class='ocrx_word' id='word_1_21' title='bbox 3335 483 3420 534; x_wconf 53' lang='lat' dir='ltr'>re;</span> 
     </span>
    </p>
   </div>
   <div class='ocr_carea' id='block_1_4' title="bbox 97 560 1684 633">
    <p class='ocr_par' dir='ltr' id='par_1_4' title="bbox 97 560 1684 633">
     <span class='ocr_line' id='line_1_4' title="bbox 97 560 1684 633; baseline 0.003 -17"><span class='ocrx_word' id='word_1_22' title='bbox 97 562 234 616; x_wconf 83' lang='lat' dir='ltr'>fuerit</span> <span class='ocrx_word' id='word_1_23' title='bbox 255 560 595 629; x_wconf 81' lang='lat' dir='ltr'>inlustratus,</span> <span class='ocrx_word' id='word_1_24' title='bbox 616 561 895 633; x_wconf 84' lang='lat' dir='ltr'>agnoscit,</span> <span class='ocrx_word' id='word_1_25' title='bbox 923 562 1069 633; x_wconf 88' lang='lat' dir='ltr'>pelle</span> <span class='ocrx_word' id='word_1_26' title='bbox 1087 563 1156 618; x_wconf 93' lang='lat' dir='ltr'>de</span> <span class='ocrx_word' id='word_1_27' title='bbox 1186 563 1452 618; x_wconf 87' lang='lat' dir='ltr'>cordibus</span> <span class='ocrx_word' id='word_1_28' title='bbox 1477 565 1684 622; x_wconf 78' lang='lat' dir='ltr'>nostris</span> 
     </span>
    </p>
   </div>
   <div class='ocr_carea' id='block_1_5' title="bbox 97 654 1684 728">
    <p class='ocr_par' dir='ltr' id='par_1_5' title="bbox 97 654 1684 728">
     <span class='ocr_line' id='line_1_5' title="bbox 97 654 1684 728; baseline 0.004 -19"><span class='ocrx_word' id='word_1_29' title='bbox 97 671 200 709; x_wconf 92' lang='lat' dir='ltr'>cum</span> <span class='ocrx_word' id='word_1_30' title='bbox 222 654 544 709; x_wconf 88' lang='lat' dir='ltr'>abstinentia</span> <span class='ocrx_word' id='word_1_31' title='bbox 567 656 794 710; x_wconf 82' lang='lat' dir='ltr'>turbam</span> <span class='ocrx_word' id='word_1_32' title='bbox 819 656 1086 710; x_wconf 89' lang='lat' dir='ltr'>vitiorum</span> <span class='ocrx_word' id='word_1_33' title='bbox 1101 657 1169 712; x_wconf 92' lang='lat' dir='ltr'>de</span> <span class='ocrx_word' id='word_1_34' title='bbox 1188 657 1245 711; x_wconf 89' lang='lat' dir='ltr'>in</span> <span class='ocrx_word' id='word_1_35' title='bbox 1253 657 1459 728; x_wconf 87' lang='lat' dir='ltr'>gluvia</span> <span class='ocrx_word' id='word_1_36' title='bbox 1486 661 1684 715; x_wconf 89' lang='lat' dir='ltr'>saturi-</span> 
     </span>
    </p>
   </div>
   <div class='ocr_carea' id='block_1_6' title="bbox 97 748 1679 823">
    <p class='ocr_par' dir='ltr' id='par_1_6' title="bbox 97 748 1679 823">
     <span class='ocr_line' id='line_1_6' title="bbox 97 748 1679 823; baseline 0.003 -20"><span class='ocrx_word' id='word_1_37' title='bbox 97 755 185 803; x_wconf 83' lang='lat' dir='ltr'>tate</span> <span class='ocrx_word' id='word_1_38' title='bbox 217 748 575 818; x_wconf 80' lang='lat' dir='ltr'>gignentium,</span> <span class='ocrx_word' id='word_1_39' title='bbox 603 753 669 803; x_wconf 90' lang='lat' dir='ltr'>ut</span> <span class='ocrx_word' id='word_1_40' title='bbox 695 767 839 820; x_wconf 91' lang='lat' dir='ltr'>pura</span> <span class='ocrx_word' id='word_1_41' title='bbox 863 750 967 804; x_wconf 90' lang='lat' dir='ltr'>tibi</span> <span class='ocrx_word' id='word_1_42' title='bbox 993 751 1196 805; x_wconf 83' lang='lat' dir='ltr'>serviat</span> <span class='ocrx_word' id='word_1_43' title='bbox 1223 751 1392 805; x_wconf 88' lang='lat' dir='ltr'>etiam</span> <span class='ocrx_word' id='word_1_44' title='bbox 1423 757 1554 823; x_wconf 92' lang='lat' dir='ltr'>post</span> <span class='ocrx_word' id='word_1_45' title='bbox 1581 770 1679 808; x_wconf 85' lang='lat' dir='ltr'>ex-</span> 
     </span>
    </p>
   </div>
   <div class='ocr_carea' id='block_1_7' title="bbox 95 842 1682 916">
    <p class='ocr_par' dir='ltr' id='par_1_7' title="bbox 95 842 1682 916">
     <span class='ocr_line' id='line_1_7' title="bbox 95 842 1682 916; baseline 0.004 -22"><span class='ocrx_word' id='word_1_46' title='bbox 95 847 245 895; x_wconf 85' lang='lat' dir='ltr'>actum</span> <span class='ocrx_word' id='word_1_47' title='bbox 261 842 564 911; x_wconf 89' lang='lat' dir='ltr'>jujunium,</span> <span class='ocrx_word' id='word_1_48' title='bbox 592 859 765 914; x_wconf 87' lang='lat' dir='ltr'>quam</span> <span class='ocrx_word' id='word_1_49' title='bbox 783 847 846 898; x_wconf 92' lang='lat' dir='ltr'>tu</span> <span class='ocrx_word' id='word_1_50' title='bbox 873 843 1156 914; x_wconf 90' lang='lat' dir='ltr'>propitius</span> <span class='ocrx_word' id='word_1_51' title='bbox 1180 845 1498 916; x_wconf 87' lang='lat' dir='ltr'>donaveris,</span> <span class='ocrx_word' id='word_1_52' title='bbox 1521 846 1682 901; x_wconf 87' lang='lat' dir='ltr'>devo-</span> 
     </span>
    </p>
   </div>
   <div class='ocr_carea' id='block_1_8' title="bbox 93 934 580 991">
    <p class='ocr_par' dir='ltr' id='par_1_8' title="bbox 93 934 580 991">
     <span class='ocr_line' id='line_1_8' title="bbox 93 934 580 991; baseline 0.004 -2"><span class='ocrx_word' id='word_1_53' title='bbox 93 936 155 990; x_wconf 87' lang='lat' dir='ltr'>tio</span> <span class='ocrx_word' id='word_1_54' title='bbox 177 934 423 990; x_wconf 78' lang='lat' dir='ltr'>novitatis.</span> <span class='ocrx_word' id='word_1_55' title='bbox 453 936 580 991; x_wconf 88' lang='lat' dir='ltr'>Per.</span> 
     </span>
    </p>
   </div>
   <div class='ocr_carea' id='block_1_9' title="bbox 719 1006 992 1057">
    <p class='ocr_par' dir='ltr' id='par_1_9' title="bbox 719 1006 992 1057">
     <span class='ocr_line' id='line_1_9' title="bbox 719 1006 992 1057; baseline 0.007 -2"><span class='ocrx_word' id='word_1_56' title='bbox 719 1006 992 1057; x_wconf 91' lang='lat' dir='ltr'>Collectio.</span> 
     </span>
    </p>
   </div>
   <div class='ocr_carea' id='block_1_10' title="bbox 146 1085 1682 1158">
    <p class='ocr_par' dir='ltr' id='par_1_10' title="bbox 146 1085 1682 1158">
     <span class='ocr_line' id='line_1_10' title="bbox 146 1085 1682 1158; baseline 0.005 -18"><span class='ocrx_word' id='word_1_57' title='bbox 146 1085 246 1140; x_wconf 76' lang='lat' dir='ltr'>1am</span> <span class='ocrx_word' id='word_1_58' title='bbox 269 1085 320 1138; x_wconf 93' lang='lat' dir='ltr'>in</span> <span class='ocrx_word' id='word_1_59' title='bbox 343 1085 590 1140; x_wconf 86' lang='lat' dir='ltr'>triduani</span> <span class='ocrx_word' id='word_1_60' title='bbox 607 1086 817 1158; x_wconf 90' lang='lat' dir='ltr'>jejunii</span> <span class='ocrx_word' id='word_1_61' title='bbox 843 1088 956 1143; x_wconf 81' lang='lat' dir='ltr'>line</span> <span class='ocrx_word' id='word_1_62' title='bbox 984 1089 1266 1157; x_wconf 86' lang='lat' dir='ltr'>conclusa,</span> <span class='ocrx_word' id='word_1_63' title='bbox 1298 1090 1682 1149; x_wconf 85' lang='lat' dir='ltr'>sinceritatem</span> 
     </span>
    </p>
   </div>
   <div class='ocr_carea' id='block_1_11' title="bbox 94 1179 1677 1254">
    <p class='ocr_par' dir='ltr' id='par_1_11' title="bbox 94 1179 1677 1254">
     <span class='ocr_line' id='line_1_11' title="bbox 94 1179 1677 1254; baseline 0.006 -23"><span class='ocrx_word' id='word_1_64' title='bbox 94 1183 232 1245; x_wconf 87' lang='lat' dir='ltr'>tuam,</span> <span class='ocrx_word' id='word_1_65' title='bbox 284 1179 539 1248; x_wconf 87' lang='lat' dir='ltr'>Domine,</span> <span class='ocrx_word' id='word_1_66' title='bbox 587 1181 963 1251; x_wconf 75' lang='lat' dir='ltr'>deprecamur</span> <span class='ocrx_word' id='word_1_67' title='bbox 999 1183 1060 1236; x_wconf 91' lang='lat' dir='ltr'>in</span> <span class='ocrx_word' id='word_1_68' title='bbox 1105 1182 1410 1238; x_wconf 85' lang='lat' dir='ltr'>visceribus</span> <span class='ocrx_word' id='word_1_69' title='bbox 1451 1187 1677 1254; x_wconf 85' lang='lat' dir='ltr'>nostris,</span> 
     </span>
    </p>
   </div>
   <div class='ocr_carea' id='block_1_12' title="bbox 91 1272 1681 1347">
    <p class='ocr_par' dir='ltr' id='par_1_12' title="bbox 91 1272 1681 1347">
     <span class='ocr_line' id='line_1_12' title="bbox 91 1272 1681 1347; baseline 0.004 -21"><span class='ocrx_word' id='word_1_70' title='bbox 91 1272 413 1326; x_wconf 86' lang='lat' dir='ltr'>maceratione</span> <span class='ocrx_word' id='word_1_71' title='bbox 427 1273 632 1343; x_wconf 89' lang='lat' dir='ltr'>jejunii</span> <span class='ocrx_word' id='word_1_72' title='bbox 667 1274 926 1342; x_wconf 86' lang='lat' dir='ltr'>adﬂictis,</span> <span class='ocrx_word' id='word_1_73' title='bbox 947 1276 1248 1347; x_wconf 85' lang='lat' dir='ltr'>advenire;</span> <span class='ocrx_word' id='word_1_74' title='bbox 1280 1283 1335 1332; x_wconf 91' lang='lat' dir='ltr'>et</span> <span class='ocrx_word' id='word_1_75' title='bbox 1352 1282 1418 1333; x_wconf 92' lang='lat' dir='ltr'>ut</span> <span class='ocrx_word' id='word_1_76' title='bbox 1444 1279 1512 1333; x_wconf 93' lang='lat' dir='ltr'>de</span> <span class='ocrx_word' id='word_1_77' title='bbox 1539 1279 1681 1334; x_wconf 88' lang='lat' dir='ltr'>atria</span> 
     </span>
    </p>
   </div>
   <div class='ocr_carea' id='block_1_13' title="bbox 91 1370 1677 1446">
    <p class='ocr_par' dir='ltr' id='par_1_13' title="bbox 91 1370 1677 1446">
     <span class='ocr_line' id='line_1_13' title="bbox 91 1370 1677 1446; baseline 0.004 -23"><span class='ocrx_word' id='word_1_78' title='bbox 91 1375 166 1423; x_wconf 86' lang='lat' dir='ltr'>tua</span> <span class='ocrx_word' id='word_1_79' title='bbox 187 1374 355 1427; x_wconf 87' lang='lat' dir='ltr'>sancta</span> <span class='ocrx_word' id='word_1_80' title='bbox 381 1370 646 1424; x_wconf 88' lang='lat' dir='ltr'>exaudias</span> <span class='ocrx_word' id='word_1_81' title='bbox 676 1377 995 1442; x_wconf 90' lang='lat' dir='ltr'>peccatores</span> <span class='ocrx_word' id='word_1_82' title='bbox 1027 1373 1086 1428; x_wconf 91' lang='lat' dir='ltr'>in</span> <span class='ocrx_word' id='word_1_83' title='bbox 1115 1374 1376 1446; x_wconf 83' lang='lat' dir='ltr'>squalore</span> <span class='ocrx_word' id='word_1_84' title='bbox 1415 1375 1677 1431; x_wconf 86' lang='lat' dir='ltr'>miseria-</span> 
     </span>
    </p>
   </div>
   <div class='ocr_carea' id='block_1_14' title="bbox 92 1463 1676 1541">
    <p class='ocr_par' dir='ltr' id='par_1_14' title="bbox 92 1463 1676 1541">
     <span class='ocr_line' id='line_1_14' title="bbox 92 1463 1676 1541; baseline 0.005 -25"><span class='ocrx_word' id='word_1_85' title='bbox 92 1479 192 1517; x_wconf 87' lang='lat' dir='ltr'>rum</span> <span class='ocrx_word' id='word_1_86' title='bbox 225 1463 460 1533; x_wconf 88' lang='lat' dir='ltr'>jacentes</span> <span class='ocrx_word' id='word_1_87' title='bbox 499 1481 801 1536; x_wconf 81' lang='lat' dir='ltr'>rogamus;</span> <span class='ocrx_word' id='word_1_88' title='bbox 841 1471 904 1520; x_wconf 91' lang='lat' dir='ltr'>ut</span> <span class='ocrx_word' id='word_1_89' title='bbox 942 1467 1039 1521; x_wconf 91' lang='lat' dir='ltr'>des</span> <span class='ocrx_word' id='word_1_90' title='bbox 1077 1467 1240 1522; x_wconf 90' lang='lat' dir='ltr'>nobis</span> <span class='ocrx_word' id='word_1_91' title='bbox 1281 1469 1502 1524; x_wconf 89' lang='lat' dir='ltr'>fontem</span> <span class='ocrx_word' id='word_1_92' title='bbox 1546 1486 1676 1541; x_wconf 88' lang='lat' dir='ltr'>gra-</span> 
     </span>
    </p>
   </div>
   <div class='ocr_carea' id='block_1_15' title="bbox 92 1557 1678 1634">
    <p class='ocr_par' dir='ltr' id='par_1_15' title="bbox 92 1557 1678 1634">
     <span class='ocr_line' id='line_1_15' title="bbox 92 1557 1678 1634; baseline 0.006 -25"><span class='ocrx_word' id='word_1_93' title='bbox 92 1557 258 1610; x_wconf 84' lang='lat' dir='ltr'>tiarum</span> <span class='ocrx_word' id='word_1_94' title='bbox 298 1562 552 1626; x_wconf 86' lang='lat' dir='ltr'>tuarum,</span> <span class='ocrx_word' id='word_1_95' title='bbox 596 1563 653 1614; x_wconf 92' lang='lat' dir='ltr'>et</span> <span class='ocrx_word' id='word_1_96' title='bbox 680 1559 896 1630; x_wconf 89' lang='lat' dir='ltr'>pandas</span> <span class='ocrx_word' id='word_1_97' title='bbox 934 1559 1043 1614; x_wconf 85' lang='lat' dir='ltr'>iter</span> <span class='ocrx_word' id='word_1_98' title='bbox 1076 1579 1189 1633; x_wconf 87' lang='lat' dir='ltr'>quo</span> <span class='ocrx_word' id='word_1_99' title='bbox 1227 1567 1353 1633; x_wconf 89' lang='lat' dir='ltr'>post</span> <span class='ocrx_word' id='word_1_100' title='bbox 1392 1563 1678 1634; x_wconf 87' lang='lat' dir='ltr'>jejunium</span> 
     </span>
    </p>
   </div>
   <div class='ocr_carea' id='block_1_16' title="bbox 89 1651 1679 1726">
    <p class='ocr_par' dir='ltr' id='par_1_16' title="bbox 89 1651 1679 1726">
     <span class='ocr_line' id='line_1_16' title="bbox 89 1651 1679 1726; baseline 0.006 -24"><span class='ocrx_word' id='word_1_101' title='bbox 89 1665 299 1704; x_wconf 79' lang='lat' dir='ltr'>escarum</span> <span class='ocrx_word' id='word_1_102' title='bbox 319 1651 625 1705; x_wconf 88' lang='lat' dir='ltr'>carnalium</span> <span class='ocrx_word' id='word_1_103' title='bbox 652 1651 770 1706; x_wconf 87' lang='lat' dir='ltr'>itur</span> <span class='ocrx_word' id='word_1_104' title='bbox 795 1653 865 1707; x_wconf 88' lang='lat' dir='ltr'>ad</span> <span class='ocrx_word' id='word_1_105' title='bbox 892 1653 1258 1710; x_wconf 87' lang='lat' dir='ltr'>refectionem</span> <span class='ocrx_word' id='word_1_106' title='bbox 1283 1671 1507 1726; x_wconf 84' lang='lat' dir='ltr'>pascuae</span> <span class='ocrx_word' id='word_1_107' title='bbox 1536 1673 1679 1712; x_wconf 88' lang='lat' dir='ltr'>sem-</span> 
     </span>
    </p>
   </div>
   <div class='ocr_carea' id='block_1_17' title="bbox 87 1743 495 1813">
    <p class='ocr_par' dir='ltr' id='par_1_17' title="bbox 87 1743 495 1813">
     <span class='ocr_line' id='line_1_17' title="bbox 87 1743 495 1813; baseline 0.007 -17"><span class='ocrx_word' id='word_1_108' title='bbox 87 1743 342 1813; x_wconf 86' lang='lat' dir='ltr'>piternam.</span> <span class='ocrx_word' id='word_1_109' title='bbox 372 1746 495 1800; x_wconf 88' lang='lat' dir='ltr'>Per.</span> 
     </span>
    </p>
   </div>
   <div class='ocr_carea' id='block_1_18' title="bbox 659 1815 1036 1866">
    <p class='ocr_par' dir='ltr' id='par_1_18' title="bbox 659 1815 1036 1866">
     <span class='ocr_line' id='line_1_18' title="bbox 659 1815 1036 1866; baseline 0 -1"><span class='ocrx_word' id='word_1_110' title='bbox 659 1816 782 1865; x_wconf 86' lang='lat' dir='ltr'>Post</span> <span class='ocrx_word' id='word_1_111' title='bbox 804 1815 1036 1866; x_wconf 88' lang='lat' dir='ltr'>nomina.</span> 
     </span>
    </p>
   </div>
   <div class='ocr_carea' id='block_1_19' title="bbox 139 1895 1674 1970">
    <p class='ocr_par' dir='ltr' id='par_1_19' title="bbox 139 1895 1674 1970">
     <span class='ocr_line' id='line_1_19' title="bbox 139 1895 1674 1970; baseline 0.004 -21"><span class='ocrx_word' id='word_1_112' title='bbox 139 1895 512 1965; x_wconf 83' lang='lat' dir='ltr'>Jejunantium,</span> <span class='ocrx_word' id='word_1_113' title='bbox 537 1896 794 1967; x_wconf 88' lang='lat' dir='ltr'>Domine,</span> <span class='ocrx_word' id='word_1_114' title='bbox 824 1913 1172 1968; x_wconf 73' lang='lat' dir='ltr'>quaesumus,</span> <span class='ocrx_word' id='word_1_115' title='bbox 1204 1899 1526 1970; x_wconf 87' lang='lat' dir='ltr'>supplicum</span> <span class='ocrx_word' id='word_1_116' title='bbox 1547 1904 1674 1956; x_wconf 89' lang='lat' dir='ltr'>vota</span> 
     </span>
    </p>
   </div>
   <div class='ocr_carea' id='block_1_20' title="bbox 85 1989 1671 2064">
    <p class='ocr_par' dir='ltr' id='par_1_20' title="bbox 85 1989 1671 2064">
     <span class='ocr_line' id='line_1_20' title="bbox 85 1989 1671 2064; baseline 0.005 -23"><span class='ocrx_word' id='word_1_117' title='bbox 85 1989 315 2059; x_wconf 87' lang='lat' dir='ltr'>propitius</span> <span class='ocrx_word' id='word_1_118' title='bbox 338 1990 594 2060; x_wconf 83' lang='lat' dir='ltr'>intuere;</span> <span class='ocrx_word' id='word_1_119' title='bbox 626 1996 682 2046; x_wconf 90' lang='lat' dir='ltr'>et</span> <span class='ocrx_word' id='word_1_120' title='bbox 707 2007 946 2046; x_wconf 90' lang='lat' dir='ltr'>munera</span> <span class='ocrx_word' id='word_1_121' title='bbox 971 1992 1274 2062; x_wconf 86' lang='lat' dir='ltr'>prasentia</span> <span class='ocrx_word' id='word_1_122' title='bbox 1299 1993 1671 2064; x_wconf 81' lang='lat' dir='ltr'>sanctiﬁcans,</span> 
     </span>
    </p>
   </div>
   <div class='ocr_carea' id='block_1_21' title="bbox 84 2082 1676 2154">
    <p class='ocr_par' dir='ltr' id='par_1_21' title="bbox 84 2082 1676 2154">
     <span class='ocr_line' id='line_1_21' title="bbox 84 2082 1676 2154; baseline 0.005 -19"><span class='ocrx_word' id='word_1_123' title='bbox 84 2097 164 2152; x_wconf 87' lang='lat' dir='ltr'>per</span> <span class='ocrx_word' id='word_1_124' title='bbox 185 2082 588 2154; x_wconf 86' lang='lat' dir='ltr'>perceptionem</span> <span class='ocrx_word' id='word_1_125' title='bbox 619 2100 818 2138; x_wconf 89' lang='lat' dir='ltr'>eorum</span> <span class='ocrx_word' id='word_1_126' title='bbox 846 2084 1063 2139; x_wconf 86' lang='lat' dir='ltr'>occulta</span> <span class='ocrx_word' id='word_1_127' title='bbox 1090 2085 1272 2141; x_wconf 88' lang='lat' dir='ltr'>cordis</span> <span class='ocrx_word' id='word_1_128' title='bbox 1301 2087 1480 2142; x_wconf 88' lang='lat' dir='ltr'>nostri</span> <span class='ocrx_word' id='word_1_129' title='bbox 1499 2103 1676 2142; x_wconf 91' lang='lat' dir='ltr'>reme-</span> 
     </span>
    </p>
   </div>
   <div class='ocr_carea' id='block_1_22' title="bbox 87 2173 1676 2249">
    <p class='ocr_par' dir='ltr' id='par_1_22' title="bbox 87 2173 1676 2249">
     <span class='ocr_line' id='line_1_22' title="bbox 87 2173 1676 2249; baseline 0.005 -22"><span class='ocrx_word' id='word_1_130' title='bbox 87 2173 157 2227; x_wconf 89' lang='lat' dir='ltr'>dia</span> <span class='ocrx_word' id='word_1_131' title='bbox 196 2180 292 2229; x_wconf 88' lang='lat' dir='ltr'>tua</span> <span class='ocrx_word' id='word_1_132' title='bbox 329 2176 567 2230; x_wconf 86' lang='lat' dir='ltr'>clariﬁca</span> <span class='ocrx_word' id='word_1_133' title='bbox 611 2177 838 2248; x_wconf 90' lang='lat' dir='ltr'>pietatis</span> <span class='ocrx_word' id='word_1_134' title='bbox 882 2194 895 2232; x_wconf 90' lang='lat'><strong>:</strong></span> <span class='ocrx_word' id='word_1_135' title='bbox 941 2182 1007 2233; x_wconf 90' lang='lat' dir='ltr'>ut</span> <span class='ocrx_word' id='word_1_136' title='bbox 1056 2194 1227 2249; x_wconf 91' lang='lat' dir='ltr'>opera</span> <span class='ocrx_word' id='word_1_137' title='bbox 1268 2180 1515 2234; x_wconf 88' lang='lat' dir='ltr'>carnalia</span> <span class='ocrx_word' id='word_1_138' title='bbox 1571 2197 1676 2235; x_wconf 90' lang='lat' dir='ltr'>nec</span> 
     </span>
    </p>
   </div>
   <div class='ocr_carea' id='block_1_23' title="bbox 86 2268 1675 2344">
    <p class='ocr_par' dir='ltr' id='par_1_23' title="bbox 86 2268 1675 2344">
     <span class='ocr_line' id='line_1_23' title="bbox 86 2268 1675 2344; baseline 0.004 -23"><span class='ocrx_word' id='word_1_139' title='bbox 86 2268 204 2322; x_wconf 79' lang='lat' dir='ltr'>ﬂuxa</span> <span class='ocrx_word' id='word_1_140' title='bbox 239 2286 332 2324; x_wconf 92' lang='lat' dir='ltr'>nos</span> <span class='ocrx_word' id='word_1_141' title='bbox 369 2274 617 2340; x_wconf 85' lang='lat' dir='ltr'>teneant,</span> <span class='ocrx_word' id='word_1_142' title='bbox 663 2288 804 2343; x_wconf 89' lang='lat' dir='ltr'>quos</span> <span class='ocrx_word' id='word_1_143' title='bbox 845 2271 1138 2328; x_wconf 89' lang='lat' dir='ltr'>institutor</span> <span class='ocrx_word' id='word_1_144' title='bbox 1165 2271 1370 2344; x_wconf 91' lang='lat' dir='ltr'>jejunii</span> <span class='ocrx_word' id='word_1_145' title='bbox 1423 2273 1675 2329; x_wconf 88' lang='lat' dir='ltr'>Christus</span> 
     </span>
    </p>
   </div>
   <div class='ocr_carea' id='block_1_24' title="bbox 88 2363 842 2436">
    <p class='ocr_par' dir='ltr' id='par_1_24' title="bbox 88 2363 842 2436">
     <span class='ocr_line' id='line_1_24' title="bbox 88 2363 842 2436; baseline 0.007 -22"><span class='ocrx_word' id='word_1_146' title='bbox 88 2364 314 2432; x_wconf 85' lang='lat' dir='ltr'>reparavit</span> <span class='ocrx_word' id='word_1_147' title='bbox 339 2363 687 2436; x_wconf 87' lang='lat' dir='ltr'>redemptor.</span> <span class='ocrx_word' id='word_1_148' title='bbox 716 2366 842 2420; x_wconf 88' lang='lat' dir='ltr'>Per.</span> 
     </span>
    </p>
   </div>
   <div class='ocr_carea' id='block_1_25' title="bbox 701 2457 1008 2520">
    <p class='ocr_par' dir='ltr' id='par_1_25' title="bbox 701 2457 1008 2520">
     <span class='ocr_line' id='line_1_25' title="bbox 701 2457 1008 2520; baseline 0 -13"><span class='ocrx_word' id='word_1_149' title='bbox 701 2457 777 2507; x_wconf 79' lang='lat' dir='ltr'>Ad</span> <span class='ocrx_word' id='word_1_150' title='bbox 804 2471 1008 2520; x_wconf 90' lang='lat' dir='ltr'>pacem.</span> 
     </span>
    </p>
   </div>
   <div class='ocr_carea' id='block_1_26' title="bbox 143 2535 1677 2610">
    <p class='ocr_par' dir='ltr' id='par_1_26' title="bbox 143 2535 1677 2610">
     <span class='ocr_line' id='line_1_26' title="bbox 143 2535 1677 2610; baseline 0.003 -21"><span class='ocrx_word' id='word_1_151' title='bbox 143 2535 278 2606; x_wconf 90' lang='lat' dir='ltr'>Deus,</span> <span class='ocrx_word' id='word_1_152' title='bbox 329 2536 424 2608; x_wconf 88' lang='lat' dir='ltr'>qui</span> <span class='ocrx_word' id='word_1_153' title='bbox 474 2537 978 2610; x_wconf 89' lang='lat' dir='ltr'>intemperantiam</span> <span class='ocrx_word' id='word_1_154' title='bbox 1016 2538 1322 2594; x_wconf 89' lang='lat' dir='ltr'>saturitatis</span> <span class='ocrx_word' id='word_1_155' title='bbox 1356 2543 1469 2593; x_wconf 86' lang='lat' dir='ltr'>tua</span> <span class='ocrx_word' id='word_1_156' title='bbox 1511 2538 1677 2594; x_wconf 88' lang='lat' dir='ltr'>absti-</span> 
     </span>
    </p>
   </div>
   <div class='ocr_carea' id='block_1_27' title="bbox 87 2628 1674 2704">
    <p class='ocr_par' dir='ltr' id='par_1_27' title="bbox 87 2628 1674 2704">
     <span class='ocr_line' id='line_1_27' title="bbox 87 2628 1674 2704; baseline 0.003 -23"><span class='ocrx_word' id='word_1_157' title='bbox 87 2628 251 2682; x_wconf 86' lang='lat' dir='ltr'>nentia</span> <span class='ocrx_word' id='word_1_158' title='bbox 297 2630 643 2685; x_wconf 89' lang='lat' dir='ltr'>dedicatione</span> <span class='ocrx_word' id='word_1_159' title='bbox 673 2631 973 2703; x_wconf 86' lang='lat' dir='ltr'>superasti,</span> <span class='ocrx_word' id='word_1_160' title='bbox 997 2636 1052 2686; x_wconf 92' lang='lat' dir='ltr'>et</span> <span class='ocrx_word' id='word_1_161' title='bbox 1078 2632 1389 2704; x_wconf 86' lang='lat' dir='ltr'>puritatem</span> <span class='ocrx_word' id='word_1_162' title='bbox 1416 2632 1674 2686; x_wconf 90' lang='lat' dir='ltr'>castimo-</span> 
     </span>
    </p>
   </div>
   <div class='ocr_carea' id='block_1_28' title="bbox 87 2721 1677 2795">
    <p class='ocr_par' dir='ltr' id='par_1_28' title="bbox 87 2721 1677 2795">
     <span class='ocr_line' id='line_1_28' title="bbox 87 2721 1677 2795; baseline 0.003 -21"><span class='ocrx_word' id='word_1_163' title='bbox 87 2721 184 2786; x_wconf 77' lang='lat' dir='ltr'>nia,</span> <span class='ocrx_word' id='word_1_164' title='bbox 207 2726 262 2776; x_wconf 88' lang='lat' dir='ltr'>ut</span> <span class='ocrx_word' id='word_1_165' title='bbox 285 2724 660 2795; x_wconf 89' lang='lat' dir='ltr'>cognoscaris,</span> <span class='ocrx_word' id='word_1_166' title='bbox 689 2724 920 2793; x_wconf 88' lang='lat' dir='ltr'>dedisti;</span> <span class='ocrx_word' id='word_1_167' title='bbox 969 2739 1202 2779; x_wconf 91' lang='lat' dir='ltr'>serenus</span> <span class='ocrx_word' id='word_1_168' title='bbox 1241 2741 1344 2778; x_wconf 91' lang='lat' dir='ltr'>nos</span> <span class='ocrx_word' id='word_1_169' title='bbox 1379 2729 1478 2779; x_wconf 92' lang='lat' dir='ltr'>tuo</span> <span class='ocrx_word' id='word_1_170' title='bbox 1519 2725 1677 2779; x_wconf 90' lang='lat' dir='ltr'>vultu</span> 
     </span>
    </p>
   </div>
   <div class='ocr_carea' id='block_1_29' title="bbox 86 2812 1676 2890">
    <p class='ocr_par' dir='ltr' id='par_1_29' title="bbox 86 2812 1676 2890">
     <span class='ocr_line' id='line_1_29' title="bbox 86 2812 1676 2890; baseline 0.004 -24"><span class='ocrx_word' id='word_1_171' title='bbox 86 2812 416 2887; x_wconf 86' lang='lat' dir='ltr'>circumspice,</span> <span class='ocrx_word' id='word_1_172' title='bbox 445 2823 502 2872; x_wconf 91' lang='lat' dir='ltr'>et</span> <span class='ocrx_word' id='word_1_173' title='bbox 520 2818 914 2888; x_wconf 88' lang='lat' dir='ltr'>jejunantibus</span> <span class='ocrx_word' id='word_1_174' title='bbox 939 2834 1136 2890; x_wconf 89' lang='lat' dir='ltr'>pacem</span> <span class='ocrx_word' id='word_1_175' title='bbox 1161 2818 1407 2889; x_wconf 83' lang='lat' dir='ltr'>proximi</span> <span class='ocrx_word' id='word_1_176' title='bbox 1436 2823 1491 2873; x_wconf 92' lang='lat' dir='ltr'>et</span> <span class='ocrx_word' id='word_1_177' title='bbox 1517 2823 1676 2872; x_wconf 88' lang='lat' dir='ltr'>tuam</span> 
     </span>
    </p>
   </div>
   <div class='ocr_carea' id='block_1_30' title="bbox 83 2905 1674 2985">
    <p class='ocr_par' dir='ltr' id='par_1_30' title="bbox 83 2905 1674 2985">
     <span class='ocr_line' id='line_1_30' title="bbox 83 2905 1674 2985; baseline 0.005 -27"><span class='ocrx_word' id='word_1_178' title='bbox 83 2905 321 2979; x_wconf 84' lang='lat' dir='ltr'>largiaris;</span> <span class='ocrx_word' id='word_1_179' title='bbox 361 2927 537 2982; x_wconf 90' lang='lat' dir='ltr'>quam</span> <span class='ocrx_word' id='word_1_180' title='bbox 577 2911 648 2966; x_wconf 90' lang='lat' dir='ltr'>ad</span> <span class='ocrx_word' id='word_1_181' title='bbox 673 2912 898 2967; x_wconf 87' lang='lat' dir='ltr'>Patrem</span> <span class='ocrx_word' id='word_1_182' title='bbox 926 2911 1252 2982; x_wconf 90' lang='lat' dir='ltr'>ascendens,</span> <span class='ocrx_word' id='word_1_183' title='bbox 1287 2909 1482 2985; x_wconf 82' lang='grc'>266</span> <span class='ocrx_word' id='word_1_184' title='bbox 1511 2912 1674 2966; x_wconf 89' lang='lat' dir='ltr'>nobis</span> 
     </span>
    </p>
   </div>
   <div class='ocr_carea' id='block_1_31' title="bbox 84 2999 839 3074">
    <p class='ocr_par' dir='ltr' id='par_1_31' title="bbox 84 2999 839 3074">
     <span class='ocr_line' id='line_1_31' title="bbox 84 2999 839 3074; baseline 0.008 -21"><span class='ocrx_word' id='word_1_185' title='bbox 84 2999 311 3074; x_wconf 84' lang='lat' dir='ltr'>reliquisti</span> <span class='ocrx_word' id='word_1_186' title='bbox 339 3005 685 3060; x_wconf 89' lang='lat' dir='ltr'>sectandam.</span> <span class='ocrx_word' id='word_1_187' title='bbox 715 3007 839 3059; x_wconf 92' lang='lat' dir='ltr'>Per.</span> 
     </span>
    </p>
   </div>
   <div class='ocr_carea' id='block_1_32' title="bbox 686 3096 997 3147">
    <p class='ocr_par' dir='ltr' id='par_1_32' title="bbox 686 3096 997 3147">
     <span class='ocr_line' id='line_1_32' title="bbox 686 3096 997 3147; baseline 0.003 -1"><span class='ocrx_word' id='word_1_188' title='bbox 686 3096 997 3147; x_wconf 89' lang='lat' dir='ltr'>Immolatio.</span> 
     </span>
    </p>
   </div>
   <div class='ocr_carea' id='block_1_33' title="bbox 136 3175 1672 3252">
    <p class='ocr_par' dir='ltr' id='par_1_33' title="bbox 136 3175 1672 3252">
     <span class='ocr_line' id='line_1_33' title="bbox 136 3175 1672 3252; baseline 0.004 -24"><span class='ocrx_word' id='word_1_189' title='bbox 136 3175 248 3229; x_wconf 81' lang='lat' dir='ltr'>Vere</span> <span class='ocrx_word' id='word_1_190' title='bbox 280 3177 513 3248; x_wconf 86' lang='lat' dir='ltr'>dignum</span> <span class='ocrx_word' id='word_1_191' title='bbox 547 3182 605 3233; x_wconf 91' lang='lat' dir='ltr'>et</span> <span class='ocrx_word' id='word_1_192' title='bbox 632 3178 855 3249; x_wconf 89' lang='lat' dir='ltr'>justum</span> <span class='ocrx_word' id='word_1_193' title='bbox 900 3184 1002 3249; x_wconf 90' lang='lat' dir='ltr'>est,</span> <span class='ocrx_word' id='word_1_194' title='bbox 1033 3179 1278 3252; x_wconf 86' lang='lat' dir='ltr'>satisque</span> <span class='ocrx_word' id='word_1_195' title='bbox 1310 3184 1395 3235; x_wconf 90' lang='lat' dir='ltr'>est</span> <span class='ocrx_word' id='word_1_196' title='bbox 1431 3179 1672 3250; x_wconf 90' lang='lat' dir='ltr'>dignum</span> 
     </span>
    </p>
   </div>
   <div class='ocr_carea' id='block_1_34' title="bbox 1786 567 1959 636">
    <p class='ocr_par' dir='ltr' id='par_1_34' title="bbox 1786 567 1959 636">
     <span class='ocr_line' id='line_1_34' title="bbox 1786 567 1959 636; baseline 0.012 -16"><span class='ocrx_word' id='word_1_197' title='bbox 1786 567 1936 636; x_wconf 77' lang='lat' dir='ltr'>liqua</span> <span class='ocrx_word' id='word_1_198' title='bbox 1947 607 1959 622; x_wconf 94' lang='lat'>.</span> 
     </span>
    </p>
   </div>
   <div class='ocr_carea' id='block_1_35' title="bbox 1783 664 3423 735">
    <p class='ocr_par' dir='ltr' id='par_1_35' title="bbox 1783 664 3423 735">
     <span class='ocr_line' id='line_1_35' title="bbox 1783 664 3423 735; baseline 0.004 -7"><span class='ocrx_word' id='word_1_199' title='bbox 1783 673 1844 728; x_wconf 81' lang='lat' dir='ltr'>L.</span> <span class='ocrx_word' id='word_1_200' title='bbox 1887 690 2284 732; x_wconf 79' lang='lat' dir='ltr'>COLLECTIONBS</span> <span class='ocrx_word' id='word_1_201' title='bbox 2321 693 2378 732; x_wconf 82' lang='lat' dir='ltr'>IN</span> <span class='ocrx_word' id='word_1_202' title='bbox 2428 664 2824 734; x_wconf 35' lang='lat' dir='ltr'>ROGXTIONIBL&#39;S</span> <span class='ocrx_word' id='word_1_203' title='bbox 2876 695 2976 734; x_wconf 77' lang='lat' dir='ltr'>PER</span> <span class='ocrx_word' id='word_1_204' title='bbox 3021 693 3244 735; x_wconf 79' lang='lat' dir='ltr'>DIVERSA</span> <span class='ocrx_word' id='word_1_205' title='bbox 3288 694 3423 735; x_wconf 77' lang='lat' dir='ltr'>LOCA</span> 
     </span>
    </p>
   </div>
   <div class='ocr_carea' id='block_1_36' title="bbox 2434 765 2779 806">
    <p class='ocr_par' dir='ltr' id='par_1_36' title="bbox 2434 765 2779 806">
     <span class='ocr_line' id='line_1_36' title="bbox 2434 765 2779 806; baseline 0 -2"><span class='ocrx_word' id='word_1_206' title='bbox 2434 765 2779 806; x_wconf 80' lang='lat' dir='ltr'>SANCTORUM.</span> 
     </span>
    </p>
   </div>
   <div class='ocr_carea' id='block_1_37' title="bbox 2261 839 2938 889">
    <p class='ocr_par' dir='ltr' id='par_1_37' title="bbox 2261 839 2938 889">
     <span class='ocr_line' id='line_1_37' title="bbox 2261 839 2938 889; baseline 0.001 -4"><span class='ocrx_word' id='word_1_207' title='bbox 2261 839 2320 885; x_wconf 91' lang='lat' dir='ltr'>In</span> <span class='ocrx_word' id='word_1_208' title='bbox 2345 842 2526 888; x_wconf 90' lang='lat' dir='ltr'>sancto</span> <span class='ocrx_word' id='word_1_209' title='bbox 2558 839 2710 888; x_wconf 89' lang='lat' dir='ltr'>Petro</span> <span class='ocrx_word' id='word_1_210' title='bbox 2737 852 2877 889; x_wconf 89' lang='lat' dir='ltr'>nunc</span> <span class='ocrx_word' id='word_1_211' title='bbox 2892 840 2938 886; x_wconf 72' lang='grc'>⁸.</span> 
     </span>
    </p>
   </div>
   <div class='ocr_carea' id='block_1_38' title="bbox 1854 908 3420 988">
    <p class='ocr_par' dir='ltr' id='par_1_38' title="bbox 1854 908 3420 988">
     <span class='ocr_line' id='line_1_38' title="bbox 1854 908 3420 988; baseline 0.006 -26"><span class='ocrx_word' id='word_1_212' title='bbox 1854 908 1999 963; x_wconf 89' lang='lat' dir='ltr'>Deus</span> <span class='ocrx_word' id='word_1_213' title='bbox 2019 909 2305 982; x_wconf 86' lang='lat' dir='ltr'>refugium</span> <span class='ocrx_word' id='word_1_214' title='bbox 2318 929 2655 984; x_wconf 90' lang='lat' dir='ltr'>pauperum,</span> <span class='ocrx_word' id='word_1_215' title='bbox 2673 930 2797 985; x_wconf 89' lang='lat' dir='ltr'>spes</span> <span class='ocrx_word' id='word_1_216' title='bbox 2813 913 3142 985; x_wconf 89' lang='lat' dir='ltr'>humilium,</span> <span class='ocrx_word' id='word_1_217' title='bbox 3157 913 3420 988; x_wconf 89' lang='lat' dir='ltr'>salusque</span> 
     </span>
    </p>
   </div>
   <div class='ocr_carea' id='block_1_39' title="bbox 1781 999 3418 1078">
    <p class='ocr_par' dir='ltr' id='par_1_39' title="bbox 1781 999 3418 1078">
     <span class='ocr_line' id='line_1_39' title="bbox 1781 999 3418 1078; baseline 0.006 -25"><span class='ocrx_word' id='word_1_218' title='bbox 1781 999 2140 1070; x_wconf 90' lang='lat' dir='ltr'>miserorum,</span> <span class='ocrx_word' id='word_1_219' title='bbox 2183 1004 2592 1061; x_wconf 87' lang='lat' dir='ltr'>interveniente</span> <span class='ocrx_word' id='word_1_220' title='bbox 2617 1023 2720 1078; x_wconf 90' lang='lat' dir='ltr'>pro</span> <span class='ocrx_word' id='word_1_221' title='bbox 2749 1007 2913 1062; x_wconf 91' lang='lat' dir='ltr'>nobis</span> <span class='ocrx_word' id='word_1_222' title='bbox 2937 1006 3262 1063; x_wconf 88' lang='lat' dir='ltr'>beatissimo</span> <span class='ocrx_word' id='word_1_223' title='bbox 3291 1008 3418 1074; x_wconf 51' lang='lat' dir='ltr'>fune</span> 
     </span>
    </p>
   </div>
   <div class='ocr_carea' id='block_1_40' title="bbox 1781 1094 3419 1174">
    <p class='ocr_par' dir='ltr' id='par_1_40' title="bbox 1781 1094 3419 1174">
     <span class='ocr_line' id='line_1_40' title="bbox 1781 1094 3419 1174; baseline 0.007 -27"><span class='ocrx_word' id='word_1_224' title='bbox 1781 1094 1974 1150; x_wconf 89' lang='lat' dir='ltr'>datore</span> <span class='ocrx_word' id='word_1_225' title='bbox 2002 1096 2261 1152; x_wconf 87' lang='lat' dir='ltr'>Ecclesia</span> <span class='ocrx_word' id='word_1_226' title='bbox 2286 1103 2397 1153; x_wconf 87' lang='lat' dir='ltr'>tua</span> <span class='ocrx_word' id='word_1_227' title='bbox 2422 1099 2606 1168; x_wconf 90' lang='lat' dir='ltr'>Petro,</span> <span class='ocrx_word' id='word_1_228' title='bbox 2635 1101 3068 1172; x_wconf 87' lang='lat' dir='ltr'>supplicationes</span> <span class='ocrx_word' id='word_1_229' title='bbox 3097 1101 3419 1174; x_wconf 89' lang='lat' dir='ltr'>supplicum</span> 
     </span>
    </p>
   </div>
   <div class='ocr_carea' id='block_1_41' title="bbox 1779 1184 3533 1265">
    <p class='ocr_par' dir='ltr' id='par_1_41' title="bbox 1779 1184 3533 1265">
     <span class='ocr_line' id='line_1_41' title="bbox 1779 1184 3533 1265; baseline 0.006 -23"><span class='ocrx_word' id='word_1_230' title='bbox 1779 1192 2012 1243; x_wconf 89' lang='lat' dir='ltr'>tuorum</span> <span class='ocrx_word' id='word_1_231' title='bbox 2030 1190 2089 1243; x_wconf 91' lang='lat' dir='ltr'>in</span> <span class='ocrx_word' id='word_1_232' title='bbox 2116 1191 2206 1246; x_wconf 90' lang='lat' dir='ltr'>die</span> <span class='ocrx_word' id='word_1_233' title='bbox 2229 1193 2480 1247; x_wconf 90' lang='lat' dir='ltr'>triduani</span> <span class='ocrx_word' id='word_1_234' title='bbox 2501 1184 2674 1264; x_wconf 82' lang='lat' dir='ltr'>hujus</span> <span class='ocrx_word' id='word_1_235' title='bbox 2693 1194 2897 1265; x_wconf 90' lang='lat' dir='ltr'>jejunii</span> <span class='ocrx_word' id='word_1_236' title='bbox 2917 1196 3227 1250; x_wconf 89' lang='lat' dir='ltr'>clementer</span> <span class='ocrx_word' id='word_1_237' title='bbox 3253 1213 3419 1252; x_wconf 91' lang='lat' dir='ltr'>exau-</span> <span class='ocrx_word' id='word_1_238' title='bbox 3520 1188 3533 1193; x_wconf 71' lang='grc'><em>’</em></span> 
     </span>
    </p>
   </div>
   <div class='ocr_carea' id='block_1_42' title="bbox 1781 1281 3418 1359">
    <p class='ocr_par' dir='ltr' id='par_1_42' title="bbox 1781 1281 3418 1359">
     <span class='ocr_line' id='line_1_42' title="bbox 1781 1281 3418 1359; baseline 0.006 -25"><span class='ocrx_word' id='word_1_239' title='bbox 1781 1281 1868 1349; x_wconf 89' lang='lat' dir='ltr'>di;</span> <span class='ocrx_word' id='word_1_240' title='bbox 1911 1286 1968 1336; x_wconf 88' lang='lat' dir='ltr'>et</span> <span class='ocrx_word' id='word_1_241' title='bbox 2005 1285 2473 1356; x_wconf 79' lang='lat' dir='ltr'>tranquillitatem</span> <span class='ocrx_word' id='word_1_242' title='bbox 2513 1303 2547 1340; x_wconf 92' lang='lat' dir='ltr'>a</span> <span class='ocrx_word' id='word_1_243' title='bbox 2588 1287 2738 1341; x_wconf 88' lang='lat' dir='ltr'>vitiis</span> <span class='ocrx_word' id='word_1_244' title='bbox 2777 1289 2990 1359; x_wconf 88' lang='lat' dir='ltr'>pariter</span> <span class='ocrx_word' id='word_1_245' title='bbox 3051 1294 3108 1344; x_wconf 91' lang='lat' dir='ltr'>et</span> <span class='ocrx_word' id='word_1_246' title='bbox 3161 1290 3418 1345; x_wconf 88' lang='lat' dir='ltr'>hostibus</span> 
     </span>
    </p>
   </div>
   <div class='ocr_carea' id='block_1_43' title="bbox 1778 1376 3414 1455">
    <p class='ocr_par' dir='ltr' id='par_1_43' title="bbox 1778 1376 3414 1455">
     <span class='ocr_line' id='line_1_43' title="bbox 1778 1376 3414 1455; baseline 0.006 -27"><span class='ocrx_word' id='word_1_247' title='bbox 1778 1376 1987 1430; x_wconf 90' lang='lat' dir='ltr'>nostris</span> <span class='ocrx_word' id='word_1_248' title='bbox 2007 1378 2250 1433; x_wconf 90' lang='lat' dir='ltr'>concede</span> <span class='ocrx_word' id='word_1_249' title='bbox 2276 1380 2647 1451; x_wconf 87' lang='lat' dir='ltr'>temporibus,</span> <span class='ocrx_word' id='word_1_250' title='bbox 2680 1385 2745 1434; x_wconf 90' lang='lat' dir='ltr'>ut</span> <span class='ocrx_word' id='word_1_251' title='bbox 2781 1397 2921 1452; x_wconf 90' lang='lat' dir='ltr'>quos</span> <span class='ocrx_word' id='word_1_252' title='bbox 2952 1381 3178 1451; x_wconf 91' lang='lat' dir='ltr'>justitia</span> <span class='ocrx_word' id='word_1_253' title='bbox 3215 1383 3414 1455; x_wconf 89' lang='lat' dir='ltr'>ﬂagel-</span> 
     </span>
    </p>
   </div>
   <div class='ocr_carea' id='block_1_44' title="bbox 1778 1467 3419 1544">
    <p class='ocr_par' dir='ltr' id='par_1_44' title="bbox 1778 1467 3419 1544">
     <span class='ocr_line' id='line_1_44' title="bbox 1778 1467 3419 1544; baseline 0.005 -22"><span class='ocrx_word' id='word_1_254' title='bbox 1778 1467 1966 1524; x_wconf 90' lang='lat' dir='ltr'>lorum</span> <span class='ocrx_word' id='word_1_255' title='bbox 1990 1474 2218 1526; x_wconf 88' lang='lat' dir='ltr'>tuorum</span> <span class='ocrx_word' id='word_1_256' title='bbox 2233 1473 2386 1543; x_wconf 90' lang='lat' dir='ltr'>juste</span> <span class='ocrx_word' id='word_1_257' title='bbox 2400 1474 2585 1528; x_wconf 88' lang='lat' dir='ltr'>facere</span> <span class='ocrx_word' id='word_1_258' title='bbox 2607 1477 2791 1544; x_wconf 87' lang='lat' dir='ltr'>potest</span> <span class='ocrx_word' id='word_1_259' title='bbox 2805 1490 2923 1529; x_wconf 90' lang='lat' dir='ltr'>esse</span> <span class='ocrx_word' id='word_1_260' title='bbox 2952 1475 3221 1544; x_wconf 89' lang='lat' dir='ltr'>adﬂictos,</span> <span class='ocrx_word' id='word_1_261' title='bbox 3243 1477 3419 1532; x_wconf 89' lang='lat' dir='ltr'>abun-</span> 
     </span>
    </p>
   </div>
   <div class='ocr_carea' id='block_1_45' title="bbox 1779 1562 3414 1639">
    <p class='ocr_par' dir='ltr' id='par_1_45' title="bbox 1779 1562 3414 1639">
     <span class='ocr_line' id='line_1_45' title="bbox 1779 1562 3414 1639; baseline 0.006 -24"><span class='ocrx_word' id='word_1_262' title='bbox 1779 1562 1968 1616; x_wconf 85' lang='lat' dir='ltr'>dantia</span> <span class='ocrx_word' id='word_1_263' title='bbox 1996 1564 2392 1621; x_wconf 89' lang='lat' dir='ltr'>misericordia</span> <span class='ocrx_word' id='word_1_264' title='bbox 2419 1571 2551 1638; x_wconf 89' lang='lat' dir='ltr'>tua,</span> <span class='ocrx_word' id='word_1_265' title='bbox 2579 1566 2702 1638; x_wconf 89' lang='lat' dir='ltr'>ipso</span> <span class='ocrx_word' id='word_1_266' title='bbox 2721 1567 2886 1624; x_wconf 90' lang='lat' dir='ltr'>beato</span> <span class='ocrx_word' id='word_1_267' title='bbox 2916 1569 3079 1624; x_wconf 82' lang='lat' dir='ltr'>Petro</span> <span class='ocrx_word' id='word_1_268' title='bbox 3106 1569 3414 1639; x_wconf 88' lang='lat' dir='ltr'>obtinente,</span> 
     </span>
    </p>
   </div>
   <div class='ocr_carea' id='block_1_46' title="bbox 1776 1655 2450 1716">
    <p class='ocr_par' dir='ltr' id='par_1_46' title="bbox 1776 1655 2450 1716">
     <span class='ocr_line' id='line_1_46' title="bbox 1776 1655 2450 1716; baseline 0.012 -8"><span class='ocrx_word' id='word_1_269' title='bbox 1776 1655 1945 1711; x_wconf 84' lang='lat' dir='ltr'>faciat</span> <span class='ocrx_word' id='word_1_270' title='bbox 1973 1659 2306 1714; x_wconf 90' lang='lat' dir='ltr'>consolatos.</span> <span class='ocrx_word' id='word_1_271' title='bbox 2327 1661 2450 1716; x_wconf 88' lang='lat' dir='ltr'>Per.</span> 
     </span>
    </p>
   </div>
   <div class='ocr_carea' id='block_1_47' title="bbox 2453 1753 2722 1804">
    <p class='ocr_par' dir='ltr' id='par_1_47' title="bbox 2453 1753 2722 1804">
     <span class='ocr_line' id='line_1_47' title="bbox 2453 1753 2722 1804; baseline 0.004 -2"><span class='ocrx_word' id='word_1_272' title='bbox 2453 1753 2722 1804; x_wconf 91' lang='lat' dir='ltr'>Collectio.</span> 
     </span>
    </p>
   </div>
   <div class='ocr_carea' id='block_1_48' title="bbox 1697 1825 3418 1928">
    <p class='ocr_par' dir='ltr' id='par_1_48' title="bbox 1697 1825 3418 1928">
     <span class='ocr_line' id='line_1_48' title="bbox 1697 1825 3418 1928; baseline 0.005 -50"><span class='ocrx_word' id='word_1_273' title='bbox 1697 1857 1752 1928; x_wconf 84' lang='lat' dir='ltr'><strong>B</strong></span> <span class='ocrx_word' id='word_1_274' title='bbox 1847 1825 2213 1928; x_wconf 78' lang='lat' dir='ltr'>Omnipotens</span> <span class='ocrx_word' id='word_1_275' title='bbox 2258 1827 2597 1928; x_wconf 83' lang='lat' dir='ltr'>sempiterne</span> <span class='ocrx_word' id='word_1_276' title='bbox 2656 1831 2820 1898; x_wconf 87' lang='lat' dir='ltr'>Deus,</span> <span class='ocrx_word' id='word_1_277' title='bbox 2879 1831 2978 1901; x_wconf 91' lang='lat' dir='ltr'>qui</span> <span class='ocrx_word' id='word_1_278' title='bbox 3037 1831 3196 1886; x_wconf 89' lang='lat' dir='ltr'>beato</span> <span class='ocrx_word' id='word_1_279' title='bbox 3254 1833 3418 1928; x_wconf 83' lang='lat' dir='ltr'>Petro</span> 
     </span>
    </p>
   </div>
   <div class='ocr_carea' id='block_1_49' title="bbox 1774 1918 3420 1994">
    <p class='ocr_par' dir='ltr' id='par_1_49' title="bbox 1774 1918 3420 1994">
     <span class='ocr_line' id='line_1_49' title="bbox 1774 1918 3420 1994; baseline 0.005 -23"><span class='ocrx_word' id='word_1_280' title='bbox 1774 1918 2044 1989; x_wconf 89' lang='lat' dir='ltr'>apostolo,</span> <span class='ocrx_word' id='word_1_281' title='bbox 2091 1920 2325 1975; x_wconf 89' lang='lat' dir='ltr'>conlatis</span> <span class='ocrx_word' id='word_1_282' title='bbox 2367 1922 2615 1976; x_wconf 86' lang='lat' dir='ltr'>clavibus</span> <span class='ocrx_word' id='word_1_283' title='bbox 2653 1923 2817 1994; x_wconf 84' lang='lat' dir='ltr'>regni</span> <span class='ocrx_word' id='word_1_284' title='bbox 2846 1924 3101 1994; x_wconf 87' lang='lat' dir='ltr'>calestis,</span> <span class='ocrx_word' id='word_1_285' title='bbox 3136 1925 3352 1980; x_wconf 88' lang='lat' dir='ltr'>animas</span> <span class='ocrx_word' id='word_1_286' title='bbox 3393 1925 3420 1966; x_wconf 70' lang='grc' dir='ltr'>δ</span> 
     </span>
    </p>
   </div>
   <div class='ocr_carea' id='block_1_50' title="bbox 1775 2011 3416 2088">
    <p class='ocr_par' dir='ltr' id='par_1_50' title="bbox 1775 2011 3416 2088">
     <span class='ocr_line' id='line_1_50' title="bbox 1775 2011 3416 2088; baseline 0.006 -24"><span class='ocrx_word' id='word_1_287' title='bbox 1775 2011 1990 2082; x_wconf 78' lang='lat' dir='ltr'>ligandi</span> <span class='ocrx_word' id='word_1_288' title='bbox 2015 2017 2184 2084; x_wconf 90' lang='lat' dir='ltr'>atque</span> <span class='ocrx_word' id='word_1_289' title='bbox 2215 2014 2466 2068; x_wconf 89' lang='lat' dir='ltr'>solvendi</span> <span class='ocrx_word' id='word_1_290' title='bbox 2495 2013 2683 2087; x_wconf 84' lang='grc'>267</span> <span class='ocrx_word' id='word_1_291' title='bbox 2717 2016 3071 2087; x_wconf 84' lang='lat' dir='ltr'>pontiﬁcium</span> <span class='ocrx_word' id='word_1_292' title='bbox 3117 2019 3416 2088; x_wconf 89' lang='lat' dir='ltr'>tradidisti,</span> 
     </span>
    </p>
   </div>
   <div class='ocr_carea' id='block_1_51' title="bbox 1777 2106 3414 2182">
    <p class='ocr_par' dir='ltr' id='par_1_51' title="bbox 1777 2106 3414 2182">
     <span class='ocr_line' id='line_1_51' title="bbox 1777 2106 3414 2182; baseline 0.005 -23"><span class='ocrx_word' id='word_1_293' title='bbox 1777 2106 1980 2160; x_wconf 80' lang='lat' dir='ltr'>exaudi</span> <span class='ocrx_word' id='word_1_294' title='bbox 2004 2107 2285 2178; x_wconf 91' lang='lat' dir='ltr'>propitius</span> <span class='ocrx_word' id='word_1_295' title='bbox 2308 2124 2504 2179; x_wconf 88' lang='lat' dir='ltr'>preces</span> <span class='ocrx_word' id='word_1_296' title='bbox 2531 2112 2750 2163; x_wconf 90' lang='lat' dir='ltr'>nostras</span> <span class='ocrx_word' id='word_1_297' title='bbox 2775 2109 2836 2163; x_wconf 91' lang='lat' dir='ltr'>in</span> <span class='ocrx_word' id='word_1_298' title='bbox 2866 2110 2956 2164; x_wconf 92' lang='lat' dir='ltr'>die</span> <span class='ocrx_word' id='word_1_299' title='bbox 2977 2111 3184 2180; x_wconf 89' lang='lat' dir='ltr'>jejunii</span> <span class='ocrx_word' id='word_1_300' title='bbox 3219 2111 3414 2182; x_wconf 91' lang='lat' dir='ltr'>hujus,</span> 
     </span>
    </p>
   </div>
   <div class='ocr_carea' id='block_1_52' title="bbox 1777 2199 3413 2274">
    <p class='ocr_par' dir='ltr' id='par_1_52' title="bbox 1777 2199 3413 2274">
     <span class='ocr_line' id='line_1_52' title="bbox 1777 2199 3413 2274; baseline 0.004 -21"><span class='ocrx_word' id='word_1_301' title='bbox 1777 2202 1833 2253; x_wconf 89' lang='lat' dir='ltr'>et</span> <span class='ocrx_word' id='word_1_302' title='bbox 1875 2199 2273 2255; x_wconf 89' lang='lat' dir='ltr'>intercessione</span> <span class='ocrx_word' id='word_1_303' title='bbox 2318 2201 2460 2272; x_wconf 90' lang='lat' dir='ltr'>ejus,</span> <span class='ocrx_word' id='word_1_304' title='bbox 2496 2218 2843 2272; x_wconf 69' lang='lat' dir='ltr'>quaesumus,</span> <span class='ocrx_word' id='word_1_305' title='bbox 2885 2207 2952 2257; x_wconf 90' lang='lat' dir='ltr'>ut</span> <span class='ocrx_word' id='word_1_306' title='bbox 2988 2219 3021 2256; x_wconf 88' lang='lat' dir='ltr'>a</span> <span class='ocrx_word' id='word_1_307' title='bbox 3054 2209 3413 2274; x_wconf 88' lang='lat' dir='ltr'>peccatorum</span> 
     </span>
    </p>
   </div>
   <div class='ocr_carea' id='block_1_53' title="bbox 1775 2294 2875 2350">
    <p class='ocr_par' dir='ltr' id='par_1_53' title="bbox 1775 2294 2875 2350">
     <span class='ocr_line' id='line_1_53' title="bbox 1775 2294 2875 2350; baseline 0.004 -4"><span class='ocrx_word' id='word_1_308' title='bbox 1775 2297 2098 2348; x_wconf 90' lang='lat' dir='ltr'>nostrorum</span> <span class='ocrx_word' id='word_1_309' title='bbox 2125 2294 2363 2348; x_wconf 86' lang='lat' dir='ltr'>nexibus</span> <span class='ocrx_word' id='word_1_310' title='bbox 2388 2294 2717 2350; x_wconf 89' lang='lat' dir='ltr'>liberemur.</span> <span class='ocrx_word' id='word_1_311' title='bbox 2749 2296 2875 2350; x_wconf 93' lang='lat' dir='ltr'>Per.</span> 
     </span>
    </p>
   </div>
   <div class='ocr_carea' id='block_1_54' title="bbox 2233 2387 2965 2438">
    <p class='ocr_par' dir='ltr' id='par_1_54' title="bbox 2233 2387 2965 2438">
     <span class='ocr_line' id='line_1_54' title="bbox 2233 2387 2965 2438; baseline 0.001 -2"><span class='ocrx_word' id='word_1_312' title='bbox 2233 2387 2484 2437; x_wconf 89' lang='lat' dir='ltr'>Collectio</span> <span class='ocrx_word' id='word_1_313' title='bbox 2503 2387 2558 2436; x_wconf 91' lang='lat' dir='ltr'>in</span> <span class='ocrx_word' id='word_1_314' title='bbox 2583 2391 2762 2438; x_wconf 89' lang='lat' dir='ltr'>sancto</span> <span class='ocrx_word' id='word_1_315' title='bbox 2787 2388 2965 2438; x_wconf 87' lang='lat' dir='ltr'>Paulo.</span> 
     </span>
    </p>
   </div>
   <div class='ocr_carea' id='block_1_55' title="bbox 1848 2461 3413 2536">
    <p class='ocr_par' dir='ltr' id='par_1_55' title="bbox 1848 2461 3413 2536">
     <span class='ocr_line' id='line_1_55' title="bbox 1848 2461 3413 2536; baseline 0.004 -21"><span class='ocrx_word' id='word_1_316' title='bbox 1848 2461 2002 2529; x_wconf 90' lang='lat' dir='ltr'>Vide,</span> <span class='ocrx_word' id='word_1_317' title='bbox 2033 2462 2288 2529; x_wconf 91' lang='lat' dir='ltr'>Domine,</span> <span class='ocrx_word' id='word_1_318' title='bbox 2329 2478 2675 2533; x_wconf 81' lang='lat' dir='ltr'>quaesumus,</span> <span class='ocrx_word' id='word_1_319' title='bbox 2705 2462 3096 2518; x_wconf 80' lang='lat' dir='ltr'>inﬁrmitatem</span> <span class='ocrx_word' id='word_1_320' title='bbox 3125 2469 3413 2536; x_wconf 90' lang='lat' dir='ltr'>nostram;</span> 
     </span>
    </p>
   </div>
   <div class='ocr_carea' id='block_1_56' title="bbox 1776 2554 3413 2628">
    <p class='ocr_par' dir='ltr' id='par_1_56' title="bbox 1776 2554 3413 2628">
     <span class='ocr_line' id='line_1_56' title="bbox 1776 2554 3413 2628; baseline 0.003 -18"><span class='ocrx_word' id='word_1_321' title='bbox 1776 2559 1833 2610; x_wconf 92' lang='lat' dir='ltr'>et</span> <span class='ocrx_word' id='word_1_322' title='bbox 1861 2554 1918 2609; x_wconf 94' lang='lat' dir='ltr'>in</span> <span class='ocrx_word' id='word_1_323' title='bbox 1937 2555 2133 2610; x_wconf 91' lang='lat' dir='ltr'>diebus</span> <span class='ocrx_word' id='word_1_324' title='bbox 2153 2555 2507 2626; x_wconf 90' lang='lat' dir='ltr'>jejuniorum</span> <span class='ocrx_word' id='word_1_325' title='bbox 2545 2557 2805 2624; x_wconf 90' lang='lat' dir='ltr'>istorum,</span> <span class='ocrx_word' id='word_1_326' title='bbox 2851 2573 2992 2628; x_wconf 90' lang='lat' dir='ltr'>quos</span> <span class='ocrx_word' id='word_1_327' title='bbox 3029 2557 3180 2613; x_wconf 89' lang='lat' dir='ltr'>trina</span> <span class='ocrx_word' id='word_1_328' title='bbox 3215 2575 3413 2615; x_wconf 92' lang='lat' dir='ltr'>conse-</span> 
     </span>
    </p>
   </div>
   <div class='ocr_carea' id='block_1_57' title="bbox 1776 2648 3416 2720">
    <p class='ocr_par' dir='ltr' id='par_1_57' title="bbox 1776 2648 3416 2720">
     <span class='ocr_line' id='line_1_57' title="bbox 1776 2648 3416 2720; baseline 0.003 -17"><span class='ocrx_word' id='word_1_329' title='bbox 1776 2649 1949 2704; x_wconf 89' lang='lat' dir='ltr'>cratio</span> <span class='ocrx_word' id='word_1_330' title='bbox 1994 2648 2144 2703; x_wconf 90' lang='lat' dir='ltr'>trino</span> <span class='ocrx_word' id='word_1_331' title='bbox 2189 2666 2429 2704; x_wconf 91' lang='lat' dir='ltr'>numero</span> <span class='ocrx_word' id='word_1_332' title='bbox 2488 2650 2621 2705; x_wconf 90' lang='lat' dir='ltr'>facit</span> <span class='ocrx_word' id='word_1_333' title='bbox 2666 2655 2941 2720; x_wconf 79' lang='lat' dir='ltr'>extensos,</span> <span class='ocrx_word' id='word_1_334' title='bbox 3006 2651 3416 2709; x_wconf 86' lang='lat' dir='ltr'>interveniente</span> 
     </span>
    </p>
   </div>
   <div class='ocr_carea' id='block_1_58' title="bbox 1774 2741 3412 2818">
    <p class='ocr_par' dir='ltr' id='par_1_58' title="bbox 1774 2741 3412 2818">
     <span class='ocr_line' id='line_1_58' title="bbox 1774 2741 3412 2818; baseline 0.005 -23"><span class='ocrx_word' id='word_1_335' title='bbox 1774 2741 1939 2796; x_wconf 89' lang='lat' dir='ltr'>beato</span> <span class='ocrx_word' id='word_1_336' title='bbox 1975 2744 2223 2813; x_wconf 90' lang='lat' dir='ltr'>apostolo</span> <span class='ocrx_word' id='word_1_337' title='bbox 2258 2749 2358 2798; x_wconf 89' lang='lat' dir='ltr'>tuo</span> <span class='ocrx_word' id='word_1_338' title='bbox 2391 2744 2582 2811; x_wconf 89' lang='lat' dir='ltr'>Paulo,</span> <span class='ocrx_word' id='word_1_339' title='bbox 2619 2744 2800 2800; x_wconf 89' lang='lat' dir='ltr'>celere</span> <span class='ocrx_word' id='word_1_340' title='bbox 2835 2745 2996 2800; x_wconf 90' lang='lat' dir='ltr'>nobis</span> <span class='ocrx_word' id='word_1_341' title='bbox 3034 2747 3244 2818; x_wconf 86' lang='lat' dir='ltr'>pietate</span> <span class='ocrx_word' id='word_1_342' title='bbox 3284 2764 3412 2802; x_wconf 89' lang='lat' dir='ltr'>suc-</span> 
     </span>
    </p>
   </div>
   <div class='ocr_carea' id='block_1_59' title="bbox 1776 2837 3410 2910">
    <p class='ocr_par' dir='ltr' id='par_1_59' title="bbox 1776 2837 3410 2910">
     <span class='ocr_line' id='line_1_59' title="bbox 1776 2837 3410 2910; baseline 0.004 -21"><span class='ocrx_word' id='word_1_343' title='bbox 1776 2852 1939 2892; x_wconf 90' lang='lat' dir='ltr'>curre</span> <span class='ocrx_word' id='word_1_344' title='bbox 1963 2854 1976 2890; x_wconf 91' lang='lat'><strong>:</strong></span> <span class='ocrx_word' id='word_1_345' title='bbox 2018 2842 2081 2891; x_wconf 89' lang='lat' dir='ltr'>ut</span> <span class='ocrx_word' id='word_1_346' title='bbox 2111 2853 2251 2908; x_wconf 89' lang='lat' dir='ltr'>quos</span> <span class='ocrx_word' id='word_1_347' title='bbox 2268 2837 2492 2908; x_wconf 89' lang='lat' dir='ltr'>justitia</span> <span class='ocrx_word' id='word_1_348' title='bbox 2519 2838 2773 2910; x_wconf 88' lang='lat' dir='ltr'>corripis,</span> <span class='ocrx_word' id='word_1_349' title='bbox 2804 2839 3186 2895; x_wconf 89' lang='lat' dir='ltr'>misericordia</span> <span class='ocrx_word' id='word_1_350' title='bbox 3211 2857 3410 2896; x_wconf 90' lang='lat' dir='ltr'>conso-</span> 
     </span>
    </p>
   </div>
   <div class='ocr_carea' id='block_1_60' title="bbox 1773 2929 2078 2985">
    <p class='ocr_par' dir='ltr' id='par_1_60' title="bbox 1773 2929 2078 2985">
     <span class='ocr_line' id='line_1_60' title="bbox 1773 2929 2078 2985; baseline 0.003 -1"><span class='ocrx_word' id='word_1_351' title='bbox 1773 2929 1925 2985; x_wconf 88' lang='lat' dir='ltr'>leris.</span> <span class='ocrx_word' id='word_1_352' title='bbox 1953 2931 2078 2985; x_wconf 89' lang='lat' dir='ltr'>Per.</span> 
     </span>
    </p>
   </div>
   <div class='ocr_carea' id='block_1_61' title="bbox 2385 3002 2801 3053">
    <p class='ocr_par' dir='ltr' id='par_1_61' title="bbox 2385 3002 2801 3053">
     <span class='ocr_line' id='line_1_61' title="bbox 2385 3002 2801 3053; baseline 0.01 -3"><span class='ocrx_word' id='word_1_353' title='bbox 2385 3002 2514 3050; x_wconf 91' lang='lat' dir='ltr'>Item</span> <span class='ocrx_word' id='word_1_354' title='bbox 2541 3002 2801 3053; x_wconf 90' lang='lat' dir='ltr'>collectio.</span> 
     </span>
    </p>
   </div>
   <div class='ocr_carea' id='block_1_62' title="bbox 1845 3077 3411 3150">
    <p class='ocr_par' dir='ltr' id='par_1_62' title="bbox 1845 3077 3411 3150">
     <span class='ocr_line' id='line_1_62' title="bbox 1845 3077 3411 3150; baseline 0.003 -19"><span class='ocrx_word' id='word_1_355' title='bbox 1845 3077 2080 3146; x_wconf 82' lang='lat' dir='ltr'>Exaudi,</span> <span class='ocrx_word' id='word_1_356' title='bbox 2114 3077 2348 3132; x_wconf 90' lang='lat' dir='ltr'>Domine</span> <span class='ocrx_word' id='word_1_357' title='bbox 2374 3094 2720 3148; x_wconf 88' lang='lat' dir='ltr'>quasumus,</span> <span class='ocrx_word' id='word_1_358' title='bbox 2752 3079 3032 3150; x_wconf 87' lang='lat' dir='ltr'>gemitum</span> <span class='ocrx_word' id='word_1_359' title='bbox 3055 3083 3318 3134; x_wconf 88' lang='lat' dir='ltr'>nostrum</span> <span class='ocrx_word' id='word_1_360' title='bbox 3351 3081 3411 3136; x_wconf 91' lang='lat' dir='ltr'>in</span> 
     </span>
    </p>
   </div>
   <div class='ocr_carea' id='block_1_63' title="bbox 1775 3169 3403 3242">
    <p class='ocr_par' dir='ltr' id='par_1_63' title="bbox 1775 3169 3403 3242">
     <span class='ocr_line' id='line_1_63' title="bbox 1775 3169 3403 3242; baseline 0.004 -19"><span class='ocrx_word' id='word_1_361' title='bbox 1775 3169 1972 3224; x_wconf 91' lang='lat' dir='ltr'>diebus</span> <span class='ocrx_word' id='word_1_362' title='bbox 2002 3171 2355 3242; x_wconf 90' lang='lat' dir='ltr'>jejuniorum</span> <span class='ocrx_word' id='word_1_363' title='bbox 2393 3171 2544 3226; x_wconf 87' lang='lat' dir='ltr'>trino</span> <span class='ocrx_word' id='word_1_364' title='bbox 2582 3188 2824 3228; x_wconf 91' lang='lat' dir='ltr'>numero</span> <span class='ocrx_word' id='word_1_365' title='bbox 2862 3173 3122 3228; x_wconf 89' lang='lat' dir='ltr'>Trinitati</span> <span class='ocrx_word' id='word_1_366' title='bbox 3158 3179 3403 3229; x_wconf 89' lang='lat' dir='ltr'>sacrato-</span> 
     </span>
    </p>
   </div>
   <div class='ocr_carea' id='block_1_64' title="bbox 81 3228 3410 3346">
    <p class='ocr_par' dir='ltr' id='par_1_64' title="bbox 81 3228 3410 3346">
     <span class='ocr_line' id='line_1_64' title="bbox 183 3228 3333 3250; baseline 0.007 -21"><span class='ocrx_word' id='word_1_367' title='bbox 288 3228 513 3248; x_wconf 37' lang='lat' dir='ltr'>_-o___</span> <span class='ocrx_word' id='word_1_368' title='bbox 553 3228 604 3233; x_wconf 73' lang='lat'>--</span> <span class='ocrx_word' id='word_1_369' title='bbox 632 3228 855 3249; x_wconf 48' lang='grc' dir='ltr'>,πη-η-</span> <span class='ocrx_word' id='word_1_370' title='bbox 906 3228 1002 3249; x_wconf 78' lang='lat'>-_-,</span> <span class='ocrx_word' id='word_1_371' title='bbox 1033 3228 1161 3234; x_wconf 56' lang='grc' dir='ltr'>η---</span> <span class='ocrx_word' id='word_1_372' title='bbox 1213 3228 1277 3234; x_wconf 73' lang='lat'>_-</span> <span class='ocrx_word' id='word_1_373' title='bbox 1315 3228 1395 3235; x_wconf 62' lang='grc' dir='ltr'>π-</span> <span class='ocrx_word' id='word_1_374' title='bbox 1436 3228 1672 3250; x_wconf 56' lang='grc' dir='ltr'>νοη-</span> <span class='ocrx_word' id='word_1_375' title='bbox 2002 3228 2024 3242; x_wconf 85' lang='lat'>..</span> <span class='ocrx_word' id='word_1_376' title='bbox 2058 3228 2080 3241; x_wconf 71' lang='grc' dir='ltr'><em>υ</em></span> <span class='ocrx_word' id='word_1_377' title='bbox 3327 3228 3333 3229; x_wconf 48' lang='grc' dir='ltr'>ί</span> 
     </span>
     <span class='ocr_line' id='line_1_65' title="bbox 81 3228 3410 3346; baseline 0 -24"><span class='ocrx_word' id='word_1_378' title='bbox 81 3273 122 3322; x_wconf 85' lang='lat' dir='ltr'>te</span> <span class='ocrx_word' id='word_1_379' title='bbox 163 3269 324 3324; x_wconf 88' lang='lat' dir='ltr'>solum</span> <span class='ocrx_word' id='word_1_380' title='bbox 351 3289 382 3324; x_wconf 90' lang='lat' dir='ltr'>a</span> <span class='ocrx_word' id='word_1_381' title='bbox 404 3272 800 3344; x_wconf 85' lang='lat' dir='ltr'>jejunantibus</span> <span class='ocrx_word' id='word_1_382' title='bbox 839 3274 1118 3346; x_wconf 75' lang='lat' dir='ltr'>quaerere,</span> <span class='ocrx_word' id='word_1_383' title='bbox 1161 3228 1262 3345; x_wconf 62' lang='grc' dir='ltr'>ἔξω</span> <span class='ocrx_word' id='word_1_384' title='bbox 1305 3290 1363 3328; x_wconf 93' lang='lat' dir='ltr'>es</span> <span class='ocrx_word' id='word_1_385' title='bbox 1397 3228 1747 3344; x_wconf 84' lang='lat' dir='ltr'>magisterC</span> <span class='ocrx_word' id='word_1_386' title='bbox 1772 3280 1933 3333; x_wconf 89' lang='lat' dir='ltr'>rum;</span> <span class='ocrx_word' id='word_1_387' title='bbox 1963 3270 2020 3318; x_wconf 90' lang='lat' dir='ltr'>et</span> <span class='ocrx_word' id='word_1_388' title='bbox 2061 3264 2443 3320; x_wconf 91' lang='lat' dir='ltr'>intercedente</span> <span class='ocrx_word' id='word_1_389' title='bbox 2476 3266 2641 3321; x_wconf 91' lang='lat' dir='ltr'>beato</span> <span class='ocrx_word' id='word_1_390' title='bbox 2683 3267 2856 3322; x_wconf 88' lang='lat' dir='ltr'>Paulo</span> <span class='ocrx_word' id='word_1_391' title='bbox 2898 3265 3172 3338; x_wconf 83' lang='lat' dir='ltr'>magistro</span> <span class='ocrx_word' id='word_1_392' title='bbox 3216 3273 3410 3324; x_wconf 89' lang='lat' dir='ltr'>nostro</span> 
     </span>
    </p>
   </div>
   <div class='ocr_carea' id='block_1_65' title="bbox 82 3360 1665 3433">
    <p class='ocr_par' dir='ltr' id='par_1_65' title="bbox 82 3360 1665 3433">
     <span class='ocr_line' id='line_1_66' title="bbox 82 3360 1665 3433; baseline 0.005 -19"><span class='ocrx_word' id='word_1_393' title='bbox 82 3360 404 3433; x_wconf 86' lang='lat' dir='ltr'>abstinentia,</span> <span class='ocrx_word' id='word_1_394' title='bbox 451 3371 508 3420; x_wconf 89' lang='lat' dir='ltr'>et</span> <span class='ocrx_word' id='word_1_395' title='bbox 557 3366 922 3420; x_wconf 89' lang='lat' dir='ltr'>continentia</span> <span class='ocrx_word' id='word_1_396' title='bbox 967 3371 1364 3422; x_wconf 89' lang='lat' dir='ltr'>remunerator</span> <span class='ocrx_word' id='word_1_397' title='bbox 1413 3372 1665 3422; x_wconf 81' lang='lat' dir='ltr'>aeterne:</span> 
     </span>
    </p>
   </div>
   <div class='ocr_carea' id='block_1_66' title="bbox 82 3456 1668 3532">
    <p class='ocr_par' dir='ltr' id='par_1_66' title="bbox 82 3456 1668 3532">
     <span class='ocr_line' id='line_1_67' title="bbox 82 3456 1668 3532; baseline 0.003 -20"><span class='ocrx_word' id='word_1_398' title='bbox 82 3456 249 3527; x_wconf 86' lang='lat' dir='ltr'>quique</span> <span class='ocrx_word' id='word_1_399' title='bbox 272 3475 300 3512; x_wconf 91' lang='lat' dir='ltr'>a</span> <span class='ocrx_word' id='word_1_400' title='bbox 311 3458 722 3530; x_wconf 88' lang='lat' dir='ltr'>jejunantibus,</span> <span class='ocrx_word' id='word_1_401' title='bbox 740 3460 906 3515; x_wconf 87' lang='lat' dir='ltr'>ﬁdele</span> <span class='ocrx_word' id='word_1_402' title='bbox 921 3465 1143 3516; x_wconf 91' lang='lat' dir='ltr'>tantum</span> <span class='ocrx_word' id='word_1_403' title='bbox 1163 3461 1329 3516; x_wconf 90' lang='lat' dir='ltr'>corde</span> <span class='ocrx_word' id='word_1_404' title='bbox 1345 3465 1668 3532; x_wconf 87' lang='lat' dir='ltr'>exposcant,</span> 
     </span>
    </p>
   </div>
   <div class='ocr_carea' id='block_1_67' title="bbox 81 3547 1674 3625">
    <p class='ocr_par' dir='ltr' id='par_1_67' title="bbox 81 3547 1674 3625">
     <span class='ocr_line' id='line_1_68' title="bbox 81 3547 1674 3625; baseline 0.006 -24"><span class='ocrx_word' id='word_1_405' title='bbox 81 3547 306 3622; x_wconf 83' lang='lat' dir='ltr'>abstergis</span> <span class='ocrx_word' id='word_1_406' title='bbox 332 3569 563 3609; x_wconf 91' lang='lat' dir='ltr'>omnem</span> <span class='ocrx_word' id='word_1_407' title='bbox 579 3553 885 3623; x_wconf 87' lang='lat' dir='ltr'>maculam,</span> <span class='ocrx_word' id='word_1_408' title='bbox 915 3571 1089 3625; x_wconf 90' lang='lat' dir='ltr'>quam</span> <span class='ocrx_word' id='word_1_409' title='bbox 1114 3555 1374 3610; x_wconf 88' lang='lat' dir='ltr'>saturitas</span> <span class='ocrx_word' id='word_1_410' title='bbox 1391 3554 1674 3611; x_wconf 89' lang='lat' dir='ltr'>contrahit</span> 
     </span>
    </p>
   </div>
   <div class='ocr_carea' id='block_1_68' title="bbox 80 3640 1673 3719">
    <p class='ocr_par' dir='ltr' id='par_1_68' title="bbox 80 3640 1673 3719">
     <span class='ocr_line' id='line_1_69' title="bbox 80 3640 1673 3719; baseline 0.004 -24"><span class='ocrx_word' id='word_1_411' title='bbox 80 3640 318 3700; x_wconf 86' lang='lat' dir='ltr'>indecens.</span> <span class='ocrx_word' id='word_1_412' title='bbox 348 3647 456 3702; x_wconf 88' lang='lat' dir='ltr'>Hoc</span> <span class='ocrx_word' id='word_1_413' title='bbox 486 3647 684 3719; x_wconf 88' lang='lat' dir='ltr'>itaque</span> <span class='ocrx_word' id='word_1_414' title='bbox 711 3652 967 3703; x_wconf 89' lang='lat' dir='ltr'>sanctum</span> <span class='ocrx_word' id='word_1_415' title='bbox 1000 3648 1289 3718; x_wconf 90' lang='lat' dir='ltr'>jejunium</span> <span class='ocrx_word' id='word_1_416' title='bbox 1319 3648 1384 3702; x_wconf 91' lang='lat' dir='ltr'>in</span> <span class='ocrx_word' id='word_1_417' title='bbox 1417 3648 1673 3703; x_wconf 90' lang='lat' dir='ltr'>Leviticis</span> 
     </span>
    </p>
   </div>
   <div class='ocr_carea' id='block_1_69' title="bbox 81 3736 1669 3813">
    <p class='ocr_par' dir='ltr' id='par_1_69' title="bbox 81 3736 1669 3813">
     <span class='ocr_line' id='line_1_70' title="bbox 81 3736 1669 3813; baseline 0.007 -27"><span class='ocrx_word' id='word_1_418' title='bbox 81 3736 284 3805; x_wconf 85' lang='lat' dir='ltr'>apicibus</span> <span class='ocrx_word' id='word_1_419' title='bbox 309 3757 408 3811; x_wconf 91' lang='lat' dir='ltr'>per</span> <span class='ocrx_word' id='word_1_420' title='bbox 432 3741 718 3795; x_wconf 88' lang='lat' dir='ltr'>famulum</span> <span class='ocrx_word' id='word_1_421' title='bbox 742 3746 909 3796; x_wconf 90' lang='lat' dir='ltr'>tuum</span> <span class='ocrx_word' id='word_1_422' title='bbox 949 3742 1176 3813; x_wconf 83' lang='lat' dir='ltr'>Moysen</span> <span class='ocrx_word' id='word_1_423' title='bbox 1218 3741 1532 3797; x_wconf 89' lang='lat' dir='ltr'>evidentius</span> <span class='ocrx_word' id='word_1_424' title='bbox 1570 3742 1669 3797; x_wconf 91' lang='lat' dir='ltr'>de-</span> 
     </span>
    </p>
   </div>
   <div class='ocr_carea' id='block_1_70' title="bbox 82 3827 1673 3906">
    <p class='ocr_par' dir='ltr' id='par_1_70' title="bbox 82 3827 1673 3906">
     <span class='ocr_line' id='line_1_71' title="bbox 82 3827 1673 3906; baseline 0.006 -26"><span class='ocrx_word' id='word_1_425' title='bbox 82 3827 259 3886; x_wconf 83' lang='lat' dir='ltr'>clarasti</span> <span class='ocrx_word' id='word_1_426' title='bbox 294 3851 306 3888; x_wconf 90' lang='lat'>:</span> <span class='ocrx_word' id='word_1_427' title='bbox 355 3833 413 3890; x_wconf 91' lang='lat' dir='ltr'>in</span> <span class='ocrx_word' id='word_1_428' title='bbox 453 3850 570 3906; x_wconf 91' lang='lat' dir='ltr'>quo</span> <span class='ocrx_word' id='word_1_429' title='bbox 602 3835 819 3906; x_wconf 91' lang='lat' dir='ltr'>jussisti</span> <span class='ocrx_word' id='word_1_430' title='bbox 861 3839 922 3890; x_wconf 88' lang='lat' dir='ltr'>ut</span> <span class='ocrx_word' id='word_1_431' title='bbox 965 3835 1401 3890; x_wconf 88' lang='lat' dir='ltr'>humiliaremus</span> <span class='ocrx_word' id='word_1_432' title='bbox 1454 3836 1673 3890; x_wconf 88' lang='lat' dir='ltr'>animas</span> 
     </span>
    </p>
   </div>
   <div class='ocr_carea' id='block_1_71' title="bbox 82 3928 1672 4000">
    <p class='ocr_par' dir='ltr' id='par_1_71' title="bbox 82 3928 1672 4000">
     <span class='ocr_line' id='line_1_72' title="bbox 82 3928 1672 4000; baseline 0.004 -25"><span class='ocrx_word' id='word_1_433' title='bbox 82 3929 272 3993; x_wconf 85' lang='lat' dir='ltr'>nostras,</span> <span class='ocrx_word' id='word_1_434' title='bbox 297 3944 366 3982; x_wconf 92' lang='lat' dir='ltr'>ne</span> <span class='ocrx_word' id='word_1_435' title='bbox 397 3929 935 3997; x_wconf 86' lang='lat' dir='ltr'>exterminaremur,</span> <span class='ocrx_word' id='word_1_436' title='bbox 965 3928 1110 3983; x_wconf 89' lang='lat' dir='ltr'>sicut</span> <span class='ocrx_word' id='word_1_437' title='bbox 1147 3945 1243 3983; x_wconf 90' lang='lat' dir='ltr'>esu</span> <span class='ocrx_word' id='word_1_438' title='bbox 1273 3930 1419 4000; x_wconf 88' lang='lat' dir='ltr'>gula</span> <span class='ocrx_word' id='word_1_439' title='bbox 1450 3929 1672 3984; x_wconf 89' lang='lat' dir='ltr'>deditus</span> 
     </span>
    </p>
   </div>
   <div class='ocr_carea' id='block_1_72' title="bbox 80 4019 1673 4093">
    <p class='ocr_par' dir='ltr' id='par_1_72' title="bbox 80 4019 1673 4093">
     <span class='ocr_line' id='line_1_73' title="bbox 80 4019 1673 4093; baseline 0.004 -23"><span class='ocrx_word' id='word_1_440' title='bbox 80 4019 277 4088; x_wconf 86' lang='lat' dir='ltr'>populus</span> <span class='ocrx_word' id='word_1_441' title='bbox 304 4023 735 4077; x_wconf 81' lang='lat' dir='ltr'>exterminatur.</span> <span class='ocrx_word' id='word_1_442' title='bbox 773 4022 930 4086; x_wconf 92' lang='lat' dir='ltr'>Quod</span> <span class='ocrx_word' id='word_1_443' title='bbox 962 4022 1131 4077; x_wconf 90' lang='lat' dir='ltr'>etiam</span> <span class='ocrx_word' id='word_1_444' title='bbox 1154 4022 1318 4077; x_wconf 90' lang='lat' dir='ltr'>nobis</span> <span class='ocrx_word' id='word_1_445' title='bbox 1339 4021 1673 4093; x_wconf 86' lang='lat' dir='ltr'>Unigenitus</span> 
     </span>
    </p>
   </div>
   <div class='ocr_carea' id='block_1_73' title="bbox 80 4109 1669 4187">
    <p class='ocr_par' dir='ltr' id='par_1_73' title="bbox 80 4109 1669 4187">
     <span class='ocr_line' id='line_1_74' title="bbox 80 4109 1669 4187; baseline 0.006 -27"><span class='ocrx_word' id='word_1_446' title='bbox 80 4109 180 4163; x_wconf 87' lang='lat' dir='ltr'>tuus</span> <span class='ocrx_word' id='word_1_447' title='bbox 203 4113 275 4167; x_wconf 88' lang='lat' dir='ltr'>ita</span> <span class='ocrx_word' id='word_1_448' title='bbox 298 4117 666 4170; x_wconf 85' lang='lat' dir='ltr'>sanctiﬁcavit</span> <span class='ocrx_word' id='word_1_449' title='bbox 698 4116 1011 4187; x_wconf 88' lang='lat' dir='ltr'>implendo,</span> <span class='ocrx_word' id='word_1_450' title='bbox 1041 4121 1096 4170; x_wconf 88' lang='lat' dir='ltr'>et</span> <span class='ocrx_word' id='word_1_451' title='bbox 1114 4121 1179 4170; x_wconf 91' lang='lat' dir='ltr'>ut</span> <span class='ocrx_word' id='word_1_452' title='bbox 1202 4132 1447 4187; x_wconf 90' lang='lat' dir='ltr'>regnum</span> <span class='ocrx_word' id='word_1_453' title='bbox 1475 4115 1669 4187; x_wconf 89' lang='lat' dir='ltr'>perdi—</span> 
     </span>
    </p>
   </div>
   <div class='ocr_carea' id='block_1_74' title="bbox 81 4205 1668 4280">
    <p class='ocr_par' dir='ltr' id='par_1_74' title="bbox 81 4205 1668 4280">
     <span class='ocr_line' id='line_1_75' title="bbox 81 4205 1668 4280; baseline 0.004 -23"><span class='ocrx_word' id='word_1_454' title='bbox 81 4205 172 4257; x_wconf 85' lang='lat' dir='ltr'>tum</span> <span class='ocrx_word' id='word_1_455' title='bbox 186 4221 276 4276; x_wconf 89' lang='lat' dir='ltr'>per</span> <span class='ocrx_word' id='word_1_456' title='bbox 282 4208 568 4280; x_wconf 89' lang='lat' dir='ltr'>jejunium</span> <span class='ocrx_word' id='word_1_457' title='bbox 590 4210 883 4280; x_wconf 89' lang='lat' dir='ltr'>panderet,</span> <span class='ocrx_word' id='word_1_458' title='bbox 904 4215 960 4265; x_wconf 90' lang='lat' dir='ltr'>et</span> <span class='ocrx_word' id='word_1_459' title='bbox 977 4210 1218 4280; x_wconf 88' lang='lat' dir='ltr'>peccatis</span> <span class='ocrx_word' id='word_1_460' title='bbox 1240 4210 1465 4265; x_wconf 89' lang='lat' dir='ltr'>veniam</span> <span class='ocrx_word' id='word_1_461' title='bbox 1488 4209 1668 4264; x_wconf 86' lang='lat' dir='ltr'>daret.</span> 
     </span>
    </p>
   </div>
   <div class='ocr_carea' id='block_1_75' title="bbox 84 4294 1673 4376">
    <p class='ocr_par' dir='ltr' id='par_1_75' title="bbox 84 4294 1673 4376">
     <span class='ocr_line' id='line_1_76' title="bbox 84 4294 1673 4376; baseline 0.007 -29"><span class='ocrx_word' id='word_1_462' title='bbox 84 4294 132 4349; x_wconf 86' lang='lat' dir='ltr'>Et</span> <span class='ocrx_word' id='word_1_463' title='bbox 150 4297 256 4354; x_wconf 92' lang='lat' dir='ltr'>ideo</span> <span class='ocrx_word' id='word_1_464' title='bbox 297 4318 417 4372; x_wconf 85' lang='lat' dir='ltr'>qua</span> <span class='ocrx_word' id='word_1_465' title='bbox 457 4302 757 4358; x_wconf 86' lang='lat' dir='ltr'>instituisti</span> <span class='ocrx_word' id='word_1_466' title='bbox 795 4303 1018 4374; x_wconf 90' lang='lat' dir='ltr'>jejunia</span> <span class='ocrx_word' id='word_1_467' title='bbox 1065 4303 1284 4376; x_wconf 90' lang='lat' dir='ltr'>suscipe</span> <span class='ocrx_word' id='word_1_468' title='bbox 1319 4303 1524 4370; x_wconf 90' lang='lat' dir='ltr'>libens,</span> <span class='ocrx_word' id='word_1_469' title='bbox 1569 4319 1673 4373; x_wconf 91' lang='lat' dir='ltr'>per</span> 
     </span>
    </p>
   </div>
   <div class='ocr_carea' id='block_1_76' title="bbox 83 4396 1671 4470">
    <p class='ocr_par' dir='ltr' id='par_1_76' title="bbox 83 4396 1671 4470">
     <span class='ocr_line' id='line_1_77' title="bbox 83 4396 1671 4470; baseline 0.006 -28"><span class='ocrx_word' id='word_1_470' title='bbox 83 4404 131 4442; x_wconf 86' lang='lat' dir='ltr'>ea</span> <span class='ocrx_word' id='word_1_471' title='bbox 152 4407 238 4447; x_wconf 88' lang='lat' dir='ltr'>nos</span> <span class='ocrx_word' id='word_1_472' title='bbox 258 4411 288 4449; x_wconf 89' lang='lat' dir='ltr'>a</span> <span class='ocrx_word' id='word_1_473' title='bbox 328 4397 578 4451; x_wconf 87' lang='lat' dir='ltr'>reatibus</span> <span class='ocrx_word' id='word_1_474' title='bbox 619 4396 835 4452; x_wconf 89' lang='lat' dir='ltr'>cunctis</span> <span class='ocrx_word' id='word_1_475' title='bbox 879 4396 1192 4467; x_wconf 89' lang='lat' dir='ltr'>absolvens,</span> <span class='ocrx_word' id='word_1_476' title='bbox 1236 4413 1340 4470; x_wconf 89' lang='lat' dir='ltr'>per</span> <span class='ocrx_word' id='word_1_477' title='bbox 1383 4396 1671 4452; x_wconf 88' lang='lat' dir='ltr'>Christum</span> 
     </span>
    </p>
   </div>
   <div class='ocr_carea' id='block_1_77' title="bbox 85 4481 642 4546">
    <p class='ocr_par' dir='ltr' id='par_1_77' title="bbox 85 4481 642 4546">
     <span class='ocr_line' id='line_1_78' title="bbox 85 4481 642 4546; baseline 0.009 -5"><span class='ocrx_word' id='word_1_478' title='bbox 85 4481 335 4544; x_wconf 84' lang='lat' dir='ltr'>Dominum</span> <span class='ocrx_word' id='word_1_479' title='bbox 361 4495 642 4546; x_wconf 90' lang='lat' dir='ltr'>nostrum.</span> 
     </span>
    </p>
   </div>
   <div class='ocr_carea' id='block_1_78' title="bbox 135 4579 1333 4656">
    <p class='ocr_par' dir='ltr' id='par_1_78' title="bbox 135 4579 1333 4656">
     <span class='ocr_line' id='line_1_79' title="bbox 135 4579 1333 4656; baseline 0.006 -24"><span class='ocrx_word' id='word_1_480' title='bbox 135 4579 235 4636; x_wconf 87' lang='lat' dir='ltr'>Post</span> <span class='ocrx_word' id='word_1_481' title='bbox 255 4583 476 4640; x_wconf 87' lang='lat' dir='ltr'>Sanctus</span> <span class='ocrx_word' id='word_1_482' title='bbox 495 4601 599 4656; x_wconf 77' lang='lat' dir='ltr'>per</span> <span class='ocrx_word' id='word_1_483' title='bbox 629 4589 771 4640; x_wconf 78' lang='lat' dir='ltr'>totas</span> <span class='ocrx_word' id='word_1_484' title='bbox 800 4589 904 4640; x_wconf 85' lang='lat' dir='ltr'>tres</span> <span class='ocrx_word' id='word_1_485' title='bbox 930 4587 1120 4640; x_wconf 80' lang='lat' dir='ltr'>missas</span> <span class='ocrx_word' id='word_1_486' title='bbox 1149 4585 1287 4640; x_wconf 82' lang='lat' dir='ltr'>dicis</span> <span class='ocrx_word' id='word_1_487' title='bbox 1317 4604 1333 4639; x_wconf 91' lang='lat'><strong><em>:</em></strong></span> 
     </span>
    </p>
   </div>
   <div class='ocr_carea' id='block_1_79' title="bbox 136 4672 1670 4748">
    <p class='ocr_par' dir='ltr' id='par_1_79' title="bbox 136 4672 1670 4748">
     <span class='ocr_line' id='line_1_80' title="bbox 136 4672 1670 4748; baseline 0.005 -23"><span class='ocrx_word' id='word_1_488' title='bbox 136 4672 261 4729; x_wconf 81' lang='lat' dir='ltr'>Hanc</span> <span class='ocrx_word' id='word_1_489' title='bbox 283 4677 452 4748; x_wconf 82' lang='lat' dir='ltr'>igitur</span> <span class='ocrx_word' id='word_1_490' title='bbox 476 4679 824 4734; x_wconf 87' lang='lat' dir='ltr'>oblationem</span> <span class='ocrx_word' id='word_1_491' title='bbox 848 4678 1082 4732; x_wconf 86' lang='lat' dir='ltr'>familia</span> <span class='ocrx_word' id='word_1_492' title='bbox 1110 4683 1224 4733; x_wconf 90' lang='lat' dir='ltr'>tua</span> <span class='ocrx_word' id='word_1_493' title='bbox 1246 4678 1350 4732; x_wconf 92' lang='lat' dir='ltr'>tibi</span> <span class='ocrx_word' id='word_1_494' title='bbox 1378 4677 1670 4748; x_wconf 87' lang='lat' dir='ltr'>adstantis,</span> 
     </span>
    </p>
   </div>
   <div class='ocr_carea' id='block_1_80' title="bbox 81 4771 1675 4844">
    <p class='ocr_par' dir='ltr' id='par_1_80' title="bbox 81 4771 1675 4844">
     <span class='ocr_line' id='line_1_81' title="bbox 81 4771 1675 4844; baseline 0.003 -22"><span class='ocrx_word' id='word_1_495' title='bbox 81 4778 284 4833; x_wconf 82' lang='lat' dir='ltr'>quorum</span> <span class='ocrx_word' id='word_1_496' title='bbox 304 4771 403 4826; x_wconf 85' lang='lat' dir='ltr'>tibi</span> <span class='ocrx_word' id='word_1_497' title='bbox 425 4773 566 4828; x_wconf 83' lang='lat' dir='ltr'>ﬁdes</span> <span class='ocrx_word' id='word_1_498' title='bbox 594 4773 823 4844; x_wconf 87' lang='lat' dir='ltr'>cognita</span> <span class='ocrx_word' id='word_1_499' title='bbox 847 4777 950 4840; x_wconf 89' lang='lat' dir='ltr'>est,</span> <span class='ocrx_word' id='word_1_500' title='bbox 980 4777 1038 4827; x_wconf 87' lang='lat' dir='ltr'>et</span> <span class='ocrx_word' id='word_1_501' title='bbox 1063 4777 1198 4827; x_wconf 90' lang='lat' dir='ltr'>nota</span> <span class='ocrx_word' id='word_1_502' title='bbox 1223 4771 1464 4840; x_wconf 89' lang='lat' dir='ltr'>devotio,</span> <span class='ocrx_word' id='word_1_503' title='bbox 1500 4788 1675 4842; x_wconf 89' lang='lat' dir='ltr'>quam</span> 
     </span>
    </p>
   </div>
   <div class='ocr_carea' id='block_1_81' title="bbox 83 4857 1673 4938">
    <p class='ocr_par' dir='ltr' id='par_1_81' title="bbox 83 4857 1673 4938">
     <span class='ocr_line' id='line_1_82' title="bbox 83 4857 1673 4938; baseline 0.006 -27"><span class='ocrx_word' id='word_1_504' title='bbox 83 4857 161 4912; x_wconf 85' lang='lat' dir='ltr'>tibi</span> <span class='ocrx_word' id='word_1_505' title='bbox 178 4862 403 4920; x_wconf 77' lang='lat' dir='ltr'>offerunt</span> <span class='ocrx_word' id='word_1_506' title='bbox 436 4884 542 4938; x_wconf 83' lang='lat' dir='ltr'>pro</span> <span class='ocrx_word' id='word_1_507' title='bbox 577 4866 871 4921; x_wconf 88' lang='lat' dir='ltr'>devotione</span> <span class='ocrx_word' id='word_1_508' title='bbox 906 4866 1230 4921; x_wconf 89' lang='lat' dir='ltr'>animorum</span> <span class='ocrx_word' id='word_1_509' title='bbox 1267 4881 1523 4935; x_wconf 91' lang='lat' dir='ltr'>suorum,</span> <span class='ocrx_word' id='word_1_510' title='bbox 1569 4882 1673 4936; x_wconf 90' lang='lat' dir='ltr'>pro</span> 
     </span>
    </p>
   </div>
   <div class='ocr_carea' id='block_1_82' title="bbox 81 4959 1675 5032">
    <p class='ocr_par' dir='ltr' id='par_1_82' title="bbox 81 4959 1675 5032">
     <span class='ocr_line' id='line_1_83' title="bbox 81 4959 1675 5032; baseline 0.006 -27"><span class='ocrx_word' id='word_1_511' title='bbox 81 4965 283 5021; x_wconf 86' lang='lat' dir='ltr'>quorum</span> <span class='ocrx_word' id='word_1_512' title='bbox 300 4959 398 5014; x_wconf 89' lang='lat' dir='ltr'>tibi</span> <span class='ocrx_word' id='word_1_513' title='bbox 421 4960 640 5032; x_wconf 89' lang='lat' dir='ltr'>placitis</span> <span class='ocrx_word' id='word_1_514' title='bbox 668 4959 958 5016; x_wconf 88' lang='lat' dir='ltr'>desideriis</span> <span class='ocrx_word' id='word_1_515' title='bbox 999 4959 1406 5031; x_wconf 88' lang='lat' dir='ltr'>supplicamus,</span> <span class='ocrx_word' id='word_1_516' title='bbox 1452 4975 1675 5014; x_wconf 91' lang='lat' dir='ltr'>memor</span> 
     </span>
    </p>
   </div>
   <div class='ocr_carea' id='block_1_83' title="bbox 82 5049 1716 5124">
    <p class='ocr_par' dir='ltr' id='par_1_83' title="bbox 82 5049 1716 5124">
     <span class='ocr_line' id='line_1_84' title="bbox 82 5049 1716 5124; baseline 0.001 -20"><span class='ocrx_word' id='word_1_517' title='bbox 82 5058 174 5100; x_wconf 78' lang='lat' dir='ltr'>esse</span> <span class='ocrx_word' id='word_1_518' title='bbox 206 5049 448 5124; x_wconf 88' lang='lat' dir='ltr'>dignare,</span> <span class='ocrx_word' id='word_1_519' title='bbox 502 5055 758 5124; x_wconf 91' lang='lat' dir='ltr'>Domine,</span> <span class='ocrx_word' id='word_1_520' title='bbox 807 5059 994 5110; x_wconf 87' lang='lat' dir='ltr'>sancte</span> <span class='ocrx_word' id='word_1_521' title='bbox 1030 5055 1214 5121; x_wconf 89' lang='lat' dir='ltr'>Pater,</span> <span class='ocrx_word' id='word_1_522' title='bbox 1253 5057 1464 5108; x_wconf 90' lang='lat' dir='ltr'>aterne</span> <span class='ocrx_word' id='word_1_523' title='bbox 1506 5053 1669 5122; x_wconf 89' lang='lat' dir='ltr'>Deus,</span> <span class='ocrx_word' id='word_1_524' title='bbox 1713 5085 1716 5087; x_wconf 52' lang='grc' dir='ltr'>λ</span> 
     </span>
    </p>
   </div>
   <div class='ocr_carea' id='block_1_84' title="bbox 83 5136 1670 5220">
    <p class='ocr_par' dir='ltr' id='par_1_84' title="bbox 83 5136 1670 5220">
     <span class='ocr_line' id='line_1_85' title="bbox 83 5136 1670 5220; baseline 0.003 -25"><span class='ocrx_word' id='word_1_525' title='bbox 83 5136 129 5191; x_wconf 84' lang='lat' dir='ltr'>in</span> <span class='ocrx_word' id='word_1_526' title='bbox 149 5139 320 5199; x_wconf 87' lang='lat' dir='ltr'>diebus</span> <span class='ocrx_word' id='word_1_527' title='bbox 340 5147 692 5218; x_wconf 86' lang='lat' dir='ltr'>jejuniorum</span> <span class='ocrx_word' id='word_1_528' title='bbox 718 5148 993 5220; x_wconf 88' lang='lat' dir='ltr'>ipsorum,</span> <span class='ocrx_word' id='word_1_529' title='bbox 1025 5152 1090 5202; x_wconf 91' lang='lat' dir='ltr'>ut</span> <span class='ocrx_word' id='word_1_530' title='bbox 1114 5165 1147 5202; x_wconf 91' lang='lat' dir='ltr'>a</span> <span class='ocrx_word' id='word_1_531' title='bbox 1171 5147 1386 5202; x_wconf 87' lang='lat' dir='ltr'>cunctis</span> <span class='ocrx_word' id='word_1_532' title='bbox 1415 5162 1509 5201; x_wconf 92' lang='lat' dir='ltr'>eos</span> <span class='ocrx_word' id='word_1_533' title='bbox 1538 5161 1670 5216; x_wconf 92' lang='lat' dir='ltr'>pec-</span> 
     </span>
    </p>
   </div>
   <div class='ocr_carea' id='block_1_85' title="bbox 84 5234 1674 5313">
    <p class='ocr_par' dir='ltr' id='par_1_85' title="bbox 84 5234 1674 5313">
     <span class='ocr_line' id='line_1_86' title="bbox 84 5234 1674 5313; baseline 0.003 -24"><span class='ocrx_word' id='word_1_534' title='bbox 84 5234 190 5288; x_wconf 81' lang='lat' dir='ltr'>catis</span> <span class='ocrx_word' id='word_1_535' title='bbox 209 5237 500 5313; x_wconf 86' lang='lat' dir='ltr'>abstergas,</span> <span class='ocrx_word' id='word_1_536' title='bbox 524 5248 585 5296; x_wconf 86' lang='lat' dir='ltr'>et</span> <span class='ocrx_word' id='word_1_537' title='bbox 608 5242 901 5297; x_wconf 90' lang='lat' dir='ltr'>residuum</span> <span class='ocrx_word' id='word_1_538' title='bbox 917 5240 1210 5312; x_wconf 91' lang='lat' dir='ltr'>temporis,</span> <span class='ocrx_word' id='word_1_539' title='bbox 1241 5256 1354 5311; x_wconf 93' lang='lat' dir='ltr'>quo</span> <span class='ocrx_word' id='word_1_540' title='bbox 1374 5239 1455 5294; x_wconf 91' lang='lat' dir='ltr'>eis</span> <span class='ocrx_word' id='word_1_541' title='bbox 1480 5239 1674 5294; x_wconf 84' lang='lat' dir='ltr'>alimo-</span> 
     </span>
    </p>
   </div>
   <div class='ocr_carea' id='block_1_86' title="bbox 83 5325 1671 5406">
    <p class='ocr_par' dir='ltr' id='par_1_86' title="bbox 83 5325 1671 5406">
     <span class='ocr_line' id='line_1_87' title="bbox 83 5325 1671 5406; baseline 0.001 -22"><span class='ocrx_word' id='word_1_542' title='bbox 83 5325 271 5386; x_wconf 77' lang='lat' dir='ltr'>Iliorum</span> <span class='ocrx_word' id='word_1_543' title='bbox 296 5335 576 5406; x_wconf 88' lang='lat' dir='ltr'>perceptio</span> <span class='ocrx_word' id='word_1_544' title='bbox 604 5335 961 5405; x_wconf 89' lang='lat' dir='ltr'>concedetur,</span> <span class='ocrx_word' id='word_1_545' title='bbox 999 5335 1076 5389; x_wconf 82' lang='lat' dir='ltr'>ita</span> <span class='ocrx_word' id='word_1_546' title='bbox 1101 5350 1195 5390; x_wconf 91' lang='lat' dir='ltr'>eos</span> <span class='ocrx_word' id='word_1_547' title='bbox 1223 5349 1556 5389; x_wconf 88' lang='lat' dir='ltr'>conservare</span> <span class='ocrx_word' id='word_1_548' title='bbox 1585 5332 1671 5388; x_wconf 83' lang='lat' dir='ltr'>di-</span> 
     </span>
    </p>
   </div>
   <div class='ocr_carea' id='block_1_87' title="bbox 86 5424 1675 5496">
    <p class='ocr_par' dir='ltr' id='par_1_87' title="bbox 86 5424 1675 5496">
     <span class='ocr_line' id='line_1_88' title="bbox 86 5424 1675 5496; baseline -0.005 -8"><span class='ocrx_word' id='word_1_549' title='bbox 86 5424 254 5495; x_wconf 65' lang='lat' dir='ltr'>gnaris,</span> <span class='ocrx_word' id='word_1_550' title='bbox 281 5433 341 5482; x_wconf 91' lang='lat' dir='ltr'>ut</span> <span class='ocrx_word' id='word_1_551' title='bbox 367 5429 610 5483; x_wconf 85' lang='lat' dir='ltr'>sobriam</span> <span class='ocrx_word' id='word_1_552' title='bbox 639 5429 811 5484; x_wconf 87' lang='lat' dir='ltr'>vitam</span> <span class='ocrx_word' id='word_1_553' title='bbox 837 5428 1128 5496; x_wconf 89' lang='lat' dir='ltr'>habentes,</span> <span class='ocrx_word' id='word_1_554' title='bbox 1163 5443 1281 5482; x_wconf 91' lang='lat' dir='ltr'>non</span> <span class='ocrx_word' id='word_1_555' title='bbox 1318 5427 1675 5481; x_wconf 89' lang='lat' dir='ltr'>involvantur</span> 
     </span>
    </p>
   </div>
   <div class='ocr_carea' id='block_1_88' title="bbox 84 5520 1674 5594">
    <p class='ocr_par' dir='ltr' id='par_1_88' title="bbox 84 5520 1674 5594">
     <span class='ocr_line' id='line_1_89' title="bbox 84 5520 1674 5594; baseline 0.002 -23"><span class='ocrx_word' id='word_1_556' title='bbox 84 5523 392 5580; x_wconf 72' lang='lat' dir='ltr'>peccatorum</span> <span class='ocrx_word' id='word_1_557' title='bbox 419 5523 632 5594; x_wconf 88' lang='lat' dir='ltr'>laqueis</span> <span class='ocrx_word' id='word_1_558' title='bbox 657 5523 727 5577; x_wconf 89' lang='lat' dir='ltr'>ab</span> <span class='ocrx_word' id='word_1_559' title='bbox 748 5522 928 5594; x_wconf 89' lang='lat' dir='ltr'>epulis</span> <span class='ocrx_word' id='word_1_560' title='bbox 954 5520 1225 5588; x_wconf 85' lang='lat' dir='ltr'>excitatis,</span> <span class='ocrx_word' id='word_1_561' title='bbox 1250 5537 1354 5591; x_wconf 89' lang='lat' dir='ltr'>per</span> <span class='ocrx_word' id='word_1_562' title='bbox 1385 5520 1674 5576; x_wconf 86' lang='lat' dir='ltr'>Christum</span> 
     </span>
    </p>
   </div>
   <div class='ocr_carea' id='block_1_89' title="bbox 87 5603 1674 5681">
    <p class='ocr_par' dir='ltr' id='par_1_89' title="bbox 87 5603 1674 5681">
     <span class='ocr_line' id='line_1_90' title="bbox 87 5603 1674 5681; baseline -0.001 -13"><span class='ocrx_word' id='word_1_563' title='bbox 87 5603 344 5671; x_wconf 78' lang='lat' dir='ltr'>Dominum</span> <span class='ocrx_word' id='word_1_564' title='bbox 393 5622 672 5674; x_wconf 88' lang='lat' dir='ltr'>nostrum.</span> <span class='ocrx_word' id='word_1_565' title='bbox 716 5617 898 5681; x_wconf 87' lang='lat' dir='ltr'>Quam</span> <span class='ocrx_word' id='word_1_566' title='bbox 935 5613 1280 5669; x_wconf 90' lang='lat' dir='ltr'>oblationem</span> <span class='ocrx_word' id='word_1_567' title='bbox 1326 5618 1389 5669; x_wconf 93' lang='lat' dir='ltr'>tu</span> <span class='ocrx_word' id='word_1_568' title='bbox 1432 5614 1580 5668; x_wconf 89' lang='lat' dir='ltr'>Deus</span> <span class='ocrx_word' id='word_1_569' title='bbox 1613 5612 1674 5666; x_wconf 92' lang='lat' dir='ltr'>in</span> 
     </span>
    </p>
   </div>
   <div class='ocr_carea' id='block_1_90' title="bbox 89 5752 1675 5885">
    <p class='ocr_par' dir='ltr' id='par_1_90' title="bbox 89 5752 1675 5885">
     <span class='ocr_line' id='line_1_91' title="bbox 89 5752 1675 5885; baseline -0.008 -64"><span class='ocrx_word' id='word_1_570' title='bbox 89 5752 318 5885; x_wconf 48' lang='lat'>6831386200</span> <span class='ocrx_word' id='word_1_571' title='bbox 338 5762 612 5833; x_wconf 82' lang='lat' dir='ltr'>particula</span> <span class='ocrx_word' id='word_1_572' title='bbox 646 5777 786 5818; x_wconf 81' lang='lat' dir='ltr'>nunc</span> <span class='ocrx_word' id='word_1_573' title='bbox 831 5757 1041 5832; x_wconf 89' lang='lat' dir='ltr'>passim</span> <span class='ocrx_word' id='word_1_574' title='bbox 1082 5756 1328 5813; x_wconf 90' lang='lat' dir='ltr'>occurrit</span> <span class='ocrx_word' id='word_1_575' title='bbox 1365 5755 1424 5811; x_wconf 90' lang='lat' dir='ltr'>iu</span> <span class='ocrx_word' id='word_1_576' title='bbox 1469 5755 1675 5811; x_wconf 86' lang='lat' dir='ltr'>Missali</span> 
     </span>
    </p>
   </div>
   <div class='ocr_carea' id='block_1_91' title="bbox 143 5879 1674 5962">
    <p class='ocr_par' dir='ltr' id='par_1_91' title="bbox 143 5879 1674 5962">
     <span class='ocr_line' id='line_1_92' title="bbox 143 5879 1674 5962; baseline -0.002 -9"><span class='ocrx_word' id='word_1_577' title='bbox 143 5879 549 5962; x_wconf 13' lang='lat' dir='ltr'>Sile—inivetustis</span> <span class='ocrx_word' id='word_1_578' title='bbox 575 5904 700 5961; x_wconf 90' lang='lat' dir='ltr'>aliis</span> <span class='ocrx_word' id='word_1_579' title='bbox 726 5905 851 5960; x_wconf 83' lang='lat' dir='ltr'>Mss.</span> <span class='ocrx_word' id='word_1_580' title='bbox 890 5879 952 5959; x_wconf 88' lang='lat' dir='ltr'>in</span> <span class='ocrx_word' id='word_1_581' title='bbox 989 5901 1231 5958; x_wconf 85' lang='lat' dir='ltr'>Collecta</span> <span class='ocrx_word' id='word_1_582' title='bbox 1278 5915 1378 5955; x_wconf 86' lang='lat' dir='ltr'>seu</span> <span class='ocrx_word' id='word_1_583' title='bbox 1422 5897 1674 5953; x_wconf 89' lang='lat' dir='ltr'>oratione</span> 
     </span>
    </p>
   </div>
   <div class='ocr_carea' id='block_1_92' title="bbox 1769 3358 3414 3433">
    <p class='ocr_par' dir='ltr' id='par_1_92' title="bbox 1769 3358 3414 3433">
     <span class='ocr_line' id='line_1_93' title="bbox 1769 3358 3414 3433; baseline 0.004 -21"><span class='ocrx_word' id='word_1_584' title='bbox 1769 3362 1940 3430; x_wconf 89' lang='lat' dir='ltr'>atque</span> <span class='ocrx_word' id='word_1_585' title='bbox 1977 3358 2222 3429; x_wconf 89' lang='lat' dir='ltr'>doctore,</span> <span class='ocrx_word' id='word_1_586' title='bbox 2270 3376 2617 3430; x_wconf 79' lang='lat' dir='ltr'>quaesumus,</span> <span class='ocrx_word' id='word_1_587' title='bbox 2661 3378 2734 3416; x_wconf 91' lang='lat' dir='ltr'>ne</span> <span class='ocrx_word' id='word_1_588' title='bbox 2771 3362 2924 3432; x_wconf 91' lang='lat' dir='ltr'>apud</span> <span class='ocrx_word' id='word_1_589' title='bbox 2969 3366 3024 3417; x_wconf 93' lang='lat' dir='ltr'>te</span> <span class='ocrx_word' id='word_1_590' title='bbox 3067 3361 3194 3433; x_wconf 90' lang='lat' dir='ltr'>plus</span> <span class='ocrx_word' id='word_1_591' title='bbox 3233 3362 3414 3418; x_wconf 87' lang='lat' dir='ltr'>valeat</span> 
     </span>
    </p>
   </div>
   <div class='ocr_carea' id='block_1_93' title="bbox 1774 3451 3415 3527">
    <p class='ocr_par' dir='ltr' id='par_1_93' title="bbox 1774 3451 3415 3527">
     <span class='ocr_line' id='line_1_94' title="bbox 1774 3451 3415 3527; baseline 0.003 -21"><span class='ocrx_word' id='word_1_592' title='bbox 1774 3451 2006 3506; x_wconf 76' lang='lat' dir='ltr'>offensio</span> <span class='ocrx_word' id='word_1_593' title='bbox 2033 3452 2512 3524; x_wconf 84' lang='lat' dir='ltr'>delinquentium,</span> <span class='ocrx_word' id='word_1_594' title='bbox 2543 3470 2717 3525; x_wconf 89' lang='lat' dir='ltr'>quam</span> <span class='ocrx_word' id='word_1_595' title='bbox 2741 3454 3029 3510; x_wconf 90' lang='lat' dir='ltr'>miseratio</span> <span class='ocrx_word' id='word_1_596' title='bbox 3049 3459 3166 3526; x_wconf 90' lang='lat' dir='ltr'>tua,</span> <span class='ocrx_word' id='word_1_597' title='bbox 3191 3471 3415 3527; x_wconf 87' lang='lat' dir='ltr'>semper</span> 
     </span>
    </p>
   </div>
   <div class='ocr_carea' id='block_1_94' title="bbox 1772 3545 2870 3617">
    <p class='ocr_par' dir='ltr' id='par_1_94' title="bbox 1772 3545 2870 3617">
     <span class='ocr_line' id='line_1_95' title="bbox 1772 3545 2870 3617; baseline 0.003 -17"><span class='ocrx_word' id='word_1_598' title='bbox 1772 3545 1992 3602; x_wconf 88' lang='lat' dir='ltr'>indulta</span> <span class='ocrx_word' id='word_1_599' title='bbox 2009 3545 2235 3602; x_wconf 86' lang='lat' dir='ltr'>ﬂetibus</span> <span class='ocrx_word' id='word_1_600' title='bbox 2254 3546 2717 3617; x_wconf 88' lang='lat' dir='ltr'>supplicantium.</span> <span class='ocrx_word' id='word_1_601' title='bbox 2745 3549 2870 3603; x_wconf 91' lang='lat' dir='ltr'>Per.</span> 
     </span>
    </p>
   </div>
   <div class='ocr_carea' id='block_1_95' title="bbox 2212 3635 2972 3700">
    <p class='ocr_par' dir='ltr' id='par_1_95' title="bbox 2212 3635 2972 3700">
     <span class='ocr_line' id='line_1_96' title="bbox 2212 3635 2972 3700; baseline 0.004 -16"><span class='ocrx_word' id='word_1_602' title='bbox 2212 3636 2385 3685; x_wconf 88' lang='lat' dir='ltr'>Oratio</span> <span class='ocrx_word' id='word_1_603' title='bbox 2409 3635 2464 3685; x_wconf 91' lang='lat' dir='ltr'>in</span> <span class='ocrx_word' id='word_1_604' title='bbox 2486 3640 2665 3686; x_wconf 85' lang='lat' dir='ltr'>sancto</span> <span class='ocrx_word' id='word_1_605' title='bbox 2691 3637 2972 3700; x_wconf 81' lang='lat' dir='ltr'>Stephano.</span> 
     </span>
    </p>
   </div>
   <div class='ocr_carea' id='block_1_96' title="bbox 1841 3712 3407 3786">
    <p class='ocr_par' dir='ltr' id='par_1_96' title="bbox 1841 3712 3407 3786">
     <span class='ocr_line' id='line_1_97' title="bbox 1841 3712 3407 3786; baseline 0.004 -21"><span class='ocrx_word' id='word_1_606' title='bbox 1841 3713 2070 3781; x_wconf 83' lang='lat' dir='ltr'>Prasta,</span> <span class='ocrx_word' id='word_1_607' title='bbox 2088 3727 2436 3784; x_wconf 88' lang='lat' dir='ltr'>quasumus,</span> <span class='ocrx_word' id='word_1_608' title='bbox 2456 3712 2814 3782; x_wconf 89' lang='lat' dir='ltr'>omnipotens</span> <span class='ocrx_word' id='word_1_609' title='bbox 2839 3717 2896 3766; x_wconf 86' lang='lat' dir='ltr'>et</span> <span class='ocrx_word' id='word_1_610' title='bbox 2913 3712 3231 3769; x_wconf 88' lang='lat' dir='ltr'>misericors</span> <span class='ocrx_word' id='word_1_611' title='bbox 3242 3714 3407 3786; x_wconf 89' lang='lat' dir='ltr'>Deus,</span> 
     </span>
    </p>
   </div>
   <div class='ocr_carea' id='block_1_97' title="bbox 1773 3804 3407 3879">
    <p class='ocr_par' dir='ltr' id='par_1_97' title="bbox 1773 3804 3407 3879">
     <span class='ocr_line' id='line_1_98' title="bbox 1773 3804 3407 3879; baseline 0.003 -20"><span class='ocrx_word' id='word_1_612' title='bbox 1773 3809 1836 3860; x_wconf 91' lang='lat' dir='ltr'>ut</span> <span class='ocrx_word' id='word_1_613' title='bbox 1853 3805 2141 3876; x_wconf 87' lang='lat' dir='ltr'>fragilitati</span> <span class='ocrx_word' id='word_1_614' title='bbox 2170 3810 2376 3860; x_wconf 86' lang='lat' dir='ltr'>nostra</span> <span class='ocrx_word' id='word_1_615' title='bbox 2400 3804 2638 3860; x_wconf 88' lang='lat' dir='ltr'>adﬂicta</span> <span class='ocrx_word' id='word_1_616' title='bbox 2663 3805 2723 3858; x_wconf 90' lang='lat' dir='ltr'>in</span> <span class='ocrx_word' id='word_1_617' title='bbox 2751 3805 2948 3860; x_wconf 90' lang='lat' dir='ltr'>diebus</span> <span class='ocrx_word' id='word_1_618' title='bbox 2981 3807 3222 3862; x_wconf 91' lang='lat' dir='ltr'>istorum</span> <span class='ocrx_word' id='word_1_619' title='bbox 3252 3808 3407 3879; x_wconf 89' lang='lat' dir='ltr'>jeju-</span> 
     </span>
    </p>
   </div>
   <div class='ocr_carea' id='block_1_98' title="bbox 1771 3898 3408 3970">
    <p class='ocr_par' dir='ltr' id='par_1_98' title="bbox 1771 3898 3408 3970">
     <span class='ocr_line' id='line_1_99' title="bbox 1771 3898 3408 3970; baseline 0.002 -18"><span class='ocrx_word' id='word_1_620' title='bbox 1771 3898 1999 3952; x_wconf 87' lang='lat' dir='ltr'>niorum</span> <span class='ocrx_word' id='word_1_621' title='bbox 2033 3899 2371 3970; x_wconf 82' lang='lat' dir='ltr'>magnificus</span> <span class='ocrx_word' id='word_1_622' title='bbox 2397 3899 2563 3954; x_wconf 89' lang='lat' dir='ltr'>levita</span> <span class='ocrx_word' id='word_1_623' title='bbox 2583 3915 2647 3953; x_wconf 91' lang='lat' dir='ltr'>ac</span> <span class='ocrx_word' id='word_1_624' title='bbox 2675 3899 2872 3953; x_wconf 88' lang='lat' dir='ltr'>beatus</span> <span class='ocrx_word' id='word_1_625' title='bbox 2897 3899 3218 3970; x_wconf 86' lang='lat' dir='ltr'>Stephanus</span> <span class='ocrx_word' id='word_1_626' title='bbox 3244 3903 3408 3956; x_wconf 75' lang='lat' dir='ltr'>auxi-</span> 
     </span>
    </p>
   </div>
   <div class='ocr_carea' id='block_1_99' title="bbox 1770 3992 3407 4064">
    <p class='ocr_par' dir='ltr' id='par_1_99' title="bbox 1770 3992 3407 4064">
     <span class='ocr_line' id='line_1_100' title="bbox 1770 3992 3407 4064; baseline 0.003 -18"><span class='ocrx_word' id='word_1_627' title='bbox 1770 3992 1912 4047; x_wconf 89' lang='lat' dir='ltr'>lium</span> <span class='ocrx_word' id='word_1_628' title='bbox 1931 3992 2359 4047; x_wconf 90' lang='lat' dir='ltr'>interventionis</span> <span class='ocrx_word' id='word_1_629' title='bbox 2386 3993 2682 4048; x_wconf 87' lang='lat' dir='ltr'>exhibeat:</span> <span class='ocrx_word' id='word_1_630' title='bbox 2711 3992 2810 4064; x_wconf 88' lang='lat' dir='ltr'>qui</span> <span class='ocrx_word' id='word_1_631' title='bbox 2834 3993 3084 4049; x_wconf 86' lang='lat' dir='ltr'>imitator</span> <span class='ocrx_word' id='word_1_632' title='bbox 3110 3995 3407 4051; x_wconf 86' lang='lat' dir='ltr'>dominica</span> 
     </span>
    </p>
   </div>
   <div class='ocr_carea' id='block_1_100' title="bbox 1770 4086 3405 4162">
    <p class='ocr_par' dir='ltr' id='par_1_100' title="bbox 1770 4086 3405 4162">
     <span class='ocr_line' id='line_1_101' title="bbox 1770 4086 3405 4162; baseline 0.004 -22"><span class='ocrx_word' id='word_1_633' title='bbox 1770 4087 2043 4157; x_wconf 81' lang='lat' dir='ltr'>passionis</span> <span class='ocrx_word' id='word_1_634' title='bbox 2079 4091 2134 4142; x_wconf 91' lang='lat' dir='ltr'>et</span> <span class='ocrx_word' id='word_1_635' title='bbox 2157 4087 2402 4158; x_wconf 83' lang='lat' dir='ltr'>pietatis,</span> <span class='ocrx_word' id='word_1_636' title='bbox 2435 4087 2656 4158; x_wconf 90' lang='lat' dir='ltr'>primus</span> <span class='ocrx_word' id='word_1_637' title='bbox 2681 4086 2741 4141; x_wconf 93' lang='lat' dir='ltr'>in</span> <span class='ocrx_word' id='word_1_638' title='bbox 2769 4103 2968 4143; x_wconf 89' lang='lat' dir='ltr'>cruore</span> <span class='ocrx_word' id='word_1_639' title='bbox 2997 4090 3254 4162; x_wconf 88' lang='lat' dir='ltr'>martyrii</span> <span class='ocrx_word' id='word_1_640' title='bbox 3282 4090 3405 4146; x_wconf 82' lang='lat' dir='ltr'>eni-</span> 
     </span>
    </p>
   </div>
   <div class='ocr_carea' id='block_1_101' title="bbox 1771 4180 3407 4256">
    <p class='ocr_par' dir='ltr' id='par_1_101' title="bbox 1771 4180 3407 4256">
     <span class='ocr_line' id='line_1_102' title="bbox 1771 4180 3407 4256; baseline 0.004 -22"><span class='ocrx_word' id='word_1_641' title='bbox 1771 4180 1913 4250; x_wconf 89' lang='lat' dir='ltr'>tuit;</span> <span class='ocrx_word' id='word_1_642' title='bbox 1958 4186 2014 4236; x_wconf 91' lang='lat' dir='ltr'>et</span> <span class='ocrx_word' id='word_1_643' title='bbox 2048 4198 2273 4253; x_wconf 88' lang='lat' dir='ltr'>semper</span> <span class='ocrx_word' id='word_1_644' title='bbox 2317 4181 2388 4236; x_wconf 89' lang='lat' dir='ltr'>sit</span> <span class='ocrx_word' id='word_1_645' title='bbox 2423 4181 2706 4253; x_wconf 86' lang='lat' dir='ltr'>perfectus</span> <span class='ocrx_word' id='word_1_646' title='bbox 2741 4181 3099 4254; x_wconf 82' lang='lat' dir='ltr'>suffragator,</span> <span class='ocrx_word' id='word_1_647' title='bbox 3131 4188 3320 4256; x_wconf 86' lang='lat' dir='ltr'>atque,</span> <span class='ocrx_word' id='word_1_648' title='bbox 3352 4188 3407 4240; x_wconf 87' lang='lat' dir='ltr'>te</span> 
     </span>
    </p>
   </div>
   <div class='ocr_carea' id='block_1_102' title="bbox 1771 4275 2884 4347">
    <p class='ocr_par' dir='ltr' id='par_1_102' title="bbox 1771 4275 2884 4347">
     <span class='ocr_line' id='line_1_103' title="bbox 1771 4275 2884 4347; baseline 0.002 -18"><span class='ocrx_word' id='word_1_649' title='bbox 1771 4275 2132 4347; x_wconf 83' lang='lat' dir='ltr'>concedente,</span> <span class='ocrx_word' id='word_1_650' title='bbox 2163 4280 2459 4347; x_wconf 89' lang='lat' dir='ltr'>promptus</span> <span class='ocrx_word' id='word_1_651' title='bbox 2487 4275 2730 4346; x_wconf 89' lang='lat' dir='ltr'>adjutor.</span> <span class='ocrx_word' id='word_1_652' title='bbox 2759 4276 2884 4331; x_wconf 89' lang='lat' dir='ltr'>Per.</span> 
     </span>
    </p>
   </div>
   <div class='ocr_carea' id='block_1_103' title="bbox 2379 4368 2886 4431">
    <p class='ocr_par' dir='ltr' id='par_1_103' title="bbox 2379 4368 2886 4431">
     <span class='ocr_line' id='line_1_104' title="bbox 2379 4368 2886 4431; baseline 0 -15"><span class='ocrx_word' id='word_1_653' title='bbox 2379 4369 2508 4418; x_wconf 87' lang='lat' dir='ltr'>Item</span> <span class='ocrx_word' id='word_1_654' title='bbox 2535 4368 2796 4418; x_wconf 90' lang='lat' dir='ltr'>collectio.</span> <span class='ocrx_word' id='word_1_655' title='bbox 2868 4421 2886 4431; x_wconf 31' lang='grc' dir='ltr'><strong>κ</strong></span> 
     </span>
    </p>
   </div>
   <div class='ocr_carea' id='block_1_104' title="bbox 1843 4441 3408 4515">
    <p class='ocr_par' dir='ltr' id='par_1_104' title="bbox 1843 4441 3408 4515">
     <span class='ocr_line' id='line_1_105' title="bbox 1843 4441 3408 4515; baseline 0.002 -18"><span class='ocrx_word' id='word_1_656' title='bbox 1843 4444 2040 4500; x_wconf 91' lang='lat' dir='ltr'>Preces</span> <span class='ocrx_word' id='word_1_657' title='bbox 2079 4447 2297 4498; x_wconf 90' lang='lat' dir='ltr'>nostras</span> <span class='ocrx_word' id='word_1_658' title='bbox 2343 4441 2404 4496; x_wconf 90' lang='lat' dir='ltr'>in</span> <span class='ocrx_word' id='word_1_659' title='bbox 2447 4442 2554 4496; x_wconf 94' lang='lat' dir='ltr'>hoc</span> <span class='ocrx_word' id='word_1_660' title='bbox 2581 4442 2802 4513; x_wconf 90' lang='lat' dir='ltr'>jejunio</span> <span class='ocrx_word' id='word_1_661' title='bbox 2843 4447 3150 4513; x_wconf 87' lang='lat' dir='ltr'>protentas,</span> <span class='ocrx_word' id='word_1_662' title='bbox 3181 4461 3408 4515; x_wconf 80' lang='lat' dir='ltr'>quasu-</span> 
     </span>
    </p>
   </div>
   <div class='ocr_carea' id='block_1_105' title="bbox 1772 4535 3410 4608">
    <p class='ocr_par' dir='ltr' id='par_1_105' title="bbox 1772 4535 3410 4608">
     <span class='ocr_line' id='line_1_106' title="bbox 1772 4535 3410 4608; baseline 0 -15"><span class='ocrx_word' id='word_1_663' title='bbox 1772 4554 1921 4604; x_wconf 91' lang='lat' dir='ltr'>mus,</span> <span class='ocrx_word' id='word_1_664' title='bbox 1950 4537 2206 4607; x_wconf 91' lang='lat' dir='ltr'>Domine,</span> <span class='ocrx_word' id='word_1_665' title='bbox 2236 4536 2384 4590; x_wconf 88' lang='lat' dir='ltr'>beati</span> <span class='ocrx_word' id='word_1_666' title='bbox 2410 4535 2591 4590; x_wconf 82' lang='lat' dir='ltr'>levita</span> <span class='ocrx_word' id='word_1_667' title='bbox 2617 4540 2674 4590; x_wconf 90' lang='lat' dir='ltr'>et</span> <span class='ocrx_word' id='word_1_668' title='bbox 2710 4535 2977 4606; x_wconf 88' lang='lat' dir='ltr'>martyris</span> <span class='ocrx_word' id='word_1_669' title='bbox 3017 4535 3100 4590; x_wconf 90' lang='lat' dir='ltr'>tui</span> <span class='ocrx_word' id='word_1_670' title='bbox 3140 4536 3410 4608; x_wconf 86' lang='lat' dir='ltr'>Stephani</span> 
     </span>
    </p>
   </div>
   <div class='ocr_carea' id='block_1_106' title="bbox 1692 4604 3409 4704">
    <p class='ocr_par' dir='ltr' id='par_1_106' title="bbox 1692 4604 3409 4704">
     <span class='ocr_line' id='line_1_107' title="bbox 1692 4604 3409 4704; baseline 0.001 -18"><span class='ocrx_word' id='word_1_671' title='bbox 1692 4604 1751 4677; x_wconf 87' lang='lat' dir='ltr'>D</span> <span class='ocrx_word' id='word_1_672' title='bbox 1772 4637 2149 4704; x_wconf 87' lang='lat' dir='ltr'>prosequatur</span> <span class='ocrx_word' id='word_1_673' title='bbox 2185 4604 2392 4699; x_wconf 87' lang='lat' dir='ltr'>oratio;</span> <span class='ocrx_word' id='word_1_674' title='bbox 2427 4633 2482 4683; x_wconf 90' lang='lat' dir='ltr'>et</span> <span class='ocrx_word' id='word_1_675' title='bbox 2504 4633 2569 4684; x_wconf 92' lang='lat' dir='ltr'>ut</span> <span class='ocrx_word' id='word_1_676' title='bbox 2587 4629 2733 4684; x_wconf 90' lang='lat' dir='ltr'>adsit</span> <span class='ocrx_word' id='word_1_677' title='bbox 2769 4604 2932 4683; x_wconf 85' lang='lat' dir='ltr'>nobis</span> <span class='ocrx_word' id='word_1_678' title='bbox 2970 4629 3207 4685; x_wconf 89' lang='lat' dir='ltr'>adﬂictis</span> <span class='ocrx_word' id='word_1_679' title='bbox 3233 4604 3409 4688; x_wconf 56' lang='lat' dir='ltr'>inise-</span> 
     </span>
    </p>
   </div>
   <div class='ocr_carea' id='block_1_107' title="bbox 1773 4723 3133 4794">
    <p class='ocr_par' dir='ltr' id='par_1_107' title="bbox 1773 4723 3133 4794">
     <span class='ocr_line' id='line_1_108' title="bbox 1773 4723 3133 4794; baseline -0.002 -13"><span class='ocrx_word' id='word_1_680' title='bbox 1773 4725 2016 4781; x_wconf 91' lang='lat' dir='ltr'>ricordia</span> <span class='ocrx_word' id='word_1_681' title='bbox 2038 4730 2156 4794; x_wconf 89' lang='lat' dir='ltr'>tua,</span> <span class='ocrx_word' id='word_1_682' title='bbox 2190 4723 2311 4794; x_wconf 92' lang='lat' dir='ltr'>ejus</span> <span class='ocrx_word' id='word_1_683' title='bbox 2335 4723 2596 4794; x_wconf 89' lang='lat' dir='ltr'>precibus</span> <span class='ocrx_word' id='word_1_684' title='bbox 2623 4723 2979 4793; x_wconf 86' lang='lat' dir='ltr'>adjuvemur.</span> <span class='ocrx_word' id='word_1_685' title='bbox 3008 4725 3133 4778; x_wconf 91' lang='lat' dir='ltr'>Per.</span> 
     </span>
    </p>
   </div>
   <div class='ocr_carea' id='block_1_108' title="bbox 2229 4815 2953 4866">
    <p class='ocr_par' dir='ltr' id='par_1_108' title="bbox 2229 4815 2953 4866">
     <span class='ocr_line' id='line_1_109' title="bbox 2229 4815 2953 4866; baseline -0.003 0"><span class='ocrx_word' id='word_1_686' title='bbox 2229 4815 2400 4866; x_wconf 86' lang='lat' dir='ltr'>Oratio</span> <span class='ocrx_word' id='word_1_687' title='bbox 2427 4816 2481 4864; x_wconf 90' lang='lat' dir='ltr'>in</span> <span class='ocrx_word' id='word_1_688' title='bbox 2506 4818 2685 4866; x_wconf 88' lang='lat' dir='ltr'>sancto</span> <span class='ocrx_word' id='word_1_689' title='bbox 2715 4815 2953 4865; x_wconf 86' lang='lat' dir='ltr'>Martino.</span> 
     </span>
    </p>
   </div>
   <div class='ocr_carea' id='block_1_109' title="bbox 1844 4892 3406 4966">
    <p class='ocr_par' dir='ltr' id='par_1_109' title="bbox 1844 4892 3406 4966">
     <span class='ocr_line' id='line_1_110' title="bbox 1844 4892 3406 4966; baseline 0.001 -17"><span class='ocrx_word' id='word_1_690' title='bbox 1844 4894 2074 4966; x_wconf 85' lang='lat' dir='ltr'>Porrige</span> <span class='ocrx_word' id='word_1_691' title='bbox 2131 4893 2421 4947; x_wconf 89' lang='lat' dir='ltr'>dexteram</span> <span class='ocrx_word' id='word_1_692' title='bbox 2470 4896 2624 4946; x_wconf 90' lang='lat' dir='ltr'>tuam</span> <span class='ocrx_word' id='word_1_693' title='bbox 2645 4933 2658 4960; x_wconf 94' lang='lat'>,</span> <span class='ocrx_word' id='word_1_694' title='bbox 2722 4907 3078 4962; x_wconf 90' lang='lat' dir='ltr'>quasumus,</span> <span class='ocrx_word' id='word_1_695' title='bbox 3133 4892 3406 4966; x_wconf 91' lang='lat' dir='ltr'>Domine,</span> 
     </span>
    </p>
   </div>
   <div class='ocr_carea' id='block_1_110' title="bbox 1772 4985 3412 5060">
    <p class='ocr_par' dir='ltr' id='par_1_110' title="bbox 1772 4985 3412 5060">
     <span class='ocr_line' id='line_1_111' title="bbox 1772 4985 3412 5060; baseline 0.001 -18"><span class='ocrx_word' id='word_1_696' title='bbox 1772 4989 1925 5060; x_wconf 90' lang='lat' dir='ltr'>plebi</span> <span class='ocrx_word' id='word_1_697' title='bbox 1951 4993 2086 5055; x_wconf 89' lang='lat' dir='ltr'>tua,</span> <span class='ocrx_word' id='word_1_698' title='bbox 2117 4987 2176 5041; x_wconf 91' lang='lat' dir='ltr'>in</span> <span class='ocrx_word' id='word_1_699' title='bbox 2205 4987 2294 5041; x_wconf 93' lang='lat' dir='ltr'>die</span> <span class='ocrx_word' id='word_1_700' title='bbox 2313 4985 2667 5056; x_wconf 89' lang='lat' dir='ltr'>jejuniorum</span> <span class='ocrx_word' id='word_1_701' title='bbox 2697 5000 2931 5039; x_wconf 89' lang='lat' dir='ltr'>suorum</span> <span class='ocrx_word' id='word_1_702' title='bbox 2964 4985 3412 5044; x_wconf 89' lang='lat' dir='ltr'>misericordiam</span> 
     </span>
    </p>
   </div>
   <div class='ocr_carea' id='block_1_111' title="bbox 1772 5079 3411 5153">
    <p class='ocr_par' dir='ltr' id='par_1_111' title="bbox 1772 5079 3411 5153">
     <span class='ocr_line' id='line_1_112' title="bbox 1772 5079 3411 5153; baseline 0 -17"><span class='ocrx_word' id='word_1_703' title='bbox 1772 5081 2112 5153; x_wconf 88' lang='lat' dir='ltr'>postulanti;</span> <span class='ocrx_word' id='word_1_704' title='bbox 2155 5084 2238 5148; x_wconf 91' lang='lat' dir='ltr'>ut,</span> <span class='ocrx_word' id='word_1_705' title='bbox 2282 5079 2666 5135; x_wconf 91' lang='lat' dir='ltr'>intercedente</span> <span class='ocrx_word' id='word_1_706' title='bbox 2696 5079 2860 5134; x_wconf 90' lang='lat' dir='ltr'>beato</span> <span class='ocrx_word' id='word_1_707' title='bbox 2885 5080 3142 5152; x_wconf 85' lang='lat' dir='ltr'>Martino,</span> <span class='ocrx_word' id='word_1_708' title='bbox 3166 5086 3411 5138; x_wconf 90' lang='lat' dir='ltr'>terrores</span> 
     </span>
    </p>
   </div>
   <div class='ocr_carea' id='block_1_112' title="bbox 1772 5173 3408 5243">
    <p class='ocr_par' dir='ltr' id='par_1_112' title="bbox 1772 5173 3408 5243">
     <span class='ocr_line' id='line_1_113' title="bbox 1772 5173 3408 5243; baseline -0.001 -13"><span class='ocrx_word' id='word_1_709' title='bbox 1772 5175 2136 5230; x_wconf 89' lang='lat' dir='ltr'>imminentes</span> <span class='ocrx_word' id='word_1_710' title='bbox 2167 5173 2535 5243; x_wconf 90' lang='lat' dir='ltr'>declinemus,</span> <span class='ocrx_word' id='word_1_711' title='bbox 2565 5177 2622 5228; x_wconf 92' lang='lat' dir='ltr'>et</span> <span class='ocrx_word' id='word_1_712' title='bbox 2668 5173 2864 5228; x_wconf 85' lang='lat' dir='ltr'>solatia</span> <span class='ocrx_word' id='word_1_713' title='bbox 2906 5173 3034 5228; x_wconf 88' lang='lat' dir='ltr'>vita</span> <span class='ocrx_word' id='word_1_714' title='bbox 3072 5174 3408 5230; x_wconf 89' lang='lat' dir='ltr'>immortali-</span> 
     </span>
    </p>
   </div>
   <div class='ocr_carea' id='block_1_113' title="bbox 1771 5267 3410 5340">
    <p class='ocr_par' dir='ltr' id='par_1_113' title="bbox 1771 5267 3410 5340">
     <span class='ocr_line' id='line_1_114' title="bbox 1771 5267 3410 5340; baseline -0.002 -16"><span class='ocrx_word' id='word_1_715' title='bbox 1771 5269 1904 5324; x_wconf 90' lang='lat' dir='ltr'>tatis</span> <span class='ocrx_word' id='word_1_716' title='bbox 1920 5268 2285 5340; x_wconf 86' lang='lat' dir='ltr'>accipiamus,</span> <span class='ocrx_word' id='word_1_717' title='bbox 2316 5272 2372 5323; x_wconf 93' lang='lat' dir='ltr'>et</span> <span class='ocrx_word' id='word_1_718' title='bbox 2406 5267 2751 5338; x_wconf 90' lang='lat' dir='ltr'>sempiterna</span> <span class='ocrx_word' id='word_1_719' title='bbox 2792 5268 2999 5338; x_wconf 89' lang='lat' dir='ltr'>gaudia</span> <span class='ocrx_word' id='word_1_720' title='bbox 3043 5267 3410 5338; x_wconf 90' lang='lat' dir='ltr'>comprehen-</span> 
     </span>
    </p>
   </div>
   <div class='ocr_carea' id='block_1_114' title="bbox 1774 5363 2150 5419">
    <p class='ocr_par' dir='ltr' id='par_1_114' title="bbox 1774 5363 2150 5419">
     <span class='ocr_line' id='line_1_115' title="bbox 1774 5363 2150 5419; baseline -0.005 0"><span class='ocrx_word' id='word_1_721' title='bbox 1774 5363 1994 5419; x_wconf 90' lang='lat' dir='ltr'>damus.</span> <span class='ocrx_word' id='word_1_722' title='bbox 2026 5363 2150 5417; x_wconf 90' lang='lat' dir='ltr'>Per.</span> 
     </span>
    </p>
   </div>
   <div class='ocr_carea' id='block_1_115' title="bbox 2456 5431 2728 5482">
    <p class='ocr_par' dir='ltr' id='par_1_115' title="bbox 2456 5431 2728 5482">
     <span class='ocr_line' id='line_1_116' title="bbox 2456 5431 2728 5482; baseline 0.007 -2"><span class='ocrx_word' id='word_1_723' title='bbox 2456 5431 2586 5481; x_wconf 89' lang='lat' dir='ltr'>Item</span> <span class='ocrx_word' id='word_1_724' title='bbox 2611 5432 2728 5482; x_wconf 87' lang='lat' dir='ltr'>alia.</span> 
     </span>
    </p>
   </div>
   <div class='ocr_carea' id='block_1_116' title="bbox 1844 5504 3410 5580">
    <p class='ocr_par' dir='ltr' id='par_1_116' title="bbox 1844 5504 3410 5580">
     <span class='ocr_line' id='line_1_117' title="bbox 1844 5504 3410 5580; baseline -0.003 -15"><span class='ocrx_word' id='word_1_725' title='bbox 1844 5512 1992 5565; x_wconf 91' lang='lat' dir='ltr'>Deus</span> <span class='ocrx_word' id='word_1_726' title='bbox 2018 5513 2216 5564; x_wconf 88' lang='lat' dir='ltr'>auctor</span> <span class='ocrx_word' id='word_1_727' title='bbox 2231 5507 2462 5580; x_wconf 90' lang='lat' dir='ltr'>jejunii,</span> <span class='ocrx_word' id='word_1_728' title='bbox 2490 5509 2781 5564; x_wconf 88' lang='lat' dir='ltr'>institutor</span> <span class='ocrx_word' id='word_1_729' title='bbox 2804 5506 3183 5573; x_wconf 85' lang='lat' dir='ltr'>abstinentia,</span> <span class='ocrx_word' id='word_1_730' title='bbox 3211 5504 3307 5578; x_wconf 89' lang='lat' dir='ltr'>qui</span> <span class='ocrx_word' id='word_1_731' title='bbox 3326 5505 3410 5576; x_wconf 47' lang='lat' dir='ltr'>je‘</span> 
     </span>
    </p>
   </div>
   <div class='ocr_carea' id='block_1_117' title="bbox 1767 5599 3414 5683">
    <p class='ocr_par' dir='ltr' id='par_1_117' title="bbox 1767 5599 3414 5683">
     <span class='ocr_line' id='line_1_118' title="bbox 1767 5599 3414 5683; baseline -0.006 -22"><span class='ocrx_word' id='word_1_732' title='bbox 1767 5604 1918 5677; x_wconf 84' lang='lat' dir='ltr'>junii</span> <span class='ocrx_word' id='word_1_733' title='bbox 1941 5603 2185 5659; x_wconf 86' lang='lat' dir='ltr'>formam</span> <span class='ocrx_word' id='word_1_734' title='bbox 2209 5601 2611 5673; x_wconf 88' lang='lat' dir='ltr'>complectens,</span> <span class='ocrx_word' id='word_1_735' title='bbox 2634 5600 2965 5657; x_wconf 87' lang='lat' dir='ltr'>submovisti</span> <span class='ocrx_word' id='word_1_736' title='bbox 2990 5599 3303 5671; x_wconf 86' lang='lat' dir='ltr'>ingluviem</span> <span class='ocrx_word' id='word_1_737' title='bbox 3327 5613 3414 5683; x_wconf 43' lang='lat' dir='ltr'>sas</span> 
     </span>
    </p>
   </div>
   <div class='ocr_carea' id='block_1_118' title="bbox 1774 5734 3413 5830">
    <p class='ocr_par' dir='ltr' id='par_1_118' title="bbox 1774 5734 3413 5830">
     <span class='ocr_line' id='line_1_119' title="bbox 1774 5734 3413 5830; baseline -0.007 -26"><span class='ocrx_word' id='word_1_738' title='bbox 1774 5749 1843 5805; x_wconf 91' lang='lat' dir='ltr'>de</span> <span class='ocrx_word' id='word_1_739' title='bbox 1873 5751 2068 5830; x_wconf 79' lang='lat' dir='ltr'>sancto</span> <span class='ocrx_word' id='word_1_740' title='bbox 2102 5749 2287 5830; x_wconf 85' lang='lat' dir='ltr'>Petro,</span> <span class='ocrx_word' id='word_1_741' title='bbox 2320 5745 2422 5800; x_wconf 90' lang='lat' dir='ltr'>ubi</span> <span class='ocrx_word' id='word_1_742' title='bbox 2464 5745 2633 5800; x_wconf 92' lang='lat' dir='ltr'>modo</span> <span class='ocrx_word' id='word_1_743' title='bbox 2665 5743 2878 5815; x_wconf 89' lang='lat' dir='ltr'>legitur</span> <span class='ocrx_word' id='word_1_744' title='bbox 2922 5740 3172 5798; x_wconf 88' lang='lat' dir='ltr'>absolute</span> <span class='ocrx_word' id='word_1_745' title='bbox 3197 5734 3413 5812; x_wconf 77' lang='lat' dir='ltr'>ligandi</span> 
     </span>
    </p>
   </div>
   <div class='ocr_carea' id='block_1_119' title="bbox 1774 5832 2394 5877">
    <p class='ocr_par' dir='ltr' id='par_1_119' title="bbox 1774 5832 2394 5877">
     <span class='ocr_line' id='line_1_120' title="bbox 1774 5832 2394 5877; baseline -0.008 0"><span class='ocrx_word' id='word_1_746' title='bbox 1774 5836 1978 5877; x_wconf 71' lang='lat'>01111853.</span> <span class='ocrx_word' id='word_1_747' title='bbox 1999 5835 2130 5876; x_wconf 75' lang='grc' dir='ltr'>νοοε</span> <span class='ocrx_word' id='word_1_748' title='bbox 2161 5832 2374 5874; x_wconf 65' lang='lat' dir='ltr'>animas</span> <span class='ocrx_word' id='word_1_749' title='bbox 2382 5857 2394 5872; x_wconf 88' lang='lat'>.</span> 
     </span>
    </p>
   </div>
  </div>
