3968 6224
445 351 547 407 283

1234 346 1566 402 APPENDIX
1603 343 1690 398 AD
1727 339 1948 395 OPERA
1986 335 2219 392 SANCTI
2258 331 2556 388 GERMANI
2596 329 3022 386 PARISIENSIS.

3726 327 3832 382 284

444 461 686 520 donasti.
731 461 824 516 Ille
858 463 1102 516 mortem
1133 456 1505 528 temporalem
1547 452 1759 521 intulit,
1802 455 1864 504 tu
1901 450 2076 505 vitam
2097 458 2365 531 Asuum,
2396 441 2759 512 adsumptam
2785 456 2855 495 ex
2899 453 3068 495 carne
3111 436 3360 510 Virginis
3405 435 3515 493 viri
3570 434 3837 492 hominis

443 560 776 629 perpetuam
799 553 1068 610 tribuisti.
1091 555 1392 622 Propterea
1413 547 1658 620 profusis
1686 545 1904 617 gaudiis
1923 547 2073 598 totus

441 647 502 702 in
531 647 666 701 orbe
692 650 972 700 terrarum
1008 642 1254 696 mundus
1293 639 1542 694 exultat:
1583 637 1677 691 sed
1717 640 1774 690 et
1813 650 2072 706 superna

441 745 747 800 concinunt
770 746 1074 816 potestates
1106 740 1388 811 hymnum
1419 735 1615 808 gloria
1641 740 1775 801 tua,
1810 735 1931 789 sine
1961 734 2072 788 line

443 839 712 895 dicentes.

583 947 758 1000 XLIII.
794 959 952 999 MISSA
976 959 1027 998 uv
1056 958 1144 996 me
1171 955 1408 996 εΑΒΒΑτο
1438 953 1661 994 camus
1687 952 1928 992 PASCHE.

417 1027 422 1031 ’
511 1042 805 1105 Conserva,
838 1037 1090 1105 Domine,
1120 1034 1390 1090 familiam
1427 1037 1600 1101 tuam,
1635 1048 1774 1102 quos
1814 1047 1882 1085 ex
1927 1046 2073 1101 aqua

442 1140 497 1190 et
535 1133 742 1205 Spiritu
789 1136 979 1186 sancto
1021 1129 1300 1202 prOpitius
1344 1126 1666 1194 redemisti;
1719 1127 1781 1179 ut
1825 1128 2074 1178 veterem

440 1228 733 1284 hominem
775 1243 906 1280 cum
945 1224 1060 1279 suis
1099 1224 1315 1278 actibus
1361 1221 1757 1292 exspoliantes,
1801 1217 1862 1272 in
1899 1217 2074 1290 ipsius

439 1321 862 1378 conversatione
916 1319 1189 1387 vivamus,
1243 1317 1314 1371 ad
1365 1316 1524 1386 cujus
1558 1312 1927 1368 substantiam
1972 1328 2076 1383 per

438 1417 556 1472 hac
584 1413 867 1487 paschalia
887 1413 1108 1468 dierum
1135 1415 1458 1465 octavarum
1485 1413 1596 1463 tua
1627 1405 2073 1463 Resurrectionis

438 1510 708 1582 mysteria
735 1505 1090 1562 transtulisti.
1120 1507 1244 1560 Per.

1122 1605 1388 1656 Collectio.

510 1697 632 1764 Fac,
662 1695 1023 1766 omnipotens
1051 1696 1107 1747 et
1133 1692 1448 1747 misericors
1477 1690 1640 1758 Deus,
1669 1692 1730 1743 ut
1755 1688 1905 1760 quod
1929 1692 2075 1742 octa-

436 1806 634 1845 varum
656 1789 879 1843 dierum
907 1785 1354 1843 Resurrectionis
1391 1791 1502 1839 tua
1538 1782 1895 1854 paschalibus
1934 1782 2074 1836 cele-

435 1884 665 1938 bramus
683 1881 900 1951 ciliciis,
922 1879 1279 1935 fructiferum
1301 1878 1466 1933 nobis
1492 1877 1648 1933 omni
1670 1880 1923 1948 tempore
1951 1892 2072 1931 sen-

436 1976 570 2032 tiam
579 1994 660 2031 us.
692 1976 800 2031 Sal.

1063 2046 1186 2093 Post
1205 2042 1437 2092 nomina.

505 2132 652 2186 Deus
677 2129 1079 2185 misericordia
1102 2129 1484 2200 sempiterna,
1508 2126 1606 2198 qui
1625 2127 1683 2181 in
1706 2127 1825 2198 ipso
1844 2129 2073 2183 Pascha-

432 2225 499 2281 lis
533 2225 659 2280 festi
700 2241 930 2280 recursu
969 2223 1140 2279 fidem
1179 2227 1408 2276 sacrata
1443 2221 1545 2276 tibi
1584 2221 1761 2292 plebis
1793 2222 2068 2290 accendis,

431 2336 576 2392 auge
606 2318 868 2392 gratiam,
897 2335 1071 2389 quam
1098 2316 1321 2383 dedisti,
1350 2320 1416 2370 ut
1441 2315 1615 2386 digna
1643 2331 1842 2370 omnes
1869 2315 2072 2370 intelli-

434 2414 623 2485 gentia
649 2411 1136 2483 comprehendant
1167 2427 1281 2481 quo
1312 2410 1533 2464 lavacro
1559 2410 1757 2478 abluti,
1799 2425 1912 2480 quo
1952 2409 2072 2480 Spi-

431 2507 544 2562 ritu
571 2505 910 2577 regenerati,
943 2521 1054 2576 quo
1081 2503 1354 2574 sanguine
1375 2507 1507 2558 sunt
1543 2503 1804 2558 redemti.
1834 2505 1959 2558 Per.

1101 2606 1176 2656 Ad
1205 2619 1411 2671 pacem.

501 2695 664 2762 Deus,
687 2693 783 2766 qui
808 2710 911 2765 per
939 2693 1306 2765 Unigenitum
1337 2695 1498 2768 tujum
1531 2689 1862 2746 aeternitatis
1904 2690 2068 2746 nobis

429 2788 667 2856 aditum,
691 2787 906 2842 devicta
935 2791 1138 2856 morte,
1167 2786 1448 2855 reserasti,
1469 2786 1650 2841 deduc
1676 2801 1778 2839 nos
1803 2785 1874 2839 ad
1900 2784 2068 2839 socie-

427 2886 602 2937 tatem
628 2881 936 2936 calestium
965 2881 1325 2954 gaudiorum,
1355 2885 1417 2934 ut
1443 2879 1656 2951 Spiritu
1690 2881 1881 2934 sancto
1908 2895 2068 2934 rena-

429 2979 514 3031 tos
540 2991 786 3047 regnum
813 2979 978 3030 tuum
1005 2975 1176 3030 facias
1195 2974 1448 3029 introire.
1482 2975 1589 3028 Per
1607 2989 1830 3045 resurg.

1077 3075 1410 3126 Contestatio.

498 3163 743 3234 Dignum
773 3163 1060 3233 etjustum
1078 3167 1181 3230 est,
1205 3161 1583 3217 necessarium
1611 3165 1668 3216 et
1693 3161 1934 3216 salutare
1955 3165 2058 3230 est,

424 3260 491 3310 ut
529 3261 584 3310 te
626 3257 932 3311 Dominum
975 3273 1039 3310 ac
1077 3258 1254 3310 Deum
1304 3256 1434 3308 totis
1472 3255 1777 3309 visceribus
1811 3255 2064 3309 humana

425 3349 670 3404 conditio
718 3354 1042 3417 veneretur,
1100 3351 1217 3403 Rex
1273 3348 1548 3402 mirabilis
1598 3349 1839 3403 Christe.
1891 3349 2062 3419 Cujus

425 3443 917 3510 condemnatione,
965 3442 1221 3496 tartareis
1248 3441 1482 3495 vinculis
1523 3442 1778 3496 absoluta
1824 3443 2059 3496 creden-

426 3537 567 3590 tium
597 3535 780 3602 turba,
809 3535 1086 3590 libertatis
1109 3535 1357 3605 insignia
1375 3536 1713 3606 gratulatur.
1731 3535 1836 3600 Qui
1854 3552 1982 3590 vere
1999 3541 2064 3590 ut

425 3631 530 3684 Leo
557 3631 624 3685 de
653 3629 804 3684 tribu
829 3630 967 3684 Juda
994 3629 1209 3684 mundo
1239 3632 1515 3696 ostensus,
1549 3629 1871 3684 animarum
1900 3631 2063 3684 devo-

422 3727 668 3778 ratorem
710 3723 1022 3777 extinctum
1069 3723 1294 3778 leonem
1334 3723 1618 3777 diabolum
1671 3724 1856 3777 omnis
1913 3727 2062 3778 terra

422 3818 664 3873 latatur.
701 3817 985 3872 Permittis
1016 3821 1068 3871 te
1098 3817 1382 3872 clavorum
1406 3817 1645 3872 nexibus
1670 3817 1965 3888 alligatum
1991 3817 2062 3872 ad

421 3912 671 3983 stipitem
693 3911 872 3966 crucis
900 3909 1066 3965 tereri
1083 3922 1128 3980 ﬂ,
1148 3915 1219 3965 ut
1237 3928 1352 3966 non
1388 3911 1460 3966 sit
1476 3928 1645 3983 parva
1664 3927 1834 3982 quem
1852 3910 2061 3981 impius

421 4005 706 4076 quondam
734 4007 1064 4075 expavescat
1089 4005 1360 4076 potentia.
1388 4006 1470 4060 Ad
1489 4005 1650 4075 cujus
1669 4021 1866 4059 vocem
1892 4004 2058 4059 emit-

424 4103 546 4151 tens
593 4098 878 4167 spiritum,
920 4102 1070 4151 terra
1108 4098 1360 4165 tremuit,
1399 4099 1600 4151 calum
1657 4098 1904 4169 expavit,
1942 4097 2062 4152 dies

421 4191 586 4261 fugit,
616 4190 696 4243 sol
739 4190 1065 4244 obscuratus
1103 4193 1204 4258 est,
1249 4193 1400 4244 astra
1439 4191 1844 4245 abscondentes
1877 4191 2061 4245 radios

422 4299 569 4351 suos,
594 4283 760 4337 simul
799 4284 990 4337 omnia
1024 4284 1435 4355 migraverunt.
1485 4282 1678 4356 259
1723 4283 1898 4354 Cujus
1941 4284 2061 4338 des-

421 4393 613 4443 censu,
644 4377 945 4432 confractis
971 4378 1169 4449 portis,
1197 4378 1358 4448 luget
1383 4377 1692 4432 infernum.
1721 4378 1843 4442 Quo
1869 4393 2056 4432 resur-

421 4475 609 4542 gente,
641 4472 907 4526 laetantur
934 4472 1145 4543 angeli,
1177 4471 1390 4526 exultat
1425 4476 1575 4526 terra
1612 4488 1743 4526 cum
1785 4472 2059 4526 habitato-

2175 537 2437 603 formam,
2467 535 2690 590 mittere
2717 534 2982 605 dignatus
3012 537 3114 600 est,
3145 530 3672 598 fratres'carissimi,
3704 546 3838 601 sup-

2175 631 2398 702 pliciter
2441 645 2766 696 exoremus;
2811 632 2876 682 ut
2929 627 3072 682 sicut
3125 626 3184 681 iu
3217 626 3334 696 Ohac
3387 624 3836 680 Resurrectione

2177 725 2432 796 ejusdem
2458 740 2560 778 nos
2586 741 2619 776 ει
2649 725 2833 777 morte
2862 725 3138 793 perpetua
3165 737 3297 775 cum
3326 720 3422 774 illo
3448 718 3835 786 resuscitavit,

2175 818 2254 873 ita
2291 817 2511 888 pietatis
2546 833 2664 871 sua
2694 817 2842 870 dono
2870 815 2939 869 ab
2968 815 3234 869 omnibus
3260 830 3362 868 nos
3389 813 3609 868 inimici
3635 817 3835 867 tutan:

2177 911 2416 979 insidiis,
2453 910 2675 964 inlasos
2705 909 2869 963 faciat
2890 909 2948 962 in
2975 908 3170 962 matris
3199 907 3456 962 Ecclesia
3484 906 3708 977 gremio
3732 922 3828 960 re-

2177 1005 2406 1072 sedere;
2440 1009 2497 1058 et
2524 1003 2887 1058 conscientia
2928 1001 3256 1072 integritate
3285 1000 3354 1055 de
3393 999 3834 1072 regeneratione

2181 1098 2508 1169 gaudentes,
2543 1101 2758 1151 aeterna
2781 1096 3203 1169 primitivorum
3233 1094 3520 1162 Ecctcsia,
3551 1093 3832 1164 quemad-

2180 1191 2412 1246 modum
2439 1191 2734 1246 devotione
2761 1191 2830 1245 ad
2862 1206 3134 1261 prasens,
3171 1189 3249 1243 ita
3278 1193 3334 1243 et
3359 1188 3829 1243 remuneratione

2175 1285 2420 1340 adsociet
2444 1284 2504 1339 in
2533 1289 2812 1340 aeternum
2828 1301 2843 1352 ;
2869 1289 2925 1339 et
2949 1284 3070 1338 hac
3099 1298 3340 1338 munera
3369 1281 3551 1355 plebis
3578 1297 3698 1337 sua
3720 1281 3824 1337 be-

2173 1378 2434 1434 nedicere
2465 1379 2758 1450 dignetur.
2789 1377 2899 1433 Sal.

2867 1464 3135 1514 Collectio.

2244 1543 2410 1609 Deus,
2443 1541 2612 1596 totius
2633 1541 2904 1596 claritatis
2931 1541 3190 1595 conditor
3205 1542 3260 1594 et
3281 1540 3624 1609 moderator,
3647 1555 3824 1613 quem

2173 1636 2422 1691 calestia
2460 1635 2761 1705 mirantur,
2811 1641 2866 1690 et
2894 1640 3119 1690 terrena
3149 1635 3417 1706 pavitant,
3449 1634 3675 1688 inferna
3701 1639 3824 1689 tre-

2173 1730 2454 1798 miscunt;
2501 1729 2593 1784 cui
2629 1730 2965 1801 angelorum
3007 1735 3210 1783 turma
3247 1733 3302 1783 et
3336 1728 3822 1799 archangelorum

2094 1832 2148 1902 B
2174 1825 2452 1878 exercitus
2475 1823 2738 1893 militant,
2760 1840 2876 1878 non
2891 1823 2976 1877 uti
2992 1823 3274 1876 mundum
3300 1837 3617 1894 expugnes,
3644 1838 3823 1893 quem

2174 1918 2291 1989 ipse
2316 1918 2517 1984 fecisti,
2551 1917 2648 1972 sed
2679 1922 2744 1972 ut
2770 1917 3006 1972 subruas
3031 1917 3231 1971 mundi
3258 1920 3506 1988 peccata,
3535 1933 3667 1987 qua
3695 1916 3821 1970 dia-

2173 2011 2334 2067 bolus
2361 2011 2679 2080 adinveuit;
2708 2011 2840 2083 quia
2868 2011 2948 2065 ita
2985 2011 3250 2082 dignatus
3292 2027 3349 2065 es
3386 2009 3624 2082 diligere
3664 2010 3821 2064 hunc

2173 2106 2472 2174 mundum,
2509 2110 2574 2160 ut
2600 2104 2965 2176 Unigenitum
2989 2108 3154 2158 tuum
3182 2105 3430 2158 traderes
3478 2119 3584 2175 pro
3629 2108 3823 2158 nostra

2173 2199 2370 2268 salute,
2397 2199 2556 2269 cujus
2576 2214 2740 2253 cruce
2761 2198 3042 2268 redempti
3070 2214 3284 2265 sumus,
3314 2201 3495 2252 morte
3524 2195 3817 2266 vivificati,

2170 2293 2426 2364 passione
2457 2292 2670 2362 salvati,
2702 2292 3114 2347 resurrectione
3153 2290 3465 2362 gloriﬁcati.
3495 2292 3602 2345 Per
3627 2291 3818 2362 ipsum

2169 2387 2361 2458 itaque
2389 2391 2443 2441 te
2471 2385 2748 2458 supplices
2777 2385 3124 2453 invocamus,
3167 2389 3233 2439 ut
3256 2384 3388 2438 huic
3417 2384 3652 2438 familia
3695 2390 3812 2439 tua

2169 2480 2228 2534 in
2257 2480 2522 2535 omnibus
2555 2481 2747 2535 adesse
2778 2479 3049 2550 digneris,
3095 2478 3240 2533 sicut
3283 2478 3513 2532 adfuisti
3553 2478 3813 2548 patribus

2169 2575 2374 2628 nostris
2407 2574 2762 2644 sperantibus
2803 2573 2863 2627 in
2901 2579 2998 2628 tua
3032 2571 3418 2626 misericordia
3448 2589 3460 2627 :
3513 2571 3590 2625 sic
3635 2577 3691 2626 et
3728 2572 3819 2626 his

2169 2668 2431 2722 omnibus
2455 2668 2647 2721 adesse
2679 2667 2935 2737 dignare,
2978 2671 3043 2721 ut
3083 2666 3155 2719 sit
3196 2665 3257 2719 in
3306 2665 3564 2720 sensibus
3611 2681 3816 2720 eorum

2167 2762 2338 2816 timor
2367 2761 2677 2815 devotionis
2708 2765 2843 2828 tua,
2876 2760 2937 2814 in
2961 2759 3128 2814 corde
3156 2758 3312 2827 fides,
3346 2759 3406 2814 in
3443 2775 3615 2830 opere
3647 2759 3817 2830 justi-

2167 2855 2263 2924 tia,
2296 2855 2355 2909 in
2383 2860 2511 2908 actu
2539 2854 2736 2926 pietas,
2770 2855 2831 2908 in
2870 2853 3066 2925 lingua
3095 2853 3318 2921 veritas,
3357 2852 3416 2906 in
3453 2852 3708 2907 moribus
3734 2852 3817 2907 di-

2167 2949 2422 3020 sciplina,
2451 2951 2517 3002 ut
2541 2948 2713 3018 digne
2745 2947 2962 3018 riteque
2988 2945 3426 3001 immortalitatis
3704 2946 3816 3000 sibi

2167 3042 2470 3114 praemium
2497 3041 2765 3113 consequi
2796 3046 3144 3095 mereantur.
3173 3041 3296 3094 Per.

2791 3136 2916 3183 Post
2947 3134 3178 3193 nomina,

2083 3205 2137 3278 C
2233 3211 2506 3278 Concede,
2530 3226 2879 3282 quasumus,
2904 3209 3261 3280 omnipotens
3280 3209 3446 3276 Deus,
3476 3210 3541 3261 ut
3568 3206 3669 3278 qui
3701 3207 3806 3263 Re-

2162 3304 2524 3359 surrectionis
2546 3303 2845 3358 dominica
2869 3303 3159 3357 sollemnia
3181 3302 3437 3370 colimus,
3455 3317 3557 3372 per
3576 3300 3812 3355 innova-

2161 3398 2375 3453 tionem
2405 3398 2486 3452 tui
2506 3397 2745 3469 Spiritus
2763 3415 2796 3451 a
2821 3400 3002 3450 morte
3023 3396 3226 3451 anima
3252 3411 3638 3467 resurgamus.
3674 3395 3808 3449 Per.

2835 3490 2912 3539 Ad
2941 3503 3145 3552 pacem.

2234 3565 2449 3621 Exaudi
2486 3581 2608 3634 nos,
2653 3564 2910 3631 Domine,
2965 3570 3153 3619 sancte
3198 3566 3382 3631 Pater,
3440 3563 3810 3634 omnipotens

2162 3663 2335 3730 Deus;
2366 3663 2422 3715 et
2439 3659 2526 3714 his
2543 3658 2920 3713 oblationibus
2940 3659 3314 3730 precibusque
3342 3658 3637 3730 susceptis,
3661 3673 3811 3728 pra-

2162 3754 2356 3809 sentia
2397 3757 2510 3807 tua
2543 3752 2812 3807 virtutem
2860 3753 3153 3821 intersere,
3190 3758 3253 3807 ut
3292 3752 3443 3825 quod
3486 3751 3701 3824 singuli
3737 3752 3807 3805 ad

2161 3846 2457 3920 Majestatis
2485 3850 2597 3902 tua
2615 3847 2945 3901 obtulerunt
2971 3847 3271 3917 honorem,
3302 3845 3519 3901 cunctis
3545 3844 3804 3917 proficiat

2161 3943 2231 3997 ad
2260 3941 2518 3998 salutem.
2547 3942 2654 3996 Per
2680 3957 2903 4012 resurg.

2831 4028 3122 4078 lmmolatio

2232 4106 2482 4177 Dignum
2509 4110 2565 4160 et
2583 4105 2805 4176 justum
2822 4109 2922 4173 est,
2946 4104 3328 4159 necessarium
3353 4107 3409 4160 et
3433 4103 3680 4159 salutare
3698 4108 3803 4174 est,

2160 4215 2261 4256 nos
2285 4199 2388 4254 tibi
2415 4199 2622 4270 gratias
2648 4215 2839 4270 agere,
2871 4198 3231 4268 omnipotens
3260 4199 3424 4265 Dens,
3447 4197 3581 4252 licet
3606 4199 3804 4270 gloria

2162 4297 2272 4347 tua
2299 4293 2626 4347 mortalium
2654 4292 2914 4347 membra
2941 4308 3058 4345 non
3087 4296 3422 4363 congruant,
3442 4290 3806 4364 Redemptio-

2159 4386 2245 4441 nis
2270 4391 2480 4440 nostra
2504 4385 2754 4457 perferre
2781 4385 3096 4456 praconia:
3127 4385 3264 4439 dum
3292 4384 3593 4439 hominum
3617 4401 3802 4455 genus

2158 4481 2545 4552 mancipatum
2571 4483 2774 4549 morte,
2794 4479 3149 4533 infernorum
3175 4478 3400 4532 sedibus
3427 4478 3803 4534 tenebrarum

417 4566 573 4620 ribus
599 4566 732 4620 suis.
777 4567 837 4619 In
881 4582 994 4636 quo
1037 4565 1332 4636 triumpho
1375 4564 1718 4636 conspicitur
1768 4565 2338 4652 comitatioDvincla
2363 4572 2793 4643 restringerent,
2825 4572 3076 4643 spiritale
3107 4572 3373 4640 Verbum,
3419 4587 3522 4641 per
3561 4573 3717 4643 quod
3743 4573 3805 4627 in

415 4659 509 4713 illa
551 4658 880 4730 prophetico
917 4675 1016 4713 ore
1046 4659 1324 4730 promissa
1355 4675 1368 4713 :
1405 4661 1512 4714 Ero
1554 4675 1708 4714 mors
1746 4664 1862 4730 tua,
1903 4676 1936 4712 ο
1973 4659 2059 4713 in-

414 4753 592 4807 ferne.
627 4753 726 4807 Ubi
757 4757 840 4807 est
866 4769 1002 4824 ergo
1043 4753 1276 4808 victoria
1316 4754 1448 4807 tua?
1485 4754 1594 4808 Nec
1631 4754 1786 4808 enim
1828 4753 1897 4808 ab
1943 4753 2056 4808 alio

418 4849 654 4917 poterat,
682 4845 789 4899 nisi
815 4865 847 4900 a
873 4846 984 4901 vita
1013 4864 1170 4903 mors
1195 4847 1470 4903 devorari.
1499 4848 1604 4912 Qui
1643 4849 1914 4903 descensu
1952 4864 2054 4902 suo

415 4957 507 4994 eos
532 4939 630 5010 qui
653 4939 997 4994 tenebantur
1039 4958 1073 4994 a
1109 4945 1288 4996 morte
1331 4941 1550 5013 superis
1591 4942 1832 4998 reddidit
1873 4957 2056 4995 resur-

415 5032 621 5104 gendo,
651 5037 713 5086 ut
735 5033 856 5102 ejus
901 5034 1236 5088 resurrectio
1275 5035 1536 5090 vivorum
1572 5036 1660 5090 vel
1696 5038 2053 5090 mortuorum

413 5125 734 5182 testimonio
758 5126 1122 5182 formaretur.
1151 5128 1308 5184 Unde
1339 5134 1528 5184 sancte
1569 5131 1754 5197 Pater,
1798 5128 2054 5198 omnipo-

411 5227 554 5290 tens,
579 5225 790 5277 aeterne
817 5223 987 5287 Deus,
1017 5238 1120 5293 per
1141 5224 1332 5278 Jesum
1355 5223 1643 5278 Christum
1664 5221 1864 5276 Filium
1879 5225 2052 5277 .tuum

413 5315 715 5371 Dominum
753 5319 1013 5371 nostrum
1040 5317 1220 5389 gloria
1247 5317 1350 5372 tibi
1378 5331 1623 5387 semper,
1655 5316 1755 5388 qui
1786 5316 1846 5370 in
1877 5319 1953 5383 te,
1996 5322 2051 5373 et

411 5425 479 5463 ex
508 5414 581 5476 te,
611 5415 667 5465 et
695 5414 884 5466 tecum
914 5427 1138 5482 semper
1157 5415 1260 5465 est.
1293 5411 1399 5464 Per
1422 5425 1594 5481 quem
1619 5414 1673 5466 te
1700 5410 1903 5464 laud).

766 5515 938 5568 XLIV.
966 5528 1126 5569 mssa
1160 5527 1406 5567 CLAUSUM
1439 5529 1678 5568 PASCHE.

481 5607 680 5676 Deum,
713 5607 811 5678 qui
844 5623 946 5676 pro
972 5605 1136 5660 ruina
1160 5605 1330 5660 totius
1356 5606 1556 5661 mundi
1585 5606 1814 5660 unicum
1842 5604 2045 5660 Filium

479 5730 504 5757 ⁸
536 5731 622 5786 Sic
653 5731 711 5784 in
737 5729 940 5784 Missali
965 5731 1267 5787 Gallicano.
1297 5733 1382 5786 An
1411 5735 1595 5787 teneri.

487 5799 515 5880 ξ)
543 5801 692 5855 Nihil
731 5799 823 5880 hic
863 5801 931 5854 de
982 5803 1202 5882 pascha
1225 5805 1508 5882 an_n_otz'no_,_
1541 5804 1712 5882 quod_
1735 5803 2046 5882 baptizatus

411 5873 650 5942 quisque
663 5873 1133 5945 anniversarium,
1147 5873 1207 5931 id
1225 5873 1442 5947 estipso
1456 5873 1546 5933 die
1557 5873 1673 5950 quo
1696 5873 2045 5950 baptismum

2156 4667 2437 4739 principio
2469 4666 2661 4721 omnia
2685 4666 2910 4722 fuerant
2935 4666 3260 4734 constituta,
3285 4665 3572 4720 descendit
3605 4666 3665 4720 in
3696 4667 3806 4721 Ma-

2157 4762 2336 4830 riam;
2369 4777 2496 4832 qua
2517 4761 2655 4815 dum
2686 4764 2911 4832 partum
2944 4777 3111 4814 suum
3133 4760 3302 4831 Virgo
3329 4759 3591 4827 miratur,
3627 4760 3812 4814 inclu-

2155 4871 2280 4910 sum
2308 4855 2603 4910 hominem
2625 4854 2799 4909 edidit
2829 4855 3027 4908 Deum.
3057 4856 3236 4918 Quem
3265 4859 3457 4908 tamen
3472 4858 3641 4908 tuum
3664 4869 3808 4922 esse,

2155 4965 2374 5004 summe
2401 4947 2760 5020 omnipotens
2789 4949 2955 5016 Deus,
2985 4953 3291 5020 antequam
3329 4951 3686 5016 nasceretur,
3725 4965 3814 5003 co-

2154 5047 2442 5114 gnoverat,
2467 5042 2681 5114 quippe
2698 5058 2828 5114 qua
2846 5041 3059 5096 sciebat
3077 5041 3276 5096 mundi
3295 5057 3415 5096 esse
3433 5040 3804 5113 principium.

2155 5139 2203 5191 ls
2236 5152 2486 5207 namque
2513 5151 2741 5190 crucem
2772 5140 3078 5207 spontanea
3100 5135 3410 5202 voluntate,
3444 5137 3684 5206 propter
3713 5152 3802 5191 re-

2153 5229 2539 5300 demptionem
2588 5229 2825 5284 humani
2875 5230 3119 5301 generis,
3167 5230 3235 5285 de
3286 5228 3517 5283 inimico
3559 5232 3805 5300 tyranno

2153 5323 2630 5395 triumphaturus,
2662 5323 2946 5394 ascendit;
2972 5328 3029 5379 et
3057 5323 3252 5379 relicto
3282 5323 3573 5394 paulisper
3599 5340 3806 5396 corpo-

2150 5418 2226 5472 ris
2252 5419 2485 5489 templo,
2507 5417 2823 5472 inferorum
2840 5418 3085 5472 claustra
3104 5416 3325 5472 confrin
3335 5433 3497 5488 gens,
3517 5417 3806 5488 pristina,

2147 5517 2212 5566 ut
2237 5516 2368 5567 ante
2406 5512 2610 5581 fuerat,
2661 5512 2789 5566 vita
2829 5511 3096 5566 restituit.
3129 5512 3240 5565 Nec
3277 5510 3575 5566 suffecerat
3621 5511 3807 5566 solum

2147 5606 2439 5662 hominem
2461 5606 2788 5662 emendasse
2814 5608 3108 5677 peccatum
3133 5621 3146 5658 :
3178 5605 3276 5660 sed
3300 5621 3405 5677 per
3449 5604 3806 5661 ablutionem

2148 5735 2517 5806 suscepisset,
2533 5733 2837 5806 quotannis
2880 5732 3268 5806 rememorari
3293 5731 3551 5806 debebat,
3592 5747 3663 5806 ex
3699 5734 3805 5788 He-

2148 5802 2329 5862 rardo'
2353 5802 2630 5860 saculi'ix
2665 5804 2928 5876 episcopo
2959 5803 3294 5874 Turonensi,
3333 5803 3395 5859 in
3433 5802 3683 5877 capitulo
3711 5806 3801 5860 93.
