3968 6224
99 349 178 401 285
1112 341 1196 396 DE
1234 340 1548 396 LITURGIA
1583 340 1956 395 GALLICANA
1997 341 2194 396 LIBER
2233 341 2321 397 III.

3307 351 3409 406 286

99 452 333 506 caelestem
353 451 582 503 renatus
602 448 858 504 redivivo
871 464 936 503 ac
947 464 1095 504 novo
1110 446 1425 503 nativitatis
1437 463 1672 519 genere,
1697 460 1756 534 Α
1777 450 1890 504 Eva
1915 448 2225 520 decipitur;
2250 467 2403 508 nunc
2428 452 2637 523 angelo
2655 450 2988 521 nunciante,
3005 453 3180 510 Maria
3209 454 3412 511 clariﬁ-

99 560 319 601 remeans
343 542 411 596 ad
442 542 730 614 originem
765 558 948 609 suam,
981 557 1085 598 nos
1109 543 1182 597 ad
1209 541 1460 598 calestia
1492 559 1675 613 regna

98 636 704 711 produxit.0consilium
729 636 936 691 divina
964 636 1369 707 providentiae!
1403 656 1435 694 ο
1463 636 1671 691 inasti-

96 731 327 787 mandum
341 729 721 800 reparationis
742 730 1044 785 auxilium!
1069 732 1175 785 Per
1186 732 1483 802 Virginem
1509 731 1675 785 nobis

93 827 296 897 gloriosa
319 824 427 877 vita
447 823 786 891 restituitur,
802 841 928 894 qua
943 824 1200 894 perligni
1214 825 1672 880 inobedientiam

91 918 379 975 credebatur
403 917 654 971 extincta
683 934 695 971 :
730 933 835 988 per
864 934 1076 988 aquam
1105 919 1309 973 mundi
1331 922 1565 989 peccata
1586 918 1671 972 di-

91 1017 296 1077 luuntur,
323 1028 421 1082 per
451 1027 629 1081 quam
660 1015 793 1065 ante
824 1015 1085 1066 senserat
1107 1013 1358 1067 mundus
1389 1014 1509 1083 ipse
1539 1029 1674 1067 nau-

89 1107 311 1178 fragium.
339 1104 457 1160 Tibi
483 1121 646 1175 ergo,
672 1121 876 1159 sumne
903 1107 1162 1172 Genitor,
1192 1123 1334 1178 pura
1364 1106 1670 1161 devotione

87 1201 468 1255 immaculatum
501 1215 714 1254 munus
735 1198 1033 1253 offerimus
1061 1217 1074 1254 :
1109 1203 1167 1254 et
1196 1201 1518 1255 elevatione
1545 1216 1666 1254 ma-

88 1309 227 1348 nuum
252 1295 588 1360 nostrarum,
619 1293 782 1362 juxta
809 1292 934 1346 Filii
967 1293 1051 1347 tui
1075 1295 1206 1348 Jesu
1233 1295 1441 1349 Christi
1474 1294 1666 1364 dispo-

87 1388 328 1450 sitionem,
351 1387 510 1457 pium
547 1385 891 1441 sacrificium
925 1387 1301 1444 celebramus.
1333 1389 1442 1442 Per
1476 1387 1663 1442 Chris-

85 1485 177 1536 tum
201 1480 493 1536 Dominum
519 1483 804 1535 nostrum.

184 1589 312 1643 XLV.
352 1604 509 1644 mssa
550 1605 606 1643 IN
647 1604 972 1644 mvemrose
999 1621 1022 1650 ε
1061 1603 1277 1644 sane”:
1316 1603 1530 1644 CRUCIS.

133 1686 420 1742 Gloriemur
462 1687 522 1741 in
560 1703 728 1741 cruce
767 1687 998 1741 Domini
1039 1687 1222 1741 nostri
1259 1689 1391 1742 Jesu
1435 1687 1662 1755 Christi,

79 1781 244 1835 fratres
255 1781 543 1848 carissimi,
559 1784 751 1836 ettota
773 1782 987 1836 mentis
1011 1780 1360 1836 exultatione
1383 1783 1662 1848 latemur;

79 1878 120 1929 et
153 1875 297 1945 hujus
333 1875 447 1929 diei
476 1835 852 1929 festivitatem
889 1891 1020 1929 cum
1068 1875 1276 1946 grandi
1318 1835 1662 1942 reverentia,
1686 1835 1742 1906 Β

77 1967 219 2041 261
251 1973 302 2022 et
333 1969 573 2039 spiritali
604 1969 818 2039 gaudio
845 1969 1222 2036 celebremus,
1258 1969 1317 2022 in
1353 1986 1468 2040 qua
1498 1986 1663 2023 cruce

1776 548 1956 600 catur.
1979 548 2132 601 Tunc
2154 563 2256 617 per
2285 546 2560 601 invidiam
2589 547 2870 617 serpentis
2894 548 3070 603 homo
3097 549 3195 619 qui
3223 549 3413 604 fuerat

1777 644 2000 694 creatus
2013 641 2345 711 perimitur;
2371 657 2522 694 nunc
2537 657 2640 712 per
2650 641 3106 696 misericordiam
3120 642 3409 698 redimen-

1775 734 1848 789 tis
1869 735 2043 789 homo
2067 735 2164 805 qui
2188 735 2440 806 perierat
2469 735 2764 789 liberatur.
2788 737 2942 790 Tunc
2971 737 3147 791 homo
3177 736 3414 792 manda-

1776 833 1899 883 tum
1941 846 2058 884 non
2107 828 2484 884 custodiendo
2533 829 2602 882 de
2658 829 2923 899 paradiso
2976 830 3226 900 pellitur,
3260 847 3413 885 nunc

1775 923 1920 976 latro
1935 922 2221 977 Christum
2241 922 2545 976 Dominum
2567 923 2896 978 conﬁtendo
2922 924 3258 995 paradisum
3285 941 3406 980 me-

1773 1019 1948 1069 retur.
1968 1016 2130 1070 Unde
2145 1016 2426 1086 supplices
2442 1032 2734 1087 rogamus,
2750 1017 3198 1072 clementissime
3219 1019 3406 1086 Pater,

1773 1127 1875 1180 per
1903 1110 2128 1181 inclyta
2155 1108 2348 1182 262
2375 1110 2556 1164 crucis
2585 1109 2935 1165 innarrabile
2954 1115 3406 1179 sacramentum,

1772 1207 1829 1257 et
1854 1220 1957 1274 per
1979 1203 2208 1258 Domini
2233 1204 2414 1258 nostri
2436 1205 2462 1258 ,Ι
2469 1220 2567 1257 esu
2589 1204 2797 1259 Christi
2811 1205 2933 1258 Filii
2958 1205 3039 1259 tui
3065 1206 3408 1260 admirabile

1769 1314 2035 1367 regnum,
2077 1301 2138 1351 ut
2176 1297 2299 1368 ejus
2336 1297 2705 1352 festivitatem
2750 1298 3129 1366 celebramus,
3180 1299 3408 1355 hodier-

1770 1408 1908 1445 num
1957 1391 2135 1458 diem,
2173 1391 2232 1445 in
2279 1408 2392 1462 quo
2423 1391 2605 1446 crucis
2644 1408 2750 1447 nos
2795 1409 2996 1448 omnes
3039 1409 3166 1448 cum
3209 1393 3406 1448 latitia

1769 1484 2009 1556 spiritali
2033 1488 2089 1538 et
2101 1485 2366 1540 modesta
2379 1486 2729 1540 exultatione
2743 1502 3043 1557 peragere,
3068 1490 3124 1541 et
3135 1486 3288 1542 inter
3307 1504 3406 1543 ca-

1767 1578 1996 1632 lestium
2018 1579 2292 1633 virtutum
2306 1579 2507 1633 laudes
2525 1579 2865 1634 humilitatis
2877 1583 3088 1634 nostra
3104 1597 3271 1635 voces
3283 1597 3401 1634 sus-

1767 1672 1964 1743 cipias,
1989 1672 2295 1743 multiplici
2326 1674 2688 1728 confessione
2709 1674 2792 1728 ita
2824 1674 3081 1728 dicentes
3105 1690 3117 1730 :
3142 1675 3405 1729 Sanctus.

1766 1789 1934 1844 XLVI.
1967 1805 2124 1845 mssa
2165 1805 2352 1846 SANCII
2391 1806 2655 1846 JOHANNIS
2684 1790 2712 1830 δ
2758 1806 3022 1846 APOSTOLI
3063 1808 3125 1847 ET
3165 1807 3404 1848 evanes-

2490 1878 2674 1916 LIST.’E.

1837 1969 2219 2040 Omnipotens
2247 1969 2602 2041 sempiterne
2629 1971 2797 2036 Deus,
2830 1968 2927 2040 qui
2962 1969 3132 2040 hujus
3171 1969 3285 2024 diei
3327 1971 3406 2025 fe-

79 2063 167 2132 ipse
193 2062 447 2116 Dominus
477 2066 680 2117 noster
711 2067 769 2116 et
798 2063 1059 2118 Salvator
1100 2079 1206 2133 pro
1251 2065 1448 2116 nostra
1479 2065 1663 2117 salute
1764 2062 2072 2117 stivitatem
2098 2063 2281 2116 fecisti
2303 2063 2376 2116 ad
2401 2062 2663 2117 laetitiam
2685 2061 2843 2116 beati
2862 2063 3140 2117 Johannis
3162 2079 3405 2135 evange-

79 2155 320 2244 pependit,
353 2160 406 2210 et
438 2156 738 2210 diabolum
778 2155 1175 2227 triumphavit.
1205 2157 1313 2210 Per
1346 2157 1494 2211 hanc
1521 2173 1660 2227 ergo
1763 2157 1926 2223 lista,
1958 2157 2031 2210 da
2061 2156 2328 2210 Ecclesia
2356 2159 2466 2210 tua
2499 2156 2676 2211 etiam
2711 2172 2908 2210 amare
2950 2155 3104 2227 quod
3137 2155 3399 2223 credidit,

77 2264 277 2315 crucem,
305 2250 468 2304 mala
490 2250 972 2322 concupiscentia
999 2249 1340 2320 adpetitum,
1357 2251 1512 2320 quod
1535 2251 1657 2304 dul-

1764 2253 1821 2304 et
1849 2249 2161 2321 praedicare
2183 2249 2338 2320 quod
2375 2249 2588 2304 docuit.
2640 2251 2748 2303 Per
2793 2248 3107 2304 Dominum
3141 2253 3400 2304 nostrum

79 2343 183 2397 cedo
215 2343 417 2398 arboris
454 2344 686 2411 inlexit,
721 2343 1047 2398 amaritudo
1083 2343 1234 2397 fellis
1277 2343 1562 2410 coercuit;
1604 2347 1664 2398 et
1760 2344 1952 2399 Jesum
1982 2343 2268 2398 Christum
2294 2343 2501 2398 Filium
2529 2346 2716 2397 tuum.

81 2436 191 2507 gula
215 2436 573 2503 desiderium,
595 2438 752 2508 quod
775 2437 1022 2492 suavitas
1046 2436 1209 2508 pomi
1236 2436 1480 2508 decepit,
1513 2437 1659 2492 aceti

79 2530 299 2601 asperitas
328 2532 662 2587 refrenavit.
688 2532 802 2587 Sal.

126 2692 253 2746 Dona
288 2692 470 2758 nobis,
520 2620 1124 2763 omniggt‘eﬁrcisater,
1175 2708 1280 2763 per
1314 2691 1657 2762 mysterium

76 2785 212 2838 crucis
243 2785 528 2855 Unigeniti
562 2785 670 2851 tui,
700 2789 762 2838 ut
784 2801 1076 2840 venenum
1108 2785 1391 2856 serpentis
1431 2785 1657 2856 antiqui

74 2878 207 2947 =quod
229 2877 483 2933 ﬁdelibus
511 2879 720 2933 nititur
738 2879 1070 2949 propinare)
1102 2896 1205 2950 per
1232 2878 1374 2933 illud
1401 2879 1652 2935 medica-

71 2975 300 3039 mentum,
327 2973 480 3044 quod
502 2972 717 3028 Christi
746 2973 1006 3028 manavit
1029 2974 1231 3039 latere,
1257 2972 1437 3043 possit
1461 2989 1494 3026 a
1521 2973 1657 3028 fide-

70 3062 176 3117 lium
222 3066 537 3136 pectoribus
595 3066 940 3136 expurgari;
989 3082 1248 3137 quosque
1303 3067 1652 3137 trangressio

72 3161 286 3228 pracepti
329 3159 396 3213 de
441 3159 721 3214 Paradiso
781 3160 1013 3230 expulit,
1062 3158 1345 3214 confessio
1403 3160 1654 3215 nominis

71 3249 229 3306 Christi
250 3252 302 3306 in
329 3253 604 3309 Paradiso
628 3254 924 3309 reformet.
957 3254 1070 3308 Sal.

646 3345 771 3393 Post
799 3344 1030 3392 nomina.

120 3411 327 3469 Domine
369 3417 502 3471 Jesu
532 3415 780 3481 Christe,
817 3415 917 3486 qui
945 3415 1004 3470 in
1037 3416 1296 3486 patibulo
1325 3415 1508 3471 crucis
1539 3433 1656 3471 sus-

70 3520 250 3574 pensus,
288 3510 512 3563 Patrem
549 3526 620 3563 ex
667 3509 857 3564 forma
901 3510 1051 3564 servi
1091 3527 1269 3581 quam
1308 3525 1658 3580 susceperas,

69 3601 110 3650 ut
133 3599 246 3669 quid
282 3604 337 3656 te
378 3603 778 3673 dereliquerit,
812 3603 1168 3670 adclamasti,
1199 3608 1257 3657 et
1293 3606 1353 3657 ut
1393 3619 1657 3674 persecu-

68 3692 240 3746 toribus
266 3696 492 3750 veniam
527 3696 811 3750 tribueret
840 3697 1160 3768 postulasti,
1191 3700 1352 3752 tuam
1377 3696 1660 3768 supplices

69 3782 388 3855 imploramus
410 3790 812 3857 clementiam,
839 3793 900 3844 ut
925 3790 1081 3861 quod
1101 3794 1236 3845 tunc
1265 3807 1370 3862 pro
1399 3794 1661 3862 suscepta

67 3880 212 3932 carnis
239 3882 560 3938 humilitate
593 3900 627 3936 a
655 3885 823 3938 Patre
852 3887 1119 3955 expetere
1166 3883 1474 3952 videbaris,
1505 3901 1659 3938 nunc

67 3985 165 4027 cum
193 3975 405 4044 eodem,
435 3994 702 4032 connexa
729 3993 961 4049 semper
991 3977 1312 4034 Divinitatis
1350 3981 1656 4050 potestate,

68 4068 331 4124 consistens
354 4073 635 4142 prastare
659 4071 936 4143 digneris.
964 4071 1078 4128 Sal.

117 4229 253 4300 Deus,
282 4235 376 4304 qui
405 4159 1316 4302 Ecclesiamdttfgrﬁucatholicam,
1348 4250 1524 4307 quam
1559 4239 1656 4291 tuo

68 4329 219 4378 sancto
247 4328 527 4398 sanguine
563 4328 885 4394 redemisti,
921 4344 1243 4399 numquam
1281 4329 1655 4400 derelinquis,

68 4416 293 4490 nobisque
325 4421 582 4493 indignis
619 4422 676 4476 in
709 4422 914 4477 eadem
944 4422 1417 4477 concurrentibus
1460 4423 1654 4478 crimi-

67 4524 171 4563 num
198 4513 612 4587 indulgentiam
656 4517 912 4586 placatus
942 4515 1229 4583 concedis,
1262 4519 1319 4570 et
1353 4516 1451 4588 qui
1479 4518 1654 4572 latro-

67 4602 130 4654 nis
161 4608 328 4662 tecum
375 4609 431 4663 in
469 4626 640 4663 cruce
672 4610 981 4680 pendentis
1008 4609 1434 4665 confessionem
1455 4611 1659 4681 justifi-

66 4709 164 4750 care
191 4699 447 4770 dignatus
476 4720 560 4769 es,
591 4719 942 4774 quaesumus,
979 4707 1044 4758 ut
1073 4703 1338 4758 omnium
1365 4703 1423 4758 in
1443 4707 1500 4758 te
1533 4720 1654 4758 cre-

64 4785 276 4847 dentium
302 4795 478 4850 ﬁdem
503 4813 738 4867 augeas,
763 4797 1141 4868 multiplices;
1172 4800 1230 4851 et
1251 4797 1416 4852 solita
1442 4797 1654 4868 pietate

63 4896 244 4948 pacem,
275 4904 446 4958 quam
497 4890 784 4944 custodire
812 4889 1051 4960 jussisti,
1080 4890 1384 4945 inlibatam
1435 4890 1494 4944 in
1553 4907 1658 4945 nos

63 4989 349 5036 conservare
380 4981 658 5054 digneris.
690 4984 802 5037 Sal.

651 5072 988 5121 Contestatio.

115 5136 333 5210 Dignum
360 5146 419 5198 et
434 5144 660 5214 justum
686 5145 789 5211 est,
816 5144 1189 5216 omnipotens
1227 5145 1395 5212 Deus,
1429 5145 1534 5199 tibi
1565 5162 1654 5200 sa-

62 5228 355 5290 criﬁciorum
400 5243 535 5292 vota
576 5239 924 5309 persolvere,
957 5241 1014 5292 te
1046 5238 1106 5293 in
1136 5238 1322 5292 laudis
1362 5238 1654 5308 praconio

64 5319 414 5384 indesinenter
441 5331 742 5399 adtollere,
763 5348 830 5386 ac
850 5331 1167 5403 utriusque,
1185 5335 1242 5385 et
1265 5331 1414 5386 illius
1441 5331 1658 5387 scilicet

63 5413 350 5477 habitatoris
378 5425 655 5495 paradisi,
691 5429 748 5479 et
773 5424 937 5480 istius
973 5425 1378 5497 Redemptoris
1415 5425 1656 5480 humani

63 5513 248 5574 generis
271 5519 534 5588 exempla
559 5535 907 5591 proponere.
941 5520 1038 5573 Ille
1070 5519 1307 5591 quidem
1343 5519 1522 5590 prior,
1555 5520 1656 5574 sed

62 5601 142 5656 iste
164 5611 382 5678 melior;
417 5613 514 5667 ille
543 5615 831 5681 terrenus,
862 5612 968 5667 iste
1000 5614 1268 5680 caelestis;
1295 5614 1391 5667 ille
1419 5613 1489 5668 de
1513 5612 1654 5666 limo

61 5693 224 5768 factus,
246 5703 347 5759 iste
375 5705 550 5762 verbo
580 5710 911 5780 conceptus.
928 5709 1080 5763 Tunc
1095 5707 1326 5763 diabolo
1347 5707 1652 5773 suadente,

117 5827 136 5854 ι
173 5817 274 5897 Hoc
315 5822 524 5878 festum
570 5823 712 5878 item
751 5826 1153 5897 prascriptum
1200 5829 1284 5878 est
1333 5824 1391 5878 in
1437 5821 1654 5878 Ordine

63 5880 391 5958 Gregoriano.

2440 2450 2714 2501 Collectio.

1832 2538 2002 2604 Deus,
2024 2537 2120 2608 qui
2146 2554 2249 2608 per
2276 2554 2339 2591 os
2363 2536 2517 2591 beati
2541 2535 2820 2591 Johannis
2843 2535 3209 2608 evangelista
3230 2536 3402 2593 Verbi

1758 2631 1843 2684 tui
1873 2648 2084 2686 arcana
2109 2631 2396 2698 reserasti,
2424 2633 2653 2702 prasta,
2679 2647 3023 2702 quasumus,
3048 2634 3111 2686 ut
3133 2631 3287 2702 quod
3305 2630 3401 2686 ille

1760 2725 1970 2780 nostris
2018 2725 2250 2780 auribus
2304 2725 2649 2779 excellenter
2701 2723 2942 2791 infudit,
2995 2723 3398 2796 intelligentia

1759 2819 2115 2889 competenti
2147 2818 2468 2874 eruditione
2501 2817 2815 2890 capiamus.
2848 2819 2975 2871 Per.

2378 2926 2500 2975 Post
2536 2925 2768 2974 nomina.

1826 3014 2059 3078 Praesta,
2081 3011 2448 3082 omnipotens
2466 3012 2634 3078 Deus,
2661 3015 2724 3065 ut
2743 3010 2995 3067 Verbum
3011 3026 3144 3067 caro
3161 3010 3396 3076 factum,

1757 3105 1912 3177 quod
1933 3105 2136 3159 beatus
2150 3106 2444 3160 Iohannes
2461 3104 2812 3176 evangelista
2830 3103 3183 3176 pradicavit,
3202 3119 3306 3178 per
3320 3104 3403 3159 in-

1678 3206 1733 3280 ρ
1756 3199 2117 3254 tercessionis
2138 3215 2252 3253 sua
2280 3199 2612 3270 prasidium
2633 3198 2855 3253 habitet
2877 3215 3108 3269 semper
3128 3198 3186 3252 in
3209 3197 3393 3253 nobis.

1761 3295 1885 3349 Per.

2416 3363 2492 3413 Ad
2532 3377 2742 3428 pacem.

1831 3451 2036 3504 Pacem
2062 3451 2242 3515 tuam,
2275 3448 2536 3516 Domine,
2567 3449 2638 3503 de
2671 3450 2805 3504 calo
2843 3449 2917 3503 da
2944 3447 3141 3515 nobis;
3175 3452 3231 3503 et
3263 3464 3394 3521 pos-

1763 3543 1882 3597 side
1911 3559 2035 3611 nos,
2069 3546 2134 3596 ut
2170 3559 2288 3597 non
2316 3543 2532 3598 hareat
2570 3541 2627 3596 in
2661 3542 2974 3597 visceribus
3003 3542 3212 3597 nostris
3240 3543 3396 3596 frau-

1762 3636 2030 3691 dulentus
2056 3637 2280 3691 osculus
2305 3636 2646 3707 proditoris;
2671 3635 2773 3690 sed
2798 3652 2906 3707 pax
2931 3635 3048 3701 illa,
3079 3650 3255 3705 quam
3286 3635 3399 3690 tuis

1759 3729 2040 3801 reliquisti
2075 3729 2386 3800 discipulis,
2417 3746 2650 3801 semper
2682 3728 2926 3784 inlibata
2959 3731 3304 3799 permaneat
3337 3727 3396 3783 in

1760 3823 2028 3879 cordibus
2056 3823 2284 3877 nostris.
2316 3825 2442 3878 Per.

2429 3928 2739 3978 lmmolatio.

1830 4018 1971 4070 Vere
1991 4015 2234 4087 dignum
2256 4016 2313 4067 et
2321 4013 2542 4084 justum
2566 4016 2671 4079 est,
2696 4030 2929 4084 aquum
2949 4017 3007 4069 et
3026 4014 3274 4069 salutare
3291 4016 3396 4078 est,

1759 4127 1865 4166 nos
1892 4109 2016 4176 tibi,
2048 4108 2416 4179 omnipotens
2444 4108 2612 4174 Deus,
2644 4107 2858 4178 gratias
2893 4125 3086 4179 agere,
3119 4107 3276 4162 beati
3303 4108 3398 4162 Jo-

1759 4203 1969 4260 hannis
1986 4202 2230 4274 apostoli
2245 4202 2328 4256 tui
2348 4205 2403 4255 et
2417 4201 2786 4272 evangelista
2805 4201 3020 4256 natalia
3035 4204 3396 4256 venerantes.

1761 4299 1867 4363 Qui
1906 4297 2137 4353 Domini
2177 4296 2356 4351 nostri
2393 4297 2526 4351 Jesu
2566 4295 2776 4351 Christi
2813 4295 2939 4349 Filii
2977 4295 3060 4349 tui
3097 4296 3399 4351 vocatione

1759 4395 2041 4463 suscepta,
2056 4394 2352 4445 terrenum
2370 4389 2589 4460 respuit
2604 4391 2830 4460 patrem
2848 4391 2910 4442 ut
2928 4392 3123 4458 posset
3138 4388 3398 4443 invenire

1759 4487 2065 4540 caelestem.
2095 4483 2257 4538 Retia
2283 4482 2472 4537 saeculi
2499 4482 2704 4553 quibus
2736 4481 3143 4552 implicabatur
3167 4481 3395 4551 abjecit,

1677 4583 1738 4655 Ι)
1763 4584 1824 4634 ut
1851 4577 2190 4634 aternitatis
2219 4577 2373 4631 dona
2398 4581 2593 4630 mente
2625 4575 2807 4630 libera
2835 4577 3168 4630 sectaretur.
3193 4575 3399 4629 Natan-

1757 4678 1876 4728 tem
1902 4673 1960 4726 in
1991 4671 2257 4726 ﬂuctibus
2278 4687 2486 4725 navem
2505 4669 2761 4741 reliquit,
2785 4673 2848 4724 ut
2869 4669 3265 4724 ecclesiastica
3293 4685 3395 4740 gu-

1758 4764 2114 4822 bernationis
2140 4763 2556 4835 tranquillitate
2590 4763 2950 4818 consisteret.
2973 4766 3019 4817 A
3039 4763 3283 4834 piscium
3311 4779 3399 4818 ca-

1759 4861 1955 4932 ptione
1983 4857 2241 4924 cessavit,
2266 4860 2329 4911 ut
2359 4855 2581 4911 animas
2610 4856 2924 4910 mundanis
2950 4857 3273 4927 gurgitibus
3297 4858 3402 4912 im-

1761 4971 1983 5008 mersas
2011 4953 2236 5007 calamo
2270 4950 2548 5006 doctrina
2578 4949 2844 5004 salutaris
2868 4951 3247 5005 abstraheret.
3272 4953 3404 5006 Des-

1760 5048 1877 5101 titit
1915 5046 2107 5118 pelagi
2140 5045 2429 5117 profunda
2464 5043 2685 5111 rimari,
2724 5048 3080 5099 secretorum
3118 5047 3402 5100 scrutator

1759 5141 2022 5196 redditur
2059 5141 2414 5206 divinorum;
2453 5155 2520 5194 eo
2561 5155 2742 5210 usque
2778 5138 3120 5216 procedens,
3150 5142 3213 5192 ut
3255 5142 3313 5193 et
3341 5138 3400 5193 in

1760 5252 1937 5290 coena
1970 5234 2228 5305 mystica
2263 5236 2626 5289 sacrosancto
2669 5233 2929 5288 convivio
2962 5232 3138 5303 ipsius
3171 5247 3402 5285 recum-

1758 5329 1924 5384 beret
1952 5330 2184 5399 pectore
2218 5327 2545 5393 Salvatoris,
2581 5329 2640 5380 et
2671 5343 2806 5381 eum
2834 5326 2892 5380 in
2927 5342 3090 5381 cruce
3120 5323 3399 5378 Dominus

1759 5422 2101 5477 constitutus
2149 5420 2424 5475 vicarium
2471 5419 2556 5473 sui
2602 5419 2872 5492 Magistri,
2923 5416 3166 5489 Virginis
3219 5415 3398 5471 filium

1759 5517 2130 5588 subrogaret;
2159 5518 2215 5569 et
2235 5513 2292 5568 in
2324 5513 2607 5584 principio
2633 5514 2903 5579 Verbum,
2929 5511 3086 5584 quod
3105 5511 3254 5565 Deus
3275 5513 3401 5564 erat

1759 5611 1913 5681 apud
1964 5611 2165 5675 Deum,
2225 5609 2341 5678 ipse
2397 5624 2516 5678 pra
2569 5606 2763 5680 263
2817 5605 3022 5659 ceteris
3068 5603 3398 5658 ostenderet

1758 5703 2150 5774 pradicando,
2182 5719 2284 5773 per
2312 5701 2600 5756 Christum
2629 5699 2941 5754 Dominum
2970 5700 3249 5752 nostrum.

1830 5820 1858 5860 b
1885 5819 1971 5874 Ad
2002 5821 2232 5890 portam
2261 5817 2525 5873 Latinam
2551 5817 2926 5887 appellamus.
