3968 6224
495 329 596 388 287

672 437 868 495 XLVII.
901 453 1063 495 MISSA
1094 453 1262 494 PRIMA
1301 452 1390 492 ms
1427 452 1484 491 IN
1524 450 1946 492 ROGATIONIBUS.

566 537 630 589 In
653 534 912 606 jejuniotl
945 534 1055 589 hoc
1085 530 1284 587 afﬂicti
1319 546 1580 601 corpore,
1611 531 1669 583 et
1698 529 1871 586 corde
1899 529 2130 584 contriti

497 629 936 699 frequentamus
963 627 1037 681 ad
1061 629 1118 678 te
1147 640 1363 696 preces,
1399 623 1853 678 clementissime
1878 624 2047 691 Deus,
2072 627 2135 677 ut

497 739 629 776 cum
647 720 995 775 abstinentia
1011 716 1292 788 corporali
1312 716 1661 771 abstinentia
1677 716 1844 771 nobis
1863 717 2133 771 vitiorum

500 815 747 869 donetur
779 831 792 868 :
824 817 885 867 ut
922 811 1180 867 restricto
1217 826 1458 880 corpore
1491 809 1562 863 ab
1595 810 1796 880 epulis,
1830 813 1912 877 tu,
1945 810 2042 881 qui
2075 827 2135 864 es

499 909 736 963 refectio
762 924 916 972 vera,
946 905 1003 959 in
1034 903 1244 959 nostris
1271 903 1540 958 cordibus
1572 903 1793 958 oriaris.
1827 905 1952 958 Per.

571 1001 793 1055 Gratias
827 999 927 1053 tibi
959 997 1206 1068 agimus,
1231 997 1476 1052 Domine
1508 1000 1724 1064 sancte,
1753 999 1926 1051 Pater
1957 995 2138 1052 omni-

499 1097 722 1166 potens,
753 1095 968 1146 seterne
995 1093 1163 1158 Deus,
1192 1090 1288 1161 qui
1313 1107 1438 1159 nos,
1463 1093 1594 1161 post
1611 1091 2136 1161 transgressionem

491 1186 699 1257 jejunii
724 1185 923 1240 vetitia
953 1185 1365 1255 contingendo,
1391 1183 1464 1238 ad
1492 1183 1911 1238 continentiam
1939 1184 2135 1238 salutis

499 1279 776 1350 reparasti
799 1295 901 1349 per
921 1279 1210 1333 Christum
1229 1296 1240 1344 ;
1259 1283 1316 1333 te
1338 1278 1397 1331 in
1418 1278 1527 1332 hoc
1541 1277 1833 1348 jejunium
1855 1278 2138 1349 supplices

499 1390 564 1428 ac
596 1371 878 1444 provoluti
907 1389 1198 1443 rogamus,
1225 1375 1288 1425 ut
1308 1372 1489 1426 dones
1511 1370 1676 1425 nobis
1695 1373 1913 1424 rectam
1939 1388 1971 1425 a
1991 1371 2138 1425 vitiis

499 1469 781 1532 mentem,
817 1468 874 1520 et
901 1465 1113 1536 Spiritu
1139 1465 1444 1536 principali
1475 1463 1593 1535 (qui
1626 1467 1712 1518 est
1737 1464 2134 1518 mortificatio-

499 1560 588 1613 nis
616 1559 861 1629 amator)
885 1575 990 1613 nos
1012 1559 1379 1625 conrobores,
1407 1561 1468 1611 ut
1488 1560 1617 1629 post
1639 1561 1829 1612 actum
1845 1557 2138 1628 jejunium

501 1653 574 1707 ad
607 1656 839 1707 aeternae
870 1651 1200 1707 refectionis
1231 1669 1334 1706 nos
1366 1667 1577 1722 pascua
1605 1650 1903 1721 perducas.
1937 1652 2063 1706 Per.

1130 1741 1252 1789 Post
1279 1739 1509 1788 nomina.

573 1815 690 1868 Tua
721 1814 870 1878 sunt,
907 1811 1173 1879 Domine,
1207 1811 1484 1865 alimonia
1515 1810 1721 1881 quibus
1756 1811 1813 1864 in
1849 1810 2138 1865 cotidiano

501 1907 652 1961 victu
666 1906 737 1960 ad
753 1905 1233 1959 sustentationem
1253 1889 1778 1974 reﬁcimur,tuaque
1787 1903 2010 1974 jejunia
2022 1903 2141 1974 qui-

499 2002 606 2056 bus
632 2015 867 2054 carnem
896 2016 929 2052 a
957 1997 1174 2052 lubrica
1205 1999 1515 2069 voluptate,
1546 2001 1600 2050 te
1629 1998 2021 2069 praecipiente,
2049 2015 2138 2052 re-

500 2094 857 2164 stringimus.
872 2093 952 2146 Tu
969 2091 1041 2146 ad
1059 2092 1517 2146 consolationem
1537 2094 1792 2145 nostram
1810 2091 2142 2146 vicissitudi-

501 2205 601 2243 nes
623 2191 952 2258 temporum
977 2185 1323 2256 disposuisti,
1347 2189 1407 2238 ut
1429 2188 1654 2255 tempus
1672 2184 1883 2238 edendi
1900 2202 2142 2256 corpora

500 2283 696 2336 nostra
721 2279 959 2334 refectio
983 2279 1173 2333 sobria
1196 2279 1395 2345 aleret,
1421 2281 1477 2331 et
1491 2278 1801 2348 jejunandi
1820 2281 2051 2350 tempus
2073 2295 2142 2334 ea

497 2375 557 2429 in
592 2373 878 2444 justitiam
915 2372 1021 2426 tibi
1065 2371 1335 2442 placitam
1379 2371 1596 2424 faceret
1630 2375 1943 2426 macerata.
1988 2375 2143 2427 Hanc

498 2467 750 2524 hostiam
781 2466 853 2520 ob
874 2465 1165 2535 jejunium
1187 2465 1469 2518 triduana:
1498 2465 1902 2520 macerationis
1925 2482 1958 2519 a
1978 2465 2143 2520 nobis

501 2562 756 2616 oblatam
801 2559 1164 2612 sanctificans
1205 2557 1516 2627 dignanter
1560 2557 1819 2625 adsume,
1855 2561 1912 2611 et
1937 2562 2144 2629 prazsta

501 2655 758 2725 placatus
786 2655 865 2719 ut,
902 2651 1086 2722 sopita
1129 2651 1512 2705 delectatione
1547 2667 1843 2721 corporea,
1874 2669 2040 2706 mens
2071 2653 2142 2707 ab

500 2745 900 2818 iniquitatibus
924 2745 1139 2817 pariter
1167 2744 1554 2815 conquiescat.
1583 2746 1708 2798 Per.
1755 2823 1757 2825 ι

1158 2833 1235 2882 Ad
1283 2847 1485 2882 pacem.

1158 2847 1235 2882 Ad
1319 2847 1485 2882 acem.

576 2906 831 2961 Refectio
881 2909 999 2972 tua,
1047 2847 1313 2972 Domine‘:
1359 2903 1634 2959 restrictis
1682 2903 2037 2975 corporibus,
2080 2905 2141 2959 in

501 3000 705 3072 spiritu
736 2999 1120 3054 contribulata
1147 2987 1440 3068 gustatur;
1472 3003 1529 3053 et
1561 2998 1713 3064 ideo,
1747 2998 2018 3068 prostrati
2049 2998 2140 3068 je-

496 3092 648 3164 junii
689 3092 1045 3165 paenitentia,
1081 3091 1364 3162 supplices
1392 3108 1716 3158 exoramus,
1744 3091 2142 3146 misericordia

1283 326 1613 384 API’ENDIX
1651 327 1738 381 AD
1773 327 1996 384 OPERA
2033 327 2265 384 SANCTI
2301 325 2601 382 GERMANI
2641 325 3066 382 PARISIENSIS.
3777 325 3860 381 288

2152 453 2210 526 Α
2232 452 2296 492 ac
2327 435 2593 508 squalore
2619 434 2831 507 jejunii
2863 434 3179 491 substratos
3215 428 3467 502 intuens,
3501 430 3565 489 in
3595 429 3861 490 virtutum

2233 528 2581 586 successibus
2611 531 2821 586 releva.
2851 531 2976 584 Per.

2914 630 3183 682 Collectio.

2306 718 2689 789 Omnipotens
2705 717 3059 789 sempiterne
3078 719 3247 784 Deus,
3263 716 3644 782 mundentur,
3662 731 3864 787 quasu-

2235 829 2384 881 mus,
2412 812 2629 865 viscera
2657 815 2855 866 nostra
2875 828 2909 866 a
2930 812 3147 866 cunctis
3186 810 3375 864 carnis
3406 809 3652 876 delictis,
3670 809 3868 880 jejunii

2237 906 2653 962 adtenuatione
2684 905 2976 972 confecta;
3006 908 3069 959 ut
3106 905 3166 959 in
3203 903 3377 975 ipsius
3402 903 3612 974 jejunii
3643 904 3864 958 humili-

2236 1004 2354 1055 tate
2371 999 2672 1072 prostratis
2690 1015 2807 1054 non
2825 999 3013 1053 valeat
3029 997 3218 1052 carnis
3230 997 3537 1052 inﬁrmitas
3551 996 3865 1051 dominari:

2238 1094 2374 1165 quia
2397 1098 2459 1148 tu
2486 1093 2782 1148 institutor
2804 1091 3148 1159 sobrietatis,
3178 1092 3225 1145 si
3257 1092 3358 1158 vis,
3391 1094 3555 1162 potes
3587 1091 3766 1145 nostri
3801 1092 3866 1145 ci-

2237 1188 2349 1242 tius
2379 1187 2661 1254 misereri,
2701 1190 2764 1240 ut
2793 1185 3070 1258 spiritalia
3105 1185 3446 1256 cogitemus,
3477 1187 3537 1238 et
3576 1185 3866 1257 concupis~

2239 1280 2456 1336 centias
2480 1280 2687 1348 carnis,
2718 1282 2776 1335 te
2804 1280 3133 1350 adjuvante,
3163 1279 3480 1333 vincamus.
3514 1279 3645 1332 Per.

2860 1382 2981 1430 Post
3016 1380 3244 1430 nomina.

2309 1469 2478 1535 Deus,
2509 1467 2604 1538 qui
2647 1466 2861 1521 mentis
2899 1466 3210 1537 puritatem
3247 1465 3554 1537 adprobas,
3587 1481 3706 1520 non
3727 1466 3866 1537 jeju-

2240 1562 2400 1616 nium
2424 1578 2457 1616 a
2479 1560 2615 1615 cibis
2638 1560 3006 1615 solummodo
3031 1559 3276 1630 gloriam
3300 1560 3625 1614 humanam
3648 1563 3869 1630 captan-

2238 1660 2379 1723 tem,
2409 1655 2651 1725 dignare
2682 1655 2875 1709 oculos
2903 1653 3090 1708 cordis
3115 1653 3299 1708 nostri
3328 1653 3386 1707 in
3413 1653 3523 1708 hoc
3543 1652 3770 1724 jejunio
3801 1655 3868 1708 ita

2240 1748 2589 1803 inluminare
2626 1748 2928 1815 introrsus,
2960 1751 3024 1800 ut
3062 1747 3168 1800 tibi
3213 1746 3270 1800 in
3320 1745 3406 1800 his
3451 1763 3580 1817 quae
3611 1747 3869 1802 homines

2161 1831 2216 1903 B
2243 1843 2504 1897 nesciunt
2528 1842 2586 1896 in
2615 1842 2834 1896 occulto
2863 1858 2896 1894 a
2922 1840 3070 1894 vitiis
3088 1840 3311 1911 jejunio
3339 1841 3674 1911 placeamus
3704 1858 3718 1895 :
3745 1842 3869 1913 quia

2241 1935 2376 1991 doni
2420 1935 2505 1990 tui
2544 1938 2630 1989 est
2668 1936 2776 1989 hoc
2816 1934 3025 2005 ipsum,
3055 1933 3210 2005 quod
3247 1950 3281 1987 a
3325 1933 3463 1988 cibis
3497 1933 3866 2002 abstinemus,

2241 2030 2313 2085 sit
2353 2029 2611 2084 muneris
2661 2029 2745 2082 tui
2790 2032 2852 2082 ut
2896 2045 2930 2082 a
2978 2027 3224 2099 peccatis
3261 2027 3439 2081 etiam
3484 2043 3620 2081 cum
3657 2028 3866 2098 jejunio

2243 2124 2660 2188 emundemur;
2713 2124 2770 2176 et
2818 2121 3198 2176 desiderabile
3256 2122 3414 2175 fonte
3466 2120 3748 2176 ubertatis
3799 2123 3869 2177 ita

2241 2218 2363 2272 haec
2408 2233 2654 2271 munera
2688 2214 2876 2269 imbre
2919 2214 3102 2269 sancti
3139 2214 3382 2286 Spiritus
3422 2213 3731 2285 perfunde,
3763 2219 3868 2269 uta

2236 2311 2635 2382 jejunantibus
2687 2312 2976 2381 percepta,
3020 2311 3225 2363 cuncta
3277 2307 3416 2364 vitia
3466 2308 3779 2375 mundent,
3820 2315 3869 2362 et

2242 2405 2480 2458 virtutes
2509 2403 2770 2458 inserant
2799 2419 3052 2457 morum.
3086 2403 3214 2456 Per.

2911 2504 2987 2554 Ad
3014 2518 3216 2568 pacem.

2314 2593 2376 2645 In
2402 2589 2613 2661 jejunii
2633 2589 2960 2644 humilitate
2981 2589 3300 2656 substratis,
3332 2588 3709 2660 omnipotens
3739 2606 3869 2644 sem-

2244 2684 2469 2755 piterne
2515 2685 2683 2751 Deus,
2723 2683 2991 2754 absterge
3035 2700 3274 2738 omnem
3303 2683 3498 2737 labem
3536 2684 3778 2754 peccati,
3817 2688 3872 2737 ut

2243 2777 2526 2832 mundata
2556 2777 2737 2832 nostri
2768 2777 2955 2831 cordis
2980 2793 3211 2844 arcana,
3243 2793 3374 2831 cum
3421 2776 3776 2831 abstinentia
3807 2778 3870 2830 ci-

2241 2871 2470 2936 borum,
2513 2870 2844 2941 jurgiorum
2900 2870 3076 2924 etiam
3123 2869 3556 2941 inquietudines
3607 2872 3866 2936 exclusas,

2243 2964 2473 3018 dilectio
2524 2965 2623 3016 tua
2681 2966 2738 3017 et
2780 2962 3046 3035 proximi,
3083 2963 3293 3018 nostris
3339 2963 3397 3018 in
3435 2963 3708 3019 cordibus
3739 2981 3868 3036 pura

2242 3059 2577 3112 succrescat.
2609 3058 2736 3111 Per.

2889 3126 3226 3176 Contestatio.

501 3188 623 3241 5°13
646 3190 906 3284 Petelia?
939 3186 1093 3284 ‘1‘}9‘1
1123 3201 1296 3284 έξΡθῙξθ
1329 3201 1451 3284 Anon
1478 3202 1772 3284 mfrémur
1791 3202 1804 3251 ἶ
1838 3188 1901 3238 “t
1925 3185 2135 3284 Sentia:
2160 3204 2214 3277 C
2311 3214 2455 3266 Vere
2484 3211 2726 3284 dignum
2756 3214 2814 3266 et
2835 3211 3057 3282 justum
3091 3215 3177 3266 est
3201 3214 3259 3267 te
3291 3214 3412 3268 tota
3446 3213 3636 3268 cordis
3667 3213 3867 3269 contri-

502 3298 631 3334 mus
663 3281 720 3333 in
743 3279 942 3350 spiritu
972 3279 1292 3333 dilectionis
1324 3281 1434 3333 tuae
1463 3279 1738 3350 pabulum
1767 3295 1956 3346 suave,
1986 3279 2142 3349 quod

502 3374 679 3428 corda
711 3377 908 3427 nostra
933 3374 1005 3427 ab
1048 3372 1229 3443 epulis
1264 3373 1545 3439 vacantia,
1577 3373 1651 3427 ad
1683 3371 1925 3444 proximi
1966 3372 2139 3427 dilec-

501 3467 722 3522 tionem
751 3466 1079 3521 succendat.
1108 3467 1232 3520 Per.

572 3628 714 3681 Vere
745 3627 988 3698 dignum
1021 3629 1079 3680 et.
1098 3555 1660 3697 ,Ῑυξςῗίιῗιὲἒὶο264
1696 3627 1751 3679 te
1784 3625 1841 3679 in
1872 3625 2138 3680 observa-

503 3720 660 3775 tione
680 3720 888 3791 jejunii
917 3737 1198 3792 quaerere,
1228 3719 1325 3790 qui
1353 3736 1412 3773 es
1435 3718 1600 3790 panis
1621 3735 1789 3772 verus
1815 3722 1873 3773 et
1890 3718 2048 3773 vivus
2068 3719 2138 3774 de

501 3816 640 3869 caelo
672 3814 1048 3868 descendens.
1071 3815 1144 3867 Te
1173 3812 1388 3883 itaque,
1422 3811 1738 3866 humiliatis
1761 3812 1983 3883 jejunio
2012 3830 2137 3867 cor-

500 3907 755 3978 poribus,
769 3910 964 3962 mente
986 3906 1339 3960 famulantes
1358 3905 1583 3973 devota,
1600 3922 1703 3976 per
1719 3906 1867 3960 hanc
1880 3905 2138 3961 sacriﬁcii

503 4000 964 4056 immolationem
997 4015 1292 4070 rogamus,
1331 4001 1394 4052 ut
1428 3999 1892 4053 humiliationem
1932 3999 2140 4071 jejunii

499 4095 688 4164 hujus,
729 4109 905 4163 quam
940 4109 1044 4162 pro
1087 4091 1294 4145 nostris
1332 4091 1588 4146 reatibus
1627 4091 1685 4145 in
1727 4093 1836 4146 hac
1872 4092 2141 4149 triduana

501 4185 901 4242 observatione
960 4184 1376 4256 persolvimus,
1417 4184 1497 4238 ita
1542 4185 1818 4240 intuearis
1861 4187 2135 4257 placatus,

501 4283 563 4333 ut
592 4295 625 4332 a
654 4278 875 4333 delictis
894 4279 1228 4349 jejunantes
1255 4279 1532 4345 absolvas,
1559 4296 1702 4350 quos
1721 4279 2140 4335 incontinentia

499 4388 769 4427 vorarum
799 4372 857 4426 in
884 4371 1179 4443 pravitatis
1209 4372 1667 4444 transgressione
1698 4373 2000 4428 immersit.
2032 4376 2140 4428 Per

499 4465 790 4522 Christum
838 4466 1163 4520 dominum.

569 4561 788 4616 XLVIII.
820 4578 946 4617 ITEM
973 4575 1133 4616 MISSA
1165 4576 1405 4617 SECUNDA
1435 4577 1523 4615 me
1557 4577 1609 4616 IN
1641 4576 2065 4617 nocuxomnus.

574 4656 740 4721 Deus,
757 4655 916 4724 cujus
939 4655 1202 4725 exemplo
1219 4654 1511 4725 jejunium
1535 4654 1736 4707 datum
1761 4657 1846 4708 est
1865 4658 1990 4726 post
2014 4672 2140 4728 gus-

502 4751 624 4801 tum
657 4748 1085 4818 prohibitionis,
1121 4763 1226 4817 per
1250 4746 1712 4800 inobedientiam
1743 4746 1886 4818 ligni
1913 4748 2136 4818 ingres-

500 4858 648 4908 sum,
667 4841 789 4910 tibi,
804 4842 1073 4906 Domine,
1089 4839 1266 4893 corda
1278 4841 1494 4905 nostra,
1513 4840 1569 4894 in
1578 4840 1786 4911 jejunii
1801 4841 2141 4896 maceratio-

498 4953 569 4989 ne
583 4935 859 5006 subjecta,
875 4933 1459 5006 perinlustrationem
1475 4936 1585 4987 tum
1602 4935 1998 5005 inspirationis
2015 4952 2141 4989 san-

497 5029 713 5093 ctiﬁca;
740 5031 797 5081 et
818 5027 889 5081 de
913 5026 1235 5081 caelestibus
1255 5027 1486 5082 sedibus
1501 5028 1614 5082 tuis
1636 5045 1742 5083 nos
1761 5029 1820 5082 in
1844 5030 1962 5083 luto
1984 5030 2140 5083 faecis

570 5153 594 5182 "
626 5153 751 5206 Non
781 5154 984 5218 solam,
1015 5155 1079 5206 ut
1119 5153 1316 5220 modo,
1352 5153 1787 5220 abstinentiam,
1827 5154 1926 5208 sed
1959 5155 2137 5208 etiam

494 5223 784 5295 jejunium
816 5224 872 5278 in
903 5223 1320 5295 Rogationibus
1342 5225 1683 5295 praecipiunt
1713 5226 1956 5280 concilia
1975 5226 2142 5280 Galli-

500 5311 665 5362 cana,
698 5295 1113 5349 Aurelianense
1152 5313 1189 5362 I,
1223 5313 1445 5351 canone
1484 5300 1572 5363 '27,
1607 5299 1665 5349 et
1707 5297 2037 5351 Turonense
2077 5314 2136 5363 Il,

499 5383 722 5422 canone
754 5369 837 5420 l7.
868 5366 1030 5420 Unde
1064 5389 1091 5416 ‹‹
1124 5368 1516 5438 Rogationum
1549 5368 2016 5438 operosissimam
2054 5369 2138 5421 fe-

501 5438 813 5490 stivitatem
832 5458 859 5487 ››
882 5439 1135 5508 appellat
1154 5439 1349 5492 Avitus
1373 5439 1429 5491 in
1455 5438 1695 5492 homilia
1718 5439 1787 5491 de
1813 5439 2141 5507 Rogationi-

499 5508 604 5560 bus
627 5524 640 5561 :
675 5528 702 5555 ‹‹
734 5509 1026 5563 Festivitas
1053 5509 1340 5579 siquidem
1365 5511 1468 5574 est,
1493 5509 1652 5577 cujus
1667 5509 2000 5577 jucunditas
2019 5512 2140 5563 tota

498 5579 963 5658 sola.sobri‘etas1
994 5580 1154 5649 cujus
1192 5580 1376 5649 epulaa
1410 5580 1704 5658 lacrymt‘e,
1748 5579 1907 5658 cujus
1945 5583 2140 5658 pastus

501 5647 716 5703 esuries
739 5653 840 5706 est.
868 5673 896 5700 »
921 5647 1104 5704 Bacch
1128 5647 1243 5702 non
1272 5665 1376 5720 per
1404 5647 1611 5704 Gallias
1642 5647 1840 5716 modo,
1865 5647 1964 5703 sed
1991 5668 2140 5720 pene

501 5666 716 5703 esuries
739 5666 840 5706 est.
868 5673 896 5700 »
921 5666 1051 5704 nare
1078 5671 1104 5696 «
1128 5666 1243 5702 non
1272 5666 1376 5774 per
1404 5666 1611 5704 ualuas
1642 5666 1840 5716 moao,
1865 5666 1964 5703 sea
1991 5668 2136 5720 pene

501 5737 606 5790 per
635 5721 838 5775 orbem
872 5724 1059 5775 totum
1089 5740 1115 5769 ››
1152 5722 1270 5774 cele
1317 5720 1392 5774 ris
1422 5719 1586 5775 initio
1623 5721 1880 5775 homiliaz
1910 5721 2136 5776 dicitur.

497 5793 656 5875 'I‘unhc‘
676 5793 890 5875 lectum
913 5791 1105 5870 fuerat
1124 5791 1501 5875 Evangelium
1521 5809 1586 5874 ex
1605 5793 1854 5875 Μαίη]ᾳή
1875 5809 2000 5875 cap.
2017 5809 2138 5874 vui,

501 5862 572 5916 de
599 5861 822 5916 Christo
849 5860 1099 5916 Domino
1128 5862 1186 5918 in
1216 5860 1345 5917 navi
1371 5863 1719 5933 dormiente,
1751 5867 1810 5920 et
1835 5882 1869 5920 a
1899 5860 2141 5937 discipu-

2156 4577 2216 4648 D

2242 3307 2398 3360 tione
2429 3306 2487 3359 in
2513 3305 2758 3376 jejunio,
2793 3306 3164 3377 omnipotens
3191 3307 3544 3378 sempiterne
3578 3309 3748 3374 Deus,
3776 3325 3871 3380 per

2239 3399 2528 3454 Christum
2575 3399 2889 3454 Dominum
2937 3403 3220 3455 nostrum.
3271 3400 3379 3464 Qui
3421 3418 3526 3456 nos
3572 3404 3869 3474 mysterio-

2241 3510 2372 3547 rum
2409 3495 2643 3547 tuorum
2683 3493 2916 3547 secretis
2953 3493 3296 3562 informans,
3330 3494 3633 3565 paciﬁcum
3687 3495 3866 3568 265

2242 3604 2449 3640 nemus
2469 3603 2568 3641 ore
2591 3587 2873 3640 columbae
2901 3590 3188 3658 gestatum
3207 3589 3324 3642 Noe
3347 3589 3526 3642 oculis
3548 3589 3867 3654 ostendens,

2241 3680 2408 3736 nobis
2439 3681 2510 3735 de
2543 3680 2765 3735 virente
2806 3681 3011 3735 arbore
3057 3681 3238 3735 crucis
3284 3682 3603 3752 gloriosum
3647 3684 3869 3754 signum

2241 3774 2535 3846 expressit;
2557 3791 2732 3846 quem
2751 3775 3033 3828 columbae
3047 3774 3333 3846 speciesin
3359 3775 3570 3830 Christi
3592 3776 3873 3830 decoravit

2241 3869 2483 3935 honore,
2513 3868 2731 3922 cunctis
2777 3867 3085 3923 colendum
3130 3867 3371 3940 Spiritus
3424 3870 3873 3924 sanctificatione

2242 3961 2668 4017 demonstrans.
2690 3962 2861 4032 Cujus
2877 3962 3146 4016 animalis
3168 3962 3503 4018 innocentia
3525 3981 3648 4018 esse
3665 3963 3872 4018 similes

2239 4058 2648 4127 prwoptantes,
2664 4055 2735 4110 ab
2759 4072 2943 4127 eoque
2967 4056 3311 4111 sanctiﬁcari
3333 4057 3570 4128 Spiritu,
3587 4059 3745 4129 cujus
3759 4058 3875 4128 ipse

2241 4149 2486 4221 sumpsit
2507 4149 2779 4220 speciem,
2805 4153 3136 4216 exorantes;
3161 4150 3219 4204 in
3241 4151 3592 4221 hocjejunio
3614 4152 3874 4205 triduana

2241 4243 2644 4298 humiliatione
2672 4243 2955 4311 instituto,
2983 4244 3260 4298 invictum
3293 4245 3402 4299 hoc
3435 4245 3670 4316 signum
3697 4245 3724 4286 δ
3748 4261 3873 4300 cum

2239 4337 2498 4408 plebium
2520 4337 2715 4391 cuneis
2736 4339 3132 4408 praeferentes,
3152 4342 3324 4409 atque
3343 4339 3702 4409 Majestatem
3720 4343 3872 4392 tuam

2239 4431 2530 4502 psallentii
2554 4443 2577 4472 ο
2603 4430 3001 4486 modulatione
3032 4432 3355 4500 laudantes,
3380 4432 3653 4504 petimus,
3685 4450 3776 4488 om
3788 4433 3870 4486 ni-

2239 4528 2445 4596 potens
2491 4525 2660 4593 Deus,
2685 4528 2748 4578 ut
2764 4525 3010 4596 accipias
3036 4529 3240 4579 cuncta
3270 4525 3453 4597 plebis
3479 4529 3611 4580 vota
3634 4543 3870 4598 quaeque

2241 4635 2473 4690 quoquo
2519 4618 2633 4672 ritu
2671 4618 2778 4672 tibi
2809 4619 3001 4674 reddit
3025 4619 3309 4688 subjecta;
3347 4623 3405 4673 et
3443 4620 3524 4673 ita
3556 4637 3658 4674 eos
3686 4621 3742 4674 in
3768 4621 3870 4674 hoc

2233 4712 2457 4783 jejunio
2486 4713 2902 4779 sanctifices,ut
2932 4730 2965 4766 a
2994 4713 3214 4767 cunctis
3240 4717 3580 4768 mereantur
3605 4715 3734 4768 exui
3751 4729 3873 4785 pec-

2241 4805 2399 4860 catis.
2434 4807 2542 4860 Per
2570 4806 2858 4861 Christum
2889 4806 3226 4876 Dominum.

2418 4924 2585 4978 XLIX.
2619 4939 2779 4979 MISSA
2817 4940 3010 4979 TERTIA
3049 4941 3138 4980 me
3177 4942 3231 4981 IN
3269 4939 3692 4982 ROGATIONIBI‘S.

2311 5031 2480 5098 Deus,
2511 5047 2685 5101 quem
2710 5031 2898 5084 nullus
2923 5032 3257 5087 mortalium
3285 5050 3506 5100 sensus,
3536 5052 3673 5089 usus
3699 5033 3869 5089 carnis

2243 5156 2308 5210 lis
2331 5156 2574 5210 excitato
2592 5157 2792 5229 ;_quod
2821 5157 3198 5229 Evangelium
3221 5158 3279 5213 in
3303 5162 3499 5214 nostro
3523 5158 3866 5216 Lectionario

2242 5244 2358 5302 non
2385 5227 2796 5302 praescribitur.
2810 5227 3005 5302 Itaque
3027 5229 3185 5302 varia
3207 5234 3330 5285 erat
3355 5232 3790 5302 Evangeliorum
3809 5231 3867 5282 in

2243 5298 2480 5372 diversis
2524 5299 2830 5372 provinciis
2879 5298 3069 5372 lectio,
3117 5301 3254 5355 licet
3297 5302 3454 5356 idem
3491 5298 3645 5357 esset
3674 5303 3868 5372 ubique

2242 5369 2558 5424 Galliarum
2587 5371 2728 5424 ordo
2753 5387 2818 5424 ac
2846 5370 3008 5425 ritus.

2315 5440 2342 5478 δ
2376 5440 2517 5520 Hinc
2554 5441 2865 5522 probatur,
2881 5441 3036 5522 quod
3060 5442 3117 5496 in
3150 5443 3246 5497 lib.
3289 5461 3325 5497 ιι
3364 5461 3431 5522 ex
3466 5445 3869 5522 Gregorio'l'u-

2241 5511 2477 5588 ronensi
2510 5511 2776 5588 episcopo
2811 5511 3080 5588 diximus,
3115 5531 3344 5570 crucem
3388 5516 3445 5568 in
3490 5511 3871 5588 hisvsupplica-

2241 5581 2494 5654 tionibus
2519 5581 3047 5654 fuisse—praelatam.

2311 5666 2332 5694 ο
2360 5653 2555 5708 Avitus
2573 5654 2639 5727 in,
2659 5653 2941 5727 Se’rmqne
2964 5656 3034 5710 de
3064 5657 3483 5727 Rogationibus
3517 5661 3618 5726 ait,
3651 5661 3873 5727 Mamer-

2243 5726 2367 5778 tum
2397 5745 2425 5773 «
2455 5742 2586 5801 cum
2612 5726 2730 5780 Deo
2771 5717 3101 5801 (deliniisse)
3133 5717 3416 5801 quidquid
3443 5717 3620 5788 hodie
3648 5726 3872 5787 Psalmis

2243 5812 2308 5851 ac
2340 5795 2602 5867 precibus
2634 5797 2888 5852 mundus
2914 5795 3212 5856 inclamat.
3246 5822 3274 5851 »
