3968 6224
102 338 177 390 289
1103 329 1190 388 DE
1229 332 1542 388 LITURGIA
1578 332 1950 388 GALLICANA
1989 333 2187 389 LIBER
2225 333 2312 389 IlI.

3309 339 3412 392 290

99 443 324 502 inlecebra
355 446 755 516 praegravatus,
793 443 903 500 nisi
944 461 978 498 a
1015 449 1070 500 te
1101 445 1307 516 jejunii
1351 445 1670 517 expiatione
1692 459 1750 530 Α
1773 446 2056 514 omnibus,
2095 462 2441 519 quasumus,
2470 443 2847 518 benedictam,
2876 443 3197 518 ascriptam.
3227 449 3297 504 Et
3324 453 3410 503 re;

102 541 230 596 fuerit
249 539 584 607 inlustratus,
607 539 884 612 agnoscit,
912 539 1058 610 pelle
1075 540 1144 595 de
1175 539 1440 595 cordibus
1466 541 1673 596 nostris

101 651 198 689 cum
220 633 531 688 abstinentia
555 634 782 688 turbam
808 633 1072 688 vitiorum
1090 633 1158 688 de
1178 633 1449 704 ingluvia
1475 635 1674 690 saturi-

102 734 184 783 tate
215 726 564 799 gignentium,
594 733 660 782 ut
685 744 829 798 pura
853 727 956 782 tibi
982 727 1186 782 serviat
1211 727 1382 782 etiam
1412 733 1543 799 post
1570 745 1669 783 ex-

99 827 242 875 actum
256 820 553 890 jujunium,
583 837 755 892 quam
773 825 836 875 tu
864 820 1146 892 propitius
1170 821 1488 891 donaveris,
1511 822 1672 877 devo-

97 916 157 969 tio
177 913 414 968 novitatis.
444 915 569 969 Per.

709 984 982 1034 Collectio.

148 1065 243 1119 Jam
264 1064 315 1117 in
337 1063 580 1118 triduani
599 1064 808 1136 jejunii
834 1066 946 1120 fine
973 1066 1258 1134 conclusa,
1288 1067 1672 1124 sinceritatem

100 1165 232 1224 tuam,
279 1158 528 1227 Domine,
579 1158 954 1228 deprecamur
991 1159 1050 1213 in
1095 1159 1401 1214 visceribus
1443 1162 1668 1229 nostris,

97 1251 406 1305 maceratione
419 1251 623 1321 jejunii
658 1251 918 1320 adﬂictis,
938 1253 1239 1322 advenire;
1270 1259 1326 1308 et
1344 1258 1409 1308 ut
1435 1255 1503 1309 de
1531 1255 1672 1309 atria

96 1356 166 1402 tua
188 1354 350 1406 sancta
374 1349 637 1404 exaudias
666 1355 988 1421 peccatores
1018 1350 1076 1404 in
1105 1350 1368 1423 squalore
1406 1351 1668 1406 miseria-

97 1459 192 1496 rum
225 1442 452 1512 jacentes
491 1459 793 1514 rogamus;
833 1448 896 1498 ut
933 1444 1030 1498 des
1069 1443 1232 1498 nobis
1274 1444 1494 1499 fontem
1538 1461 1668 1516 gra-

98 1535 256 1589 tiarum
297 1542 543 1605 tuarum,
587 1540 643 1592 et
670 1537 888 1607 pandas
926 1537 1034 1591 iter
1067 1555 1180 1608 quo
1219 1542 1345 1609 post
1384 1538 1670 1609 jejunium

96 1644 296 1682 escarum
316 1629 617 1683 carnalium
644 1629 762 1684 itur
787 1630 857 1684 ad
884 1630 1248 1686 refectionem
1275 1647 1499 1702 pascua
1528 1647 1671 1687 sem-

95 1721 340 1792 piternam.
367 1725 487 1777 Per.

650 1794 775 1842 Post
797 1792 1028 1843 nomina.

145 1873 505 1944 Jejunantium,
529 1873 787 1942 Domine,
817 1889 1165 1945 quasumus,
1197 1874 1520 1946 supplicum
1541 1879 1667 1930 vota

1690 1832 1746 1903 B

1775 541 1948 610 liqua.

1773 648 1834 702 L.
1877 664 2274 705 COLLECTIONES
2312 665 2367 704 IN
2419 636 2814 705 ROGA.TIONIBUS
2867 665 2967 705 PER
3012 663 3234 704 DIVERSA
3279 664 3414 705 LOCA

2425 737 2769 777 SANCTORUM.

2251 811 2309 859 In
2336 814 2517 860 sancto
2549 811 2701 859 Petro
2728 823 2868 860 nunc
2884 810 2930 856 ⁸.

1844 883 1990 937 Deus
2010 883 2295 955 refugium
2309 901 2646 955 pauperum,
2663 901 2788 956 spes
2805 883 3133 954 humilium,
3148 883 3411 957 salusque

1772 975 2130 1043 miserorum,
2173 977 2584 1032 interveniente
2609 994 2712 1048 pro
2740 977 2904 1032 nobis
2929 977 3254 1032 beatissimo
3283 977 3410 1032 fun-

1772 1069 1965 1124 datore
1994 1071 2251 1124 Ecclesia
2277 1075 2387 1126 tua
2413 1072 2598 1138 Petro,
2626 1071 3060 1142 supplicationes
3089 1071 3411 1143 supplicum

1770 1167 2001 1218 tuorum
2021 1164 2080 1217 in
2107 1165 2196 1219 die
2220 1165 2471 1219 triduani
2493 1155 2666 1235 hujus
2684 1164 2889 1235 jejunii
2910 1166 3219 1220 clementer
3245 1182 3411 1220 exau-
3513 1157 3524 1161 ’

1773 1255 1859 1324 di;
1902 1260 1958 1311 et
1996 1258 2463 1329 tranquillitatem
2505 1276 2538 1312 a
2580 1258 2729 1312 vitiis
2769 1259 2982 1330 pariter
3043 1263 3101 1313 et
3154 1259 3410 1314 hostibus

1770 1350 1979 1404 nostris
1999 1351 2240 1406 concede
2268 1352 2639 1422 temporibus,
2672 1356 2736 1406 ut
2773 1367 2914 1422 quos
2945 1351 3170 1422 justitia
3208 1352 3406 1424 ﬂagel-

1769 1441 1958 1497 lorum
1982 1449 2210 1499 tuorum
2225 1445 2377 1516 juste
2391 1446 2577 1500 facere
2600 1449 2783 1516 potest
2797 1461 2916 1500 esse
2945 1445 3214 1514 adﬂictos,
3236 1446 3412 1501 abun-

1771 1536 1959 1591 dantia
1987 1538 2384 1593 misericordia:
2411 1544 2543 1609 tua,
2572 1539 2694 1610 ipso
2713 1538 2878 1595 beato
2908 1540 3072 1594 Petro
3099 1539 3406 1607 obtinente,

1769 1629 1937 1685 faciat
1966 1632 2297 1687 consolatos.
2319 1634 2443 1688 Per.

1840 1799 2206 1870 Omnipotens
2251 1727 2814 1872 sempitggiizageus,
2873 1801 2972 1872 qui
3030 1801 3190 1856 beato
3247 1802 3412 1856 Petro

1767 1892 2037 1962 apostolo,
2083 1893 2318 1948 conlatis
2361 1893 2607 1948 clavibus
2645 1894 2810 1965 regni
2840 1894 3095 1965 caelestis,
3130 1895 3346 1949 animas
3387 1894 3413 1934 b

93 1967 313 2037 propitius
335 1967 585 2036 intuere;
617 1972 675 2022 et
701 1983 940 2022 munera
965 1968 1267 2039 praesentia
1292 1969 1664 2039 sanctiﬁcans,
1767 1985 1983 2056 ligandi
2009 1991 2178 2058 atque
2208 1987 2459 2041 solvendi
2487 1985 2676 2059 267
2712 1987 3065 2058 pontiﬁcium
3112 1988 3410 2058 tradidisti,

94 2075 168 2130 per
189 2059 579 2131 perceptionem
611 2076 812 2115 eorum
840 2060 1056 2115 occulta
1085 2061 1266 2116 cordis
1295 2063 1473 2116 nostri
1492 2078 1670 2117 reme-

95 2151 161 2205 dia
199 2159 291 2206 tua
327 2153 558 2208 clarifica
604 2153 833 2225 pietatis
877 2171 890 2208 :
935 2159 1001 2208 ut
1051 2170 1220 2225 opera
1263 2155 1509 2210 carnalia
1565 2172 1670 2210 nec

96 2246 207 2299 ﬂuxa
241 2263 329 2301 nos
365 2251 611 2316 teneant,
657 2264 798 2319 quos
841 2247 1132 2303 institutor
1160 2247 1365 2319 jejunii
1418 2248 1670 2304 Christus

98 2342 312 2410 reparavit
337 2340 682 2413 redemptor.
713 2343 836 2395 Per.

697 2434 772 2483 Ad
799 2447 1004 2497 pacem.

150 2513 279 2583 Deus,
329 2514 420 2586 qui
470 2514 974 2586 intemperantiam
1012 2514 1318 2570 saturitatis
1351 2518 1464 2569 tua
1506 2513 1672 2568 absti-

98 2605 253 2660 nentia
296 2607 639 2663 dedicatione
670 2607 969 2679 superasti,
993 2611 1048 2662 et
1074 2607 1384 2679 puritatem
1411 2607 1669 2661 castimo-

99 2699 190 2764 nia,
211 2705 263 2754 ut
287 2701 655 2773 cognoscaris,
685 2701 916 2770 dedisti;
966 2716 1198 2755 serenus
1237 2716 1340 2754 nos
1375 2704 1474 2754 tuo
1515 2699 1672 2754 vultu

98 2790 412 2864 circumspice,
442 2800 496 2849 et
515 2795 910 2866 jejunantibus
937 2810 1132 2866 pacem
1158 2793 1404 2865 proximi
1432 2799 1488 2848 et
1514 2797 1672 2847 tuam

96 2883 321 2956 largiaris;
359 2905 532 2960 quam
571 2889 644 2943 ad
670 2889 896 2944 Patrem
923 2888 1249 2958 ascendens,
1508 2887 1671 2941 nobis

97 2977 313 3052 reliquisti
339 2983 682 3038 sectandam.
713 2984 836 3036 Per.

682 3073 995 3124 Immolatio.

146 3152 252 3207 Vere
283 3153 510 3226 dignum
543 3161 601 3211 et
629 3156 852 3226 justum
897 3161 1000 3224 est,
1031 3155 1276 3227 satisque
1308 3160 1393 3210 est
1429 3154 1670 3225 dignum

1770 2080 1974 2134 exaudi
1999 2080 2278 2151 propitius
2302 2097 2497 2152 preces
2525 2085 2744 2135 nostras
2769 2081 2830 2134 in
2861 2081 2951 2135 die
2971 2081 3178 2151 jejunii
3215 2081 3408 2151 hujus,

1771 2177 1827 2227 et
1870 2173 2268 2228 intercessione
2312 2174 2454 2244 ejus,
2491 2190 2838 2244 quaesumus,
2880 2177 2946 2228 ut
2983 2190 3016 2226 a
3049 2179 3407 2244 peccatorum

1769 2271 2093 2321 nostrorum
2119 2267 2357 2321 nexibus
2384 2267 2712 2322 liberemur.
2744 2268 2870 2322 Per.

2228 2359 2478 2409 Collectio
2498 2359 2552 2408 in
2577 2363 2757 2409 sancto
2782 2359 2960 2408 Paulo.

1844 2435 1998 2502 Vide,
2028 2434 2283 2501 Domine,
2324 2451 2669 2505 quasumus,
2701 2434 3090 2489 infirmitatem
3121 2438 3408 2505 nostram;

1772 2533 1828 2583 et
1857 2527 1914 2582 in
1932 2527 2128 2583 diebus
2148 2527 2501 2599 jejuniorum
2542 2528 2801 2595 istorum,
2846 2545 2987 2599 quos
3026 2528 3176 2582 trina
3211 2545 3408 2583 conse-

1772 2622 1944 2677 cratio
1989 2621 2139 2675 trino
2185 2638 2425 2676 numero
2484 2621 2616 2676 facit
2661 2627 2937 2690 extensos,
3002 2622 3412 2678 interveniente

1770 2715 1934 2770 beato
1970 2717 2220 2786 apostolo
2255 2721 2354 2771 tuo
2387 2716 2578 2784 Paulo,
2615 2716 2796 2772 celere
2830 2716 2992 2770 nobis
3029 2716 3240 2787 pietate
3281 2732 3409 2771 suc-

1772 2825 1935 2865 curre
1959 2828 1973 2864 :
2015 2815 2078 2864 ut
2107 2827 2247 2882 quos
2265 2810 2489 2881 justitia
2515 2809 2770 2881 corripis,
2801 2809 3182 2866 misericordia
3207 2825 3406 2865 conso-

1771 2902 1922 2958 leris.
1949 2905 2074 2958 Per.

2382 2973 2512 3022 Item
2538 2973 2798 3024 collectio.

1842 3049 2078 3120 Exaudi,
2112 3049 2344 3104 Domine
2371 3065 2717 3120 quasumus,
2749 3049 3029 3121 gemitum
3052 3052 3315 3104 nostrum
3349 3049 3409 3106 in

1772 3143 1969 3198 diebus
1999 3143 2351 3215 jejuniorum
2391 3143 2542 3198 trino
2579 3159 2821 3198 numero
2860 3142 3118 3197 Trinitati
3155 3148 3402 3198 sacrato-

183 3202 250 3207 "'
286 3202 510 3226 *ε’-*⁸³-
545 3202 601 3211 ν*
629 3202 852 3226 J“"‘"“"
901 3202 1000 3224 ""'7
1031 3202 1276 3227 """"‘1""
1311 3202 1393 3210 *ν*
1433 3202 1670 3225 ””Ο’“““-
1999 3202 2021 3215 ⁷
2055 3202 2077 3214 *⁷

96 3250 133 3299 te
173 3247 326 3302 solum
351 3266 382 3302 a
403 3249 798 3321 jejunantibus
837 3251 1116 3322 quaerere,
1159 3249 1259 3321 qui
1303 3265 1362 3304 es
1396 3202 1745 3319 magisterC
1770 3253 1930 3306 rum;
1961 3243 2017 3292 et
2059 3237 2441 3293 intercedente
2474 3237 2638 3292 beato
2680 3237 2853 3292 Paulo
2896 3235 3170 3309 magistro
3214 3242 3408 3293 nostro

96 3337 404 3410 abstinentiae,
449 3348 505 3398 et
552 3343 920 3398 continentia
966 3347 1362 3398 remunerator
1411 3347 1664 3396 aeterne:

97 3433 255 3504 quique
277 3452 304 3488 a
315 3435 721 3507 jejunantibus,
739 3436 905 3492 ﬁdele
920 3442 1141 3492 tantum
1161 3436 1328 3491 corde
1344 3439 1666 3508 exposcant,

97 3523 310 3599 abstergis
335 3546 559 3586 omnem
577 3530 884 3600 maculam,
913 3547 1087 3602 quam
1113 3530 1372 3585 saturitas
1390 3529 1672 3585 contrahit

96 3617 321 3678 indecens.
349 3625 455 3679 Hoc
484 3624 684 3696 itaque
711 3629 966 3679 sanctum
999 3624 1288 3695 jejunium
1318 3623 1383 3677 in
1416 3623 1672 3677 Leviticis

97 3713 288 3782 apicibus
314 3734 410 3789 per
432 3719 718 3773 famulum
741 3723 908 3772 tuum
949 3719 1175 3788 Moysen
1217 3716 1530 3772 evidentius
1568 3716 1667 3771 de-

99 3805 266 3863 clarasti
300 3827 312 3864 :
358 3811 414 3867 in
453 3828 568 3884 quo
602 3811 819 3882 jussisti
861 3815 922 3866 ut
966 3811 1401 3865 humiliaremus
1453 3810 1672 3864 animas

99 3907 279 3969 nostras,
303 3921 369 3958 ne
399 3905 936 3973 exterminaremur,
965 3905 1109 3959 sicut
1146 3921 1243 3958 esu
1273 3904 1419 3974 gula
1449 3903 1671 3958 deditus

99 3995 284 4064 populus
310 4001 736 4054 exterminatur.
773 3998 932 4062 Quod
963 3998 1130 4052 etiam
1154 3996 1318 4051 nobis
1340 3995 1672 4067 Unigenitus

99 4087 193 4138 tuus
217 4089 282 4143 ita
305 4093 666 4147 sanctiﬁcavit
700 4091 1012 4163 implendo,
1042 4096 1096 4146 et
1114 4096 1178 4145 ut
1203 4107 1448 4161 regnum
1476 4089 1669 4161 perdi-

102 4179 186 4233 tum
200 4185 566 4256 perjejunium
592 4185 884 4256 panderet,
905 4190 961 4240 et
978 4185 1219 4255 peccatis
1241 4185 1466 4239 veniam
1489 4183 1668 4239 daret.

104 4269 148 4324 Et
167 4273 266 4330 ideo
305 4295 421 4349 qua
459 4279 758 4335 instituisti
796 4278 1019 4349 jejunia
1067 4277 1285 4350 suscipe
1321 4277 1525 4344 libens,
1570 4293 1674 4348 per

104 4378 296 4424 cariosa
335 4373 576 4428 reatibus
620 4372 836 4427 cunctis
881 4371 1194 4442 absolvens,
1238 4387 1342 4444 per
1385 4370 1672 4426 Christum

107 4456 342 4519 Dominum
367 4473 643 4522 nostrum.

154 4555 248 4611 Post
267 4558 478 4616 Sanctus
497 4578 601 4634 per
631 4565 773 4616 totas
801 4565 906 4616 tres
933 4562 1122 4615 missas
1151 4560 1290 4614 dicis
1320 4578 1336 4613 :

155 4647 272 4704 lianc
293 4653 455 4724 igitur
478 4655 825 4710 oblationem
849 4653 1085 4708 familia
1112 4658 1227 4708 tua
1249 4652 1352 4707 tibi
1381 4650 1672 4721 adstantis,

104 4753 295 4808 quorum
313 4747 409 4802 tibi
430 4749 566 4805 fides
596 4749 825 4820 cognita
849 4752 952 4816 est,
983 4753 1040 4802 et
1065 4751 1201 4802 nota
1227 4745 1467 4815 devotio,
1502 4761 1676 4817 quam

106 4832 178 4887 tibi
195 4837 407 4896 offerunt
439 4860 542 4914 pro
579 4843 874 4898 devotione
909 4841 1234 4896 animorum
1270 4856 1526 4910 suorum,
1572 4855 1676 4910 pro

105 4940 294 4995 quorum
310 4935 404 4990 tibi
427 4936 644 5008 placitis
671 4935 962 4992 desideriis
1002 4934 1410 5006 supplicamus,
1456 4949 1678 4988 memor

106 5033 191 5075 esse
221 5025 452 5100 dignare,
505 5030 762 5099 Domine,
809 5035 998 5085 sancte
1033 5031 1218 5095 Pater,
1257 5031 1468 5082 aterne
1509 5027 1673 5096 Deus,

108 5110 150 5164 in
168 5115 329 5174 diebus
349 5124 696 5195 jejuniorum
722 5124 998 5195 ipsorum,
1029 5127 1095 5177 ut
1118 5139 1151 5176 a
1175 5121 1390 5176 cunctis
1419 5137 1513 5175 eos
1542 5135 1674 5191 pec-

109 5209 207 5263 catis
225 5213 503 5289 abstergas,
533 5224 589 5273 et
613 5217 906 5274 residuum
923 5215 1215 5288 temporis,
1245 5231 1358 5286 quo
1379 5214 1460 5270 eis
1485 5213 1678 5268 alimo-

109 5299 284 5361 niorum
305 5313 580 5384 perceptio
608 5311 966 5380 concedetur,
1004 5310 1080 5364 ita
1106 5325 1201 5364 eos
1229 5323 1560 5364 conservare
1589 5306 1676 5362 di-

113 5399 268 5469 Sueris,
295 5409 350 5457 ut
375 5406 614 5461 sobriam
642 5405 816 5460 vitam
843 5403 1133 5472 habentes,
1170 5419 1286 5457 non
1324 5401 1680 5456 involvantur

111 5498 399 5553 chatorum
426 5499 636 5572 laqueis
661 5499 731 5554 ab
752 5498 934 5570 epulis
959 5496 1231 5563 excitatis,
1256 5512 1359 5566 per
1391 5494 1679 5550 Christum

113 5576 354 5647 Dominum
401 5600 676 5650 nostrum.
721 5593 903 5658 Quam
941 5590 1285 5646 oblationem
1332 5593 1395 5644 tu
1438 5589 1586 5643 Deus
1619 5587 1680 5642 in

117 5726 314 5852 Ga'uliac
349 5739 616 5809 particula
651 5754 792 5795 nunc
838 5734 1048 5810 passim
1088 5732 1334 5789 occurrit
1371 5731 1431 5786 iu
1475 5730 1680 5786 Missali

201 5819 347 5852 mann.

201 5819 331 5860 icano
338 5850 351 5863 .

168 5870 234 5927 Sic
257 5877 308 5932 in
337 5884 554 5940 vetustis
579 5882 704 5939 aliis
733 5881 859 5936 Mss.
898 5880 960 5936 in
997 5877 1238 5934 Collecta
1285 5891 1385 5932 seu
1428 5873 1680 5928 oratione

1767 3336 1938 3403 atque
1974 3332 2220 3401 doctore,
2269 3348 2615 3402 quaesumus,
2659 3348 2732 3386 ne
2769 3332 2922 3403 apud
2968 3337 3022 3387 te
3066 3331 3192 3403 plus
3232 3331 3412 3387 valeat

1771 3425 2005 3480 offensio
2031 3425 2510 3496 delinquentium,
2542 3440 2715 3496 quam
2741 3424 3028 3481 miseratio
3047 3429 3165 3496 tua,
3189 3441 3414 3497 semper

1770 3519 1991 3575 indulta
2007 3518 2234 3575 ﬂetibus
2253 3518 2715 3590 supplicantium.
2743 3520 2868 3573 Per.

2211 3608 2383 3657 Oratio
2408 3607 2463 3657 in
2485 3612 2665 3656 sancto
2691 3607 2971 3670 Stephano.

1841 3686 2068 3754 Praesta,
2087 3699 2435 3756 quasumus,
2455 3683 2813 3753 omnipotens
2839 3688 2894 3738 et
2912 3683 3230 3738 misericors
3241 3683 3406 3755 Deus,

1773 3783 1835 3833 ut
1853 3777 2141 3849 fragilitati
2169 3782 2375 3832 nostra
2399 3777 2637 3831 adﬂicta
2663 3776 2723 3829 in
2751 3776 2948 3830 diebus
2982 3777 3222 3832 istorum
3252 3778 3406 3848 jeju-

1771 3871 2000 3926 niorum
2033 3871 2371 3942 magniﬁcus
2398 3871 2563 3925 levita
2583 3886 2646 3923 ac
2675 3869 2872 3924 beatus
2897 3870 3218 3940 Stephanus
3244 3871 3408 3926 auxi-

1771 3965 1911 4020 lium
1932 3964 2359 4020 interventionis
2385 3964 2682 4019 exhibeat:
2711 3963 2810 4034 qui
2835 3963 3084 4019 imitator
3110 3965 3408 4020 dominica

1770 4059 2044 4130 passionis
2078 4063 2135 4114 et
2159 4058 2402 4129 pietatis,
2435 4058 2657 4129 primus
2683 4056 2743 4112 in
2771 4074 2969 4113 cruore
2998 4059 3254 4132 martyrii
3283 4059 3406 4115 eni-

1770 4153 1913 4222 tuit;
1959 4159 2015 4208 et
2049 4169 2274 4225 semper
2317 4152 2388 4208 sit
2425 4152 2708 4224 perfectus
2742 4151 3101 4224 suffragator,
3132 4157 3322 4226 atque,
3353 4158 3408 4209 te

1772 4248 2133 4320 concedente,
2164 4252 2460 4319 promptus
2488 4246 2731 4317 adjutor.
2761 4247 2885 4301 Per.

2381 4340 2509 4389 Item
2536 4339 2798 4389 collectio.
2871 4391 2886 4401 κ

1845 4417 2042 4473 Preces
2079 4419 2299 4470 nostras
2344 4413 2406 4468 in
2448 4413 2556 4467 hoc
2583 4413 2804 4484 jejunio
2845 4416 3152 4484 protentas,
3183 4429 3409 4484 quasu-

1775 4527 1922 4577 mus,
1952 4510 2208 4579 Domine,
2238 4507 2386 4562 beati
2411 4506 2594 4562 levita
2619 4511 2676 4560 et
2714 4505 2980 4576 martyris
3019 4505 3103 4559 tui
3143 4505 3412 4577 Stephani

1693 4577 1752 4650 D
1775 4609 2151 4677 prosequatur
2187 4577 2394 4670 oratio;
2429 4605 2484 4655 et
2507 4605 2571 4656 ut
2589 4599 2735 4655 adsit
2771 4599 2935 4654 nobis
2973 4599 3210 4654 adﬂictis
3245 4599 3411 4656 mise-

1775 4698 2019 4754 ricordia
2041 4702 2159 4766 tua,
2192 4696 2314 4767 ejus
2337 4694 2598 4766 precibus
2626 4693 2982 4764 adjuvemur.
3011 4695 3136 4748 Per.

2231 4787 2403 4838 Oratio
2430 4787 2485 4836 in
2509 4790 2688 4836 sancto
2718 4785 2956 4836 Martino.

1847 4866 2077 4938 Porrige
2134 4865 2423 4920 dexteram
2472 4866 2661 4931 tuam,
2725 4877 3082 4932 quasumus,
3137 4860 3371 4918 Domine
3394 4902 3409 4933 ,

1775 4961 1928 5032 plebi
1954 4966 2090 5027 tua,
2120 4959 2180 5013 in
2208 4959 2297 5013 die
2317 4956 2670 5028 jejuniorum
2700 4971 2935 5009 suorum
2968 4955 3414 5011 misericordiam

1775 5054 2115 5127 postulanti;
2159 5057 2242 5120 ut,
2287 5050 2670 5106 intercedente
2699 5049 2864 5104 beato
2889 5049 3146 5120 Martino,
3170 5053 3414 5106 terrores

1776 5149 2139 5202 imminentes
2171 5145 2539 5214 declinemus,
2569 5149 2626 5200 et
2672 5143 2867 5198 solatia
2911 5143 3038 5198 vita
3075 5143 3412 5197 immortali-

1776 5243 1908 5297 tatis
1932 5241 2290 5312 accipiamus,
2320 5244 2376 5295 et
2411 5238 2755 5310 sempiterna
2797 5237 3002 5309 gaudia
3047 5235 3414 5307 comprehen-

1778 5337 1999 5392 damus.
2030 5335 2155 5390 Per.

2461 5403 2590 5452 Item
2616 5403 2733 5453 alia.

1850 5485 1996 5538 Deus
2023 5486 2221 5538 auctor
2237 5479 2466 5552 jejunii,
2496 5480 2786 5536 institutor
2810 5476 3188 5543 abstinentia,
3216 5474 3312 5547 qui
3331 5476 3415 5548 je‘

1772 5578 1924 5651 junii
1946 5577 2190 5633 formam
2215 5574 2616 5646 complectens,
2639 5571 2970 5629 submovisti
2996 5570 3308 5642 ingluviem
3333 5587 3417 5655 sas

1779 5723 1848 5779 de
1879 5725 2074 5805 sancto
2108 5722 2292 5804 Petro,
2326 5718 2428 5773 ubi
2470 5717 2638 5773 modo
2671 5714 2883 5787 legitur
2927 5712 3177 5768 absolute
3203 5708 3415 5783 ligandi

1779 5811 1984 5852 01111583.
2003 5808 2137 5852 V009
2167 5805 2380 5848 animas
2388 5830 2400 5845 .
