3968 6224
509 316 604 374 29f

1303 313 1634 372 APPENDIX
1671 312 1759 369 AD
1795 311 2018 369 OPERA
2051 312 2285 371 SANCTI
2321 312 2621 369 GERMANI
2657 311 3083 370 PABISIENSIS.

3803 310 3908 364 292

508 422 774 490 turitatis,
805 425 871 478 ut
898 421 958 478 in
985 421 1148 480 nobis
1178 423 1523 478 castimonia
1543 422 1814 476 sobrietas
1840 427 2144 494 regnaret;
2170 436 2229 508 Α
2251 422 2445 494 gloria
2471 427 2601 490 tua,
2631 420 2898 492 sedetque
2923 421 2992 475 ad
3020 421 3310 474 dexteram
3338 420 3518 487 tuam,
3541 415 3908 489 promissum

509 518 747 588 respice,
780 516 1035 587 Domine,
1073 516 1352 588 propitius
1385 531 1556 586 super
1580 515 1682 569 hos
1702 515 1978 586 supplices
1999 521 2146 586 tuos,

504 610 726 682 jejunio
771 610 1049 666 triduana
1089 609 1441 664 abstinentia
1473 613 1766 677 vacantes;
1813 614 1870 664 et
1910 609 2150 665 interce-

511 705 679 759 dente
722 721 944 758 summo
986 704 1105 757 viro
1158 703 1320 757 beato
1372 701 1632 768 Martino,
1691 702 1928 774 gratiam
1995 708 2150 758 tuam

509 797 922 852 benedictionis
948 802 1058 851 tua
1087 796 1249 850 nobis
1279 795 1542 850 omnibus
1569 796 1640 850 ab
1663 812 1729 850 eo
1769 800 2032 850 exoratus
2071 797 2154 850 in-

511 891 716 961 funde;
745 896 810 945 ut
839 891 984 944 sicut
1013 890 1118 944 hoc
1140 889 1425 960 jejunium
1457 890 1527 944 ad
1554 889 1738 944 cultus
1762 888 1848 944 tui
1888 889 2152 944 timorem

510 985 877 1040 constitutum
908 983 1081 1037 vincit
1121 983 1432 1054 ingluviem
1478 984 1644 1056 gula,
1675 983 1752 1037 ita
1788 982 2152 1038 inluminatio

509 1083 607 1133 tua
648 1079 707 1132 in
737 1077 993 1132 sensibus
1046 1077 1253 1132 nostris
1297 1083 1526 1148 superet
1557 1093 1787 1132 omnem
1828 1081 2151 1132 nostrorum

510 1172 767 1227 fomitem
792 1171 1084 1226 vitiorum.
1116 1173 1240 1226 Per.

959 1264 1131 1313 Oratio
1157 1265 1209 1313 in
1237 1268 1418 1314 sancto
1441 1263 1710 1328 Gregorio.

579 1351 949 1422 Omnipotens
995 1349 1337 1420 sempiterne
1382 1350 1548 1418 Deus,
1605 1347 1799 1421 268
1838 1347 2053 1419 jejuni,
2085 1349 2153 1403 de

509 1443 623 1500 tuis
659 1445 830 1499 etiam
870 1443 1031 1498 donis
1074 1443 1276 1514 satiati,
1330 1444 1418 1497 vel
1465 1442 1718 1514 qualibet
1777 1443 2152 1497 maceratione

513 1539 772 1607 confecti,
823 1537 1174 1608 majestatem
1210 1541 1368 1592 tuam
1407 1537 1688 1608 supplices
1723 1553 2041 1606 exoramus,
2089 1540 2155 1590 ut

511 1632 760 1704 expulsis
798 1631 867 1685 de
889 1631 1152 1686 cordidus
1177 1631 1382 1686 nostris
1411 1635 1771 1702 peccatorum
1798 1630 2066 1697 tenebris,
2093 1629 2152 1684 in

2252 520 2510 570 sanctum
2539 514 2814 586 Spiritum
2837 515 2897 568 in
2925 514 3069 568 ﬁlios
3105 513 3425 584 adoptionis
3467 511 3696 567 effudit.
3749 510 3907 566 Unde

2253 610 2507 664 latantes
2533 608 2681 664 inter
2709 608 2903 662 altaria
2939 612 3053 677 tua,
3103 607 3335 662 Domine
3375 604 3569 679 269
3601 605 3908 672 virtutem,

2252 703 2462 758 hostias
2484 703 2587 758 tibi
2611 703 2792 757 laudis
2818 702 3107 757 offerimus
3131 719 3264 757 cum
3305 702 3521 773 angelis
3563 705 3620 756 et
3661 698 3911 754 archan-

2255 797 2411 868 gelis,
2445 814 2548 868 per
2572 797 2858 853 Christum
2885 797 3210 852 Dominum.

2482 905 2588 958 LII.
2622 921 2772 958 mssa
2803 921 2858 958 IN
2884 921 2973 958 ma
2997 918 3194 958 SANCTO
3213 903 3242 944 ι)
3268 919 3660 959 rsnrzcosrau.

2324 1004 2490 1072 Deus,
2519 1002 2877 1057 inluminatio
2904 1007 2960 1057 et
2996 1002 3107 1056 vita
3152 1001 3525 1068 credentium,
3563 1001 3736 1072 cujus
3776 1015 3906 1054 mu-

2253 1112 2457 1152 nerum
2487 1096 2786 1151 ineffabilis
2813 1096 3146 1168 magnitudo
3169 1095 3456 1150 hodierna
3477 1093 3809 1148 festivitatis
3835 1098 3910 1149 te—

2253 1190 2516 1246 stimonio
2541 1190 2876 1260 celebratur,
2907 1189 2976 1243 da
2997 1189 3223 1261 papulis
3243 1189 3355 1244 tuis
3375 1205 3574 1260 capere
3603 1187 3906 1242 intellectu

2253 1285 2403 1356 quod
2448 1284 2693 1338 didicere
2749 1283 3042 1353 miraculo,
3085 1289 3149 1338 ut
3193 1283 3440 1354 adaptio,
3487 1298 3663 1353 quam
3705 1282 3773 1335 in
3816 1296 3904 1336 eos

2254 1378 2494 1450 Spiritus
2521 1383 2744 1432 sanctus
2771 1377 3078 1445 advocavit,
3122 1376 3263 1430 nihil
3302 1377 3361 1430 in
3407 1375 3713 1430 dilectione
3758 1374 3902 1445 tepi-

2254 1471 2412 1542 dum,
2444 1471 2586 1526 nihil
2612 1471 2815 1525 habeat
2843 1471 2903 1525 in
2929 1469 3276 1525 confessione
3297 1470 3606 1526 diversum.
3633 1470 3771 1523 Per.

2941 1568 3208 1618 Collectio.

2324 1650 2532 1704 Mentes
2579 1653 2828 1718 nostras,
2884 1665 3210 1721 quasumus
3254 1647 3522 1717 Domine,
3584 1645 3900 1702 Paraclitus

511 1725 601 1782 die
631 1727 734 1780 hac
751 1726 978 1798 jejunii,
1008 1725 1392 1780 intercedente
1418 1741 1641 1779 summo
1670 1725 1920 1780 antistite
1962 1727 2212 1814 nostro‘
2252 1742 2512 1814 spiritus,
2551 1743 2650 1814 qui
2693 1743 2760 1796 de
2787 1748 2839 1798 te
2871 1743 3145 1814 Procedit,
3167 1742 3504 1810 inluminet;
3537 1745 3595 1796 et
3619 1740 3697 1796 ad
3732 1755 3902 1794 omne

511 1825 569 1875 et
596 1819 917 1874 divinorum
945 1818 1345 1890 mysteriorum
1383 1835 1584 1890 capacc
1606 1819 1898 1890 Gregorio,
1949 1817 2019 1871 ad
2061 1810 2226 1882 ve-B
2251 1810 2393 1908 obus
2433 1810 2649 1891 bdnﬁm
2687 1810 2978 1908 perdugat,
3031 1836 3178 1890 sicut
3218 1835 3378 1890 nobis
3415 1834 3683 1907 promisit
3727 1832 3900 1888 [ς’ωω

509 1927 634 1967 ram
681 1912 888 1983 lucem,
943 1927 1071 1983 qua
1117 1911 1368 1966 Christus
1425 1918 1528 1982 est,
1577 1929 1678 1967 nos
1728 1912 1894 1966 facias
1947 1926 2148 1982 perve-

510 2005 654 2062 nire.

1199 2075 1468 2126 Collectio.

582 2161 950 2234 Omnipoteus
978 2161 1322 2234 sempiterne
1366 2161 1532 2231 Deus,
1574 2167 1733 2231 cujus
1759 2161 1926 2233 jussu
1961 2178 2090 2217 caro
2118 2179 2151 2215 a

509 2257 888 2328 voluptatibus
919 2256 1126 2327 jejunii
1149 2255 1527 2310 maceratione
1561 2256 1946 2326 restringitur,
1975 2261 2032 2310 et
2061 2256 2152 2311 Sa-

510 2356 691 2406 torem
715 2367 881 2405 suum
911 2366 1038 2404 caro
1079 2354 1292 2418 nostra,
1331 2365 1434 2420 per
1471 2349 1832 2403 sobrietatem
1875 2350 2148 2419 restricta,

511 2443 820 2515 cognoscit,
851 2460 954 2514 per
984 2443 1448 2497 intercessionem
1487 2443 1696 2496 summi
1731 2441 2020 2513 apostolici
2055 2443 2152 2496 Pa-

512 2538 614 2592 tris
638 2536 817 2591 nostri
843 2536 1118 2608 Gregorii,
1148 2535 1208 2590 in
1234 2536 1341 2590 hoc
1360 2535 1583 2607 jejunio
1605 2535 1792 2591 tribue
1814 2536 2029 2590 cunctis
2049 2536 2152 2590 im-

512 2635 857 2689 maculatum
886 2633 944 2688 in
977 2638 1032 2688 te
1077 2631 1436 2688 credentibus
1482 2650 1744 2689 exercere
1786 2634 2040 2703 cultum;
2090 2638 2153 2688 ut

513 2729 682 2784 etiam
710 2729 753 2782 si
792 2727 1185 2799 jejunantibus
1234 2728 1367 2782 vitia
1410 2728 1736 2797 succedunt,
1783 2732 1839 2782 et
1887 2727 2153 2783 deserunt

513 2821 764 2891 virtutes,
817 2828 912 2876 tua
955 2837 1090 2893 erga
1136 2838 1248 2890 eos,
1280 2823 1444 2877 Pater
1473 2822 1853 2894 omnipotens,
1902 2821 2153 2876 custodia

510 2921 848 2987 perseveret.
880 2917 1003 2971 Per.

833 3010 916 3064 LI.
946 3025 1103 3066 )IISSA
1132 3027 1184 3066 IN
1215 3009 1593 3068 ASCENSIONE.
1620 3026 1834 3066 DOMINI.

581 3104 749 3173 Deus,
791 3103 890 3176 qui
945 3104 1250 3159 Ecclesium
1298 3109 1456 3159 tuam
1501 3106 1840 3175 evangelica
1879 3103 2146 3159 exhorta-

2249 1929 2520 1986 veritatis.
2551 1932 2675 1986 Per.

2885 2001 3009 2050 Post
3031 1999 3260 2050 nomina.

2322 2082 2550 2138 Munera
2568 2086 2780 2150 nostra,
2804 2096 3130 2152 quasumus
3156 2079 3415 2149 Domine,
3445 2078 3624 2134 sancti
3652 2077 3895 2150 Spiritus

2250 2175 2334 2230 tui
2362 2175 2688 2248 dignatione
2713 2179 3024 2241 sacrentur,
3052 2190 3156 2246 per
3183 2190 3309 2245 qua
3353 2190 3386 2227 a
3421 2173 3664 2244 peccatis
3709 2171 3889 2226 omni-

2251 2269 2356 2324 bus
2381 2269 2698 2340 adoptionis
2726 2272 2838 2324 tua
2859 2267 2958 2322 ﬁlii
2987 2284 3368 2322 renascamur.
3403 2268 3526 2321 Per.

2913 2363 2991 2412 Ad
3020 2376 3225 2426 pacem.

2324 2445 2559 2500 Domine
2594 2449 2803 2514 sancte,
2851 2445 3016 2498 Pater
3048 2443 3428 2515 omnipotens,
3469 2447 3684 2498 aterne
3728 2444 3890 2510 Deus,

2251 2540 2411 2611 cujus
2437 2539 2652 2612 Spiritu
2679 2543 2864 2592 totum
2892 2554 3098 2609 corpus
3124 2537 3380 2592 Ecclesia
3405 2537 3821 2608 multiplicatur
3843 2539 3892 2589 et

2252 2633 2490 2704 regitur,
2520 2648 2788 2687 conserva
2813 2633 2872 2686 in
2899 2649 3103 2686 novam
3138 2631 3365 2686 familia
3405 2637 3518 2685 tua
3551 2631 3886 2702 progeniem

2253 2725 2707 2780 sanctiﬁcationis
2733 2726 2996 2797 gratiam,
3030 2742 3204 2798 quam
3225 2724 3456 2793 dedisti;
3482 2730 3548 2779 ut
3572 2739 3811 2796 corpore
3841 2729 3888 2778 et

2251 2825 2442 2874 mente
2461 2819 2734 2889 renovati,
2773 2834 2977 2890 puram
3003 2818 3104 2872 tibi
3141 2818 3389 2872 animam
3423 2833 3551 2872 cum
3595 2816 3890 2872 securitate

2251 2912 2402 2984 pacis
2428 2917 2485 2968 et
2504 2930 2714 2984 purum
2741 2917 2934 2984 pectus
2964 2929 3190 2983 semper
3214 2911 3539 2966 exhibeant.
3567 2912 3696 2966 Per.

2919 3010 3229 3059 Immolatio.

2325 3095 2462 3149 Vere
2487 3094 2728 3166 dignum
2754 3097 2809 3148 et
2839 3093 3061 3164 justum
3087 3099 3192 3162 est,
3223 3109 3326 3147 nos
3349 3093 3451 3148 tibi
3476 3109 3706 3165 semper
3726 3093 3816 3148 hic
3839 3098 3888 3148 et

511 3197 662 3253 tione
693 3196 964 3252 doctrina
992 3214 1118 3268 qua
1145 3214 1372 3252 sursum
1401 3201 1534 3252 sunt
1555 3197 1724 3268 jubes
1750 3214 1967 3270 sapere,
2000 3201 2056 3252 et
2081 3197 2152 3252 ad
2172 3183 2226 3258 C
2253 3187 2460 3259 ubique
2503 3187 2710 3260 gratias
2750 3203 2942 3258 agere,
2984 3194 3040 3241 et
3081 3187 3309 3258 gloriari
3346 3187 3408 3242 in
3451 3187 3724 3258 operibus
3761 3188 3885 3255 tuis,

512 3306 638 3346 eam
662 3307 721 3345 se
759 3290 1117 3346 altitudinem
1164 3291 1234 3345 ad
1269 3307 1442 3361 quam
1483 3291 1730 3346 Salvator
1773 3292 1975 3346 mundi
2012 3308 2148 3347 con-

513 3384 729 3441 scendit
755 3383 992 3455 erigere,
1026 3385 1096 3438 da
1135 3383 1482 3455 supplicibus
1521 3384 1634 3438 tuis
1677 3385 1946 3456 subsequi
1988 3387 2150 3441 intel-

511 3477 661 3531 lectu
689 3477 840 3548 quod
866 3477 1030 3531 multi
1054 3477 1318 3532 viderunt
1346 3483 1683 3549 conspectu;
1712 3483 1775 3533 ut
1811 3479 1870 3534 in
1900 3480 2149 3534 secundo

511 3570 824 3625 Mediatoris
861 3570 1104 3626 adventu
1150 3571 1401 3626 ditentur
1425 3571 1606 3639 donis,
1631 3573 1730 3644 qui
1757 3573 1867 3628 tuis
1895 3573 2146 3629 credide-

510 3669 646 3720 runt
670 3663 979 3736 promissis.
1007 3667 1132 3720 Per.

581 3759 788 3814 Prasta
814 3759 996 3829 nobis,
1027 3759 1385 3832 omnipotens
1428 3765 1486 3815 et
1521 3760 1842 3816 misericors
1880 3759 2044 3829 Deus,
2087 3767 2152 3815 ut

511 3852 657 3907 sicut
695 3852 934 3907 humani
977 3854 1202 3924 generis
1243 3855 1590 3910 Salvatorem
1615 3855 1921 3909 consedere
1960 3859 2148 3909 tecum

510 3946 570 4001 in
604 3951 702 4000 tua
729 3947 1020 4017 majestate
1041 3948 1399 4018 conﬁdimus,
1450 3947 1528 4001 ita
1565 3964 1747 4020 usque
1786 3947 1856 4002 ad
1893 3963 2152 4002 consum-

510 4039 820 4094 mationem
849 4039 1038 4094 saculi
1068 4057 1299 4096 manere
1325 4041 1641 4111 nobiscum,
1667 4041 2149 4113 quemadmodum

512 4138 598 4188 est
616 4132 916 4203 pollicitus,
951 4134 1282 4190 sentiamus.
1312 4137 1438 4190 Per.

1136 4227 1254 4277 Post
1277 4227 1526 4277 nomina.’

584 4310 948 4379 Sacriﬁcium,
984 4311 1238 4383 Domine,
1266 4330 1370 4385 pro
1409 4312 1532 4368 Filii
1561 4314 1646 4369 tui
1681 4314 1748 4369 in
1791 4315 1940 4370 calis
1983 4315 2150 4371 hodie

511 4405 846 4462 Ascensione
887 4405 1228 4476 deferimus;
1278 4413 1505 4479 prasta,
1565 4425 1912 4480 quaesumus,
1968 4415 2032 4464 ut
2079 4409 2150 4464 ad

509 4507 670 4556 tuam
696 4500 933 4572 gloriam
957 4516 1058 4573 per
1081 4501 1272 4573 ipsum
1301 4502 1391 4557 his
1425 4503 1774 4559 commerciis
1818 4504 2152 4560 venerandis

510 4609 831 4668 surgamus.
860 4597 984 4650 Per.

1180 4666 1256 4718 Ad
1285 4681 1490 4730 pacem.

583 4749 749 4820 Deus,
783 4751 882 4822 qui
909 4751 1049 4807 dum
1075 4751 1341 4808 subsellia
1387 4752 1618 4809 Deitatis
1649 4754 1927 4824 ascendis,
1967 4755 2151 4810 obser-

511 4859 641 4900 vare
668 4860 771 4898 nos
806 4861 1005 4916 pacem
1046 4846 1366 4917 evangelica
1403 4847 1737 4902 auctoritate
1780 4865 1895 4902 non
1941 4847 2150 4902 desinis

509 4939 728 5006 docere,
758 4936 829 4990 da
853 4937 1014 4992 nobis
1047 4939 1299 5009 placidus
1325 4957 1521 5012 pacem
1560 4946 1740 5011 tuam,
1768 4946 1833 4995 ut
1861 4941 2000 4996 dum
2030 4941 2146 4996 dis-

509 5029 716 5087 cordia
751 5047 931 5102 prona
969 5032 1304 5104 refugimus,
1342 5035 1459 5090 cali
1500 5036 1678 5091 ardua
1710 5051 2146 5108 consequamur.

507 5130 634 5185 Per.

1175 5197 1484 5251 Immolatio.

582 5287 721 5341 Vere
751 5286 990 5358 dignum
1017 5287 1072 5340 et
1100 5283 1323 5357 justum
1347 5292 1449 5353 est,
1490 5302 1593 5357 per
1627 5286 1912 5344 Christum
1952 5287 2144 5344 Domi-

507 5395 650 5434 num
678 5385 957 5434 nostrum.
985 5379 1091 5442 Qui
1124 5383 1383 5434 mortuus
1409 5384 1492 5434 est
1518 5386 1750 5452 propter
1785 5387 2011 5453 peccata
2042 5399 2146 5436 no-

508 5478 642 5539 stra,
674 5476 731 5528 et
765 5473 1075 5529 resurrexit
1111 5477 1345 5544 propter
1372 5473 1834 5542 justiﬁcationem
1874 5480 2144 5532 nostram.

508 5565 769 5622 Ascendit
818 5584 990 5640 super
1042 5583 1238 5622 omnes
1271 5567 1437 5623 caios
1458 5586 1475 5637 ;
1523 5575 1579 5624 et
1633 5569 1906 5624 exaltatus
1944 5571 2150 5625 throno

579 5701 606 5730 ⁸
642 5703 791 5775 Inter
821 5703 1025 5775 Alcimi
1053 5702 1196 5775 Aviti
1238 5703 1560 5775 fragmenta
1595 5718 1778 5759 unum
1803 5707 1892 5760 est
1926 5721 1997 5762 ex
2025 5721 2146 5762 ser-

507 5788 676 5831 mone
703 5774 771 5829 de
804 5774 1141 5830 Ascensione
1169 5773 1414 5830 Domini.

579 5845 608 5885 ι)
635 5845 701 5900 Et
727 5844 797 5898 de
826 5844 932 5899 hoc
959 5845 1102 5900 festo
1127 5844 1410 5901 habentur
1438 5847 1550 5902 duo
1574 5848 1892 5920 fragmenta
1919 5867 1988 5907 ex
2027 5865 2143 5906 ser-

2249 3281 2486 3337 Domine
2518 3286 2727 3351 sancte,
2768 3283 2933 3335 Pater
2971 3281 3351 3352 omnipotens,
3384 3285 3595 3336 aterne
3636 3282 3804 3348 Deus,
3835 3281 3886 3334 in

2252 3373 2356 3429 hoc
2380 3375 2665 3447 praecipue
2686 3375 2796 3445 die,
2820 3375 2878 3429 in
2904 3392 3018 3447 quo
3039 3375 3480 3430 sacratissimum
3499 3375 3715 3429 Pascha
3735 3374 3887 3446 quin-

2251 3469 2524 3540 quaginta
2562 3469 2786 3523 dierum
2812 3469 3094 3541 mysteriis
3116 3469 3359 3540 tegitur;
3399 3473 3456 3524 et
3481 3485 3587 3540 per
3611 3485 3716 3523 sua
3738 3467 3887 3523 vesti-

2253 3563 2365 3634 gia,
2410 3563 2826 3617 recursantibus
2873 3563 3094 3618 dierum
3135 3563 3350 3634 spatiis,
3407 3564 3787 3635 colleguntur,
3839 3566 3887 3616 et

2250 3656 2520 3728 dispersio
2549 3657 2898 3728 linguarum,
2927 3673 3054 3728 qua
3080 3657 3140 3711 in
3169 3656 3499 3712 confusione
3525 3657 3676 3712 facta
3691 3657 3881 3722 fuerat,

2250 3766 2352 3822 per
2399 3751 2672 3822 Spiritum
2719 3756 2978 3806 sanctum
3026 3751 3328 3807 adunatur.
3383 3752 3558 3806 Hodie
3625 3753 3779 3806 enim
3826 3750 3884 3805 de

2250 3845 2402 3899 calis
2431 3849 2663 3916 repente
2688 3861 2893 3899 sonum
2930 3845 3222 3900 audientes
3259 3845 3517 3916 apostoli,
3558 3846 3731 3900 unius
3767 3844 3883 3898 ﬁdei

2249 3938 2586 4010 Symbulum
2633 3943 2997 4010 exceperunt,
3049 3944 3106 3993 et
3155 3939 3364 4010 linguis
3400 3939 3567 3994 variis
3606 3938 3882 4012 Evangelii

2249 4032 2334 4087 tui
2363 4032 2603 4104 gloriam
2631 4032 2895 4104 gentibus
2929 4032 3306 4103 tradiderunt,
3335 4049 3439 4105 per
3461 4033 3753 4089 Christum
3794 4033 3882 4086 Do-

2249 4126 2474 4182 minum
2498 4130 2778 4182 nostrum.

2357 4244 2492 4298 Llll.
2524 4259 2674 4298 mssa
2699 4259 3012 4300 sucronem
3044 4259 3301 4299 ramum“
3327 4258 3390 4298 ET
3418 4258 3786 4299 ranuncroms.

2323 4346 2626 4401 Dominum
2644 4347 2821 4421 Deum
2838 4349 3118 4417 nostrum,
3141 4347 3343 4401 fratres
3367 4345 3664 4415 carissimi,
3685 4346 3882 4418 suppli-

2252 4455 2342 4495 ces
2367 4456 2688 4508 exoremus,
2719 4441 2818 4513 qui
2844 4441 3047 4496 sanctis
3090 4440 3438 4512 martyribus
3484 4440 3600 4495 suis
3637 4439 3880 4496 Ferreolo

2169 4537 2308 4628 Det
2364 4535 2689 4589 Ferrucioni
2738 4535 3002 4606 quadam
3053 4534 3256 4590 tribuit
3295 4534 3622 4589 futurorum
3658 4533 3878 4606 pramia

2253 4628 2591 4699 gaudiorum
2621 4628 2680 4683 in
2700 4629 2824 4700 ipsa
2849 4629 3218 4701 prasentium
3263 4628 3585 4684 conditione
3629 4628 3875 4684 certami-

2249 4739 2391 4776 num
2417 4721 2610 4795 270
2632 4723 2788 4794 (dum
2816 4723 3430 4794 perinextinguibilem
3456 4723 3542 4778 sui
3567 4723 3780 4779 amoris
3805 4738 3878 4777 ar-

2249 4816 2447 4872 dorem
2474 4818 2803 4888 intelligunt
2825 4819 3159 4873 suavitatem
3173 4818 3305 4873 vita
3329 4817 3552 4872 damnis
3569 4818 3872 4890 adquirere,

2251 4916 2306 4966 et
2331 4915 2573 4966 mortem
2599 4912 2893 4967 moriendo
2921 4913 3132 4966 calcare
3160 4929 3173 4967 :
3205 4912 3412 4983 quibus
3431 4912 3570 4966 dum
3591 4919 3874 4984 praetervo-

2249 5004 2372 5059 lans
2397 5005 2487 5060 hic
2515 5006 2632 5060 dies
2674 5023 2777 5077 per
2823 5007 3151 5077 urgentium
3187 5022 3487 5078 poenarum
3522 5004 3872 5062 acerbitatem

2249 5100 2621 5169 concluditur,
2647 5101 2836 5156 aditus
2861 5103 3090 5156 aterna
3110 5101 3253 5156 lucis
3277 5101 3569 5172 aperitur),
3606 5102 3706 5156 det
3732 5099 3871 5156 nobis

2248 5192 2474 5247 famulis
2494 5192 2628 5260 suis,
2650 5198 2717 5248 ut
2739 5194 2885 5248 sicut
2901 5181 3028 5249 illos
3047 5196 3202 5250 nulla
3227 5199 3646 5250 tormentorum
3661 5209 3868 5268 genera,

2248 5303 2482 5358 corpore
2534 5287 2664 5342 licet
2704 5288 3018 5358 deserente,
3072 5289 3386 5361 fregerunt,
3439 5291 3521 5345 ita
3575 5307 3681 5346 nos
3723 5289 3869 5346 nulla!

2249 5380 2449 5435 mundi
2485 5380 2657 5452 hujus
2701 5382 3001 5438 inlecebra
3054 5401 3087 5438 a
3125 5401 3244 5439 sua
3285 5384 3576 5457 proposito
3611 5382 3870 5440 servitutis

2249 5473 2562 5546 perniciosa
2603 5477 2899 5532 securitate
2932 5478 3234 5534 deflectant
3254 5497 3271 5548 ;
3327 5484 3392 5534 ut
3445 5479 3715 5535 virtutem
3758 5474 3868 5532 ﬁdei

2249 5573 2457 5624 nostra
2483 5569 2706 5625 divinus
2725 5570 2872 5643 ignis
2897 5587 3012 5628 sua
3027 5573 3277 5628 caritatis
3298 5573 3585 5645 accendat,
3619 5579 3678 5630 et
3703 5572 3867 5629 omnia

2247 5723 2418 5787 mone
2442 5709 2610 5780 Aviti,
2638 5710 2700 5787 in
2730 5726 2975 5787 quorum
2997 5711 3188 5783 primo
3216 5713 3483 5787 egregius
3509 5714 3667 5771 locus
3697 5718 3774 5772 est
3811 5712 3866 5767 de

2249 5779 2488 5852 Spiritus
2507 5779 2685 5838 sancti
2714 5779 3024 5840 divinitate:
