3968 6224
463 346 567 400 295

1252 343 1584 401 ΑΡΡΕΝΒῘΧ
1622 344 1710 399 AD
1746 343 1968 400 OPERA
2006 343 2098 401 SA]

2212 345 2240 400 Ἰ
2277 344 2578 402 GERMANI
2615 345 3042 404 PARISIENSIS.

3745 349 3848 401 295

461 454 618 509 illius
648 451 1015 525 gaudeamus.
1044 457 1081 521 ιζ·
1105 453 1175 513 Ut
1198 453 1446 525 populus
1470 457 1622 523 tuus,
1653 453 1753 524 qui
1781 453 1852 507 ad
1893 454 2097 508 nativi-
2123 468 2182 540 Α
2201 455 2456 527 vestigiis
2486 457 2667 528 Caput
2690 457 2949 511 omnium
2986 456 3246 511 nostrum
3290 458 3516 512 secutus
3550 458 3640 512 est
3677 455 3847 511 Chri-

462 550 640 602 tatem
679 548 801 618 ejus
838 552 1242 615 convenerunt,
1289 547 1576 601 salvantur
1617 547 1833 601 meritis
1871 563 1974 618 per
2010 548 2099 603 in—

463 646 784 696 terventum
823 641 1078 695 omnium
1117 645 1440 695 sanctorum
1466 645 1522 695 et
1550 640 2004 712 deprecationem
2029 643 2099 696 il-

463 735 575 789 lius
601 734 816 790 meritis
845 735 1199 806 adjuventur.
1232 740 1270 800 ἦ·
1307 734 1404 802 Da,
1445 735 1706 803 Domine,
1749 740 1815 790 ut
1857 736 1966 790 illis
1996 753 2099 792 an-

466 828 625 900 gelus
677 827 894 882 Gabriel
938 828 1087 898 (quo
1132 827 1422 882 Zacharias
1469 829 1733 898 loquente
1799 829 2100 901 obmutuit)

462 921 798 976 intercessor
841 920 1085 989 adsistat,
1122 925 1180 974 et
1225 920 1441 976 meritis
1480 921 1630 977 illius
1673 922 2103 994 adjuventurget

463 1015 732 1070 moribus.

713 1123 817 1177 LV.
849 1138 1010 1178 mssa
1037 1136 1360 1177 smoronvu
1390 1137 1543 1178 parm
1571 1140 1634 1179 er
1663 1141 1843 1179 psum.

537 1233 906 1303 Omnipotens
945 1245 969 1272 ι
1017 1232 1361 1302 sempiterne
1400 1232 1566 1299 Deus,
1610 1233 1708 1304 qui
1749 1233 1901 1288 hunc
1949 1233 2100 1288 diem

464 1323 922 1382 beatissimorum
952 1325 1337 1398 apostolorum
1363 1325 1513 1379 Petri
1541 1330 1596 1380 et
1633 1326 1794 1380 Pauli
1827 1328 2100 1398 martyrio

465 1421 822 1489 consecrasti,
889 1421 959 1475 da
1007 1418 1272 1474 Ecclesia
1311 1423 1425 1472 tua
1468 1424 1589 1474 toto
1635 1424 1916 1475 terrarum
1965 1420 2100 1475 orbe

465 1514 703 1583 diffusa,
756 1530 954 1568 eorum
990 1528 1214 1582 semper
1265 1512 1594 1582 magisterio
1633 1513 1957 1584 gubernari,
2000 1531 2102 1584 per

464 1625 606 1680 quos
644 1607 886 1678 sumpsit
922 1605 1213 1678 religionis
1263 1605 1586 1660 exordium.
1638 1609 1745 1661 Per
1790 1607 2098 1662 Dominum

465 1706 726 1757 nostrum
751 1702 942 1756 Jesum
970 1699 1259 1755 Christum
1285 1699 1489 1753 Filium
1513 1703 1696 1754 tuum.

1023 1796 1274 1846 Collectio
1293 1796 1547 1860 sequitur.

2203 553 2373 604 stum.
2401 549 2503 604 Cui
2529 551 2733 605 merito
2763 567 2878 606 om.

2203 641 2505 692 Benedictio
2530 643 2711 706 populi
2737 643 2789 692 in
2813 644 2983 693 natale
3025 643 3380 708 apostolorum
3411 642 3548 693 Petri
3593 646 3646 693 et
3683 643 3850 692 Pauli.

2273 728 2437 796 Deus,
2459 727 2557 799 qui
2576 728 2847 783 membris
2859 729 3138 797 Ecclesiae,
3152 729 3307 783 velut
3323 729 3632 800 gemellum
3647 728 3852 784 lumen

2201 837 2314 892 quo
2343 826 2646 876 caveantur
2669 821 2938 891 tenebrae,
2972 821 3154 877 fecisti
3180 821 3330 876 Petri
3355 821 3853 892 lacrymas,,Pauli

2200 915 2418 970 litteras
2471 931 2782 970 coruscare.
2843 918 3044 971 Amen.
3113 916 3262 969 Hanc
3318 915 3544 986 plebem
3602 915 3852 986 placitus

2199 1009 2410 1081 inspice
2439 1026 2452 1063 :
2485 1009 2581 1081 qui
2598 1009 2760 1064 calos
2785 1009 2918 1064 facis
2945 1009 3164 1080 aperire
3186 1011 3349 1064 Petro
3375 1009 3434 1062 in
3461 1008 3640 1075 clave,
3675 1009 3852 1063 Paulo

2199 1103 2260 1157 in
2299 1103 2586 1174 dogmate.
2625 1106 2824 1158 Amen.
2856 1101 3048 1175 274
3075 1104 3144 1157 Ut
3169 1101 3574 1173 praviantihus
3605 1101 3851 1156 ducibus

2199 1195 2316 1250 illic
2353 1213 2491 1268 grex
2521 1197 2696 1267 possit
2732 1197 3017 1264 accedere,
3061 1212 3174 1268 quo
3212 1200 3596 1268 pervenerunt
3629 1195 3854 1266 pariter

2200 1293 2317 1344 tam
2343 1289 2436 1343 ille
2463 1291 2656 1344 Pastor
2681 1289 3008 1360 suspendio,
3038 1289 3340 1360 quamiste
3371 1289 3568 1343 doctor
3592 1305 3702 1360 per
3733 1288 3848 1359 gla-

2202 1382 2359 1438 dium
2387 1383 2447 1437 in
2474 1399 2795 1455 congresso.
2825 1385 2931 1438 Per
2955 1383 3256 1437 Dominum
3283 1389 3564 1437 nostrum.

2402 1510 2558 1551 MISSA
2583 1512 2636 1550 IN
2667 1511 2870 1551 NATALE
2892 1495 2920 1535 δ
2946 1511 3106 1551 UNIL’S
3127 1510 3382 1551 APOSTOLI
3406 1511 3469 1550 ET
3498 1509 3776 1551 MARTYRIS
3801 1535 3816 1549 .

2274 1592 2510 1647 Domine
2543 1594 2707 1660 Deus,
2737 1593 2992 1648 omnium
3018 1593 3353 1648 Sanctorum
3377 1593 3648 1665 splendor
3671 1593 3849 1648 mira-

2201 1687 2351 1754 bilis,
2381 1687 2478 1758 qui
2507 1687 2659 1741 hunc
2685 1686 2836 1742 diem
2869 1687 3020 1742 beati
3053 1687 3291 1758 apostoli
3328 1687 3413 1743 tui
3447 1688 3527 1742 ill.
3572 1687 3850 1759 martyrio

2201 1780 2555 1850 consecrasti,
2586 1781 2658 1835 da
2695 1780 2951 1836 Ecclesia
2977 1785 3092 1836 tua
3119 1782 3288 1852 digne
3315 1783 3385 1836 de
3410 1785 3566 1836 tanto
3597 1781 3849 1852 gaudere

1032 1840 1269 1846 __-_-___-
1293 1840 1546 1860 --η---νη
2543 1840 2554 1850 ,
3179 1840 3214 1852 υ
3597 1840 3634 1852 υ

536 1884 769 1952 Exaudi,
809 1898 1152 1954 quaesumus,
1185 1882 1442 1951 Domine,
1475 1882 1753 1952 populum
1779 1886 1944 1936 tuum
1971 1898 2101 1937 cum
2121 1840 2178 1912 B
2203 1874 2476 1946 apostolo,
2502 1877 2570 1927 ut
2609 1875 2763 1946 apud
2801 1874 3244 1930 misericordiam
3276 1879 3455 1942 tuam,
3484 1878 3542 1930 et
3583 1873 3848 1946 exemplo

464 1982 785 2034 sanctorum
813 1976 1195 2047 apostolorum
1220 1981 1451 2030 tuorum
1471 1975 1619 2029 Petri
1649 1979 1704 2029 et
1728 1975 1883 2029 Pauli
1906 1981 2100 2047 patro-

466 2071 614 2126 cinio
641 2070 1047 2142 supplicantem
1069 2087 1085 2137 ;
1117 2067 1311 2141 2'73
1336 2072 1403 2124 ut
1425 2072 1525 2123 tuo
1549 2068 1995 2138 auxilioLservati,
2013 2085 2096 2124 se-

466 2181 598 2219 cura
622 2164 726 2219 tibi
750 2164 925 2236 possit
955 2163 1247 2218 devotione
1277 2163 1506 2218 servire.
1538 2164 1644 2217 Per
1672 2163 1882 2218 Jesum.

954 2260 1204 2310 Collectio
1231 2264 1348 2324 post
1374 2260 1604 2310 nomina.

534 2347 927 2418 Apostolorum
951 2349 1204 2414 tuorum,
1237 2345 1490 2414 Domine,
1522 2345 1818 2400 beatorum
1860 2344 2010 2400 Petri
2046 2349 2103 2400 et

465 2440 624 2496 Pauli
644 2440 957 2496 desiderata
982 2439 1277 2493 sollemnia
1298 2454 1676 2508 recensemus,
1699 2443 1922 2509 praesta,
1939 2454 2098 2509 quae-

466 2550 682 2600 sumus,
729 2537 793 2586 ut
817 2533 1032 2587 honora
1061 2531 1236 2603 gloria
1257 2531 1554 2603 passionis,
1583 2532 1728 2586 sicut
1752 2531 1859 2586 illis
1884 2533 2103 2603 magni-

465 2627 751 2682 ﬁcentiam
781 2625 979 2680 tribuit
1003 2625 1429 2696 sempiternam,
1457 2625 1535 2680 ita
1561 2626 1724 2680 nobis
1748 2625 1971 2681 veniam
1997 2626 2102 2680 lar-

469 2721 657 2792 giatur
691 2723 974 2791 optatam;
1014 2723 1068 2773 et
1101 2720 1331 2773 nomina
1351 2735 1548 2773 eorum
1574 2735 1701 2791 qua
1720 2719 1947 2774 recitata
1971 2724 2105 2774 sunt

465 2814 526 2868 in
549 2813 694 2868 libro
718 2814 844 2867 vitae
870 2829 1097 2868 censeas
1123 2812 1401 2884 deputari.
1428 2812 1537 2867 Per
1571 2829 1724 2882 eum,
1778 2813 1877 2885 qui
1913 2817 2104 2868 tecum

463 2909 617 2964 vivit.
1173 2953 1178 2956 .

999 2976 1247 3026 Collectio
1267 2976 1332 3026 ad
1366 2990 1569 3040 pacem.

535 3061 681 3116 Deus
720 3059 874 3130 pacis
916 3057 1196 3128 conditor,
1243 3059 1389 3113 Deus
1434 3059 1680 3113 caritatis
1717 3059 1992 3126 indultor,
2030 3059 2103 3114 da

464 3154 624 3210 nobis
652 3152 906 3224 placidus
921 3169 1121 3224 pacem
1138 3157 1316 3221 tuam,
1341 3156 1396 3206 et
1420 3156 1627 3222 prasta
1642 3157 1706 3206 ut
1723 3153 1862 3207 dum
1889 3157 2101 3208 sancto-

462 3264 595 3304 rum
631 3211 861 3302 tuorum
903 3211 1477 3316 apostolorum'Pet‘ri
1519 3251 1576 3300 et
1602 3246 1759 3300 Pauli
1784 3247 1925 3301 festa
1950 3247 2097 3302 cele-
2121 3211 2176 3285 Ο

463 3343 716 3407 bramus,
744 3354 847 3409 per
862 3354 1061 3392 eorum
1082 3337 1542 3392 intercessionem
1561 3339 1714 3409 pacis
1743 3339 2100 3395 securitatem

465 3450 597 3490 cum
620 3438 977 3504 peccatorum
1005 3431 1167 3486 venia
1196 3431 1462 3503 consequi
1483 3448 1822 3488 mereamur.
1855 3435 1960 3489 Per
1989 3435 2096 3489 Do-

465 3528 688 3583 minum
713 3532 971 3582 nostrum
995 3526 1205 3580 Jesum.

1033 3622 1324 3673 lmmolatio
1349 3622 1535 3674 missa.

536 3707 672 3764 Vere
699 3706 939 3779 dignum
963 3710 1018 3762 et
1031 3707 1254 3778 justum
1281 3709 1364 3760 est
1387 3721 1490 3759 nos
1510 3705 1613 3759 tibi
1639 3721 1864 3777 semper
1885 3710 1943 3761 et
1970 3705 2096 3761 ubi-

462 3815 573 3875 que
594 3802 805 3874 gratias
829 3816 1018 3872 agere,
1039 3798 1270 3854 Domine
1291 3803 1499 3869 sancte,
1527 3800 1691 3854 Pater
1719 3799 2095 3871 omnipotens,

462 3902 669 3952 ateme
699 3897 845 3950 Deus
872 3913 888 3949 :
917 3894 1203 3966 praecipue
1228 3892 1396 3947 hodie
1444 3892 1503 3946 in
1550 3893 1826 3948 honorem
1852 3893 2100 3948 beatissi-

461 4007 689 4046 morum
725 3989 1108 4060 apostolorum
1137 3990 1193 4042 et
1233 3991 1549 4058 martyrum
1588 3990 1815 4040 tuorum
1857 3986 2008 4040 Petri
2044 3990 2101 4041 et

461 4085 657 4140 Pauli:
702 4098 843 4153 quos
879 4081 960 4134 ita
993 4079 1189 4134 electio
1227 4083 1328 4133 tua
1362 4079 1466 4134 tibi
1513 4095 1840 4134 consecrare
1871 4080 2100 4150 dignata

462 4183 566 4244 est,
591 4181 658 4230 ut
679 4174 832 4229 beati
855 4171 1004 4228 Petri
1035 4172 1363 4226 saecularem
1385 4171 1637 4242 piscandi
1662 4177 1842 4227 artem
1868 4172 1927 4226 in
1955 4172 2096 4227 divi-

460 4283 603 4325 num
629 4267 838 4339 dogma
863 4268 1232 4334 converteret,
1265 4269 1543 4336 quatenus
1569 4264 1887 4319 humanum
1919 4281 2097 4337 genus

461 4365 531 4418 de
557 4360 839 4435 profundo
861 4359 1022 4415 istius
1047 4358 1248 4414 mundi
1273 4362 1686 4430 praceptorum
1712 4363 1941 4414 tuorum
1969 4360 2099 4415 reti-

460 4458 566 4513 bus
598 4456 884 4512 liberares.
933 4454 1073 4507 Nam
1112 4453 1432 4524 coapostolo
1472 4452 1592 4523 ejus
1632 4453 1806 4507 Paulo
1844 4458 2096 4510 mentem

2200 1968 2320 2039 ejus
2347 1968 2634 2039 juvemur,
2679 1971 2736 2023 et
2779 1968 3018 2025 meritis.
3073 1971 3177 2024 Per
3220 1969 3524 2024 Dominum
3582 1973 3846 2024 nostrum

2200 2061 2408 2117 Filium
2433 2066 2616 2118 tuum.

2761 2132 3011 2183 Collectio
3028 2132 3279 2195 sequitur.

2270 2218 2612 2289 Majestatem
2639 2222 2818 2285 tuam,
2850 2218 3107 2288 Domine,
3141 2218 3473 2290 suppliciter
3501 2234 3843 2289 exoramus;

2201 2315 2268 2365 ut
2300 2311 2444 2366 sicut
2481 2311 2739 2366 Ecclesia
2779 2315 2892 2366 tua
2918 2311 3118 2366 beatus
3143 2311 3225 2366 ill.
3255 2313 3544 2383 apostolus
3567 2312 3845 2385 pradica-

2201 2409 2292 2459 tor
2329 2408 2387 2460 et
2427 2405 2624 2460 doctor
2664 2405 2896 2472 exstitit,
2938 2404 3021 2459 ita
3058 2405 3130 2459 sit
3184 2422 3288 2476 pro
3327 2406 3490 2460 nobis
3532 2411 3846 2478 perpetuus

2202 2497 2554 2570 suffragator.
2587 2499 2692 2554 Per
2721 2499 3025 2554 Dominum
3053 2487 3312 2554 nostrum
3339 2501 3551 2555 Iesum.

2700 2597 2949 2647 Collectio
2969 2600 3086 2661 post
3107 2597 3339 2647 nomina.

2271 2683 2537 2738 Latiiicet
2581 2699 2701 2751 nos,
2742 2698 3089 2754 quasumus,
3128 2683 3385 2753 Domine,
3430 2699 3648 2738 munus
3689 2684 3842 2739 obla-

2201 2780 2360 2844 tum;
2391 2780 2455 2830 ut
2478 2777 2623 2830 sicut
2647 2777 2708 2830 in
2732 2778 2982 2848 apostolo
3011 2781 3108 2831 tuo
3139 2781 3192 2832 te
3220 2777 3546 2832 mirabilem
3563 2778 3841 2848 pradica-

2202 2886 2351 2939 mus,
2373 2870 2451 2924 sic
2475 2886 2578 2941 per
2596 2868 2759 2924 illum
2785 2887 3195 2941 prasumamus
3215 2869 3591 2942 indulgentia
3621 2870 3878 2943 largita-‘

2202 2969 2339 3019 tem.
2384 2965 2590 3018 Praesta
2635 2963 2797 3018 nobis
2843 2965 2964 3034 ejus
2999 2964 3310 3019 desiderata
3357 2964 3736 3033 commercia;
3784 2968 3846 3019 ut

2203 3057 2364 3128 cujus
2409 3062 2746 3130 perpetuam
2787 3058 3122 3129 dignitatem
3170 3062 3521 3113 sacrosancto
3575 3058 3844 3130 mysterio

2201 3150 2626 3223 frequentamus
2648 3152 2710 3206 in
2735 3151 2921 3219 terris,
2951 3157 3009 3206 et
3050 3153 3350 3222 prasentia
3391 3151 3558 3206 nobis
3597 3150 3845 3206 subsidia

2200 3245 2447 3316 postulet
2475 3248 2530 3300 et
2555 3249 2786 3300 aterna.
2815 3246 2921 3300 Per
2951 3245 3254 3300 Dominum
3281 3250 3562 3300 nostrum.

2854 3342 3187 3392 Contestatio.

2271 3428 2410 3482 Vere
2431 3426 2671 3498 dignum
2697 3433 2753 3482 et
2770 3427 2994 3499 justum
3020 3432 3104 3482 est
3127 3432 3182 3483 te
3210 3427 3462 3498 laudare,
3483 3429 3842 3501 omnipotens

2199 3521 2364 3591 Deus,
2392 3521 2674 3592 pracipue
2703 3521 2764 3575 in
2789 3521 2939 3576 beati
2967 3521 3202 3592 apostoli
3216 3521 3302 3576 tui
3329 3521 3408 3576 ill.
3434 3518 3766 3595 festivitate,
3787 3525 3842 3578 in

2198 3631 2312 3687 qua
2345 3614 2624 3687 gloriosus
2666 3615 2788 3686 ejus
2825 3615 3056 3686 sanguis
3096 3632 3199 3686 pro
3236 3615 3457 3670 Christo
3497 3616 3716 3672 effusus
3742 3622 3839 3673 est.

2183 3708 2370 3780 Cujus
2397 3708 2731 3764 venerabilis
2766 3725 2973 3763 annua
3012 3708 3351 3764 recursionis
3394 3709 3755 3765 sollemnitas
3791 3715 3843 3766 et

2198 3806 2475 3874 perpetua
2502 3818 2745 3874 semper,
2773 3807 2829 3857 et
2848 3819 2991 3857 nova
3018 3807 3134 3871 est;
3178 3803 3312 3874 quia
3341 3806 3399 3858 et
3437 3803 3501 3857 in
3534 3809 3840 3877 conspectu

2199 3899 2311 3950 tua
2336 3896 2633 3967 Majestatis
2653 3901 2948 3967 permanet
2968 3912 3123 3950 mors
3148 3899 3377 3950 tuorum
3395 3898 3646 3967 pretiosa
3667 3898 3842 3968 justo-

2199 4005 2360 4058 rum;
2389 3993 2446 4043 et
2470 3993 2860 4044 restaurantur
2888 3990 3236 4045 incrementa
3266 3989 3496 4058 latitia,
3542 4007 3681 4045 cum
3719 3991 3836 4046 feli-

2197 4082 2378 4137 citatis
2403 4087 2628 4137 aterna
2657 4084 2984 4138 recoluntur
3001 4084 3248 4139 exordia.
3277 4083 3568 4154 Supplices
3594 4089 3651 4139 te
3678 4100 3840 4156 roga-

2197 4192 2345 4246 mus,
2399 4176 2758 4248 omnipotens
2807 4179 2971 4246 Deus,
3016 4182 3081 4232 ut
3133 4177 3296 4232 nobis
3331 4176 3546 4232 donare
3589 4177 3842 4250 digneris

2196 4270 2511 4341 apostolum
2540 4274 2706 4325 tuum
2743 4271 2823 4325 ill.
2850 4288 2954 4343 pro
2982 4271 3224 4342 peccatis
3264 4271 3471 4326 nostris
3501 4271 3839 4328 intercesso-

2196 4379 2339 4434 rem,
2382 4363 2810 4419 necessitatibus
2842 4369 3180 4436 patronum;
3221 4369 3286 4420 ut
3327 4365 3427 4437 qui
3461 4382 3569 4437 pro
3607 4367 3840 4421 veritate

2196 4473 2420 4512 sacrum
2459 4457 2796 4528 sanguinem
2830 4459 2997 4528 fudit,
3027 4459 3145 4529 ipse
3171 4463 3301 4513 ante
3330 4464 3705 4530 conspectum
3732 4461 3838 4515 Ma-

459 4567 592 4607 cum
615 4550 846 4606 nomine
871 4547 1231 4604 commutasti
1245 4565 1262 4616 ;
1305 4550 1361 4602 et
1391 4563 1562 4618 quem
1589 4547 1747 4618 prius
1784 4553 2098 4618 persecuto-
2115 4585 2174 4657 D
2189 4551 2411 4622 jestatis
2435 4556 2549 4606 tua
2577 4556 2705 4606 vota
2727 4556 2918 4607 nostra
2945 4552 3231 4624 suscipiat.
3264 4554 3331 4607 Et
3356 4553 3436 4608 ita
3461 4553 3512 4608 ei
3535 4554 3835 4627 obsequio-

460 4662 583 4704 rem
603 4644 893 4702 metuebat
913 4640 1178 4710 Ecclesia,
1199 4658 1351 4696 nunc
1371 4641 1683 4696 calestium
1701 4643 2096 4698 mandatorum

458 4741 684 4795 latatur
716 4754 774 4793 se
809 4737 1016 4792 habere
1059 4736 1365 4791 doctorem.
1407 4735 1610 4790 Paulus
1645 4741 1882 4791 cacatus
1925 4741 2010 4791 est
2033 4740 2098 4791 ut

459 4832 693 4900 videret,
761 4832 958 4886 Petrus
1003 4830 1230 4902 negavit
1281 4834 1342 4884 ut
1394 4829 1665 4885 crederet.
1722 4830 1860 4884 Huic
1916 4829 2096 4884 claves

462 4925 696 4980 calestis
734 4924 959 4994 imperii
1003 4923 1303 4992 tradidisti,
1336 4923 1422 4977 illi
1457 4923 1528 4977 ad
1561 4923 1869 4978 evocandas
1899 4927 2096 4994 gentes

347 5046 350 5050 -
460 5019 665 5073 divina
691 5017 835 5088 legis
861 5017 1151 5072 scientiam
1180 5016 1481 5071 contulisti.
1528 5018 1668 5071 Nam
1705 5017 1798 5071 ille
1833 5017 2091 5071 introdu-

459 5111 554 5180 cit,
594 5110 687 5165 hic
713 5111 913 5181 aperit.
945 5110 1123 5164 Ambo
1149 5110 1324 5182 igitur
1350 5111 1572 5165 virtutis
1595 5116 1821 5165 aterna
1859 5110 2094 5181 pramia

458 5209 595 5261 sunt
633 5193 841 5276 adepti.
881 5205 1038 5259 Hunc
1073 5205 1302 5260 dextera
1344 5209 1440 5260 tua
1480 5204 1832 5276 gradientem
1870 5204 1930 5258 in
1976 5205 2090 5259 ele.

459 5302 651 5355 mento
674 5298 908 5370 liquido,
941 5315 1012 5354 ne
1039 5303 1415 5370 mergeretur,
1443 5298 1659 5366 erexit;
1701 5297 1866 5352 illum
1902 5302 2093 5352 autem

457 5392 626 5447 tertio
682 5391 1114 5463 naufragantem
1155 5392 1435 5464 profunda
1486 5389 1673 5462 pelagi
1731 5390 1865 5444 fecit
1917 5391 2092 5445 vitare

460 5484 804 5538 discrimina.
839 5483 936 5538 Hic
961 5491 1147 5557 portas
1176 5485 1404 5552 inferni,
1432 5485 1523 5538 ille
1551 5483 1748 5538 mortis
1774 5483 1909 5537 vicit
1955 5500 2088 5564 acu-

459 5576 635 5632 leum.
671 5577 872 5631 Paulus
901 5579 1081 5650 capite
1123 5579 1406 5650 plectitur,
1450 5577 1584 5649 quia
1627 5576 1890 5646 gentibus
1926 5583 2094 5648 caput

458 5668 593 5727 ﬁdei
617 5670 1044 5741 comprobatur;
1068 5673 1264 5726 Petrus
1288 5675 1478 5726 autem
1506 5668 1812 5742 praemissis
1839 5670 1901 5726 in
1927 5687 2091 5729 cruce

532 5821 560 5905 ξ
584 5821 788 5905 μωλῇῆ
807 5826 891 5875 est
920 5821 1039 5901 hac
1060 5823 1238 5878 oratio
1264 5823 1642 5905 Gregoriana.

2197 4661 2326 4700 rum
2352 4650 2677 4700 nostrorum
2704 4645 3050 4700 ofﬁciositate
3079 4646 3420 4718 placeamus,
3453 4651 3518 4702 ut
3556 4647 3704 4702 dum
3742 4663 3838 4702 nos

2198 4735 2248 4789 ei
2277 4736 2661 4806 supplicamus
2688 4735 2748 4789 in
2775 4735 2960 4804 terris,
2983 4735 3076 4790 ille
3097 4752 3201 4790 nos
3215 4735 3625 4792 commendare
3648 4736 3838 4808 digna

2196 4832 2290 4882 tur
2318 4828 2377 4882 in
2398 4829 2544 4884 calis
2570 4829 2810 4884 Domino
2839 4830 2968 4884 Jesu
2993 4829 3236 4884 Christo.
3269 4829 3370 4884 Cui
3406 4829 3618 4886 merito
3645 4845 3837 4886 omnes

2197 4924 2383 4995 angel.

2292 5037 2447 5092 LVll.
2489 5053 2640 5091 mssa
2680 5053 2735 5092 IN
2775 5051 2904 5091 nisu
2947 5053 3214 5092 PASSIONIS
3251 5053 3436 5094 SANCTI
3476 5052 3748 5094 JOEANNIS

2662 5125 2922 5162 BAPTISTE
2956 5125 3020 5162 ET
3058 5125 3343 5164 HABTYRIS.

2265 5204 2456 5277 275
2493 5207 2671 5261 Deum
2710 5209 2955 5274 Patrem,
2984 5212 3040 5263 et
3066 5207 3291 5278 Filium,
3321 5212 3377 5262 et
3402 5208 3684 5279 Spiritum
3713 5223 3829 5263 san-

2195 5302 2346 5354 ctum
2370 5299 2572 5354 humili
2592 5300 2936 5355 confessione
2957 5305 3011 5355 et
3036 5301 3274 5372 supplici
3301 5301 3624 5370 devotione,
3644 5303 3833 5357 fratres

2193 5393 2488 5462 carissimi,
2523 5393 2843 5449 unianimes
2884 5393 3270 5464 obsecramus;
3311 5401 3375 5450 ut
3412 5411 3520 5450 nos
3545 5396 3719 5451 hodie
3742 5409 3830 5447 va-

2193 5486 2443 5541 ticinata
2492 5488 2672 5555 Vocis,
2722 5487 2887 5542 Verbi
2921 5489 3308 5558 Pracursoris,
3350 5489 3550 5560 legum
3599 5489 3830 5556 Limitis,

2191 5580 2743 5650 Luccrnajlucentis,
2772 5581 2948 5635 sancti
2971 5582 3239 5653 martyris
3265 5581 3534 5653 Baptista
3563 5581 3832 5639 Johannis

2191 5674 2510 5747 passionem
2540 5673 2966 5743 celebrantibus,
2997 5675 3253 5745 ejusdem
3297 5675 3709 5734 intercessione
3748 5676 3831 5731 in-

539 5893 567 5933 b
590 5893 750 5945 Deest
775 5893 896 5945 hac
916 5893 1085 5947 missa
1109 5893 1426 5951 communis
1451 5896 1510 5951 in
1531 5896 1882 5955 Lectionario
1901 5905 2114 5968 nostro,
2146 5902 2205 5957 in
2231 5918 2344 5974 quo
2375 5901 2600 5962 nullum
2626 5906 2711 5958 est
2735 5903 3048 5959 Commune
3076 5902 3506 5974 Apostolorum.
