  <div class='ocr_page' id='page_1' title='image "/cluster/home/n/w/nwhite01/storage/ocr_20150623/72/uva.x000827084/176.png"; bbox 0 0 3968 6224; ppageno 0'>
   <div class='ocr_carea' id='block_1_1' title="bbox 81 288 3422 356">
    <p class='ocr_par' dir='ltr' id='par_1_1' title="bbox 81 288 3422 356">
     <span class='ocr_line' id='line_1_1' title="bbox 81 288 3422 356; baseline 0.003 -12"><span class='ocrx_word' id='word_1_1' title='bbox 81 291 169 344; x_wconf 80' lang='lat'><strong>297</strong></span> <span class='ocrx_word' id='word_1_2' title='bbox 1154 288 1240 347; x_wconf 87' lang='lat' dir='ltr'><strong>DE</strong></span> <span class='ocrx_word' id='word_1_3' title='bbox 1275 291 1587 348; x_wconf 80' lang='lat' dir='ltr'>LITURGIA</span> <span class='ocrx_word' id='word_1_4' title='bbox 1623 291 1996 350; x_wconf 70' lang='lat' dir='ltr'>GALLICANA</span> <span class='ocrx_word' id='word_1_5' title='bbox 2033 294 2232 350; x_wconf 82' lang='lat' dir='ltr'>LIBER</span> <span class='ocrx_word' id='word_1_6' title='bbox 2269 295 2359 350; x_wconf 85' lang='lat' dir='ltr'>II].</span> <span class='ocrx_word' id='word_1_7' title='bbox 3318 303 3422 356; x_wconf 85' lang='lat'><strong>298</strong></span> 
     </span>
    </p>
   </div>
   <div class='ocr_carea' id='block_1_2' title="bbox 81 395 2886 485">
    <p class='ocr_par' dir='ltr' id='par_1_2' title="bbox 81 395 2886 485">
     <span class='ocr_line' id='line_1_2' title="bbox 81 395 2886 485; baseline 0.001 -35"><span class='ocrx_word' id='word_1_8' title='bbox 81 396 314 461; x_wconf 90' lang='lat' dir='ltr'>luminet,</span> <span class='ocrx_word' id='word_1_9' title='bbox 347 395 648 462; x_wconf 81' lang='lat' dir='ltr'>defendat,</span> <span class='ocrx_word' id='word_1_10' title='bbox 677 398 736 450; x_wconf 92' lang='lat' dir='ltr'>et</span> <span class='ocrx_word' id='word_1_11' title='bbox 761 396 1102 464; x_wconf 82' lang='lat' dir='ltr'>sanctiﬁcet;</span> <span class='ocrx_word' id='word_1_12' title='bbox 1129 401 1191 452; x_wconf 88' lang='lat' dir='ltr'>ut</span> <span class='ocrx_word' id='word_1_13' title='bbox 1211 399 1306 469; x_wconf 88' lang='lat' dir='ltr'>qui</span> <span class='ocrx_word' id='word_1_14' title='bbox 1330 415 1434 470; x_wconf 91' lang='lat' dir='ltr'>pro</span> <span class='ocrx_word' id='word_1_15' title='bbox 1450 400 1688 454; x_wconf 83' lang='lat' dir='ltr'>veritate</span> <span class='ocrx_word' id='word_1_16' title='bbox 1712 413 1768 485; x_wconf 80' lang='grc' dir='ltr'><strong>Α</strong></span> <span class='ocrx_word' id='word_1_17' title='bbox 2317 401 2569 452; x_wconf 88' lang='lat' dir='ltr'>Collectio</span> <span class='ocrx_word' id='word_1_18' title='bbox 2595 399 2660 451; x_wconf 89' lang='lat' dir='ltr'>ad</span> <span class='ocrx_word' id='word_1_19' title='bbox 2685 415 2886 466; x_wconf 81' lang='lat' dir='ltr'>pacem.</span> 
     </span>
    </p>
   </div>
   <div class='ocr_carea' id='block_1_3' title="bbox 84 487 3425 563">
    <p class='ocr_par' dir='ltr' id='par_1_3' title="bbox 84 487 3425 563">
     <span class='ocr_line' id='line_1_3' title="bbox 84 487 3425 563; baseline 0 -19"><span class='ocrx_word' id='word_1_20' title='bbox 84 506 277 545; x_wconf 89' lang='lat' dir='ltr'>sacrum</span> <span class='ocrx_word' id='word_1_21' title='bbox 309 490 656 560; x_wconf 86' lang='lat' dir='ltr'>sanguinem</span> <span class='ocrx_word' id='word_1_22' title='bbox 689 490 855 556; x_wconf 90' lang='lat' dir='ltr'>fudit,</span> <span class='ocrx_word' id='word_1_23' title='bbox 899 507 1001 561; x_wconf 88' lang='lat' dir='ltr'>pro</span> <span class='ocrx_word' id='word_1_24' title='bbox 1035 492 1200 546; x_wconf 86' lang='lat' dir='ltr'>nobis</span> <span class='ocrx_word' id='word_1_25' title='bbox 1229 492 1304 547; x_wconf 91' lang='lat' dir='ltr'>ad</span> <span class='ocrx_word' id='word_1_26' title='bbox 1345 493 1526 546; x_wconf 91' lang='lat' dir='ltr'>Deum</span> <span class='ocrx_word' id='word_1_27' title='bbox 1559 510 1686 563; x_wconf 92' lang='lat' dir='ltr'>pre-</span> <span class='ocrx_word' id='word_1_28' title='bbox 1861 487 2085 558; x_wconf 84' lang='lat' dir='ltr'>Accipe,</span> <span class='ocrx_word' id='word_1_29' title='bbox 2120 503 2465 558; x_wconf 57' lang='lat' dir='ltr'>quaesumus,</span> <span class='ocrx_word' id='word_1_30' title='bbox 2514 487 2779 553; x_wconf 88' lang='lat' dir='ltr'>Domine,</span> <span class='ocrx_word' id='word_1_31' title='bbox 2826 505 3070 542; x_wconf 91' lang='lat' dir='ltr'>munera</span> <span class='ocrx_word' id='word_1_32' title='bbox 3115 489 3425 560; x_wconf 77' lang='lat' dir='ltr'>dignanter</span> 
     </span>
    </p>
   </div>
   <div class='ocr_carea' id='block_1_4' title="bbox 85 580 3426 653">
    <p class='ocr_par' dir='ltr' id='par_1_4' title="bbox 85 580 3426 653">
     <span class='ocr_line' id='line_1_4' title="bbox 85 580 3426 653; baseline 0 -15"><span class='ocrx_word' id='word_1_33' title='bbox 85 600 160 638; x_wconf 87' lang='lat' dir='ltr'>ces</span> <span class='ocrx_word' id='word_1_34' title='bbox 180 583 417 638; x_wconf 88' lang='lat' dir='ltr'>fundere</span> <span class='ocrx_word' id='word_1_35' title='bbox 454 583 747 653; x_wconf 78' lang='lat' dir='ltr'>dignetur.</span> <span class='ocrx_word' id='word_1_36' title='bbox 781 585 889 638; x_wconf 92' lang='lat' dir='ltr'>Per</span> <span class='ocrx_word' id='word_1_37' title='bbox 929 585 1260 639; x_wconf 89' lang='lat' dir='ltr'>Dominum.</span> <span class='ocrx_word' id='word_1_38' title='bbox 1793 580 2006 649; x_wconf 88' lang='lat' dir='ltr'>oblata,</span> <span class='ocrx_word' id='word_1_39' title='bbox 2031 584 2089 633; x_wconf 90' lang='lat' dir='ltr'>et</span> <span class='ocrx_word' id='word_1_40' title='bbox 2108 581 2259 635; x_wconf 79' lang='lat' dir='ltr'>beati</span> <span class='ocrx_word' id='word_1_41' title='bbox 2287 581 2423 636; x_wconf 82' lang='lat' dir='ltr'>Sixti</span> <span class='ocrx_word' id='word_1_42' title='bbox 2457 581 2707 652; x_wconf 88' lang='lat' dir='ltr'>episcopi</span> <span class='ocrx_word' id='word_1_43' title='bbox 2740 584 2798 634; x_wconf 92' lang='lat' dir='ltr'>et</span> <span class='ocrx_word' id='word_1_44' title='bbox 2819 582 3085 652; x_wconf 77' lang='lat' dir='ltr'>martyris</span> <span class='ocrx_word' id='word_1_45' title='bbox 3111 582 3426 653; x_wconf 77' lang='lat' dir='ltr'>suffragan-</span> 
     </span>
    </p>
   </div>
   <div class='ocr_carea' id='block_1_5' title="bbox 603 673 3421 746">
    <p class='ocr_par' dir='ltr' id='par_1_5' title="bbox 603 673 3421 746">
     <span class='ocr_line' id='line_1_5' title="bbox 603 673 3421 746; baseline 0.002 -22"><span class='ocrx_word' id='word_1_46' title='bbox 603 681 853 730; x_wconf 71' lang='lat' dir='ltr'>cOllectio</span> <span class='ocrx_word' id='word_1_47' title='bbox 883 683 1132 745; x_wconf 72' lang='lat' dir='ltr'>sequitur.</span> <span class='ocrx_word' id='word_1_48' title='bbox 1792 673 1943 726; x_wconf 86' lang='lat' dir='ltr'>tibus</span> <span class='ocrx_word' id='word_1_49' title='bbox 1973 673 2211 740; x_wconf 86' lang='lat' dir='ltr'>meritis,</span> <span class='ocrx_word' id='word_1_50' title='bbox 2247 674 2319 728; x_wconf 93' lang='lat' dir='ltr'>ad</span> <span class='ocrx_word' id='word_1_51' title='bbox 2352 677 2561 728; x_wconf 68' lang='lat' dir='ltr'>nostra)</span> <span class='ocrx_word' id='word_1_52' title='bbox 2589 675 2786 728; x_wconf 90' lang='lat' dir='ltr'>salutis</span> <span class='ocrx_word' id='word_1_53' title='bbox 2812 679 3191 745; x_wconf 85' lang='lat' dir='ltr'>augmentum</span> <span class='ocrx_word' id='word_1_54' title='bbox 3221 692 3421 746; x_wconf 85' lang='lat' dir='ltr'>prove-</span> 
     </span>
    </p>
   </div>
   <div class='ocr_carea' id='block_1_6' title="bbox 141 765 3426 839">
    <p class='ocr_par' dir='ltr' id='par_1_6' title="bbox 141 765 3426 839">
     <span class='ocr_line' id='line_1_6' title="bbox 141 765 3426 839; baseline 0.001 -21"><span class='ocrx_word' id='word_1_55' title='bbox 141 769 192 819; x_wconf 90' lang='lat' dir='ltr'>ln</span> <span class='ocrx_word' id='word_1_56' title='bbox 228 765 508 818; x_wconf 85' lang='lat' dir='ltr'>honorem</span> <span class='ocrx_word' id='word_1_57' title='bbox 543 765 857 820; x_wconf 91' lang='lat' dir='ltr'>beatissimi</span> <span class='ocrx_word' id='word_1_58' title='bbox 880 768 1149 837; x_wconf 78' lang='lat' dir='ltr'>martyris</span> <span class='ocrx_word' id='word_1_59' title='bbox 1178 767 1259 821; x_wconf 88' lang='lat' dir='ltr'>tui</span> <span class='ocrx_word' id='word_1_60' title='bbox 1303 767 1567 839; x_wconf 73' lang='lat' dir='ltr'>Baptistae</span> <span class='ocrx_word' id='word_1_61' title='bbox 1594 770 1687 824; x_wconf 80' lang='lat' dir='ltr'>Jo-</span> <span class='ocrx_word' id='word_1_62' title='bbox 1793 766 1917 819; x_wconf 85' lang='lat' dir='ltr'>nire</span> <span class='ocrx_word' id='word_1_63' title='bbox 1949 767 2229 832; x_wconf 89' lang='lat' dir='ltr'>concede;</span> <span class='ocrx_word' id='word_1_64' title='bbox 2264 771 2322 820; x_wconf 91' lang='lat' dir='ltr'>et</span> <span class='ocrx_word' id='word_1_65' title='bbox 2363 767 2540 833; x_wconf 86' lang='lat' dir='ltr'>illam,</span> <span class='ocrx_word' id='word_1_66' title='bbox 2584 783 2711 838; x_wconf 62' lang='lat' dir='ltr'>quas</span> <span class='ocrx_word' id='word_1_67' title='bbox 2742 767 2800 821; x_wconf 92' lang='lat' dir='ltr'>in</span> <span class='ocrx_word' id='word_1_68' title='bbox 2842 783 2910 822; x_wconf 91' lang='lat' dir='ltr'>eo</span> <span class='ocrx_word' id='word_1_69' title='bbox 2954 768 3219 839; x_wconf 88' lang='lat' dir='ltr'>ﬂagravit</span> <span class='ocrx_word' id='word_1_70' title='bbox 3263 769 3426 824; x_wconf 89' lang='lat' dir='ltr'>fortis</span> 
     </span>
    </p>
   </div>
   <div class='ocr_carea' id='block_1_7' title="bbox 83 857 3315 932">
    <p class='ocr_par' dir='ltr' id='par_1_7' title="bbox 83 857 3315 932">
     <span class='ocr_line' id='line_1_7' title="bbox 83 857 3315 932; baseline 0.002 -21"><span class='ocrx_word' id='word_1_71' title='bbox 83 859 277 923; x_wconf 86' lang='lat' dir='ltr'>hannis,</span> <span class='ocrx_word' id='word_1_72' title='bbox 310 857 472 928; x_wconf 86' lang='lat' dir='ltr'>cujus</span> <span class='ocrx_word' id='word_1_73' title='bbox 501 858 674 912; x_wconf 64' lang='lat' dir='ltr'>hodie</span> <span class='ocrx_word' id='word_1_74' title='bbox 708 860 1038 930; x_wconf 88' lang='lat' dir='ltr'>passionem</span> <span class='ocrx_word' id='word_1_75' title='bbox 1069 861 1445 926; x_wconf 88' lang='lat' dir='ltr'>celebramus,</span> <span class='ocrx_word' id='word_1_76' title='bbox 1471 861 1559 914; x_wconf 91' lang='lat' dir='ltr'>his</span> <span class='ocrx_word' id='word_1_77' title='bbox 1576 861 1687 915; x_wconf 85' lang='lat' dir='ltr'>Ma-</span> <span class='ocrx_word' id='word_1_78' title='bbox 1793 859 2042 926; x_wconf 89' lang='lat' dir='ltr'>dilectio,</span> <span class='ocrx_word' id='word_1_79' title='bbox 2072 859 2130 912; x_wconf 91' lang='lat' dir='ltr'>in</span> <span class='ocrx_word' id='word_1_80' title='bbox 2169 859 2333 913; x_wconf 92' lang='lat' dir='ltr'>nobis</span> <span class='ocrx_word' id='word_1_81' title='bbox 2359 859 2589 930; x_wconf 89' lang='lat' dir='ltr'>adspira</span> <span class='ocrx_word' id='word_1_82' title='bbox 2614 859 2922 929; x_wconf 88' lang='lat' dir='ltr'>benignus.</span> <span class='ocrx_word' id='word_1_83' title='bbox 2956 863 3065 915; x_wconf 91' lang='lat' dir='ltr'>Per</span> <span class='ocrx_word' id='word_1_84' title='bbox 3095 879 3227 916; x_wconf 92' lang='lat' dir='ltr'>eum</span> <span class='ocrx_word' id='word_1_85' title='bbox 3260 877 3315 932; x_wconf 89' lang='lat' dir='ltr'>q.</span> 
     </span>
    </p>
   </div>
   <div class='ocr_carea' id='block_1_8' title="bbox 76 952 2862 1023">
    <p class='ocr_par' dir='ltr' id='par_1_8' title="bbox 76 952 2862 1023">
     <span class='ocr_line' id='line_1_8' title="bbox 76 952 2862 1023; baseline 0 -17"><span class='ocrx_word' id='word_1_86' title='bbox 76 952 244 1022; x_wconf 82' lang='lat' dir='ltr'>jestati</span> <span class='ocrx_word' id='word_1_87' title='bbox 269 956 398 1018; x_wconf 58' lang='lat' dir='ltr'>tua},</span> <span class='ocrx_word' id='word_1_88' title='bbox 432 952 810 1023; x_wconf 89' lang='lat' dir='ltr'>omnipotens</span> <span class='ocrx_word' id='word_1_89' title='bbox 851 955 1020 1018; x_wconf 89' lang='lat' dir='ltr'>Deus,</span> <span class='ocrx_word' id='word_1_90' title='bbox 1056 954 1321 1008; x_wconf 89' lang='lat' dir='ltr'>laudibus</span> <span class='ocrx_word' id='word_1_91' title='bbox 1357 955 1688 1018; x_wconf 86' lang='lat' dir='ltr'>servientes,</span> <span class='ocrx_word' id='word_1_92' title='bbox 2351 956 2640 1006; x_wconf 84' lang='lat' dir='ltr'>Immolatio</span> <span class='ocrx_word' id='word_1_93' title='bbox 2675 957 2862 1006; x_wconf 65' lang='lat' dir='ltr'>missae.</span> 
     </span>
    </p>
   </div>
   <div class='ocr_carea' id='block_1_9' title="bbox 81 1040 3424 1119">
    <p class='ocr_par' dir='ltr' id='par_1_9' title="bbox 81 1040 3424 1119">
     <span class='ocr_line' id='line_1_9' title="bbox 81 1040 3424 1119; baseline 0.004 -21"><span class='ocrx_word' id='word_1_94' title='bbox 81 1044 348 1099; x_wconf 85' lang='lat' dir='ltr'>sollemnia</span> <span class='ocrx_word' id='word_1_95' title='bbox 371 1045 524 1100; x_wconf 86' lang='lat' dir='ltr'>festa</span> <span class='ocrx_word' id='word_1_96' title='bbox 543 1047 923 1114; x_wconf 78' lang='lat' dir='ltr'>concinimus,</span> <span class='ocrx_word' id='word_1_97' title='bbox 947 1047 1280 1118; x_wconf 89' lang='lat' dir='ltr'>suppliciter</span> <span class='ocrx_word' id='word_1_98' title='bbox 1291 1048 1687 1119; x_wconf 88' lang='lat' dir='ltr'>deprecantes,</span> <span class='ocrx_word' id='word_1_99' title='bbox 1863 1043 2004 1094; x_wconf 76' lang='lat' dir='ltr'>Vere</span> <span class='ocrx_word' id='word_1_100' title='bbox 2027 1040 2267 1111; x_wconf 83' lang='lat' dir='ltr'>dignum</span> <span class='ocrx_word' id='word_1_101' title='bbox 2287 1041 2574 1110; x_wconf 63' lang='lat' dir='ltr'>etjustllm</span> <span class='ocrx_word' id='word_1_102' title='bbox 2599 1046 2702 1107; x_wconf 57' lang='lat' dir='ltr'>est,</span> <span class='ocrx_word' id='word_1_103' title='bbox 2727 1058 2956 1112; x_wconf 76' lang='lat' dir='ltr'>aequum</span> <span class='ocrx_word' id='word_1_104' title='bbox 2975 1047 3033 1096; x_wconf 68' lang='grc' dir='ltr'>ει</span> <span class='ocrx_word' id='word_1_105' title='bbox 3052 1045 3300 1099; x_wconf 66' lang='lat' dir='ltr'>salutare</span> <span class='ocrx_word' id='word_1_106' title='bbox 3319 1048 3424 1111; x_wconf 65' lang='lat' dir='ltr'>est,</span> 
     </span>
    </p>
   </div>
   <div class='ocr_carea' id='block_1_10' title="bbox 82 1133 3428 1212">
    <p class='ocr_par' dir='ltr' id='par_1_10' title="bbox 82 1133 3428 1212">
     <span class='ocr_line' id='line_1_10' title="bbox 82 1133 3428 1212; baseline 0 -20"><span class='ocrx_word' id='word_1_107' title='bbox 82 1143 131 1193; x_wconf 92' lang='lat' dir='ltr'>ut</span> <span class='ocrx_word' id='word_1_108' title='bbox 152 1139 296 1209; x_wconf 87' lang='lat' dir='ltr'>cujus</span> <span class='ocrx_word' id='word_1_109' title='bbox 321 1139 549 1193; x_wconf 88' lang='lat' dir='ltr'>meritis</span> <span class='ocrx_word' id='word_1_110' title='bbox 577 1140 969 1212; x_wconf 88' lang='lat' dir='ltr'>obsequimur,</span> <span class='ocrx_word' id='word_1_111' title='bbox 1005 1141 1147 1210; x_wconf 73' lang='lat' dir='ltr'>ejuS,</span> <span class='ocrx_word' id='word_1_112' title='bbox 1162 1145 1218 1194; x_wconf 90' lang='lat' dir='ltr'>te</span> <span class='ocrx_word' id='word_1_113' title='bbox 1251 1141 1525 1209; x_wconf 80' lang='lat' dir='ltr'>donante,</span> <span class='ocrx_word' id='word_1_114' title='bbox 1555 1145 1693 1212; x_wconf 83' lang='lat' dir='ltr'>aput</span> <span class='ocrx_word' id='word_1_115' title='bbox 1793 1133 1892 1188; x_wconf 83' lang='lat' dir='ltr'>tibi</span> <span class='ocrx_word' id='word_1_116' title='bbox 1924 1133 2180 1188; x_wconf 89' lang='lat' dir='ltr'>assiduas</span> <span class='ocrx_word' id='word_1_117' title='bbox 2220 1133 2418 1187; x_wconf 87' lang='lat' dir='ltr'>laudes</span> <span class='ocrx_word' id='word_1_118' title='bbox 2467 1149 2694 1200; x_wconf 87' lang='lat' dir='ltr'>canere,</span> <span class='ocrx_word' id='word_1_119' title='bbox 2725 1136 2968 1189; x_wconf 90' lang='lat' dir='ltr'>Domine</span> <span class='ocrx_word' id='word_1_120' title='bbox 3013 1140 3229 1202; x_wconf 91' lang='lat' dir='ltr'>sancte,</span> <span class='ocrx_word' id='word_1_121' title='bbox 3258 1138 3428 1192; x_wconf 88' lang='lat' dir='ltr'>Pater</span> 
     </span>
    </p>
   </div>
   <div class='ocr_carea' id='block_1_11' title="bbox 84 1227 3425 1304">
    <p class='ocr_par' dir='ltr' id='par_1_11' title="bbox 84 1227 3425 1304">
     <span class='ocr_line' id='line_1_11' title="bbox 84 1227 3425 1304; baseline 0 -21"><span class='ocrx_word' id='word_1_122' title='bbox 84 1232 418 1286; x_wconf 87' lang='lat' dir='ltr'>clementiam</span> <span class='ocrx_word' id='word_1_123' title='bbox 455 1237 616 1287; x_wconf 86' lang='lat' dir='ltr'>tuam</span> <span class='ocrx_word' id='word_1_124' title='bbox 650 1234 916 1304; x_wconf 82' lang='lat' dir='ltr'>precibus</span> <span class='ocrx_word' id='word_1_125' title='bbox 937 1233 1295 1304; x_wconf 81' lang='lat' dir='ltr'>adjuvemur.</span> <span class='ocrx_word' id='word_1_126' title='bbox 1327 1237 1450 1290; x_wconf 81' lang='lat' dir='ltr'>Per.</span> <span class='ocrx_word' id='word_1_127' title='bbox 1793 1227 2182 1298; x_wconf 89' lang='lat' dir='ltr'>omnipotens,</span> <span class='ocrx_word' id='word_1_128' title='bbox 2213 1229 2426 1281; x_wconf 68' lang='lat' dir='ltr'>aeterne</span> <span class='ocrx_word' id='word_1_129' title='bbox 2462 1228 2630 1293; x_wconf 90' lang='lat' dir='ltr'>Deus,</span> <span class='ocrx_word' id='word_1_130' title='bbox 2663 1243 2766 1297; x_wconf 92' lang='lat' dir='ltr'>per</span> <span class='ocrx_word' id='word_1_131' title='bbox 2793 1228 3081 1283; x_wconf 87' lang='lat' dir='ltr'>Christum</span> <span class='ocrx_word' id='word_1_132' title='bbox 3114 1230 3425 1284; x_wconf 89' lang='lat' dir='ltr'>Dominum</span> 
     </span>
    </p>
   </div>
   <div class='ocr_carea' id='block_1_12' title="bbox 676 1320 3425 1391">
    <p class='ocr_par' dir='ltr' id='par_1_12' title="bbox 676 1320 3425 1391">
     <span class='ocr_line' id='line_1_12' title="bbox 676 1320 3425 1391; baseline -0.001 -12"><span class='ocrx_word' id='word_1_133' title='bbox 676 1331 797 1380; x_wconf 87' lang='lat' dir='ltr'>Post</span> <span class='ocrx_word' id='word_1_134' title='bbox 824 1331 1054 1380; x_wconf 83' lang='lat' dir='ltr'>nomina.</span> <span class='ocrx_word' id='word_1_135' title='bbox 1794 1325 2075 1375; x_wconf 89' lang='lat' dir='ltr'>nostrum.</span> <span class='ocrx_word' id='word_1_136' title='bbox 2110 1320 2219 1385; x_wconf 87' lang='lat' dir='ltr'>Qui</span> <span class='ocrx_word' id='word_1_137' title='bbox 2251 1336 2355 1391; x_wconf 92' lang='lat' dir='ltr'>per</span> <span class='ocrx_word' id='word_1_138' title='bbox 2387 1321 2700 1374; x_wconf 87' lang='lat' dir='ltr'>adventum</span> <span class='ocrx_word' id='word_1_139' title='bbox 2738 1337 2904 1375; x_wconf 91' lang='lat' dir='ltr'>suum</span> <span class='ocrx_word' id='word_1_140' title='bbox 2947 1323 3248 1377; x_wconf 90' lang='lat' dir='ltr'>credentes</span> <span class='ocrx_word' id='word_1_141' title='bbox 3282 1323 3338 1377; x_wconf 91' lang='lat' dir='ltr'>in</span> <span class='ocrx_word' id='word_1_142' title='bbox 3367 1339 3425 1377; x_wconf 91' lang='lat' dir='ltr'>se</span> 
     </span>
    </p>
   </div>
   <div class='ocr_carea' id='block_1_13' title="bbox 136 1413 3429 1489">
    <p class='ocr_par' dir='ltr' id='par_1_13' title="bbox 136 1413 3429 1489">
     <span class='ocr_line' id='line_1_13' title="bbox 136 1413 3429 1489; baseline 0.001 -21"><span class='ocrx_word' id='word_1_143' title='bbox 136 1415 347 1468; x_wconf 68' lang='lat' dir='ltr'>Hunera</span> <span class='ocrx_word' id='word_1_144' title='bbox 381 1416 583 1486; x_wconf 91' lang='lat' dir='ltr'>populi</span> <span class='ocrx_word' id='word_1_145' title='bbox 617 1417 719 1481; x_wconf 91' lang='lat' dir='ltr'>tui,</span> <span class='ocrx_word' id='word_1_146' title='bbox 750 1417 1123 1488; x_wconf 90' lang='lat' dir='ltr'>omnipotens</span> <span class='ocrx_word' id='word_1_147' title='bbox 1145 1419 1313 1485; x_wconf 91' lang='lat' dir='ltr'>Deus,</span> <span class='ocrx_word' id='word_1_148' title='bbox 1345 1435 1470 1489; x_wconf 69' lang='lat' dir='ltr'>quas</span> <span class='ocrx_word' id='word_1_149' title='bbox 1499 1419 1599 1473; x_wconf 90' lang='lat' dir='ltr'>tibi</span> <span class='ocrx_word' id='word_1_150' title='bbox 1633 1419 1689 1473; x_wconf 89' lang='lat' dir='ltr'>in</span> <span class='ocrx_word' id='word_1_151' title='bbox 1793 1415 2059 1469; x_wconf 88' lang='lat' dir='ltr'>homines</span> <span class='ocrx_word' id='word_1_152' title='bbox 2090 1414 2163 1467; x_wconf 91' lang='lat' dir='ltr'>ad</span> <span class='ocrx_word' id='word_1_153' title='bbox 2195 1413 2442 1468; x_wconf 66' lang='lat' dir='ltr'>caelestia</span> <span class='ocrx_word' id='word_1_154' title='bbox 2472 1430 2654 1483; x_wconf 88' lang='lat' dir='ltr'>regna</span> <span class='ocrx_word' id='word_1_155' title='bbox 2683 1415 2927 1467; x_wconf 90' lang='lat' dir='ltr'>transire</span> <span class='ocrx_word' id='word_1_156' title='bbox 2957 1415 3216 1484; x_wconf 89' lang='lat' dir='ltr'>permisit</span> <span class='ocrx_word' id='word_1_157' title='bbox 3245 1433 3258 1470; x_wconf 91' lang='lat'><strong>:</strong></span> <span class='ocrx_word' id='word_1_158' title='bbox 3293 1432 3429 1486; x_wconf 87' lang='lat' dir='ltr'>quo—</span> 
     </span>
    </p>
   </div>
   <div class='ocr_carea' id='block_1_14' title="bbox 82 1507 3424 1581">
    <p class='ocr_par' dir='ltr' id='par_1_14' title="bbox 82 1507 3424 1581">
     <span class='ocr_line' id='line_1_14' title="bbox 82 1507 3424 1581; baseline 0 -20"><span class='ocrx_word' id='word_1_159' title='bbox 82 1507 168 1562; x_wconf 87' lang='lat' dir='ltr'>hac</span> <span class='ocrx_word' id='word_1_160' title='bbox 195 1507 504 1562; x_wconf 87' lang='lat' dir='ltr'>beatissimi</span> <span class='ocrx_word' id='word_1_161' title='bbox 529 1509 789 1580; x_wconf 76' lang='lat' dir='ltr'>Martyris</span> <span class='ocrx_word' id='word_1_162' title='bbox 819 1510 900 1563; x_wconf 92' lang='lat' dir='ltr'>tui</span> <span class='ocrx_word' id='word_1_163' title='bbox 931 1511 1198 1581; x_wconf 60' lang='lat' dir='ltr'>Baptistae</span> <span class='ocrx_word' id='word_1_164' title='bbox 1227 1512 1507 1566; x_wconf 86' lang='lat' dir='ltr'>Johannis</span> <span class='ocrx_word' id='word_1_165' title='bbox 1534 1513 1688 1566; x_wconf 81' lang='lat' dir='ltr'>festi-</span> <span class='ocrx_word' id='word_1_166' title='bbox 1794 1507 1949 1561; x_wconf 87' lang='lat' dir='ltr'>niam</span> <span class='ocrx_word' id='word_1_167' title='bbox 1976 1507 2054 1561; x_wconf 91' lang='lat' dir='ltr'>hii</span> <span class='ocrx_word' id='word_1_168' title='bbox 2081 1507 2176 1578; x_wconf 89' lang='lat' dir='ltr'>qui</span> <span class='ocrx_word' id='word_1_169' title='bbox 2209 1523 2266 1560; x_wconf 89' lang='lat' dir='ltr'>se</span> <span class='ocrx_word' id='word_1_170' title='bbox 2298 1511 2408 1560; x_wconf 67' lang='lat' dir='ltr'>tum</span> <span class='ocrx_word' id='word_1_171' title='bbox 2447 1511 2622 1560; x_wconf 88' lang='lat' dir='ltr'>testes</span> <span class='ocrx_word' id='word_1_172' title='bbox 2655 1507 2905 1560; x_wconf 76' lang='lat' dir='ltr'>offerunt</span> <span class='ocrx_word' id='word_1_173' title='bbox 2929 1508 3201 1575; x_wconf 81' lang='lat' dir='ltr'>veritatis,</span> <span class='ocrx_word' id='word_1_174' title='bbox 3236 1509 3424 1562; x_wconf 90' lang='lat' dir='ltr'>inimi-</span> 
     </span>
    </p>
   </div>
   <div class='ocr_carea' id='block_1_15' title="bbox 80 1599 3424 1675">
    <p class='ocr_par' dir='ltr' id='par_1_15' title="bbox 80 1599 3424 1675">
     <span class='ocr_line' id='line_1_15' title="bbox 80 1599 3424 1675; baseline 0.001 -24"><span class='ocrx_word' id='word_1_175' title='bbox 80 1602 225 1654; x_wconf 76' lang='lat' dir='ltr'>vitate</span> <span class='ocrx_word' id='word_1_176' title='bbox 265 1601 602 1669; x_wconf 83' lang='lat' dir='ltr'>deferimus,</span> <span class='ocrx_word' id='word_1_177' title='bbox 647 1619 994 1673; x_wconf 75' lang='lat' dir='ltr'>quaesumus,</span> <span class='ocrx_word' id='word_1_178' title='bbox 1029 1604 1370 1675; x_wconf 86' lang='lat' dir='ltr'>propitiatus</span> <span class='ocrx_word' id='word_1_179' title='bbox 1413 1605 1689 1672; x_wconf 87' lang='lat' dir='ltr'>intende;</span> <span class='ocrx_word' id='word_1_180' title='bbox 1792 1618 1942 1668; x_wconf 93' lang='lat' dir='ltr'>cum,</span> <span class='ocrx_word' id='word_1_181' title='bbox 1977 1600 2114 1654; x_wconf 92' lang='lat' dir='ltr'>dum</span> <span class='ocrx_word' id='word_1_182' title='bbox 2149 1600 2504 1664; x_wconf 89' lang='lat' dir='ltr'>occiduntur,</span> <span class='ocrx_word' id='word_1_183' title='bbox 2533 1599 2818 1654; x_wconf 86' lang='lat' dir='ltr'>occidunt.</span> <span class='ocrx_word' id='word_1_184' title='bbox 2838 1601 2913 1654; x_wconf 86' lang='lat' dir='ltr'>Ex</span> <span class='ocrx_word' id='word_1_185' title='bbox 2947 1601 3152 1671; x_wconf 88' lang='lat' dir='ltr'>quibus</span> <span class='ocrx_word' id='word_1_186' title='bbox 3182 1605 3268 1654; x_wconf 90' lang='lat' dir='ltr'>est</span> <span class='ocrx_word' id='word_1_187' title='bbox 3297 1618 3424 1656; x_wconf 84' lang='lat' dir='ltr'>san-</span> 
     </span>
    </p>
   </div>
   <div class='ocr_carea' id='block_1_16' title="bbox 83 1693 3423 1770">
    <p class='ocr_par' dir='ltr' id='par_1_16' title="bbox 83 1693 3423 1770">
     <span class='ocr_line' id='line_1_16' title="bbox 83 1693 3423 1770; baseline 0.001 -24"><span class='ocrx_word' id='word_1_188' title='bbox 83 1696 132 1746; x_wconf 92' lang='lat' dir='ltr'>ut</span> <span class='ocrx_word' id='word_1_189' title='bbox 163 1693 388 1764; x_wconf 83' lang='lat' dir='ltr'>perfecti</span> <span class='ocrx_word' id='word_1_190' title='bbox 433 1695 607 1765; x_wconf 86' lang='lat' dir='ltr'>hujus</span> <span class='ocrx_word' id='word_1_191' title='bbox 644 1695 903 1749; x_wconf 82' lang='lat' dir='ltr'>sacrificii</span> <span class='ocrx_word' id='word_1_192' title='bbox 946 1697 1401 1752; x_wconf 79' lang='lat' dir='ltr'>sanctificatione</span> <span class='ocrx_word' id='word_1_193' title='bbox 1441 1699 1689 1770; x_wconf 89' lang='lat' dir='ltr'>purgati,</span> <span class='ocrx_word' id='word_1_194' title='bbox 1792 1698 1913 1748; x_wconf 88' lang='lat' dir='ltr'>ctus</span> <span class='ocrx_word' id='word_1_195' title='bbox 1953 1711 2017 1748; x_wconf 90' lang='lat' dir='ltr'>ac</span> <span class='ocrx_word' id='word_1_196' title='bbox 2048 1693 2390 1747; x_wconf 87' lang='lat' dir='ltr'>venerabilis</span> <span class='ocrx_word' id='word_1_197' title='bbox 2439 1693 2626 1748; x_wconf 85' lang='lat' dir='ltr'>Sixtus</span> <span class='ocrx_word' id='word_1_198' title='bbox 2659 1698 2897 1764; x_wconf 83' lang='lat' dir='ltr'>martyr,</span> <span class='ocrx_word' id='word_1_199' title='bbox 2933 1694 3094 1764; x_wconf 91' lang='lat' dir='ltr'>cujus</span> <span class='ocrx_word' id='word_1_200' title='bbox 3117 1694 3287 1749; x_wconf 89' lang='lat' dir='ltr'>hodie</span> <span class='ocrx_word' id='word_1_201' title='bbox 3314 1695 3423 1749; x_wconf 85' lang='lat' dir='ltr'>sol-</span> 
     </span>
    </p>
   </div>
   <div class='ocr_carea' id='block_1_17' title="bbox 84 1783 3429 1861">
    <p class='ocr_par' dir='ltr' id='par_1_17' title="bbox 84 1783 3429 1861">
     <span class='ocr_line' id='line_1_17' title="bbox 84 1783 3429 1861; baseline 0.001 -23"><span class='ocrx_word' id='word_1_202' title='bbox 84 1790 374 1841; x_wconf 88' lang='lat' dir='ltr'>nostrorum</span> <span class='ocrx_word' id='word_1_203' title='bbox 409 1804 443 1841; x_wconf 90' lang='lat' dir='ltr'>a</span> <span class='ocrx_word' id='word_1_204' title='bbox 473 1791 528 1840; x_wconf 91' lang='lat' dir='ltr'>te</span> <span class='ocrx_word' id='word_1_205' title='bbox 562 1805 899 1842; x_wconf 89' lang='lat' dir='ltr'>mereamur</span> <span class='ocrx_word' id='word_1_206' title='bbox 914 1791 1191 1861; x_wconf 91' lang='lat' dir='ltr'>consequi</span> <span class='ocrx_word' id='word_1_207' title='bbox 1212 1791 1438 1846; x_wconf 90' lang='lat' dir='ltr'>veniam</span> <span class='ocrx_word' id='word_1_208' title='bbox 1462 1791 1694 1846; x_wconf 83' lang='lat' dir='ltr'>delicto-</span> <span class='ocrx_word' id='word_1_209' title='bbox 1713 1783 1768 1856; x_wconf 91' lang='lat' dir='ltr'><strong>B</strong></span> <span class='ocrx_word' id='word_1_210' title='bbox 1795 1787 2061 1842; x_wconf 89' lang='lat' dir='ltr'>lemnitas</span> <span class='ocrx_word' id='word_1_211' title='bbox 2081 1787 2403 1841; x_wconf 89' lang='lat' dir='ltr'>celebratur</span> <span class='ocrx_word' id='word_1_212' title='bbox 2428 1804 2440 1841; x_wconf 93' lang='lat'>:</span> <span class='ocrx_word' id='word_1_213' title='bbox 2471 1787 2570 1857; x_wconf 88' lang='lat' dir='ltr'>qui</span> <span class='ocrx_word' id='word_1_214' title='bbox 2593 1787 2730 1841; x_wconf 92' lang='lat' dir='ltr'>dum</span> <span class='ocrx_word' id='word_1_215' title='bbox 2754 1787 3083 1857; x_wconf 71' lang='lat' dir='ltr'>apostolica:</span> <span class='ocrx_word' id='word_1_216' title='bbox 3103 1787 3252 1842; x_wconf 91' lang='lat' dir='ltr'>sedis</span> <span class='ocrx_word' id='word_1_217' title='bbox 3275 1804 3429 1842; x_wconf 87' lang='lat' dir='ltr'>exce-</span> 
     </span>
    </p>
   </div>
   <div class='ocr_carea' id='block_1_18' title="bbox 84 1880 3426 1952">
    <p class='ocr_par' dir='ltr' id='par_1_18' title="bbox 84 1880 3426 1952">
     <span class='ocr_line' id='line_1_18' title="bbox 84 1880 3426 1952; baseline 0.001 -19"><span class='ocrx_word' id='word_1_218' title='bbox 84 1894 205 1933; x_wconf 84' lang='lat' dir='ltr'>rum.</span> <span class='ocrx_word' id='word_1_219' title='bbox 233 1881 352 1933; x_wconf 88' lang='lat' dir='ltr'>Per.</span> <span class='ocrx_word' id='word_1_220' title='bbox 1792 1881 1969 1952; x_wconf 89' lang='lat' dir='ltr'>pisset</span> <span class='ocrx_word' id='word_1_221' title='bbox 1997 1880 2268 1950; x_wconf 82' lang='lat' dir='ltr'>insignia,</span> <span class='ocrx_word' id='word_1_222' title='bbox 2299 1884 2354 1933; x_wconf 90' lang='lat' dir='ltr'>et</span> <span class='ocrx_word' id='word_1_223' title='bbox 2397 1897 2454 1933; x_wconf 92' lang='lat' dir='ltr'>se</span> <span class='ocrx_word' id='word_1_224' title='bbox 2486 1880 2740 1950; x_wconf 90' lang='lat' dir='ltr'>primum</span> <span class='ocrx_word' id='word_1_225' title='bbox 2777 1897 2899 1934; x_wconf 89' lang='lat' dir='ltr'>esse</span> <span class='ocrx_word' id='word_1_226' title='bbox 2943 1880 3302 1950; x_wconf 90' lang='lat' dir='ltr'>conspiceret</span> <span class='ocrx_word' id='word_1_227' title='bbox 3340 1898 3426 1935; x_wconf 90' lang='lat' dir='ltr'>sa-</span> 
     </span>
    </p>
   </div>
   <div class='ocr_carea' id='block_1_19' title="bbox 267 1953 3426 2047">
    <p class='ocr_par' dir='ltr' id='par_1_19' title="bbox 267 1953 3426 2047">
     <span class='ocr_line' id='line_1_19' title="bbox 267 1953 3426 2047; baseline 0.005 -35"><span class='ocrx_word' id='word_1_228' title='bbox 267 2035 275 2043; x_wconf 40' lang='grc'><strong>.</strong></span> <span class='ocrx_word' id='word_1_229' title='bbox 582 1953 840 2047; x_wconf 55' lang='grc' dir='ltr'>(ἷοηεοιίς</span> <span class='ocrx_word' id='word_1_230' title='bbox 862 1953 927 2002; x_wconf 71' lang='grc' dir='ltr'>δά</span> <span class='ocrx_word' id='word_1_231' title='bbox 957 1967 1161 2047; x_wconf 61' lang='lat' dir='ltr'>Pacem</span> <span class='ocrx_word' id='word_1_232' title='bbox 1457 2013 1477 2047; x_wconf 28' lang='grc' dir='ltr'><strong>λ</strong></span> <span class='ocrx_word' id='word_1_233' title='bbox 1677 2044 1684 2047; x_wconf 87' lang='lat'>_</span> <span class='ocrx_word' id='word_1_234' title='bbox 1793 1975 2112 2042; x_wconf 90' lang='lat' dir='ltr'>cerdotum,</span> <span class='ocrx_word' id='word_1_235' title='bbox 2143 1974 2504 2028; x_wconf 87' lang='lat' dir='ltr'>occasionem</span> <span class='ocrx_word' id='word_1_236' title='bbox 2533 1973 2796 2028; x_wconf 90' lang='lat' dir='ltr'>salutaris</span> <span class='ocrx_word' id='word_1_237' title='bbox 2817 1974 3098 2044; x_wconf 89' lang='lat' dir='ltr'>passionis</span> <span class='ocrx_word' id='word_1_238' title='bbox 3119 1975 3426 2045; x_wconf 87' lang='lat' dir='ltr'>excipiens,</span> 
     </span>
    </p>
   </div>
   <div class='ocr_carea' id='block_1_20' title="bbox 140 2033 3429 2136">
    <p class='ocr_par' dir='ltr' id='par_1_20' title="bbox 140 2033 3429 2136">
     <span class='ocr_line' id='line_1_20' title="bbox 140 2033 3429 2136; baseline 0 -14"><span class='ocrx_word' id='word_1_239' title='bbox 140 2033 371 2136; x_wconf 43' lang='lat' dir='ltr'>Susc‘p?’</span> <span class='ocrx_word' id='word_1_240' title='bbox 407 2051 760 2136; x_wconf 36' lang='lat' dir='ltr'>quasumué’</span> <span class='ocrx_word' id='word_1_241' title='bbox 793 2037 1072 2136; x_wconf 25' lang='lat' dir='ltr'>,DF’IPinef</span> <span class='ocrx_word' id='word_1_242' title='bbox 1117 2055 1314 2136; x_wconf 50' lang='grc' dir='ltr'>Ρτῗθξθδ</span> <span class='ocrx_word' id='word_1_243' title='bbox 1358 2043 1600 2136; x_wconf 46' lang='lat'>&quot;95&quot;“,</span> <span class='ocrx_word' id='word_1_244' title='bbox 1637 2044 1694 2093; x_wconf 63' lang='lat' dir='ltr'>et</span> <span class='ocrx_word' id='word_1_245' title='bbox 1795 2086 1910 2123; x_wconf 90' lang='lat' dir='ltr'>non</span> <span class='ocrx_word' id='word_1_246' title='bbox 1944 2072 2168 2122; x_wconf 86' lang='lat' dir='ltr'>tantum</span> <span class='ocrx_word' id='word_1_247' title='bbox 2196 2066 2483 2120; x_wconf 64' lang='lat' dir='ltr'>saecularis</span> <span class='ocrx_word' id='word_1_248' title='bbox 2516 2067 2668 2119; x_wconf 87' lang='lat' dir='ltr'>exuit</span> <span class='ocrx_word' id='word_1_249' title='bbox 2709 2066 2905 2120; x_wconf 87' lang='lat' dir='ltr'>sordes</span> <span class='ocrx_word' id='word_1_250' title='bbox 2935 2067 3207 2136; x_wconf 89' lang='lat' dir='ltr'>contagii,</span> <span class='ocrx_word' id='word_1_251' title='bbox 3232 2085 3429 2122; x_wconf 89' lang='lat' dir='ltr'>verum</span> 
     </span>
    </p>
   </div>
   <div class='ocr_carea' id='block_1_21' title="bbox 87 2128 3428 2232">
    <p class='ocr_par' dir='ltr' id='par_1_21' title="bbox 87 2128 3428 2232">
     <span class='ocr_line' id='line_1_21' title="bbox 87 2128 3428 2232; baseline 0.002 -53"><span class='ocrx_word' id='word_1_252' title='bbox 87 2128 457 2182; x_wconf 84' lang='lat' dir='ltr'>intercessione</span> <span class='ocrx_word' id='word_1_253' title='bbox 493 2130 764 2200; x_wconf 75' lang='lat' dir='ltr'>martyris</span> <span class='ocrx_word' id='word_1_254' title='bbox 787 2131 866 2184; x_wconf 92' lang='lat' dir='ltr'>tui</span> <span class='ocrx_word' id='word_1_255' title='bbox 903 2131 1167 2202; x_wconf 70' lang='lat' dir='ltr'>Baptistm</span> <span class='ocrx_word' id='word_1_256' title='bbox 1186 2132 1483 2199; x_wconf 89' lang='lat' dir='ltr'>Johannis,</span> <span class='ocrx_word' id='word_1_257' title='bbox 1519 2150 1690 2204; x_wconf 89' lang='lat' dir='ltr'>quem</span> <span class='ocrx_word' id='word_1_258' title='bbox 1794 2162 1967 2216; x_wconf 58' lang='lat' dir='ltr'>etiam</span> <span class='ocrx_word' id='word_1_259' title='bbox 1997 2162 2322 2232; x_wconf 64' lang='lat' dir='ltr'>exemplum</span> <span class='ocrx_word' id='word_1_260' title='bbox 2345 2160 2453 2213; x_wconf 55' lang='lat' dir='ltr'>fuit</span> <span class='ocrx_word' id='word_1_261' title='bbox 2473 2159 2697 2213; x_wconf 48' lang='lat' dir='ltr'>ceteris.</span> <span class='ocrx_word' id='word_1_262' title='bbox 2732 2161 2875 2212; x_wconf 70' lang='lat' dir='ltr'>Nam</span> <span class='ocrx_word' id='word_1_263' title='bbox 2896 2176 3027 2214; x_wconf 68' lang='lat' dir='ltr'>mox</span> <span class='ocrx_word' id='word_1_264' title='bbox 3047 2128 3178 2214; x_wconf 55' lang='grc' dir='ltr'>εαξη</span> <span class='ocrx_word' id='word_1_265' title='bbox 3195 2128 3428 2231; x_wconf 53' lang='lat' dir='ltr'>&#39;quoque</span> 
     </span>
    </p>
   </div>
   <div class='ocr_carea' id='block_1_22' title="bbox 87 2221 3430 2329">
    <p class='ocr_par' dir='ltr' id='par_1_22' title="bbox 87 2221 3430 2329">
     <span class='ocr_line' id='line_1_22' title="bbox 87 2221 3430 2329; baseline 0 -21"><span class='ocrx_word' id='word_1_266' title='bbox 87 2237 131 2329; x_wconf 37' lang='lat' dir='ltr'>in</span> <span class='ocrx_word' id='word_1_267' title='bbox 156 2225 240 2275; x_wconf 56' lang='lat' dir='ltr'>tuo</span> <span class='ocrx_word' id='word_1_268' title='bbox 270 2221 498 2329; x_wconf 38' lang='lat'>110901.?</span> <span class='ocrx_word' id='word_1_269' title='bbox 526 2239 896 2329; x_wconf 33' lang='lat' dir='ltr'>venia-ramum</span> <span class='ocrx_word' id='word_1_270' title='bbox 929 2226 1193 2329; x_wconf 47' lang='grc' dir='ltr'>ξείξθίξθῗξίὲ</span> <span class='ocrx_word' id='word_1_271' title='bbox 1229 2228 1339 2329; x_wconf 38' lang='lat' dir='ltr'>tu?</span> <span class='ocrx_word' id='word_1_272' title='bbox 1363 2230 1517 2329; x_wconf 24' lang='lat' dir='ltr'>ﬁt)“.</span> <span class='ocrx_word' id='word_1_273' title='bbox 1553 2243 1688 2329; x_wconf 45' lang='lat' dir='ltr'>eo?&quot;</span> <span class='ocrx_word' id='word_1_274' title='bbox 1793 2255 2054 2309; x_wconf 89' lang='lat' dir='ltr'>minister</span> <span class='ocrx_word' id='word_1_275' title='bbox 2090 2254 2328 2307; x_wconf 89' lang='lat' dir='ltr'>eximius</span> <span class='ocrx_word' id='word_1_276' title='bbox 2371 2252 2715 2307; x_wconf 89' lang='lat' dir='ltr'>venerabilis</span> <span class='ocrx_word' id='word_1_277' title='bbox 2757 2253 3125 2320; x_wconf 88' lang='lat' dir='ltr'>Laurentius,</span> <span class='ocrx_word' id='word_1_278' title='bbox 3182 2254 3430 2308; x_wconf 75' lang='lat' dir='ltr'>victoriae</span> 
     </span>
    </p>
   </div>
   <div class='ocr_carea' id='block_1_23' title="bbox 91 2313 3431 2418">
    <p class='ocr_par' dir='ltr' id='par_1_23' title="bbox 91 2313 3431 2418">
     <span class='ocr_line' id='line_1_23' title="bbox 91 2313 3431 2418; baseline -0.001 -16"><span class='ocrx_word' id='word_1_279' title='bbox 91 2313 224 2418; x_wconf 41' lang='lat' dir='ltr'>ﬁrm?</span> <span class='ocrx_word' id='word_1_280' title='bbox 250 2333 261 2368; x_wconf 69' lang='grc'>³</span> <span class='ocrx_word' id='word_1_281' title='bbox 294 2315 389 2385; x_wconf 58' lang='lat' dir='ltr'>qui</span> <span class='ocrx_word' id='word_1_282' title='bbox 422 2316 603 2418; x_wconf 41' lang='lat' dir='ltr'>cui&quot;:</span> <span class='ocrx_word' id='word_1_283' title='bbox 633 2317 844 2418; x_wconf 47' lang='grc' dir='ltr'>ἒίὲξιυδ</span> <span class='ocrx_word' id='word_1_284' title='bbox 870 2322 954 2418; x_wconf 51' lang='grc' dir='ltr'>θεέ</span> <span class='ocrx_word' id='word_1_285' title='bbox 980 2318 1217 2418; x_wconf 45' lang='lat' dir='ltr'>habit“:</span> <span class='ocrx_word' id='word_1_286' title='bbox 1237 2323 1301 2371; x_wconf 57' lang='lat' dir='ltr'>nt</span> <span class='ocrx_word' id='word_1_287' title='bbox 1325 2319 1377 2372; x_wconf 70' lang='lat' dir='ltr'>ei</span> <span class='ocrx_word' id='word_1_288' title='bbox 1419 2324 1471 2372; x_wconf 58' lang='lat' dir='ltr'>te</span> <span class='ocrx_word' id='word_1_289' title='bbox 1504 2320 1689 2418; x_wconf 46' lang='lat' dir='ltr'>hami&quot;</span> <span class='ocrx_word' id='word_1_290' title='bbox 1793 2349 2044 2418; x_wconf 90' lang='lat' dir='ltr'>palmam</span> <span class='ocrx_word' id='word_1_291' title='bbox 2079 2347 2354 2412; x_wconf 86' lang='lat' dir='ltr'>imitatus,</span> <span class='ocrx_word' id='word_1_292' title='bbox 2380 2345 2602 2417; x_wconf 89' lang='lat' dir='ltr'>accepit</span> <span class='ocrx_word' id='word_1_293' title='bbox 2625 2349 3034 2400; x_wconf 88' lang='lat' dir='ltr'>ornamentum</span> <span class='ocrx_word' id='word_1_294' title='bbox 3079 2313 3192 2416; x_wconf 85' lang='lat' dir='ltr'>quo</span> <span class='ocrx_word' id='word_1_295' title='bbox 3234 2346 3431 2400; x_wconf 90' lang='lat' dir='ltr'>debuit</span> 
     </span>
    </p>
   </div>
   <div class='ocr_carea' id='block_1_24' title="bbox 90 2407 3426 2512">
    <p class='ocr_par' dir='ltr' id='par_1_24' title="bbox 90 2407 3426 2512">
     <span class='ocr_line' id='line_1_24' title="bbox 90 2407 3426 2512; baseline 0.01 -53"><span class='ocrx_word' id='word_1_296' title='bbox 90 2407 312 2512; x_wconf 59' lang='lat' dir='ltr'>randum,</span> <span class='ocrx_word' id='word_1_297' title='bbox 337 2408 548 2512; x_wconf 82' lang='lat' dir='ltr'>mundi</span> <span class='ocrx_word' id='word_1_298' title='bbox 570 2409 850 2477; x_wconf 84' lang='lat' dir='ltr'>Salvator,</span> <span class='ocrx_word' id='word_1_299' title='bbox 869 2411 1125 2465; x_wconf 76' lang='lat' dir='ltr'>offerres.</span> <span class='ocrx_word' id='word_1_300' title='bbox 1157 2413 1406 2482; x_wconf 85' lang='lat' dir='ltr'>Dignum</span> <span class='ocrx_word' id='word_1_301' title='bbox 1429 2417 1515 2466; x_wconf 87' lang='lat' dir='ltr'>est</span> <span class='ocrx_word' id='word_1_302' title='bbox 1536 2413 1690 2466; x_wconf 90' lang='lat' dir='ltr'>enim</span> <span class='ocrx_word' id='word_1_303' title='bbox 1794 2407 2022 2512; x_wconf 74' lang='lat' dir='ltr'>poenam</span> <span class='ocrx_word' id='word_1_304' title='bbox 2053 2441 2262 2507; x_wconf 91' lang='lat' dir='ltr'>subire,</span> <span class='ocrx_word' id='word_1_305' title='bbox 2286 2444 2348 2492; x_wconf 91' lang='lat' dir='ltr'>ut</span> <span class='ocrx_word' id='word_1_306' title='bbox 2374 2439 2620 2509; x_wconf 90' lang='lat' dir='ltr'>gloriam</span> <span class='ocrx_word' id='word_1_307' title='bbox 2641 2443 2966 2494; x_wconf 88' lang='lat' dir='ltr'>mereretur</span> <span class='ocrx_word' id='word_1_308' title='bbox 2991 2443 3269 2494; x_wconf 77' lang='lat' dir='ltr'>aeternam</span> <span class='ocrx_word' id='word_1_309' title='bbox 3292 2457 3426 2495; x_wconf 86' lang='lat' dir='ltr'>con-</span> 
     </span>
    </p>
   </div>
   <div class='ocr_carea' id='block_1_25' title="bbox 93 2499 2531 2606">
    <p class='ocr_par' dir='ltr' id='par_1_25' title="bbox 93 2499 2531 2606">
     <span class='ocr_line' id='line_1_25' title="bbox 93 2499 2531 2606; baseline 0.003 -53"><span class='ocrx_word' id='word_1_310' title='bbox 93 2499 174 2553; x_wconf 88' lang='lat' dir='ltr'>hoc</span> <span class='ocrx_word' id='word_1_311' title='bbox 196 2503 415 2564; x_wconf 84' lang='lat' dir='ltr'>mereri,</span> <span class='ocrx_word' id='word_1_312' title='bbox 453 2507 516 2556; x_wconf 91' lang='lat' dir='ltr'>ut</span> <span class='ocrx_word' id='word_1_313' title='bbox 570 2520 772 2557; x_wconf 91' lang='lat' dir='ltr'>omnes</span> <span class='ocrx_word' id='word_1_314' title='bbox 819 2522 924 2558; x_wconf 92' lang='lat' dir='ltr'>nos</span> <span class='ocrx_word' id='word_1_315' title='bbox 969 2505 1330 2575; x_wconf 88' lang='lat' dir='ltr'>baptismatis</span> <span class='ocrx_word' id='word_1_316' title='bbox 1374 2506 1458 2559; x_wconf 90' lang='lat' dir='ltr'>tui</span> <span class='ocrx_word' id='word_1_317' title='bbox 1507 2506 1692 2576; x_wconf 89' lang='lat' dir='ltr'>gratia</span> <span class='ocrx_word' id='word_1_318' title='bbox 1794 2499 2054 2606; x_wconf 45' lang='lat' dir='ltr'>gequere.</span> <span class='ocrx_word' id='word_1_319' title='bbox 2082 2537 2188 2588; x_wconf 65' lang='lat' dir='ltr'>per</span> <span class='ocrx_word' id='word_1_320' title='bbox 2221 2499 2531 2588; x_wconf 25' lang='lat' dir='ltr'>Chriskt&#39;um.</span> 
     </span>
    </p>
   </div>
   <div class='ocr_carea' id='block_1_26' title="bbox 93 2596 1688 2665">
    <p class='ocr_par' dir='ltr' id='par_1_26' title="bbox 93 2596 1688 2665">
     <span class='ocr_line' id='line_1_26' title="bbox 93 2596 1688 2665; baseline 0.004 -19"><span class='ocrx_word' id='word_1_321' title='bbox 93 2597 400 2662; x_wconf 87' lang='lat' dir='ltr'>consecutos,</span> <span class='ocrx_word' id='word_1_322' title='bbox 434 2596 784 2650; x_wconf 88' lang='lat' dir='ltr'>meritorum</span> <span class='ocrx_word' id='word_1_323' title='bbox 817 2614 1052 2652; x_wconf 90' lang='lat' dir='ltr'>suorum</span> <span class='ocrx_word' id='word_1_324' title='bbox 1096 2598 1525 2665; x_wconf 86' lang='lat' dir='ltr'>intercessione,</span> <span class='ocrx_word' id='word_1_325' title='bbox 1555 2615 1688 2653; x_wconf 88' lang='lat' dir='ltr'>con-</span> 
     </span>
    </p>
   </div>
   <div class='ocr_carea' id='block_1_27' title="bbox 97 2685 744 2744">
    <p class='ocr_par' dir='ltr' id='par_1_27' title="bbox 97 2685 744 2744">
     <span class='ocr_line' id='line_1_27' title="bbox 97 2685 744 2744; baseline 0.009 -7"><span class='ocrx_word' id='word_1_326' title='bbox 97 2685 214 2740; x_wconf 84' lang='lat' dir='ltr'>ciliet</span> <span class='ocrx_word' id='word_1_327' title='bbox 237 2688 494 2744; x_wconf 86' lang='lat' dir='ltr'>Salvator</span> <span class='ocrx_word' id='word_1_328' title='bbox 520 2690 744 2744; x_wconf 91' lang='lat' dir='ltr'>mundi.</span> 
     </span>
    </p>
   </div>
   <div class='ocr_carea' id='block_1_28' title="bbox 620 2787 1130 2838">
    <p class='ocr_par' dir='ltr' id='par_1_28' title="bbox 620 2787 1130 2838">
     <span class='ocr_line' id='line_1_28' title="bbox 620 2787 1130 2838; baseline 0.004 -2"><span class='ocrx_word' id='word_1_329' title='bbox 620 2787 909 2837; x_wconf 86' lang='lat' dir='ltr'>lmmolatio</span> <span class='ocrx_word' id='word_1_330' title='bbox 943 2789 1130 2838; x_wconf 68' lang='lat' dir='ltr'>missas.</span> 
     </span>
    </p>
   </div>
   <div class='ocr_carea' id='block_1_29' title="bbox 150 2869 1694 2944">
    <p class='ocr_par' dir='ltr' id='par_1_29' title="bbox 150 2869 1694 2944">
     <span class='ocr_line' id='line_1_29' title="bbox 150 2869 1694 2944; baseline 0.005 -21"><span class='ocrx_word' id='word_1_331' title='bbox 150 2869 368 2939; x_wconf 80' lang='lat' dir='ltr'>Dignum</span> <span class='ocrx_word' id='word_1_332' title='bbox 385 2875 444 2925; x_wconf 90' lang='lat' dir='ltr'>et</span> <span class='ocrx_word' id='word_1_333' title='bbox 455 2871 683 2941; x_wconf 85' lang='lat' dir='ltr'>justum</span> <span class='ocrx_word' id='word_1_334' title='bbox 707 2876 810 2939; x_wconf 90' lang='lat' dir='ltr'>est,</span> <span class='ocrx_word' id='word_1_335' title='bbox 841 2889 1070 2944; x_wconf 74' lang='lat' dir='ltr'>mquum</span> <span class='ocrx_word' id='word_1_336' title='bbox 1097 2878 1154 2927; x_wconf 90' lang='lat' dir='ltr'>et</span> <span class='ocrx_word' id='word_1_337' title='bbox 1181 2876 1428 2929; x_wconf 89' lang='lat' dir='ltr'>salutare</span> <span class='ocrx_word' id='word_1_338' title='bbox 1460 2880 1564 2943; x_wconf 91' lang='lat' dir='ltr'>est,</span> <span class='ocrx_word' id='word_1_339' title='bbox 1590 2893 1694 2931; x_wconf 90' lang='lat' dir='ltr'>nos</span> 
     </span>
    </p>
   </div>
   <div class='ocr_carea' id='block_1_30' title="bbox 96 2960 1694 3038">
    <p class='ocr_par' dir='ltr' id='par_1_30' title="bbox 96 2960 1694 3038">
     <span class='ocr_line' id='line_1_30' title="bbox 96 2960 1694 3038; baseline 0.006 -23"><span class='ocrx_word' id='word_1_340' title='bbox 96 2960 174 3014; x_wconf 81' lang='lat' dir='ltr'>tibi</span> <span class='ocrx_word' id='word_1_341' title='bbox 194 2979 405 3034; x_wconf 89' lang='lat' dir='ltr'>semper</span> <span class='ocrx_word' id='word_1_342' title='bbox 420 2981 601 3036; x_wconf 87' lang='lat' dir='ltr'>agere</span> <span class='ocrx_word' id='word_1_343' title='bbox 629 2966 866 3034; x_wconf 88' lang='lat' dir='ltr'>gratias,</span> <span class='ocrx_word' id='word_1_344' title='bbox 897 2967 1267 3038; x_wconf 89' lang='lat' dir='ltr'>omnipotens</span> <span class='ocrx_word' id='word_1_345' title='bbox 1293 2973 1350 3022; x_wconf 91' lang='lat' dir='ltr'>et</span> <span class='ocrx_word' id='word_1_346' title='bbox 1370 2970 1694 3025; x_wconf 89' lang='lat' dir='ltr'>misericors</span> 
     </span>
    </p>
   </div>
   <div class='ocr_carea' id='block_1_31' title="bbox 94 3051 3368 3139">
    <p class='ocr_par' dir='ltr' id='par_1_31' title="bbox 94 3051 3368 3139">
     <span class='ocr_line' id='line_1_31' title="bbox 94 3051 3368 3139; baseline 0.003 -32"><span class='ocrx_word' id='word_1_347' title='bbox 94 3051 227 3122; x_wconf 86' lang='lat' dir='ltr'>Deus,</span> <span class='ocrx_word' id='word_1_348' title='bbox 265 3056 410 3110; x_wconf 89' lang='lat' dir='ltr'>inter</span> <span class='ocrx_word' id='word_1_349' title='bbox 448 3058 559 3110; x_wconf 88' lang='lat' dir='ltr'>has</span> <span class='ocrx_word' id='word_1_350' title='bbox 607 3063 1103 3114; x_wconf 89' lang='lat' dir='ltr'>sacramentorum</span> <span class='ocrx_word' id='word_1_351' title='bbox 1159 3063 1376 3132; x_wconf 88' lang='lat' dir='ltr'>epulas,</span> <span class='ocrx_word' id='word_1_352' title='bbox 1425 3064 1694 3134; x_wconf 83' lang='lat' dir='ltr'>martyris</span> <span class='ocrx_word' id='word_1_353' title='bbox 1794 3051 2462 3139; x_wconf 39' lang='lat' dir='ltr'>Qarlyrls‘wtpass‘one</span> <span class='ocrx_word' id='word_1_354' title='bbox 2490 3051 2644 3088; x_wconf 68' lang='lat' dir='ltr'>Dea&quot;</span> <span class='ocrx_word' id='word_1_355' title='bbox 2677 3051 3298 3139; x_wconf 36' lang='lat' dir='ltr'>Lauremlfoncept-ls’</span> <span class='ocrx_word' id='word_1_356' title='bbox 3334 3051 3368 3138; x_wconf 58' lang='grc' dir='ltr'>ίξ</span> 
     </span>
    </p>
   </div>
   <div class='ocr_carea' id='block_1_32' title="bbox 95 3127 3428 3228">
    <p class='ocr_par' dir='ltr' id='par_1_32' title="bbox 95 3127 3428 3228">
     <span class='ocr_line' id='line_1_32' title="bbox 95 3127 3428 3228; baseline 0.004 -31"><span class='ocrx_word' id='word_1_357' title='bbox 95 3148 154 3199; x_wconf 83' lang='lat' dir='ltr'>tui</span> <span class='ocrx_word' id='word_1_358' title='bbox 182 3155 333 3219; x_wconf 89' lang='lat' dir='ltr'>caput</span> <span class='ocrx_word' id='word_1_359' title='bbox 373 3167 504 3204; x_wconf 89' lang='lat' dir='ltr'>cum</span> <span class='ocrx_word' id='word_1_360' title='bbox 557 3152 894 3222; x_wconf 87' lang='lat' dir='ltr'>evangelica</span> <span class='ocrx_word' id='word_1_361' title='bbox 926 3154 1329 3208; x_wconf 88' lang='lat' dir='ltr'>recordatione</span> <span class='ocrx_word' id='word_1_362' title='bbox 1359 3156 1606 3222; x_wconf 90' lang='lat' dir='ltr'>misceri,</span> <span class='ocrx_word' id='word_1_363' title='bbox 1643 3153 1772 3228; x_wconf 83' lang='lat' dir='ltr'>etC</span> <span class='ocrx_word' id='word_1_364' title='bbox 1800 3130 2009 3200; x_wconf 64' lang='lat' dir='ltr'>mgnus</span> <span class='ocrx_word' id='word_1_365' title='bbox 2033 3128 2262 3199; x_wconf 62' lang='lat' dir='ltr'>adspira</span> <span class='ocrx_word' id='word_1_366' title='bbox 2291 3145 2304 3181; x_wconf 72' lang='grc'>³</span> <span class='ocrx_word' id='word_1_367' title='bbox 2339 3131 2623 3228; x_wconf 59' lang='lat' dir='ltr'>‘Eugf’a‘m‘</span> <span class='ocrx_word' id='word_1_368' title='bbox 2651 3127 2916 3228; x_wconf 53' lang='lat' dir='ltr'>fmmmm</span> <span class='ocrx_word' id='word_1_369' title='bbox 2938 3127 3082 3228; x_wconf 34' lang='lat' dir='ltr'>(id?</span> <span class='ocrx_word' id='word_1_370' title='bbox 3115 3131 3289 3182; x_wconf 45' lang='lat' dir='ltr'>tanta?</span> <span class='ocrx_word' id='word_1_371' title='bbox 3320 3127 3428 3182; x_wconf 46' lang='grc' dir='ltr'>ἦν’</span> 
     </span>
    </p>
   </div>
   <div class='ocr_carea' id='block_1_33' title="bbox 91 3221 3434 3318">
    <p class='ocr_par' dir='ltr' id='par_1_33' title="bbox 91 3221 3434 3318">
     <span class='ocr_line' id='line_1_33' title="bbox 91 3221 3434 3318; baseline -0.004 -29"><span class='ocrx_word' id='word_1_372' title='bbox 91 3228 213 3294; x_wconf 60' lang='lat' dir='ltr'>velut</span> <span class='ocrx_word' id='word_1_373' title='bbox 236 3241 288 3295; x_wconf 89' lang='lat' dir='ltr'>in</span> <span class='ocrx_word' id='word_1_374' title='bbox 319 3242 473 3298; x_wconf 85' lang='lat' dir='ltr'>disco</span> <span class='ocrx_word' id='word_1_375' title='bbox 506 3221 728 3298; x_wconf 90' lang='lat' dir='ltr'>metalli</span> <span class='ocrx_word' id='word_1_376' title='bbox 766 3245 1066 3312; x_wconf 90' lang='lat' dir='ltr'>radiantis,</span> <span class='ocrx_word' id='word_1_377' title='bbox 1097 3247 1176 3301; x_wconf 91' lang='lat' dir='ltr'>ita</span> <span class='ocrx_word' id='word_1_378' title='bbox 1222 3265 1391 3318; x_wconf 90' lang='lat' dir='ltr'>super</span> <span class='ocrx_word' id='word_1_379' title='bbox 1431 3266 1693 3304; x_wconf 90' lang='lat' dir='ltr'>mensam</span> <span class='ocrx_word' id='word_1_380' title='bbox 1733 3221 1772 3228; x_wconf 34' lang='grc' dir='ltr'><strong><em>ψ</em></strong></span> <span class='ocrx_word' id='word_1_381' title='bbox 1798 3223 1933 3318; x_wconf 36' lang='lat' dir='ltr'>tu“?</span> <span class='ocrx_word' id='word_1_382' title='bbox 1961 3225 2110 3289; x_wconf 62' lang='lat' dir='ltr'>ortu»</span> <span class='ocrx_word' id='word_1_383' title='bbox 2143 3225 2202 3275; x_wconf 60' lang='lat' dir='ltr'>et</span> <span class='ocrx_word' id='word_1_384' title='bbox 2242 3221 2419 3318; x_wconf 47' lang='grc' dir='ltr'>σοι’(ξδ</span> <span class='ocrx_word' id='word_1_385' title='bbox 2449 3221 2769 3318; x_wconf 33' lang='lat' dir='ltr'>limatum?</span> <span class='ocrx_word' id='word_1_386' title='bbox 2800 3221 3077 3293; x_wconf 84' lang='lat' dir='ltr'>supplicio</span> <span class='ocrx_word' id='word_1_387' title='bbox 3105 3224 3434 3318; x_wconf 70' lang='lat' dir='ltr'>martyrum</span> 
     </span>
    </p>
   </div>
   <div class='ocr_carea' id='block_1_34' title="bbox 97 3314 3433 3410">
    <p class='ocr_par' dir='ltr' id='par_1_34' title="bbox 97 3314 3433 3410">
     <span class='ocr_line' id='line_1_34' title="bbox 97 3314 3433 3410; baseline 0.004 -26"><span class='ocrx_word' id='word_1_388' title='bbox 97 3336 181 3386; x_wconf 62' lang='lat' dir='ltr'>tua</span> <span class='ocrx_word' id='word_1_389' title='bbox 216 3337 634 3407; x_wconf 88' lang='lat' dir='ltr'>propitiationis</span> <span class='ocrx_word' id='word_1_390' title='bbox 665 3338 879 3392; x_wconf 73' lang='lat' dir='ltr'>offerri.</span> <span class='ocrx_word' id='word_1_391' title='bbox 924 3340 1008 3394; x_wconf 90' lang='lat' dir='ltr'>Sit</span> <span class='ocrx_word' id='word_1_392' title='bbox 1041 3357 1179 3410; x_wconf 85' lang='lat' dir='ltr'>ergo</span> <span class='ocrx_word' id='word_1_393' title='bbox 1220 3314 1406 3409; x_wconf 80' lang='lat' dir='ltr'>nobis,</span> <span class='ocrx_word' id='word_1_394' title='bbox 1431 3343 1693 3408; x_wconf 90' lang='lat' dir='ltr'>Domine,</span> <span class='ocrx_word' id='word_1_395' title='bbox 1799 3316 2120 3410; x_wconf 29' lang='lat' dir='ltr'>ignianm’f;</span> <span class='ocrx_word' id='word_1_396' title='bbox 2149 3320 2210 3369; x_wconf 61' lang='lat' dir='ltr'>ut</span> <span class='ocrx_word' id='word_1_397' title='bbox 2237 3314 2390 3410; x_wconf 64' lang='lat' dir='ltr'>aPUd</span> <span class='ocrx_word' id='word_1_398' title='bbox 2417 3314 2874 3369; x_wconf 64' lang='lat' dir='ltr'>misericordiam</span> <span class='ocrx_word' id='word_1_399' title='bbox 2913 3318 3072 3410; x_wconf 45' lang='lat' dir='ltr'>tuam</span> <span class='ocrx_word' id='word_1_400' title='bbox 3103 3314 3433 3410; x_wconf 34' lang='lat' dir='ltr'>illius-iu&quot;?</span> 
     </span>
    </p>
   </div>
   <div class='ocr_carea' id='block_1_35' title="bbox 94 3407 3437 3506">
    <p class='ocr_par' dir='ltr' id='par_1_35' title="bbox 94 3407 3437 3506">
     <span class='ocr_line' id='line_1_35' title="bbox 94 3407 3437 3506; baseline 0.003 -25"><span class='ocrx_word' id='word_1_401' title='bbox 94 3424 301 3494; x_wconf 72' lang='lat' dir='ltr'>iocunda</span> <span class='ocrx_word' id='word_1_402' title='bbox 330 3431 611 3497; x_wconf 90' lang='lat' dir='ltr'>laudatio,</span> <span class='ocrx_word' id='word_1_403' title='bbox 647 3431 718 3484; x_wconf 90' lang='lat' dir='ltr'>sit</span> <span class='ocrx_word' id='word_1_404' title='bbox 744 3431 802 3485; x_wconf 91' lang='lat' dir='ltr'>in</span> <span class='ocrx_word' id='word_1_405' title='bbox 824 3433 1111 3488; x_wconf 91' lang='lat' dir='ltr'>honorem</span> <span class='ocrx_word' id='word_1_406' title='bbox 1135 3435 1394 3506; x_wconf 78' lang='lat' dir='ltr'>Martyris</span> <span class='ocrx_word' id='word_1_407' title='bbox 1426 3437 1693 3492; x_wconf 89' lang='lat' dir='ltr'>recorda-</span> <span class='ocrx_word' id='word_1_408' title='bbox 1798 3425 1929 3463; x_wconf 62' lang='lat' dir='ltr'>mur</span> <span class='ocrx_word' id='word_1_409' title='bbox 1953 3409 2181 3476; x_wconf 58' lang='lat' dir='ltr'>merito,</span> <span class='ocrx_word' id='word_1_410' title='bbox 2215 3408 2375 3478; x_wconf 70' lang='lat' dir='ltr'>Cujus</span> <span class='ocrx_word' id='word_1_411' title='bbox 2421 3409 2743 3462; x_wconf 61' lang='lat' dir='ltr'>exultamus</span> <span class='ocrx_word' id='word_1_412' title='bbox 2773 3409 3056 3480; x_wconf 47' lang='lat' dir='ltr'>exempl“</span> <span class='ocrx_word' id='word_1_413' title='bbox 3095 3410 3204 3463; x_wconf 63' lang='lat' dir='ltr'>Per</span> <span class='ocrx_word' id='word_1_414' title='bbox 3247 3407 3437 3462; x_wconf 65' lang='lat' dir='ltr'>Domi&#39;</span> 
     </span>
    </p>
   </div>
   <div class='ocr_carea' id='block_1_36' title="bbox 100 3506 2250 3601">
    <p class='ocr_par' dir='ltr' id='par_1_36' title="bbox 100 3506 2250 3601">
     <span class='ocr_line' id='line_1_36' title="bbox 100 3506 2250 3601; baseline 0.003 -29"><span class='ocrx_word' id='word_1_415' title='bbox 100 3519 157 3572; x_wconf 82' lang='lat' dir='ltr'>tio</span> <span class='ocrx_word' id='word_1_416' title='bbox 182 3523 365 3576; x_wconf 88' lang='lat' dir='ltr'>cantici</span> <span class='ocrx_word' id='word_1_417' title='bbox 391 3523 785 3594; x_wconf 88' lang='lat' dir='ltr'>triumphalis.</span> <span class='ocrx_word' id='word_1_418' title='bbox 810 3525 1030 3580; x_wconf 86' lang='lat' dir='ltr'>Etcum</span> <span class='ocrx_word' id='word_1_419' title='bbox 1049 3527 1136 3580; x_wconf 90' lang='lat' dir='ltr'>his</span> <span class='ocrx_word' id='word_1_420' title='bbox 1153 3529 1472 3583; x_wconf 64' lang='lat' dir='ltr'>caelestibus</span> <span class='ocrx_word' id='word_1_421' title='bbox 1499 3547 1692 3601; x_wconf 89' lang='lat' dir='ltr'>super-</span> <span class='ocrx_word' id='word_1_422' title='bbox 1800 3519 1938 3556; x_wconf 74' lang='lat' dir='ltr'>num</span> <span class='ocrx_word' id='word_1_423' title='bbox 1968 3506 2250 3556; x_wconf 62' lang='lat' dir='ltr'>“OStrum&#39;</span> 
     </span>
    </p>
   </div>
   <div class='ocr_carea' id='block_1_37' title="bbox 100 3612 1694 3692">
    <p class='ocr_par' dir='ltr' id='par_1_37' title="bbox 100 3612 1694 3692">
     <span class='ocr_line' id='line_1_37' title="bbox 100 3612 1694 3692; baseline 0.009 -28"><span class='ocrx_word' id='word_1_424' title='bbox 100 3612 259 3684; x_wconf 83' lang='lat' dir='ltr'>nisque</span> <span class='ocrx_word' id='word_1_425' title='bbox 279 3616 584 3671; x_wconf 85' lang='lat' dir='ltr'>virtutibus</span> <span class='ocrx_word' id='word_1_426' title='bbox 605 3617 792 3671; x_wconf 84' lang='lat' dir='ltr'>ﬁdelis</span> <span class='ocrx_word' id='word_1_427' title='bbox 803 3620 1001 3689; x_wconf 90' lang='lat' dir='ltr'>populi</span> <span class='ocrx_word' id='word_1_428' title='bbox 1013 3621 1357 3692; x_wconf 79' lang='lat' dir='ltr'>symphonia</span> <span class='ocrx_word' id='word_1_429' title='bbox 1368 3623 1694 3691; x_wconf 89' lang='lat' dir='ltr'>misceatur,</span> 
     </span>
    </p>
   </div>
   <div class='ocr_carea' id='block_1_38' title="bbox 103 3707 1698 3787">
    <p class='ocr_par' dir='ltr' id='par_1_38' title="bbox 103 3707 1698 3787">
     <span class='ocr_line' id='line_1_38' title="bbox 103 3707 1698 3787; baseline 0.008 -29"><span class='ocrx_word' id='word_1_430' title='bbox 103 3719 198 3773; x_wconf 61' lang='lat' dir='ltr'>qua</span> <span class='ocrx_word' id='word_1_431' title='bbox 223 3724 251 3760; x_wconf 88' lang='lat' dir='ltr'>a</span> <span class='ocrx_word' id='word_1_432' title='bbox 277 3707 486 3764; x_wconf 83' lang='lat' dir='ltr'>dextris</span> <span class='ocrx_word' id='word_1_433' title='bbox 518 3709 631 3763; x_wconf 88' lang='lat' dir='ltr'>tuis</span> <span class='ocrx_word' id='word_1_434' title='bbox 661 3726 919 3766; x_wconf 90' lang='lat' dir='ltr'>consona</span> <span class='ocrx_word' id='word_1_435' title='bbox 948 3729 1083 3767; x_wconf 90' lang='lat' dir='ltr'>voce</span> <span class='ocrx_word' id='word_1_436' title='bbox 1117 3714 1220 3768; x_wconf 92' lang='lat' dir='ltr'>sub</span> <span class='ocrx_word' id='word_1_437' title='bbox 1241 3715 1393 3770; x_wconf 89' lang='lat' dir='ltr'>trina</span> <span class='ocrx_word' id='word_1_438' title='bbox 1410 3716 1698 3787; x_wconf 89' lang='lat' dir='ltr'>repetitio-</span> 
     </span>
    </p>
   </div>
   <div class='ocr_carea' id='block_1_39' title="bbox 103 3803 1605 3877">
    <p class='ocr_par' dir='ltr' id='par_1_39' title="bbox 103 3803 1605 3877">
     <span class='ocr_line' id='line_1_39' title="bbox 103 3803 1605 3877; baseline 0.009 -27"><span class='ocrx_word' id='word_1_439' title='bbox 103 3812 156 3850; x_wconf 85' lang='lat' dir='ltr'>ne</span> <span class='ocrx_word' id='word_1_440' title='bbox 180 3805 411 3871; x_wconf 85' lang='lat' dir='ltr'>cantant,</span> <span class='ocrx_word' id='word_1_441' title='bbox 444 3803 727 3858; x_wconf 88' lang='lat' dir='ltr'>dicentes.</span> <span class='ocrx_word' id='word_1_442' title='bbox 754 3805 1018 3874; x_wconf 89' lang='lat' dir='ltr'>Sanctus,</span> <span class='ocrx_word' id='word_1_443' title='bbox 1054 3808 1316 3877; x_wconf 90' lang='lat' dir='ltr'>Sanctus,</span> <span class='ocrx_word' id='word_1_444' title='bbox 1347 3810 1605 3864; x_wconf 89' lang='lat' dir='ltr'>Sanctus.</span> 
     </span>
    </p>
   </div>
   <div class='ocr_carea' id='block_1_40' title="bbox 1847 2649 3394 2703">
    <p class='ocr_par' dir='ltr' id='par_1_40' title="bbox 1847 2649 3394 2703">
     <span class='ocr_line' id='line_1_40' title="bbox 1847 2649 3394 2703; baseline 0 -1"><span class='ocrx_word' id='word_1_445' title='bbox 1847 2649 1972 2702; x_wconf 88' lang='lat' dir='ltr'>LIX.</span> <span class='ocrx_word' id='word_1_446' title='bbox 2015 2663 2175 2702; x_wconf 63' lang='lat' dir='ltr'>mssa</span> <span class='ocrx_word' id='word_1_447' title='bbox 2217 2663 2272 2700; x_wconf 64' lang='grc' dir='ltr'>ιη</span> <span class='ocrx_word' id='word_1_448' title='bbox 2311 2662 2518 2701; x_wconf 67' lang='lat' dir='ltr'>mnu:</span> <span class='ocrx_word' id='word_1_449' title='bbox 2560 2661 2753 2700; x_wconf 65' lang='lat' dir='ltr'>suum</span> <span class='ocrx_word' id='word_1_450' title='bbox 2796 2662 3060 2702; x_wconf 74' lang='lat' dir='ltr'>LAURENTI</span> <span class='ocrx_word' id='word_1_451' title='bbox 3103 2662 3394 2703; x_wconf 69' lang='lat' dir='ltr'>marrms.</span> 
     </span>
    </p>
   </div>
   <div class='ocr_carea' id='block_1_41' title="bbox 1865 2754 3431 2822">
    <p class='ocr_par' dir='ltr' id='par_1_41' title="bbox 1865 2754 3431 2822">
     <span class='ocr_line' id='line_1_41' title="bbox 1865 2754 3431 2822; baseline -0.001 -13"><span class='ocrx_word' id='word_1_452' title='bbox 1865 2757 2032 2822; x_wconf 87' lang='lat' dir='ltr'>Deus,</span> <span class='ocrx_word' id='word_1_453' title='bbox 2069 2754 2329 2808; x_wconf 87' lang='lat' dir='ltr'>ﬁdelium</span> <span class='ocrx_word' id='word_1_454' title='bbox 2377 2757 2608 2808; x_wconf 92' lang='lat' dir='ltr'>tuorum</span> <span class='ocrx_word' id='word_1_455' title='bbox 2655 2755 2904 2809; x_wconf 86' lang='lat' dir='ltr'>salvator</span> <span class='ocrx_word' id='word_1_456' title='bbox 2948 2758 3005 2808; x_wconf 88' lang='lat' dir='ltr'>et</span> <span class='ocrx_word' id='word_1_457' title='bbox 3038 2758 3246 2822; x_wconf 90' lang='lat' dir='ltr'>rector,</span> <span class='ocrx_word' id='word_1_458' title='bbox 3273 2755 3431 2810; x_wconf 91' lang='lat' dir='ltr'>omni</span> 
     </span>
    </p>
   </div>
   <div class='ocr_carea' id='block_1_42' title="bbox 1795 2847 3436 2920">
    <p class='ocr_par' dir='ltr' id='par_1_42' title="bbox 1795 2847 3436 2920">
     <span class='ocr_line' id='line_1_42' title="bbox 1795 2847 3436 2920; baseline -0.001 -17"><span class='ocrx_word' id='word_1_459' title='bbox 1795 2852 1999 2920; x_wconf 89' lang='lat' dir='ltr'>potens</span> <span class='ocrx_word' id='word_1_460' title='bbox 2038 2848 2389 2918; x_wconf 82' lang='lat' dir='ltr'>sempiterno</span> <span class='ocrx_word' id='word_1_461' title='bbox 2431 2848 2599 2913; x_wconf 88' lang='lat' dir='ltr'>Deus,</span> <span class='ocrx_word' id='word_1_462' title='bbox 2631 2847 2828 2902; x_wconf 90' lang='lat' dir='ltr'>adesto</span> <span class='ocrx_word' id='word_1_463' title='bbox 2860 2848 3003 2902; x_wconf 89' lang='lat' dir='ltr'>votis</span> <span class='ocrx_word' id='word_1_464' title='bbox 3036 2847 3436 2903; x_wconf 88' lang='lat' dir='ltr'>sollemnitatis</span> 
     </span>
    </p>
   </div>
   <div class='ocr_carea' id='block_1_43' title="bbox 1795 2939 3435 3013">
    <p class='ocr_par' dir='ltr' id='par_1_43' title="bbox 1795 2939 3435 3013">
     <span class='ocr_line' id='line_1_43' title="bbox 1795 2939 3435 3013; baseline -0.001 -17"><span class='ocrx_word' id='word_1_465' title='bbox 1795 2942 2120 3007; x_wconf 61' lang='lat' dir='ltr'>hodiernae;</span> <span class='ocrx_word' id='word_1_466' title='bbox 2165 2944 2222 2994; x_wconf 90' lang='lat' dir='ltr'>et</span> <span class='ocrx_word' id='word_1_467' title='bbox 2257 2939 2445 3013; x_wconf 82' lang='grc'>277</span> <span class='ocrx_word' id='word_1_468' title='bbox 2494 2940 2757 2995; x_wconf 66' lang='lat' dir='ltr'>Ecclesia:</span> <span class='ocrx_word' id='word_1_469' title='bbox 2806 2941 3029 3011; x_wconf 85' lang='lat' dir='ltr'>gaudiis</span> <span class='ocrx_word' id='word_1_470' title='bbox 3072 2941 3142 2994; x_wconf 91' lang='lat' dir='ltr'>de</span> <span class='ocrx_word' id='word_1_471' title='bbox 3185 2941 3435 3011; x_wconf 89' lang='lat' dir='ltr'>gloriosa</span> 
     </span>
    </p>
   </div>
   <div class='ocr_carea' id='block_1_44' title="bbox 1794 3033 3431 3106">
    <p class='ocr_par' dir='ltr' id='par_1_44' title="bbox 1794 3033 3431 3106">
     <span class='ocr_line' id='line_1_44' title="bbox 1794 3033 3431 3106; baseline -0.001 -16"><span class='ocrx_word' id='word_1_472' title='bbox 1794 3034 2063 3106; x_wconf 84' lang='lat' dir='ltr'>martyris</span> <span class='ocrx_word' id='word_1_473' title='bbox 2095 3035 2174 3088; x_wconf 88' lang='lat' dir='ltr'>tui</span> <span class='ocrx_word' id='word_1_474' title='bbox 2199 3034 2462 3105; x_wconf 90' lang='lat' dir='ltr'>passione</span> <span class='ocrx_word' id='word_1_475' title='bbox 2489 3033 2644 3088; x_wconf 89' lang='lat' dir='ltr'>beati</span> <span class='ocrx_word' id='word_1_476' title='bbox 2677 3035 2948 3088; x_wconf 89' lang='lat' dir='ltr'>Laurenti</span> <span class='ocrx_word' id='word_1_477' title='bbox 2982 3035 3298 3105; x_wconf 90' lang='lat' dir='ltr'>conceptis,</span> <span class='ocrx_word' id='word_1_478' title='bbox 3333 3034 3431 3088; x_wconf 90' lang='lat' dir='ltr'>be-</span> 
     </span>
    </p>
   </div>
   <div class='ocr_carea' id='block_1_45' title="bbox 2359 3571 2900 3633">
    <p class='ocr_par' dir='ltr' id='par_1_45' title="bbox 2359 3571 2900 3633">
     <span class='ocr_line' id='line_1_45' title="bbox 2359 3571 2900 3633; baseline 0 -13"><span class='ocrx_word' id='word_1_479' title='bbox 2359 3571 2610 3621; x_wconf 86' lang='lat' dir='ltr'>Collcctio</span> <span class='ocrx_word' id='word_1_480' title='bbox 2649 3571 2900 3633; x_wconf 87' lang='lat' dir='ltr'>sequitur.</span> 
     </span>
    </p>
   </div>
   <div class='ocr_carea' id='block_1_46' title="bbox 1870 3655 3436 3726">
    <p class='ocr_par' dir='ltr' id='par_1_46' title="bbox 1870 3655 3436 3726">
     <span class='ocr_line' id='line_1_46' title="bbox 1870 3655 3436 3726; baseline 0 -14"><span class='ocrx_word' id='word_1_481' title='bbox 1870 3659 2039 3725; x_wconf 91' lang='lat' dir='ltr'>Deus,</span> <span class='ocrx_word' id='word_1_482' title='bbox 2058 3657 2258 3711; x_wconf 89' lang='lat' dir='ltr'>mundi</span> <span class='ocrx_word' id='word_1_483' title='bbox 2295 3660 2522 3710; x_wconf 89' lang='lat' dir='ltr'>creator</span> <span class='ocrx_word' id='word_1_484' title='bbox 2549 3659 2607 3708; x_wconf 89' lang='lat' dir='ltr'>et</span> <span class='ocrx_word' id='word_1_485' title='bbox 2635 3660 2846 3722; x_wconf 91' lang='lat' dir='ltr'>rector,</span> <span class='ocrx_word' id='word_1_486' title='bbox 2875 3655 2971 3726; x_wconf 88' lang='lat' dir='ltr'>qui</span> <span class='ocrx_word' id='word_1_487' title='bbox 3004 3657 3155 3710; x_wconf 91' lang='lat' dir='ltr'>hunc</span> <span class='ocrx_word' id='word_1_488' title='bbox 3192 3657 3346 3712; x_wconf 90' lang='lat' dir='ltr'>diem</span> <span class='ocrx_word' id='word_1_489' title='bbox 3377 3657 3436 3712; x_wconf 90' lang='lat' dir='ltr'>in</span> 
     </span>
    </p>
   </div>
   <div class='ocr_carea' id='block_1_47' title="bbox 1798 3748 3439 3821">
    <p class='ocr_par' dir='ltr' id='par_1_47' title="bbox 1798 3748 3439 3821">
     <span class='ocr_line' id='line_1_47' title="bbox 1798 3748 3439 3821; baseline 0 -16"><span class='ocrx_word' id='word_1_490' title='bbox 1798 3752 1980 3806; x_wconf 72' lang='lat' dir='ltr'>levitas</span> <span class='ocrx_word' id='word_1_491' title='bbox 2000 3749 2368 3805; x_wconf 89' lang='lat' dir='ltr'>tuiLaurenti</span> <span class='ocrx_word' id='word_1_492' title='bbox 2396 3748 2674 3820; x_wconf 84' lang='lat' dir='ltr'>martyrio</span> <span class='ocrx_word' id='word_1_493' title='bbox 2703 3749 3289 3815; x_wconf 86' lang='lat' dir='ltr'>consecrasti,exaudi</span> <span class='ocrx_word' id='word_1_494' title='bbox 3311 3767 3439 3821; x_wconf 86' lang='lat' dir='ltr'>pro-</span> 
     </span>
    </p>
   </div>
   <div class='ocr_carea' id='block_1_48' title="bbox 1800 3841 3440 3915">
    <p class='ocr_par' dir='ltr' id='par_1_48' title="bbox 1800 3841 3440 3915">
     <span class='ocr_line' id='line_1_48' title="bbox 1800 3841 3440 3915; baseline 0 -17"><span class='ocrx_word' id='word_1_495' title='bbox 1800 3845 1970 3915; x_wconf 86' lang='lat' dir='ltr'>pitius</span> <span class='ocrx_word' id='word_1_496' title='bbox 1996 3843 2277 3914; x_wconf 89' lang='lat' dir='ltr'>supplices</span> <span class='ocrx_word' id='word_1_497' title='bbox 2295 3845 2440 3908; x_wconf 90' lang='lat' dir='ltr'>tuos,</span> <span class='ocrx_word' id='word_1_498' title='bbox 2471 3845 2529 3894; x_wconf 90' lang='lat' dir='ltr'>et</span> <span class='ocrx_word' id='word_1_499' title='bbox 2557 3841 2809 3895; x_wconf 90' lang='lat' dir='ltr'>concede</span> <span class='ocrx_word' id='word_1_500' title='bbox 2833 3844 2894 3894; x_wconf 92' lang='lat' dir='ltr'>ut</span> <span class='ocrx_word' id='word_1_501' title='bbox 2921 3857 3124 3895; x_wconf 91' lang='lat' dir='ltr'>omnes</span> <span class='ocrx_word' id='word_1_502' title='bbox 3160 3843 3256 3912; x_wconf 90' lang='lat' dir='ltr'>qui</span> <span class='ocrx_word' id='word_1_503' title='bbox 3290 3859 3440 3898; x_wconf 87' lang='lat' dir='ltr'>mar-</span> 
     </span>
    </p>
   </div>
   <div class='ocr_carea' id='block_1_49' title="bbox 105 3913 3436 4008">
    <p class='ocr_par' dir='ltr' id='par_1_49' title="bbox 105 3913 3436 4008">
     <span class='ocr_line' id='line_1_49' title="bbox 105 3913 3436 4008; baseline 0.008 -41"><span class='ocrx_word' id='word_1_504' title='bbox 105 3913 238 3971; x_wconf 79' lang='lat' dir='ltr'>LV&#39;lll.</span> <span class='ocrx_word' id='word_1_505' title='bbox 263 3935 408 3975; x_wconf 68' lang='lat' dir='ltr'>IISSA</span> <span class='ocrx_word' id='word_1_506' title='bbox 433 3939 491 3977; x_wconf 60' lang='grc' dir='ltr'><strong>ιω</strong></span> <span class='ocrx_word' id='word_1_507' title='bbox 521 3938 731 3978; x_wconf 69' lang='lat' dir='ltr'>mnu:</span> <span class='ocrx_word' id='word_1_508' title='bbox 762 3940 946 3979; x_wconf 72' lang='lat' dir='ltr'>SANCTI</span> <span class='ocrx_word' id='word_1_509' title='bbox 975 3942 1110 3981; x_wconf 69' lang='lat' dir='ltr'>snxrx</span> <span class='ocrx_word' id='word_1_510' title='bbox 1144 3943 1287 3982; x_wconf 68' lang='lat' dir='ltr'>mm:</span> <span class='ocrx_word' id='word_1_511' title='bbox 1325 3943 1479 3983; x_wconf 78' lang='lat' dir='ltr'>URBIS</span> <span class='ocrx_word' id='word_1_512' title='bbox 1515 3943 1694 3984; x_wconf 57' lang='lat' dir='ltr'>noue.</span> <span class='ocrx_word' id='word_1_513' title='bbox 1799 3938 2065 4008; x_wconf 70' lang='lat' dir='ltr'>typiiejus</span> <span class='ocrx_word' id='word_1_514' title='bbox 2086 3936 2292 3991; x_wconf 85' lang='lat' dir='ltr'>merita</span> <span class='ocrx_word' id='word_1_515' title='bbox 2309 3950 2674 4001; x_wconf 85' lang='lat' dir='ltr'>veneramur,</span> <span class='ocrx_word' id='word_1_516' title='bbox 2694 3933 3200 3990; x_wconf 89' lang='lat' dir='ltr'>intercessionibus</span> <span class='ocrx_word' id='word_1_517' title='bbox 3221 3935 3344 4006; x_wconf 88' lang='lat' dir='ltr'>ejus</span> <span class='ocrx_word' id='word_1_518' title='bbox 3365 3935 3436 3991; x_wconf 86' lang='lat' dir='ltr'>ab</span> 
     </span>
    </p>
   </div>
   <div class='ocr_carea' id='block_1_50' title="bbox 159 4019 3431 4105">
    <p class='ocr_par' dir='ltr' id='par_1_50' title="bbox 159 4019 3431 4105">
     <span class='ocr_line' id='line_1_50' title="bbox 159 4019 3431 4105; baseline 0.002 -23"><span class='ocrx_word' id='word_1_519' title='bbox 159 4019 321 4099; x_wconf 85' lang='grc'>276</span> <span class='ocrx_word' id='word_1_520' title='bbox 342 4028 588 4084; x_wconf 88' lang='lat' dir='ltr'>Domine</span> <span class='ocrx_word' id='word_1_521' title='bbox 603 4030 772 4097; x_wconf 91' lang='lat' dir='ltr'>Deus,</span> <span class='ocrx_word' id='word_1_522' title='bbox 788 4032 1043 4086; x_wconf 81' lang='lat' dir='ltr'>fidelium</span> <span class='ocrx_word' id='word_1_523' title='bbox 1058 4033 1456 4105; x_wconf 89' lang='lat' dir='ltr'>insuperabilis</span> <span class='ocrx_word' id='word_1_524' title='bbox 1478 4036 1698 4091; x_wconf 89' lang='lat' dir='ltr'>fortitu-</span> <span class='ocrx_word' id='word_1_525' title='bbox 1798 4033 2029 4088; x_wconf 63' lang='lat' dir='ltr'>aeternis</span> <span class='ocrx_word' id='word_1_526' title='bbox 2041 4033 2322 4103; x_wconf 65' lang='lat' dir='ltr'>gehennae</span> <span class='ocrx_word' id='word_1_527' title='bbox 2337 4030 2618 4085; x_wconf 89' lang='lat' dir='ltr'>incendiis</span> <span class='ocrx_word' id='word_1_528' title='bbox 2635 4029 2965 4087; x_wconf 90' lang='lat' dir='ltr'>liberemur.</span> <span class='ocrx_word' id='word_1_529' title='bbox 2982 4032 3090 4085; x_wconf 89' lang='lat' dir='ltr'>Per</span> <span class='ocrx_word' id='word_1_530' title='bbox 3101 4031 3431 4087; x_wconf 90' lang='lat' dir='ltr'>Dominum.</span> 
     </span>
    </p>
   </div>
   <div class='ocr_carea' id='block_1_51' title="bbox 109 4111 2933 4193">
    <p class='ocr_par' dir='ltr' id='par_1_51' title="bbox 109 4111 2933 4193">
     <span class='ocr_line' id='line_1_51' title="bbox 109 4111 2933 4193; baseline 0.002 -22"><span class='ocrx_word' id='word_1_531' title='bbox 109 4111 178 4176; x_wconf 80' lang='lat' dir='ltr'>d0,</span> <span class='ocrx_word' id='word_1_532' title='bbox 197 4119 279 4187; x_wconf 87' lang='lat' dir='ltr'>qui</span> <span class='ocrx_word' id='word_1_533' title='bbox 307 4120 454 4176; x_wconf 89' lang='lat' dir='ltr'>inter</span> <span class='ocrx_word' id='word_1_534' title='bbox 487 4123 804 4177; x_wconf 71' lang='lat' dir='ltr'>mundanae</span> <span class='ocrx_word' id='word_1_535' title='bbox 828 4127 1278 4181; x_wconf 89' lang='lat' dir='ltr'>conversationis</span> <span class='ocrx_word' id='word_1_536' title='bbox 1306 4128 1542 4183; x_wconf 88' lang='lat' dir='ltr'>adversa</span> <span class='ocrx_word' id='word_1_537' title='bbox 1564 4147 1694 4184; x_wconf 91' lang='lat' dir='ltr'>san-</span> <span class='ocrx_word' id='word_1_538' title='bbox 2289 4130 2537 4180; x_wconf 87' lang='lat' dir='ltr'>Collectio</span> <span class='ocrx_word' id='word_1_539' title='bbox 2567 4133 2683 4193; x_wconf 84' lang='lat' dir='ltr'>post</span> <span class='ocrx_word' id='word_1_540' title='bbox 2704 4129 2933 4179; x_wconf 89' lang='lat' dir='ltr'>nomina.</span> 
     </span>
    </p>
   </div>
   <div class='ocr_carea' id='block_1_52' title="bbox 110 4209 3436 4289">
    <p class='ocr_par' dir='ltr' id='par_1_52' title="bbox 110 4209 3436 4289">
     <span class='ocr_line' id='line_1_52' title="bbox 110 4209 3436 4289; baseline 0.004 -31"><span class='ocrx_word' id='word_1_541' title='bbox 110 4209 396 4268; x_wconf 85' lang='lat' dir='ltr'>ctorumnos</span> <span class='ocrx_word' id='word_1_542' title='bbox 415 4215 671 4270; x_wconf 82' lang='lat' dir='ltr'>maxime</span> <span class='ocrx_word' id='word_1_543' title='bbox 696 4217 1115 4287; x_wconf 80' lang='lat' dir='ltr'>gloriﬁcatione</span> <span class='ocrx_word' id='word_1_544' title='bbox 1133 4221 1697 4289; x_wconf 87' lang='lat' dir='ltr'>solaris,...tuiinde-</span> <span class='ocrx_word' id='word_1_545' title='bbox 1870 4219 2133 4275; x_wconf 88' lang='lat' dir='ltr'>Concede</span> <span class='ocrx_word' id='word_1_546' title='bbox 2177 4219 2360 4285; x_wconf 90' lang='lat' dir='ltr'>nobis,</span> <span class='ocrx_word' id='word_1_547' title='bbox 2406 4217 2669 4285; x_wconf 88' lang='lat' dir='ltr'>Domine,</span> <span class='ocrx_word' id='word_1_548' title='bbox 2704 4217 2951 4288; x_wconf 84' lang='lat' dir='ltr'>gratiam</span> <span class='ocrx_word' id='word_1_549' title='bbox 2993 4220 3150 4272; x_wconf 90' lang='lat' dir='ltr'>tuam</span> <span class='ocrx_word' id='word_1_550' title='bbox 3182 4218 3241 4271; x_wconf 90' lang='lat' dir='ltr'>in</span> <span class='ocrx_word' id='word_1_551' title='bbox 3282 4217 3436 4274; x_wconf 87' lang='lat' dir='ltr'>beati</span> 
     </span>
    </p>
   </div>
   <div class='ocr_carea' id='block_1_53' title="bbox 111 4299 3435 4384">
    <p class='ocr_par' dir='ltr' id='par_1_53' title="bbox 111 4299 3435 4384">
     <span class='ocr_line' id='line_1_53' title="bbox 111 4299 3435 4384; baseline 0.004 -30"><span class='ocrx_word' id='word_1_552' title='bbox 111 4299 316 4360; x_wconf 80' lang='lat' dir='ltr'>Siuenter</span> <span class='ocrx_word' id='word_1_553' title='bbox 352 4309 639 4376; x_wconf 87' lang='lat' dir='ltr'>accendis,</span> <span class='ocrx_word' id='word_1_554' title='bbox 680 4310 881 4377; x_wconf 87' lang='lat' dir='ltr'>excita,</span> <span class='ocrx_word' id='word_1_555' title='bbox 915 4313 1179 4380; x_wconf 88' lang='lat' dir='ltr'>Domine,</span> <span class='ocrx_word' id='word_1_556' title='bbox 1212 4315 1267 4367; x_wconf 91' lang='lat' dir='ltr'>in</span> <span class='ocrx_word' id='word_1_557' title='bbox 1305 4316 1554 4371; x_wconf 85' lang='lat' dir='ltr'>Ecclesia</span> <span class='ocrx_word' id='word_1_558' title='bbox 1600 4321 1697 4372; x_wconf 87' lang='lat' dir='ltr'>tua</span> <span class='ocrx_word' id='word_1_559' title='bbox 1799 4314 2068 4370; x_wconf 88' lang='lat' dir='ltr'>Laurenti</span> <span class='ocrx_word' id='word_1_560' title='bbox 2117 4313 2386 4384; x_wconf 87' lang='lat' dir='ltr'>martyris</span> <span class='ocrx_word' id='word_1_561' title='bbox 2435 4311 2770 4366; x_wconf 89' lang='lat' dir='ltr'>celebritate</span> <span class='ocrx_word' id='word_1_562' title='bbox 2811 4311 3229 4382; x_wconf 89' lang='lat' dir='ltr'>multiplicem;</span> <span class='ocrx_word' id='word_1_563' title='bbox 3259 4315 3323 4364; x_wconf 90' lang='lat' dir='ltr'>ut</span> <span class='ocrx_word' id='word_1_564' title='bbox 3365 4311 3435 4366; x_wconf 91' lang='lat' dir='ltr'>de</span> 
     </span>
    </p>
   </div>
   <div class='ocr_carea' id='block_1_54' title="bbox 112 4389 3434 4482">
    <p class='ocr_par' dir='ltr' id='par_1_54' title="bbox 112 4389 3434 4482">
     <span class='ocr_line' id='line_1_54' title="bbox 112 4389 3434 4482; baseline 0.004 -37"><span class='ocrx_word' id='word_1_565' title='bbox 112 4389 353 4467; x_wconf 86' lang='lat' dir='ltr'>Spiritum,</span> <span class='ocrx_word' id='word_1_566' title='bbox 381 4403 467 4456; x_wconf 91' lang='lat' dir='ltr'>cui</span> <span class='ocrx_word' id='word_1_567' title='bbox 518 4402 611 4456; x_wconf 88' lang='lat' dir='ltr'>ille</span> <span class='ocrx_word' id='word_1_568' title='bbox 657 4404 911 4470; x_wconf 86' lang='lat' dir='ltr'>servivit;</span> <span class='ocrx_word' id='word_1_569' title='bbox 965 4409 1025 4459; x_wconf 88' lang='lat' dir='ltr'>ut</span> <span class='ocrx_word' id='word_1_570' title='bbox 1068 4407 1403 4462; x_wconf 89' lang='lat' dir='ltr'>studeamus</span> <span class='ocrx_word' id='word_1_571' title='bbox 1457 4409 1695 4482; x_wconf 84' lang='lat' dir='ltr'>diligere</span> <span class='ocrx_word' id='word_1_572' title='bbox 1799 4409 1942 4464; x_wconf 89' lang='lat' dir='ltr'>tanti</span> <span class='ocrx_word' id='word_1_573' title='bbox 1975 4425 2161 4480; x_wconf 89' lang='lat' dir='ltr'>agone</span> <span class='ocrx_word' id='word_1_574' title='bbox 2208 4406 2540 4462; x_wconf 89' lang='lat' dir='ltr'>certaminis</span> <span class='ocrx_word' id='word_1_575' title='bbox 2571 4405 2751 4459; x_wconf 89' lang='lat' dir='ltr'>discat</span> <span class='ocrx_word' id='word_1_576' title='bbox 2786 4406 3030 4476; x_wconf 90' lang='lat' dir='ltr'>populus</span> <span class='ocrx_word' id='word_1_577' title='bbox 3061 4403 3434 4470; x_wconf 88' lang='lat' dir='ltr'>Christianus,</span> 
     </span>
    </p>
   </div>
   <div class='ocr_carea' id='block_1_55' title="bbox 115 4489 3433 4598">
    <p class='ocr_par' dir='ltr' id='par_1_55' title="bbox 115 4489 3433 4598">
     <span class='ocr_line' id='line_1_55' title="bbox 115 4489 3433 4598; baseline 0.003 -59"><span class='ocrx_word' id='word_1_578' title='bbox 115 4489 230 4598; x_wconf 59' lang='lat' dir='ltr'>quod</span> <span class='ocrx_word' id='word_1_579' title='bbox 255 4496 471 4563; x_wconf 84' lang='lat' dir='ltr'>amavit,</span> <span class='ocrx_word' id='word_1_580' title='bbox 508 4499 568 4549; x_wconf 91' lang='lat' dir='ltr'>et</span> <span class='ocrx_word' id='word_1_581' title='bbox 611 4513 783 4568; x_wconf 89' lang='lat' dir='ltr'>opere</span> <span class='ocrx_word' id='word_1_582' title='bbox 832 4515 1095 4554; x_wconf 81' lang='lat' dir='ltr'>exercere</span> <span class='ocrx_word' id='word_1_583' title='bbox 1140 4501 1294 4572; x_wconf 93' lang='lat' dir='ltr'>quod</span> <span class='ocrx_word' id='word_1_584' title='bbox 1350 4503 1560 4558; x_wconf 90' lang='lat' dir='ltr'>docuit.</span> <span class='ocrx_word' id='word_1_585' title='bbox 1589 4507 1774 4598; x_wconf 85' lang='lat' dir='ltr'>PerD</span> <span class='ocrx_word' id='word_1_586' title='bbox 1799 4507 1858 4558; x_wconf 84' lang='lat' dir='ltr'>et</span> <span class='ocrx_word' id='word_1_587' title='bbox 1887 4504 2054 4558; x_wconf 82' lang='lat' dir='ltr'>firma</span> <span class='ocrx_word' id='word_1_588' title='bbox 2076 4501 2308 4557; x_wconf 91' lang='lat' dir='ltr'>solidari</span> <span class='ocrx_word' id='word_1_589' title='bbox 2330 4499 2630 4572; x_wconf 90' lang='lat' dir='ltr'>patientia,</span> <span class='ocrx_word' id='word_1_590' title='bbox 2665 4502 2722 4552; x_wconf 89' lang='lat' dir='ltr'>et</span> <span class='ocrx_word' id='word_1_591' title='bbox 2750 4498 2846 4568; x_wconf 90' lang='lat' dir='ltr'>pia</span> <span class='ocrx_word' id='word_1_592' title='bbox 2877 4498 3130 4551; x_wconf 86' lang='lat' dir='ltr'>exultare</span> <span class='ocrx_word' id='word_1_593' title='bbox 3176 4496 3433 4550; x_wconf 87' lang='lat' dir='ltr'>victoria.</span> 
     </span>
    </p>
   </div>
   <div class='ocr_carea' id='block_1_56' title="bbox 113 4576 2899 4658">
    <p class='ocr_par' dir='ltr' id='par_1_56' title="bbox 113 4576 2899 4658">
     <span class='ocr_line' id='line_1_56' title="bbox 113 4576 2899 4658; baseline 0.003 -23"><span class='ocrx_word' id='word_1_594' title='bbox 113 4576 364 4641; x_wconf 85' lang='lat' dir='ltr'>Dominum</span> <span class='ocrx_word' id='word_1_595' title='bbox 389 4593 654 4646; x_wconf 87' lang='lat' dir='ltr'>nostrum</span> <span class='ocrx_word' id='word_1_596' title='bbox 677 4593 870 4646; x_wconf 76' lang='lat' dir='ltr'>Iesum</span> <span class='ocrx_word' id='word_1_597' title='bbox 899 4593 1101 4648; x_wconf 86' lang='lat' dir='ltr'>Filium</span> <span class='ocrx_word' id='word_1_598' title='bbox 1132 4598 1314 4651; x_wconf 88' lang='lat' dir='ltr'>tuum.</span> <span class='ocrx_word' id='word_1_599' title='bbox 1717 4576 1773 4598; x_wconf 65' lang='grc' dir='ltr'>ν</span> <span class='ocrx_word' id='word_1_600' title='bbox 2320 4595 2569 4646; x_wconf 88' lang='lat' dir='ltr'>Collectio</span> <span class='ocrx_word' id='word_1_601' title='bbox 2601 4595 2665 4644; x_wconf 87' lang='lat' dir='ltr'>ad</span> <span class='ocrx_word' id='word_1_602' title='bbox 2697 4609 2899 4658; x_wconf 88' lang='lat' dir='ltr'>pacem.</span> 
     </span>
    </p>
   </div>
   <div class='ocr_carea' id='block_1_57' title="bbox 614 4680 3432 4755">
    <p class='ocr_par' dir='ltr' id='par_1_57' title="bbox 614 4680 3432 4755">
     <span class='ocr_line' id='line_1_57' title="bbox 614 4680 3432 4755; baseline -0.001 -17"><span class='ocrx_word' id='word_1_603' title='bbox 614 4689 868 4740; x_wconf 87' lang='lat' dir='ltr'>Collectio</span> <span class='ocrx_word' id='word_1_604' title='bbox 895 4691 1147 4755; x_wconf 85' lang='lat' dir='ltr'>sequitur.</span> <span class='ocrx_word' id='word_1_605' title='bbox 1869 4685 2061 4742; x_wconf 87' lang='lat' dir='ltr'>Sancti</span> <span class='ocrx_word' id='word_1_606' title='bbox 2094 4683 2361 4738; x_wconf 90' lang='lat' dir='ltr'>Laurenti</span> <span class='ocrx_word' id='word_1_607' title='bbox 2396 4698 2519 4747; x_wconf 89' lang='lat' dir='ltr'>nos,</span> <span class='ocrx_word' id='word_1_608' title='bbox 2555 4680 2818 4747; x_wconf 90' lang='lat' dir='ltr'>Domine,</span> <span class='ocrx_word' id='word_1_609' title='bbox 2862 4695 3208 4750; x_wconf 61' lang='lat' dir='ltr'>quaesumus,</span> <span class='ocrx_word' id='word_1_610' title='bbox 3232 4695 3432 4750; x_wconf 85' lang='lat' dir='ltr'>preca-</span> 
     </span>
    </p>
   </div>
   <div class='ocr_carea' id='block_1_58' title="bbox 161 4766 3430 4852">
    <p class='ocr_par' dir='ltr' id='par_1_58' title="bbox 161 4766 3430 4852">
     <span class='ocr_line' id='line_1_58' title="bbox 161 4766 3430 4852; baseline 0.002 -30"><span class='ocrx_word' id='word_1_611' title='bbox 161 4766 339 4826; x_wconf 65' lang='lat' dir='ltr'>Praesta</span> <span class='ocrx_word' id='word_1_612' title='bbox 364 4775 551 4841; x_wconf 91' lang='lat' dir='ltr'>nobis,</span> <span class='ocrx_word' id='word_1_613' title='bbox 591 4775 961 4848; x_wconf 89' lang='lat' dir='ltr'>omnipotens</span> <span class='ocrx_word' id='word_1_614' title='bbox 993 4781 1050 4832; x_wconf 90' lang='lat' dir='ltr'>et</span> <span class='ocrx_word' id='word_1_615' title='bbox 1075 4777 1400 4835; x_wconf 90' lang='lat' dir='ltr'>misericors</span> <span class='ocrx_word' id='word_1_616' title='bbox 1431 4781 1598 4848; x_wconf 92' lang='lat' dir='ltr'>Deus,</span> <span class='ocrx_word' id='word_1_617' title='bbox 1634 4787 1696 4838; x_wconf 88' lang='lat' dir='ltr'>ut</span> <span class='ocrx_word' id='word_1_618' title='bbox 1797 4782 1875 4838; x_wconf 90' lang='lat' dir='ltr'>tio</span> <span class='ocrx_word' id='word_1_619' title='bbox 1900 4781 2055 4852; x_wconf 89' lang='lat' dir='ltr'>justa</span> <span class='ocrx_word' id='word_1_620' title='bbox 2088 4781 2352 4842; x_wconf 86' lang='lat' dir='ltr'>tueatur;</span> <span class='ocrx_word' id='word_1_621' title='bbox 2387 4779 2445 4828; x_wconf 87' lang='lat' dir='ltr'>et</span> <span class='ocrx_word' id='word_1_622' title='bbox 2487 4773 2644 4845; x_wconf 91' lang='lat' dir='ltr'>quod</span> <span class='ocrx_word' id='word_1_623' title='bbox 2676 4776 2875 4827; x_wconf 89' lang='lat' dir='ltr'>nostra</span> <span class='ocrx_word' id='word_1_624' title='bbox 2915 4773 3268 4828; x_wconf 90' lang='lat' dir='ltr'>conscientia</span> <span class='ocrx_word' id='word_1_625' title='bbox 3313 4790 3430 4830; x_wconf 90' lang='lat' dir='ltr'>non</span> 
     </span>
    </p>
   </div>
   <div class='ocr_carea' id='block_1_59' title="bbox 112 4854 3435 4947">
    <p class='ocr_par' dir='ltr' id='par_1_59' title="bbox 112 4854 3435 4947">
     <span class='ocr_line' id='line_1_59' title="bbox 112 4854 3435 4947; baseline 0.004 -37"><span class='ocrx_word' id='word_1_626' title='bbox 112 4854 225 4915; x_wconf 83' lang='lat' dir='ltr'>beati</span> <span class='ocrx_word' id='word_1_627' title='bbox 244 4863 367 4920; x_wconf 83' lang='lat' dir='ltr'>Sixti</span> <span class='ocrx_word' id='word_1_628' title='bbox 387 4868 659 4940; x_wconf 85' lang='lat' dir='ltr'>martyris</span> <span class='ocrx_word' id='word_1_629' title='bbox 685 4870 765 4924; x_wconf 89' lang='lat' dir='ltr'>tui</span> <span class='ocrx_word' id='word_1_630' title='bbox 792 4871 1039 4941; x_wconf 91' lang='lat' dir='ltr'>repetita</span> <span class='ocrx_word' id='word_1_631' title='bbox 1069 4873 1444 4942; x_wconf 90' lang='lat' dir='ltr'>sollemnitas,</span> <span class='ocrx_word' id='word_1_632' title='bbox 1476 4879 1533 4930; x_wconf 91' lang='lat' dir='ltr'>et</span> <span class='ocrx_word' id='word_1_633' title='bbox 1559 4876 1695 4931; x_wconf 91' lang='lat' dir='ltr'>libe-</span> <span class='ocrx_word' id='word_1_634' title='bbox 1795 4873 2110 4947; x_wconf 72' lang='lat' dir='ltr'>praesumit,</span> <span class='ocrx_word' id='word_1_635' title='bbox 2145 4872 2267 4943; x_wconf 87' lang='lat' dir='ltr'>ejus</span> <span class='ocrx_word' id='word_1_636' title='bbox 2299 4868 2484 4935; x_wconf 91' lang='lat' dir='ltr'>nobis,</span> <span class='ocrx_word' id='word_1_637' title='bbox 2521 4867 2616 4939; x_wconf 92' lang='lat' dir='ltr'>qui</span> <span class='ocrx_word' id='word_1_638' title='bbox 2647 4866 2750 4921; x_wconf 87' lang='lat' dir='ltr'>tibi</span> <span class='ocrx_word' id='word_1_639' title='bbox 2775 4866 3007 4938; x_wconf 91' lang='lat' dir='ltr'>placuit,</span> <span class='ocrx_word' id='word_1_640' title='bbox 3042 4867 3302 4923; x_wconf 89' lang='lat' dir='ltr'>oratione</span> <span class='ocrx_word' id='word_1_641' title='bbox 3337 4867 3435 4922; x_wconf 75' lang='lat' dir='ltr'>do~</span> 
     </span>
    </p>
   </div>
   <div class='ocr_carea' id='block_1_60' title="bbox 112 4952 3191 5034">
    <p class='ocr_par' dir='ltr' id='par_1_60' title="bbox 112 4952 3191 5034">
     <span class='ocr_line' id='line_1_60' title="bbox 112 4952 3191 5034; baseline 0.004 -30"><span class='ocrx_word' id='word_1_642' title='bbox 112 4952 343 5012; x_wconf 78' lang='lat' dir='ltr'>rationem</span> <span class='ocrx_word' id='word_1_643' title='bbox 385 4962 551 5016; x_wconf 90' lang='lat' dir='ltr'>nobis</span> <span class='ocrx_word' id='word_1_644' title='bbox 594 4964 915 5034; x_wconf 86' lang='lat' dir='ltr'>perfectam</span> <span class='ocrx_word' id='word_1_645' title='bbox 948 4965 1183 5032; x_wconf 89' lang='lat' dir='ltr'>tribuat,</span> <span class='ocrx_word' id='word_1_646' title='bbox 1213 4969 1269 5020; x_wconf 88' lang='lat' dir='ltr'>et</span> <span class='ocrx_word' id='word_1_647' title='bbox 1296 4969 1557 5023; x_wconf 89' lang='lat' dir='ltr'>salutem.</span> <span class='ocrx_word' id='word_1_648' title='bbox 1587 4971 1695 5024; x_wconf 88' lang='lat' dir='ltr'>Per</span> <span class='ocrx_word' id='word_1_649' title='bbox 1795 4971 1982 5023; x_wconf 91' lang='lat' dir='ltr'>netur.</span> <span class='ocrx_word' id='word_1_650' title='bbox 2015 4968 2122 5020; x_wconf 89' lang='lat' dir='ltr'>Per</span> <span class='ocrx_word' id='word_1_651' title='bbox 2147 4963 2456 5019; x_wconf 90' lang='lat' dir='ltr'>Dominum</span> <span class='ocrx_word' id='word_1_652' title='bbox 2484 4964 2744 5018; x_wconf 89' lang='lat' dir='ltr'>nostrum</span> <span class='ocrx_word' id='word_1_653' title='bbox 2780 4960 2982 5015; x_wconf 85' lang='lat' dir='ltr'>Filium</span> <span class='ocrx_word' id='word_1_654' title='bbox 3008 4963 3191 5016; x_wconf 91' lang='lat' dir='ltr'>tuum.</span> 
     </span>
    </p>
   </div>
   <div class='ocr_carea' id='block_1_61' title="bbox 116 5040 2864 5110">
    <p class='ocr_par' dir='ltr' id='par_1_61' title="bbox 116 5040 2864 5110">
     <span class='ocr_line' id='line_1_61' title="bbox 116 5040 2864 5110; baseline 0.004 -13"><span class='ocrx_word' id='word_1_655' title='bbox 116 5040 366 5107; x_wconf 84' lang='lat' dir='ltr'>Dominum</span> <span class='ocrx_word' id='word_1_656' title='bbox 399 5059 680 5110; x_wconf 89' lang='lat' dir='ltr'>nostrum.</span> <span class='ocrx_word' id='word_1_657' title='bbox 2356 5059 2646 5110; x_wconf 84' lang='lat' dir='ltr'>lmmolatio</span> <span class='ocrx_word' id='word_1_658' title='bbox 2679 5058 2864 5109; x_wconf 73' lang='lat' dir='ltr'>missae.</span> 
     </span>
    </p>
   </div>
   <div class='ocr_carea' id='block_1_62' title="bbox 550 5144 3440 5221">
    <p class='ocr_par' dir='ltr' id='par_1_62' title="bbox 550 5144 3440 5221">
     <span class='ocr_line' id='line_1_62' title="bbox 550 5144 3440 5221; baseline -0.001 -20"><span class='ocrx_word' id='word_1_659' title='bbox 550 5153 799 5204; x_wconf 88' lang='lat' dir='ltr'>Collectio</span> <span class='ocrx_word' id='word_1_660' title='bbox 821 5160 940 5219; x_wconf 84' lang='lat' dir='ltr'>post</span> <span class='ocrx_word' id='word_1_661' title='bbox 960 5157 1192 5208; x_wconf 88' lang='lat' dir='ltr'>nomina.</span> <span class='ocrx_word' id='word_1_662' title='bbox 1865 5153 2006 5205; x_wconf 91' lang='lat' dir='ltr'>Vere</span> <span class='ocrx_word' id='word_1_663' title='bbox 2027 5149 2268 5221; x_wconf 88' lang='lat' dir='ltr'>dignum</span> <span class='ocrx_word' id='word_1_664' title='bbox 2291 5151 2350 5202; x_wconf 91' lang='lat' dir='ltr'>et</span> <span class='ocrx_word' id='word_1_665' title='bbox 2357 5147 2579 5218; x_wconf 89' lang='lat' dir='ltr'>justum</span> <span class='ocrx_word' id='word_1_666' title='bbox 2607 5149 2710 5212; x_wconf 89' lang='lat' dir='ltr'>est,</span> <span class='ocrx_word' id='word_1_667' title='bbox 2746 5144 3114 5216; x_wconf 89' lang='lat' dir='ltr'>omnipotens</span> <span class='ocrx_word' id='word_1_668' title='bbox 3143 5145 3440 5216; x_wconf 87' lang='lat' dir='ltr'>sempiter-</span> 
     </span>
    </p>
   </div>
   <div class='ocr_carea' id='block_1_63' title="bbox 166 5228 3427 5313">
    <p class='ocr_par' dir='ltr' id='par_1_63' title="bbox 166 5228 3427 5313">
     <span class='ocr_line' id='line_1_63' title="bbox 166 5228 3427 5313; baseline 0.003 -33"><span class='ocrx_word' id='word_1_669' title='bbox 166 5228 359 5301; x_wconf 75' lang='lat' dir='ltr'>Adesto,</span> <span class='ocrx_word' id='word_1_670' title='bbox 377 5237 643 5306; x_wconf 90' lang='lat' dir='ltr'>Domine,</span> <span class='ocrx_word' id='word_1_671' title='bbox 660 5240 1174 5311; x_wconf 89' lang='lat' dir='ltr'>supplicationibus</span> <span class='ocrx_word' id='word_1_672' title='bbox 1189 5245 1416 5313; x_wconf 89' lang='lat' dir='ltr'>nostris,</span> <span class='ocrx_word' id='word_1_673' title='bbox 1442 5249 1500 5300; x_wconf 91' lang='lat' dir='ltr'>et</span> <span class='ocrx_word' id='word_1_674' title='bbox 1521 5246 1693 5300; x_wconf 87' lang='lat' dir='ltr'>inter-</span> <span class='ocrx_word' id='word_1_675' title='bbox 1795 5261 1866 5300; x_wconf 91' lang='lat' dir='ltr'>ne</span> <span class='ocrx_word' id='word_1_676' title='bbox 1898 5246 2066 5308; x_wconf 89' lang='lat' dir='ltr'>Deus,</span> <span class='ocrx_word' id='word_1_677' title='bbox 2083 5243 2184 5296; x_wconf 91' lang='lat' dir='ltr'>tibi</span> <span class='ocrx_word' id='word_1_678' title='bbox 2207 5242 2263 5295; x_wconf 91' lang='lat' dir='ltr'>in</span> <span class='ocrx_word' id='word_1_679' title='bbox 2287 5237 2714 5309; x_wconf 86' lang='lat' dir='ltr'>tantimartyris</span> <span class='ocrx_word' id='word_1_680' title='bbox 2733 5238 3072 5293; x_wconf 90' lang='lat' dir='ltr'>Laurenti...</span> <span class='ocrx_word' id='word_1_681' title='bbox 3098 5237 3282 5292; x_wconf 90' lang='lat' dir='ltr'>laudis</span> <span class='ocrx_word' id='word_1_682' title='bbox 3297 5237 3427 5292; x_wconf 90' lang='lat' dir='ltr'>hos-</span> 
     </span>
    </p>
   </div>
   <div class='ocr_carea' id='block_1_64' title="bbox 118 5322 3430 5409">
    <p class='ocr_par' dir='ltr' id='par_1_64' title="bbox 118 5322 3430 5409">
     <span class='ocr_line' id='line_1_64' title="bbox 118 5322 3430 5409; baseline 0.005 -41"><span class='ocrx_word' id='word_1_683' title='bbox 118 5322 316 5381; x_wconf 79' lang='lat' dir='ltr'>cessione</span> <span class='ocrx_word' id='word_1_684' title='bbox 346 5332 610 5403; x_wconf 85' lang='lat' dir='ltr'>martyris</span> <span class='ocrx_word' id='word_1_685' title='bbox 638 5334 717 5387; x_wconf 89' lang='lat' dir='ltr'>tui</span> <span class='ocrx_word' id='word_1_686' title='bbox 746 5334 884 5390; x_wconf 90' lang='lat' dir='ltr'>Sixti</span> <span class='ocrx_word' id='word_1_687' title='bbox 916 5341 1255 5409; x_wconf 88' lang='lat' dir='ltr'>perpetuam</span> <span class='ocrx_word' id='word_1_688' title='bbox 1280 5339 1445 5394; x_wconf 91' lang='lat' dir='ltr'>nobis</span> <span class='ocrx_word' id='word_1_689' title='bbox 1468 5339 1687 5394; x_wconf 89' lang='lat' dir='ltr'>miseri-</span> <span class='ocrx_word' id='word_1_690' title='bbox 1794 5339 1900 5394; x_wconf 89' lang='lat' dir='ltr'>tias</span> <span class='ocrx_word' id='word_1_691' title='bbox 1918 5337 2242 5402; x_wconf 87' lang='lat' dir='ltr'>immolare,</span> <span class='ocrx_word' id='word_1_692' title='bbox 2263 5334 2359 5406; x_wconf 90' lang='lat' dir='ltr'>qui</span> <span class='ocrx_word' id='word_1_693' title='bbox 2381 5332 2629 5388; x_wconf 90' lang='lat' dir='ltr'>hostiam</span> <span class='ocrx_word' id='word_1_694' title='bbox 2656 5331 2944 5386; x_wconf 90' lang='lat' dir='ltr'>viventem</span> <span class='ocrx_word' id='word_1_695' title='bbox 2972 5330 3142 5385; x_wconf 87' lang='lat' dir='ltr'>hodie</span> <span class='ocrx_word' id='word_1_696' title='bbox 3170 5330 3228 5383; x_wconf 89' lang='lat' dir='ltr'>in</span> <span class='ocrx_word' id='word_1_697' title='bbox 3254 5329 3430 5400; x_wconf 86' lang='lat' dir='ltr'>ipsius</span> 
     </span>
    </p>
   </div>
   <div class='ocr_carea' id='block_1_65' title="bbox 120 5414 3435 5504">
    <p class='ocr_par' dir='ltr' id='par_1_65' title="bbox 120 5414 3435 5504">
     <span class='ocr_line' id='line_1_65' title="bbox 120 5414 3435 5504; baseline 0.004 -38"><span class='ocrx_word' id='word_1_698' title='bbox 120 5414 322 5476; x_wconf 70' lang='lat' dir='ltr'>cordiam</span> <span class='ocrx_word' id='word_1_699' title='bbox 350 5423 636 5497; x_wconf 87' lang='lat' dir='ltr'>benignus</span> <span class='ocrx_word' id='word_1_700' title='bbox 661 5427 968 5500; x_wconf 89' lang='lat' dir='ltr'>impende;</span> <span class='ocrx_word' id='word_1_701' title='bbox 995 5435 1051 5485; x_wconf 86' lang='lat' dir='ltr'>et</span> <span class='ocrx_word' id='word_1_702' title='bbox 1078 5433 1316 5488; x_wconf 90' lang='lat' dir='ltr'>nomina</span> <span class='ocrx_word' id='word_1_703' title='bbox 1339 5449 1466 5504; x_wconf 77' lang='lat' dir='ltr'>quae</span> <span class='ocrx_word' id='word_1_704' title='bbox 1492 5434 1694 5488; x_wconf 87' lang='lat' dir='ltr'>recita-</span> <span class='ocrx_word' id='word_1_705' title='bbox 1792 5433 1977 5487; x_wconf 72' lang='lat' dir='ltr'>levita:</span> <span class='ocrx_word' id='word_1_706' title='bbox 2027 5430 2109 5484; x_wconf 89' lang='lat' dir='ltr'>tui</span> <span class='ocrx_word' id='word_1_707' title='bbox 2153 5427 2307 5483; x_wconf 90' lang='lat' dir='ltr'>beati</span> <span class='ocrx_word' id='word_1_708' title='bbox 2353 5425 2623 5482; x_wconf 88' lang='lat' dir='ltr'>Laurenti</span> <span class='ocrx_word' id='word_1_709' title='bbox 2673 5425 2942 5496; x_wconf 87' lang='lat' dir='ltr'>martyris</span> <span class='ocrx_word' id='word_1_710' title='bbox 2977 5421 3298 5478; x_wconf 88' lang='lat' dir='ltr'>ministerio</span> <span class='ocrx_word' id='word_1_711' title='bbox 3330 5439 3435 5494; x_wconf 90' lang='lat' dir='ltr'>per</span> 
     </span>
    </p>
   </div>
   <div class='ocr_carea' id='block_1_66' title="bbox 123 5506 3438 5602">
    <p class='ocr_par' dir='ltr' id='par_1_66' title="bbox 123 5506 3438 5602">
     <span class='ocr_line' id='line_1_66' title="bbox 123 5506 3438 5602; baseline 0.001 -35"><span class='ocrx_word' id='word_1_712' title='bbox 123 5506 163 5602; x_wconf 48' lang='grc' dir='ltr'>ξε</span> <span class='ocrx_word' id='word_1_713' title='bbox 185 5517 291 5566; x_wconf 82' lang='lat' dir='ltr'>sunt</span> <span class='ocrx_word' id='word_1_714' title='bbox 310 5523 630 5575; x_wconf 87' lang='lat' dir='ltr'>nostrorum</span> <span class='ocrx_word' id='word_1_715' title='bbox 655 5539 922 5577; x_wconf 89' lang='lat' dir='ltr'>carorum</span> <span class='ocrx_word' id='word_1_716' title='bbox 947 5525 1006 5578; x_wconf 92' lang='lat' dir='ltr'>in</span> <span class='ocrx_word' id='word_1_717' title='bbox 1024 5527 1231 5582; x_wconf 65' lang='lat' dir='ltr'>caelesti</span> <span class='ocrx_word' id='word_1_718' title='bbox 1253 5526 1470 5598; x_wconf 89' lang='lat' dir='ltr'>pagina</span> <span class='ocrx_word' id='word_1_719' title='bbox 1485 5527 1693 5598; x_wconf 89' lang='lat' dir='ltr'>jubeas</span> <span class='ocrx_word' id='word_1_720' title='bbox 1791 5526 1997 5580; x_wconf 88' lang='lat' dir='ltr'>ﬂorem</span> <span class='ocrx_word' id='word_1_721' title='bbox 2014 5523 2152 5578; x_wconf 86' lang='lat' dir='ltr'>casti</span> <span class='ocrx_word' id='word_1_722' title='bbox 2165 5521 2422 5594; x_wconf 90' lang='lat' dir='ltr'>corporis</span> <span class='ocrx_word' id='word_1_723' title='bbox 2445 5519 2733 5590; x_wconf 88' lang='lat' dir='ltr'>accepisti.</span> <span class='ocrx_word' id='word_1_724' title='bbox 2749 5519 2920 5589; x_wconf 87' lang='lat' dir='ltr'>Cujus</span> <span class='ocrx_word' id='word_1_725' title='bbox 2938 5533 3137 5572; x_wconf 89' lang='lat' dir='ltr'>vocem</span> <span class='ocrx_word' id='word_1_726' title='bbox 3149 5532 3254 5588; x_wconf 91' lang='lat' dir='ltr'>per</span> <span class='ocrx_word' id='word_1_727' title='bbox 3273 5515 3438 5588; x_wconf 89' lang='lat' dir='ltr'>hym-</span> 
     </span>
    </p>
   </div>
   <div class='ocr_carea' id='block_1_67' title="bbox 123 5601 3438 5684">
    <p class='ocr_par' dir='ltr' id='par_1_67' title="bbox 123 5601 3438 5684">
     <span class='ocr_line' id='line_1_67' title="bbox 123 5601 3438 5684; baseline 0.005 -37"><span class='ocrx_word' id='word_1_728' title='bbox 123 5601 337 5663; x_wconf 80' lang='lat' dir='ltr'>intimari.</span> <span class='ocrx_word' id='word_1_729' title='bbox 368 5613 471 5666; x_wconf 89' lang='lat' dir='ltr'>Per</span> <span class='ocrx_word' id='word_1_730' title='bbox 497 5615 807 5671; x_wconf 90' lang='lat' dir='ltr'>Dominum</span> <span class='ocrx_word' id='word_1_731' title='bbox 833 5621 1115 5673; x_wconf 89' lang='lat' dir='ltr'>nostrum.</span> <span class='ocrx_word' id='word_1_732' title='bbox 1793 5618 2047 5674; x_wconf 90' lang='lat' dir='ltr'>nidicum</span> <span class='ocrx_word' id='word_1_733' title='bbox 2078 5615 2454 5672; x_wconf 88' lang='lat' dir='ltr'>modolamiui</span> <span class='ocrx_word' id='word_1_734' title='bbox 2480 5612 2504 5641; x_wconf 82' lang='grc'><strong><em>⁸</em></strong></span> <span class='ocrx_word' id='word_1_735' title='bbox 2547 5611 2752 5684; x_wconf 89' lang='lat' dir='ltr'>psalmi</span> <span class='ocrx_word' id='word_1_736' title='bbox 2793 5610 3136 5679; x_wconf 87' lang='lat' dir='ltr'>audivimus,</span> <span class='ocrx_word' id='word_1_737' title='bbox 3176 5612 3438 5666; x_wconf 83' lang='lat' dir='ltr'>canentis</span> 
     </span>
    </p>
   </div>
   <div class='ocr_carea' id='block_1_68' title="bbox 140 5739 3436 5899">
    <p class='ocr_par' dir='ltr' id='par_1_68' title="bbox 140 5739 3436 5899">
     <span class='ocr_line' id='line_1_68' title="bbox 140 5739 3436 5899; baseline -0.006 -75"><span class='ocrx_word' id='word_1_738' title='bbox 140 5739 356 5896; x_wconf 34' lang='lat'>013:8;</span> <span class='ocrx_word' id='word_1_739' title='bbox 363 5757 668 5899; x_wconf 54' lang='lat' dir='ltr'>gledulum,</span> <span class='ocrx_word' id='word_1_740' title='bbox 702 5760 790 5815; x_wconf 90' lang='lat' dir='ltr'>vel</span> <span class='ocrx_word' id='word_1_741' title='bbox 817 5761 1106 5820; x_wconf 70' lang='lat' dir='ltr'>modulati.</span> <span class='ocrx_word' id='word_1_742' title='bbox 1142 5763 1241 5820; x_wconf 85' lang='lat' dir='ltr'>Hic</span> <span class='ocrx_word' id='word_1_743' title='bbox 1263 5779 1403 5836; x_wconf 87' lang='lat' dir='ltr'>ergo</span> <span class='ocrx_word' id='word_1_744' title='bbox 1427 5764 1738 5820; x_wconf 87' lang='lat' dir='ltr'>versiculus</span> <span class='ocrx_word' id='word_1_745' title='bbox 1763 5767 1898 5820; x_wconf 89' lang='lat' dir='ltr'>tunc</span> <span class='ocrx_word' id='word_1_746' title='bbox 1923 5763 1982 5818; x_wconf 91' lang='lat' dir='ltr'>in</span> <span class='ocrx_word' id='word_1_747' title='bbox 2013 5763 2158 5818; x_wconf 88' lang='lat' dir='ltr'>festo</span> <span class='ocrx_word' id='word_1_748' title='bbox 2179 5760 2362 5816; x_wconf 87' lang='lat' dir='ltr'>sancti</span> <span class='ocrx_word' id='word_1_749' title='bbox 2388 5755 2698 5822; x_wconf 84' lang='lat' dir='ltr'>Laurentii,</span> <span class='ocrx_word' id='word_1_750' title='bbox 2722 5754 2803 5809; x_wconf 88' lang='lat' dir='ltr'>uti</span> <span class='ocrx_word' id='word_1_751' title='bbox 2836 5767 3008 5822; x_wconf 90' lang='lat' dir='ltr'>nunc,</span> <span class='ocrx_word' id='word_1_752' title='bbox 3033 5750 3352 5812; x_wconf 86' lang='lat' dir='ltr'>canebatur</span> <span class='ocrx_word' id='word_1_753' title='bbox 3379 5753 3436 5806; x_wconf 93' lang='lat' dir='ltr'>in</span> 
     </span>
     <span class='ocr_line' id='line_1_69' title="bbox 277 5855 618 5899; baseline 0 0"><span class='ocrx_word' id='word_1_754' title='bbox 277 5855 302 5892; x_wconf 78' lang='grc' dir='ltr'><strong>Θ</strong></span> <span class='ocrx_word' id='word_1_755' title='bbox 435 5862 618 5899; x_wconf 83' lang='lat' dir='ltr'>lcano.</span> 
     </span>
    </p>
   </div>
   <div class='ocr_carea' id='block_1_69' title="bbox 277 5855 618 5904">
    <p class='ocr_par' dir='ltr' id='par_1_69' title="bbox 277 5855 618 5904">
     <span class='ocr_line' id='line_1_70' title="bbox 277 5855 618 5904; baseline 0.026 -8"><span class='ocrx_word' id='word_1_756' title='bbox 277 5855 302 5892; x_wconf 78' lang='grc' dir='ltr'>Θ</span> <span class='ocrx_word' id='word_1_757' title='bbox 319 5855 618 5904; x_wconf 65' lang='grc' dir='ltr'>ῡωιιοιωο.</span> 
     </span>
    </p>
   </div>
   <div class='ocr_carea' id='block_1_70' title="bbox 76 5931 1678 6046">
    <p class='ocr_par' dir='ltr' id='par_1_70' title="bbox 76 5940 950 6046">
     <span class='ocr_line' id='line_1_71' title="bbox 76 5940 950 6046; baseline 0.011 -40"><span class='ocrx_word' id='word_1_758' title='bbox 76 5991 82 6046; x_wconf 31' lang='grc' dir='ltr'>ν</span> <span class='ocrx_word' id='word_1_759' title='bbox 392 5940 660 6012; x_wconf 71' lang='grc' dir='ltr'>ΡΑτειοι..</span> <span class='ocrx_word' id='word_1_760' title='bbox 711 5947 950 6017; x_wconf 81' lang='lat' dir='ltr'>LXXII.</span> 
     </span>
    </p>
   </div>
   <div class='ocr_carea' id='block_1_71' title="bbox 1820 5931 3116 6046">
    <p class='ocr_par' dir='ltr' id='par_1_71' title="bbox 2792 5931 3116 6003">
     <span class='ocr_line' id='line_1_72' title="bbox 2792 5931 3116 6003; baseline -0.003 0"><span class='ocrx_word' id='word_1_761' title='bbox 2792 5931 2797 5936; x_wconf 84' lang='lat'><strong>&#39;</strong></span> <span class='ocrx_word' id='word_1_762' title='bbox 3045 5945 3116 6003; x_wconf 72' lang='lat' dir='ltr'>io</span> 
     </span>
    </p>
   </div>
  </div>
