3968 6224
534 287 638 341 299

1319 280 1651 339 APPENDIX
1688 280 1775 336 AD
1812 279 2034 337 OPERA
2072 278 2304 339 SANC'I'I
2341 276 2642 339 GERMANI
2677 281 3104 339 PARISIENSIS.

3788 284 3868 339 300

533 396 707 462 atque
738 388 1017 446 dicentis:
1049 390 1309 446 Probasti
1339 405 1438 444 cor
1464 405 1682 457 meum,
1703 389 1872 457 Deus,
1895 392 1954 443 et
1979 388 2165 445 visita-
2186 404 2246 476 Α
2266 391 2477 446 nostris
2508 392 2609 462 qui
2639 392 2699 446 in
2728 391 2951 448 Christo
2998 388 3297 445 dormiunt
3336 385 3648 461 refrigeria
3688 392 3874 446 interna

532 485 602 538 sti
634 486 821 551 nocte,
845 484 906 538 id
931 484 1095 538 estin
1127 482 1380 538 tenebris
1411 483 1635 547 saeculi;
1668 481 1806 553 igne
1834 499 1926 537 me
1956 483 2166 538 exami-

531 577 700 644 nasti,
725 580 924 632 etnon
952 580 1037 631 est
1061 576 1293 630 inventa
1318 576 1376 629 in
1402 592 1496 629 me
1526 574 1818 645 iniquitas.
1851 576 1894 631 Ο
1916 576 2167 647 gloriosa

530 670 863 725 certaminis
886 670 1063 725 virtus
1083 670 1095 724 ι
1130 686 1163 723 ο
1191 669 1530 723 inconcussa
1547 668 1873 724 constantia
1893 670 2168 725 conﬁten-

529 764 629 819 tis!
664 763 925 819 Stridunt
953 762 1214 817 membra
1241 760 1491 817 viventia
1513 779 1686 832 super
1700 763 2035 817 craticulam
2056 763 2162 817 im-

528 857 743 927 posita;
769 860 827 911 et
847 855 1046 927 prunis
1066 854 1449 923 saevientibus,
1472 855 1831 923 anhelantes,
1864 856 2166 911 incensum

530 970 695 1007 suum
727 954 785 1007 in
817 953 1055 1007 modum
1085 952 1482 1023 thymiamatis
1513 952 1719 1006 divinis
1743 953 1978 1007 naribus
2007 954 2162 1008 exhi-

527 1046 668 1107 bent
710 1046 970 1101 odorem.
1009 1046 1155 1100 Dicit
1200 1045 1356 1105 enim
1387 1046 1599 1117 Martyr
1625 1045 1745 1116 ipse
1778 1063 1909 1100 cum
1939 1048 2116 1103 Paulo
2147 1065 2160 1102 :

527 1139 733 1194 Christi
763 1140 950 1195 bonus
981 1140 1126 1194 odor
1152 1155 1347 1193 sumus
1367 1139 1505 1193 Deo.
1534 1139 1658 1194 Non
1688 1139 1843 1193 enim
1874 1140 2167 1212 cogitabat

526 1232 820 1303 quomodo
847 1233 906 1287 in
925 1236 1082 1287 terra
1110 1232 1347 1303 positus,
1375 1249 1409 1286 a
1437 1232 1721 1303 passionis
1747 1233 2002 1304 periculo
2028 1234 2165 1288 libe-

523 1313 770 1394 raretur,
796 1326 896 1380 sed
925 1326 1218 1397 quomodo
1242 1325 1396 1379 inter
1419 1330 1703 1397 martyres
1734 1325 1793 1380 in
1820 1327 1971 1382 caelis
1997 1344 2159 1383 coro-

527 1422 782 1474 naretur.
797 1420 906 1473 Per
918 1418 1207 1475 Christum
1220 1420 1531 1474 Dominum
1544 1423 1826 1475 nostrum.
1846 1423 1955 1475 Per
1966 1437 2158 1493 quem.

767 1524 870 1579 LX.
911 1539 1073 1580 mssa
1113 1540 1301 1581 SANCTI
1339 1541 1589 1583 YPPOLITI
1631 1544 1922 1585 MARTYRIS.

599 1620 793 1696 278
820 1623 904 1676 Da
929 1623 1113 1690 nobis,
1144 1625 1515 1696 omnipotens
1536 1629 1594 1680 et
1622 1626 1946 1682 misericors
1990 1627 2159 1695 Deus,

527 1718 590 1771 ut
613 1715 768 1771 beati
790 1715 1038 1787 Yppoliti
1066 1718 1336 1789 martyris
1354 1719 1433 1773 tui
1449 1720 1784 1775 veneranda
1803 1721 2157 1789 solemnitas,

2268 485 2569 540 concedas.
2598 488 2725 540 Per.

2794 555 3044 606 Collectio
3067 554 3133 605 ad
3160 567 3364 618 pacem.

2336 641 2635 696 Praetende
2688 641 2851 696 nobis
2895 639 3353 696 misericordiam
3386 637 3581 713 279
3631 641 3801 705 tuam,
3828 646 3872 695 et

2267 738 2390 789 esto
2429 734 2627 806 populi
2665 734 2750 789 tui
2799 734 3071 790 defensor
3113 737 3173 789 et
3214 737 3423 801 custos,
3468 736 3532 788 ut
3572 735 3871 788 sanctorum

2266 831 2500 883 tuorum
2527 828 2742 883 Cornili
2764 833 2822 883 et
2837 827 3106 900 Cypriani
3131 826 3466 882 veneranda
3487 826 3791 883 sollemnia
3813 845 3875 881 se-

2264 938 2402 979 curo
2431 923 2653 994 possint
2673 923 3041 993 frequentare
3073 924 3376 976 conventu.
3402 922 3529 977 Per.

2834 1020 3125 1070 lmmolatio
3154 1019 3342 1069 missae.

2335 1106 2585 1177 Dignum
2617 1108 2675 1161 et
2695 1105 2915 1177 justum
2947 1108 3035 1159 est
3064 1121 3294 1176 semper
3320 1108 3380 1160 et
3405 1104 3622 1176 ubique
3648 1105 3871 1177 tibigra-

2264 1200 2373 1254 tias
2393 1216 2589 1271 agere,
2623 1200 2991 1271 omnipotens
3027 1202 3244 1254 aeterne
3279 1201 3445 1265 Deus,
3474 1202 3651 1270 teque
3684 1199 3742 1253 in
3773 1216 3875 1254 san-

2264 1296 2486 1348 ctorum
2508 1297 2830 1363 martyrum
2859 1292 3174 1364 praedicare
3198 1293 3434 1347 virtute:
3468 1310 3615 1364 quos
3644 1292 3874 1348 discretis

2264 1390 2551 1441 terrarum
2579 1387 2838 1458 partibus
2867 1402 3079 1458 greges
3102 1403 3292 1442 sacros
3313 1389 3638 1458 pascentes,
3662 1403 3775 1441 una
3799 1404 3873 1440 ea-

2264 1480 2513 1551 demque
2558 1480 2694 1548 ﬁde,
2724 1480 2794 1534 de
2841 1480 3078 1534 diversis
3123 1480 3258 1535 licet
3300 1478 3682 1552 temporibus,
3710 1496 3877 1535 conso.

2263 1576 2461 1641 nante,
2489 1572 2729 1645 parique
2765 1573 3019 1629 nominis
3060 1574 3146 1628 tui
3188 1567 3551 1629 confessione
3593 1575 3875 1640 coronasti,

2260 1668 2369 1722 Per
2387 1666 2698 1722 Dominum
2718 1670 3000 1722 nostrum.
3034 1669 3145 1722 Per
3170 1683 3366 1738 quem.

526 1813 586 1864 et
605 1808 973 1865 devotionem
1005 1809 1170 1865 nobis
1201 1815 1414 1883 augeat
1438 1815 1497 1867 et
1526 1814 1790 1869 salutem.
1838 1815 1947 1869 Per
1971 1812 2157 1869 Domi-
2180 1785 2237 1857 B
2262 1782 2410 1839 LXII'
2442 1799 2603 1840 mss“
2632 1800 2685 1840 ’Ν
2719 1799 3274 1883 “uti
3301 1798 3672 1840 Cumont"
3702 1798 3874 1839 ’OH‘N'

526 1919 667 1959 num
689 1905 951 1959 nostrum
975 1903 1181 1958 Filium
1214 1906 1395 1960 tuum.

1072 2001 1321 2051 Collectio
1350 2003 1601 2067 sequitur.

593 2084 806 2138 Praesta
846 2080 1030 2150 nobis,
1061 2083 1429 2155 omnipotens
1456 2088 1514 2139 et
1544 2084 1872 2140 misericors
1898 2086 2069 2155 Deus,
2097 2089 2161 2141 ut

520 2174 676 2231 beati
700 2175 949 2248 Yppoliti
970 2178 1240 2247 martyris
1269 2177 1349 2231 tui
1362 2178 1609 2250 repetita
1637 2178 1992 2247 solemnitas,
2022 2183 2079 2234 et
2098 2178 2158 2234 li-

518 2269 882 2325 berationem
929 2270 1094 2325 nobis
1138 2272 1458 2342 perfectam
1506 2272 1741 2341 tribuat,
1786 2275 1843 2327 et
1890 2274 2153 2329 salutem.

518 2364 628 2421 Per
654 2364 963 2421 Dominum
993 2368 1275 2421 nostrum.

960 2448 969 2461 ”
1009 2462 1260 2513 Collectio
1289 2466 1407 2527 post
1424 2463 1656 2515 nomina.

590 2544 760 2611 Deus,
783 2546 1015 2599 tuorum
1041 2545 1246 2615 gloria,
1274 2545 1514 2617 martyri
1554 2549 1655 2601 tuo
1686 2547 1972 2619 Yppolito,
1999 2565 2153 2621 quaa-

518 2657 733 2709 sumus,
763 2644 827 2696 ut
863 2658 967 2713 pro
1007 2642 1173 2697 nobis
1198 2643 1710 2714 supplicantem...,
1745 2645 1943 2701 omnia
1990 2647 2157 2702 nobis

515 2755 794 2814 prospera
826 2739 1101 2795 concede.
1153 2741 1263 2795 Per
1312 2740 1625 2796 Dominum
1656 2746 1918 2799 nostrum
1949 2744 2155 2800 Filium

517 2836 699 2889 tuum.

1049 2901 1302 2954 Collectio
1326 2903 1392 2954 ad
1415 2918 1621 2970 pacem.

585 2986 658 3039 Ut
708 2983 875 3039 nobis
929 2986 1048 3053 tua,
1082 2985 1349 3055 Domine,
1390 2987 1655 3042 remedia
1702 2987 1844 3043 dent
1887 2990 2152 3058 salutem,

512 3077 715 3133 beatus
740 3076 1037 3150 Yppolitus
1054 3082 1292 3150 martyr,
1324 3096 1673 3150 quaesumus,
1696 3098 1801 3152 pro
1834 3082 2000 3138 nobis
2028 3100 2156 3156 sup-

2886 1872 2973 1909 NIS
3002 1871 3064 1910 ET
3091 1871 3269 1910 PAULI.

2330 1949 2668 2014 Quaesumus
2690 1948 2741 2018 ι),
2783 1948 3152 2019 omnipotens
3190 1950 3249 2003 et
3277 1948 3606 2003 misericors
3641 1950 3800 2016 Deus,
3829 1952 3879 2001 ut

2258 2058 2363 2098 nos
2398 2042 2693 2114 geminata
2720 2041 2920 2097 laetitia
2950 2041 3248 2096 hodierna:
3275 2040 3605 2096 festivitatis
3633 2039 3873 2112 excipiat,

2259 2152 2387 2206 qua:
2418 2136 2488 2190 de
2519 2136 2826 2191 beatorum
2866 2136 3190 2206 martyrum
3241 2138 3473 2189 tuorum
3521 2133 3798 2190 Johannis
3835 2138 3878 2187 et

2256 2229 2415 2284 Pauli
2449 2229 2869 2301 glorificatione
2914 2228 3196 2300 procedit,
3245 2245 3389 2300 quos
3431 2228 3648 2284 eadem
3675 2228 3808 2283 ﬁdes
3835 2229 3880 2279 et

2258 2322 2445 2395 passio
2475 2324 2612 2378 fecit
2640 2340 2763 2379 esse
2802 2339 3132 2394 germanos.
3155 2323 3283 2377 Per.

2813 2419 3067 2470 Collectio
3090 2419 3342 2484 sequitur.

2326 2505 2702 2576 Omnipotens
2741 2505 3091 2576 sempiterne
3118 2505 3285 2574 Deus,
3319 2521 3392 2559 ne
3432 2508 3573 2577 aput
3615 2505 3876 2577 justitiam

2255 2601 2417 2654 tuam
2444 2602 2683 2671 peccata
2722 2603 2919 2654 nostra
2963 2616 3068 2654 nos
3110 2598 3450 2671 adgravant,
3483 2614 3875 2671 germanorum

2255 2697 2577 2765 martyrum
2600 2692 2888 2764 suffragiis
2920 2693 3279 2763 adjuvemur,
3305 2709 3449 2765 quos
3470 2696 3529 2747 et
3547 2697 3764 2765 partus,
3781 2708 3879 2747 una

2256 2790 2314 2841 et
2342 2804 2448 2858 par
2478 2787 2743 2858 martyrii
2767 2787 2964 2858 palma
2994 2786 3308 2857 conjunxit.
3337 2788 3466 2841 Per.

2746 2883 2998 2933 Collectio
3027 2888 3146 2947 post
3168 2884 3402 2936 nomina.

2326 2969 2579 3040 Suscipe,
2598 2968 2858 3037 Domine,
2878 2969 3160 3040 prOpitius
3181 2987 3380 3041 preces
3409 2972 3658 3038 nostras,
3689 2973 3746 3025 et
3778 2974 3879 3024 tuo-

2252 3079 2383 3117 rum
2413 3062 2820 3134 deprecatione
2849 3062 3139 3133 justorum
3173 3064 3452 3119 Johannis
3484 3067 3543 3119 et
3564 3064 3749 3129 Pauli,
3776 3063 3875 3134 pie-

513 3170 733 3242 plicans
762 3171 1026 3243 copiosus
1059 3172 1346 3227 audiatur.
1379 3174 1488 3227 Per
1527 3174 1838 3229 Dominum
1875 3179 2151 3231 nostrum.
2176 3157 2231 3232 C
2256 3157 2361 3212 tati
2393 3159 2504 3212 ιιιτὲ
2525 3157 2735 3228 Perfice
2758 3156 3046 3228 benignus
3078 3160 3374 3230 acceptas;
3410 3162 3469 3212 et
3497 3174 3642 3230 quos
3674 3156 3880 3229 sangui'

1074 3268 1365 3319 Immolalio
1399 3269 1589 3323 missae.

585 3351 729 3407 Vere
774 3348 1017 3421 dignum
1049 3352 1107 3403 et
1126 3349 1348 3420 justum
1381 3354 1486 3419 est,
1521 3351 1894 3424 omnipotens
1938 3357 2153 3410 aeterne

512 3443 684 3500 Deus.
715 3442 822 3508 Qui
848 3443 1084 3497 beatum
1113 3443 1465 3515 Yppolitum,
1486 3446 1800 3516 tyrannicis
1831 3448 2017 3503 adhuc
2049 3449 2150 3503 ob-

512 3537 726 3609 sequiis
753 3540 1118 3607 occupatum,
1152 3537 1338 3592 subito
1372 3538 1561 3593 fecisti
1590 3540 1863 3595 Laurenti
1911 3542 2148 3596 socium.

513 3631 622 3698 Qui
648 3629 889 3703 spiritali
914 3630 1123 3686 ardore
1153 3647 1475 3700 succensus,
1506 3631 1644 3687 dum
1662 3633 2028 3706 unigenitum
2059 3634 2149 3689 Fi-

512 3724 655 3781 lium
671 3728 835 3780 tuum
851 3725 1164 3779 Dominum
1180 3727 1443 3780 nostrum
1455 3743 1651 3781 coram
1665 3727 2044 3799 potestatibus
2062 3745 2153 3783 ve-

512 3818 724 3874 raciter
752 3818 1081 3887 conﬁtetur,
1110 3818 1295 3890 poenis
1320 3819 1638 3890 subjicitur,
1676 3820 1913 3875 vinculis
1942 3820 2147 3892 inliga-

512 3916 625 3980 tur,
659 3912 847 3967 cardis
874 3912 1202 3983 conﬁgitur,
1233 3929 1519 3983 equorum
1544 3912 1845 3968 ferocitate
1878 3914 2154 3987 disjungi—

513 4009 634 4072 tur;
668 4009 728 4059 et
758 4005 970 4077 adepta
998 4006 1195 4076 palma
1236 4005 1518 4076 martyrii,
1551 4006 1668 4061 vita
1707 4011 1990 4078 perpetua
2018 4025 2150 4063 cum

512 4101 800 4154 lucratore
856 4101 914 4151 et
964 4097 1241 4168 magistro
1296 4097 1605 4153 Laurentio
1666 4104 1993 4157 coronatur.
2045 4104 2152 4157 Per

514 4191 806 4248 Christum
831 4190 1144 4246 Dominum
1166 4193 1448 4246 nostrum.

515 4301 640 4356 LXI.
674 4316 836 4357 MISSA
862 4316 916 4357 IN
945 4316 1148 4357 muns
1174 4315 1497 4402 SANCTORU:
1527 4317 1822 4357 MARTYRL‘M
1850 4316 2066 4359 comm
2088 4319 2151 4359 ΒΤ

1171 4388 1423 4429 (ΖΥΡΚΙᾹΝΙ
1451 4388 1496 4426 ’⁸.

588 4463 796 4521 Sancte
831 4460 1076 4517 Domine
1125 4461 1516 4532 omnipotens,
1550 4478 1724 4533 quem
1759 4462 2044 4519 Cornilius
2093 4468 2153 4519 et

2256 3251 2345 3306 nis
2369 3249 2772 3322 propinquitas
2788 3250 3086 3321 conjunxit
3106 3254 3165 3305 et
3189 3251 3350 3318 fides,
3379 3251 3770 3323 patrocinium
3796 3265 3879 3304 no-

2253 3343 2339 3399 bis
2372 3344 2641 3400 deferant
2665 3342 2981 3398 solaminis.
3010 3346 3136 3398 Per.

2779 3442 3030 3493 Collectio
3060 3442 3124 3492 ad
3153 3456 3359 3507 pacem.

2323 3526 2585 3595 Intende,
2621 3527 2886 3595 Domine,
2931 3544 3198 3596 munera,
3237 3544 3589 3599 quaesumus,
3623 3528 3881 3584 altaribus

2252 3622 2364 3675 tuis
2392 3638 2498 3693 pro
2537 3620 2845 3676 beatorum
2876 3624 3199 3693 martyrum
3237 3624 3472 3676 tuorum
3519 3623 3800 3679 Johannis
3834 3624 3879 3674 et

2250 3714 2412 3769 Pauli
2438 3714 3000 3770 commemoratione
3022 3714 3351 3786 proposita;
3381 3718 3445 3769 ut
3476 3716 3625 3771 sicut
3654 3731 3760 3788 per
3777 3716 3880 3769 haec

2252 3808 2422 3863 beata
2454 3808 2729 3880 mysteria
2758 3808 2868 3863 illis
2896 3807 3142 3879 gloriam
3165 3808 3477 3875 contulisti,
3506 3810 3677 3865 nobis
3708 3807 3877 3863 indul-

2253 3902 2511 3973 gentiam
2536 3901 2817 3973 largiaris.
2846 3903 2953 3957 Per
2982 3902 3311 3957 Dominum.

2810 3999 3100 4049 Immolatio
3144 3999 3331 4050 missa.

2324 4081 2465 4134 Vere
2485 4079 2621 4134 satis
2649 4083 2736 4135 est
2751 4080 3191 4152 dignum‘atque
3203 4081 3427 4152 justum
3445 4081 3505 4136 in
3522 4081 3739 4138 horum
3750 4096 3885 4136 mar-

2252 4176 2443 4245 tyrum
2457 4174 2733 4228 Johannis
2760 4178 2817 4228 et
2831 4175 3010 4243 Pauli,
3037 4176 3427 4247 germanitate
3449 4176 3671 4247 pariter
3688 4180 3748 4230 et
3759 4175 3882 4230 bea-

2250 4265 2498 4321 titudine
2546 4270 2861 4336 consortes,
2894 4268 3018 4337 tibi,
3067 4267 3439 4342 omnipotens
3477 4271 3646 4339 Deus,
3708 4268 3885 4325 dicere

2251 4360 2487 4416 laudes:
2514 4378 2656 4432 quos
2687 4369 2746 4416 et
2777 4362 2984 4417 fratres
3010 4366 3162 4418 sorte
3188 4363 3485 4433 nascendi,
3512 4367 3572 4419 et
3587 4361 3886 4435 magniﬁca

2251 4454 2566 4525 praestitisti
2591 4455 2858 4526 passione
2888 4473 3220 4528 germanos,
3243 4460 3308 4512 ut
3331 4457 3501 4512 simul
3523 4460 3723 4512 essent
3734 4471 3889 4511 vene-

515 4557 853 4630 Cyprianus,
882 4555 1221 4627 triumphali
1261 4555 1542 4627 sanguine
1583 4556 1937 4624 conﬁtendo,
1974 4574 2147 4611 vene-
2167 4533 2228 4605 D
2250 4548 2448 4603 raudae
2481 4548 2664 4619 gloria
2697 4549 3010 4621 genitricis,
3041 4554 3100 4605 et
3131 4552 3544 4607 ﬂorentissima
3574 4552 3770 4624 proles
3794 4550 3882 4604 Ec-

516 4652 728 4708 rabiles
778 4649 1109 4716 extiterunt,
1142 4652 1373 4720 praesta,
1408 4666 1755 4720 quaesumus,
1807 4654 1870 4705 ut
1909 4655 2151 4724 uterque

517 4744 685 4800 nobis
703 4743 923 4814 jugiter
947 4741 1356 4814 suffragantur.
1385 4743 1511 4797 Per.

1077 4838 1327 4890 Collectio
1348 4840 1600 4902 sequitur.

591 4923 833 4978 Sanctus
870 4919 1153 4975 Cornilius
1199 4923 1257 4974 et
1291 4920 1607 4992 Cyprianus
1652 4921 1925 4995 suffragia
1966 4922 2151 4991 nobis,

519 5014 785 5084 Domine,
812 5016 1087 5069 consueta
1105 5013 1458 5086 dependant,
1491 5019 1549 5070 et
1566 5016 1692 5088 pari
1718 5033 1948 5089 semper
1974 5016 2151 5073 inter-

518 5110 777 5169 cessione
804 5124 910 5163 nos
937 5106 1188 5163 foveant.
1211 5109 1320 5163 Per
1344 5108 1679 5164 Dominum.

1006 5204 1256 5255 Collectio
1285 5209 1405 5270 post
1428 5205 1660 5256 nomina.

592 5293 901 5347 Beatorum
930 5289 1254 5360 martyrum
1288 5286 1620 5359 pariterque
1646 5288 1985 5359 pontificum
2016 5290 2152 5347 Cor-

520 5387 622 5442 nili
643 5388 702 5440 et
729 5381 1001 5456 Cypriani
1026 5398 1151 5450 nos,
1172 5396 1520 5452 quaesumus,
1549 5381 1698 5437 festa
1728 5386 2032 5452 tueantur;
2067 5401 2159 5440 eo-

520 5495 652 5534 rum
688 5493 793 5532 nos
824 5476 947 5545 tibi,
979 5473 1244 5541 Domine,
1273 5474 1647 5531 commendet
1677 5476 1881 5545 oratio,
1915 5480 1978 5532 ut
2010 5478 2157 5533 caris

590 5611 616 5641 ⁸
636 5614 775 5668 Tam
793 5611 1017 5667 celebre
1035 5608 1332 5683 quondam
1354 5612 1478 5663 erat
1504 5609 1591 5663 his
1612 5610 1670 5665 in
1699 5612 1955 5683 partibus
1975 5615 2155 5670 sancti

521 5683 791 5758 Cypriani
820 5679 1060 5758 festum,
1091 5682 1152 5733 ut
1192 5679 1265 5733 ab
1295 5695 1363 5758 e_o
1392 5679 1798 5758 sequentes—in
1826 5684 2153 5741 Adventum

521 5750 854 5876 Dbinipicaa,
888 5750 1096 5823 prima,
1130 5750 1403 5818 secunda,
1442 5750 1501 5805 et
1531 5751 1611 5805 sic
1646 5753 1916 5829 deinceps
1949 5774 2151 5813 nume-

521 5842 687 5876 raren
719 5840 803 5876 ur.

516 5840 803 5882 rarentur.

2253 4642 2458 4697 clesiae.
2482 4644 2545 4697 In
2568 4660 2813 4715 quorum
2826 4645 3111 4700 memoria
3130 4646 3413 4717 passionis
3438 4646 3701 4701 oblatum
3725 4644 3887 4700 sacri-

2253 4735 2449 4791 ﬁcium
2479 4736 2671 4808 accipe
2698 4737 2903 4806 libens,
2932 4738 3197 4806 Domine,
3227 4743 3285 4795 et
3317 4756 3421 4811 per
3452 4756 3585 4794 eum
3618 4756 3731 4795 nos
3767 4753 3885 4793 cum

2255 4829 2514 4902 ipsorum
2539 4831 2848 4903 Martyrum
2869 4832 3281 4889 intercessione
3312 4833 3589 4901 emunda,
3618 4836 3687 4888 ut
3704 4830 3889 4888 liberis

2255 4924 2488 4980 vocibus
2520 4927 2579 4979 et
2596 4926 2865 4980 consonis
2901 4927 3197 4983 mentibus
3228 4926 3333 4982 tibi
3372 4928 3663 4999 hymnum
3710 4927 3887 4981 dicere

2256 5018 2442 5072 laudis
2470 5035 2824 5087 mereamur,
2858 5036 2990 5074 cum
3020 5021 3242 5092 angelis
3265 5023 3324 5076 et
3357 5018 3552 5093 280
3584 5020 3890 5090 archange-

2257 5110 2325 5166 lis
2356 5113 2674 5167 clamantes
2702 5129 2715 5168 :
2747 5113 3007 5170 Sanctus.

2475 5237 2631 5278 MISSA
2682 5238 2738 5277 IN
2788 5238 2994 5279 NATALE
3046 5237 3351 5279 ΒΕΑΤΪΞΒῙΜΙ
3403 5237 3725 5279 SINPURIANI
3777 5236 3891 5277 IAR‘

2983 5309 3163 5351 TYRIS.

2329 5386 2627 5443 Sacratam
2659 5388 2947 5461 mysteriis
2977 5387 3299 5444 celestibus
3344 5383 3501 5440 diem
3528 5384 3605 5441 ad
3648 5387 3890 5443 ofﬁcium

2258 5479 2577 5536 devotionis
2608 5486 2817 5538 nostrae
2848 5482 3251 5539 sollemnitatis
3285 5479 3556 5551 ingressi,
3587 5480 3805 5537 fratres
3826 5478 3893 5533 di

2328 5617 2355 5658 ι)
2382 5616 2601 5671 Eadem
2634 5633 2786 5672 nunc
2815 5617 2875 5672 in
2903 5616 3115 5673 Ordine
3143 5612 3524 5673 Gregoriano.
3564 5617 3703 5671 Haec
3734 5615 3891 5671 missa

2257 5691 2416 5742 extra
2441 5687 2729 5757 ordinem,
2760 5689 2841 5743 uti
2873 5692 2931 5743 et
2961 5704 3224 5759 sequens.
3248 5686 3325 5742 De
3354 5686 3444 5742 his
3472 5687 3757 5743 fratribus
3781 5688 3889 5756 lege

2256 5758 2622 5830 epigramma
2658 5759 2717 5814 in
2760 5763 2923 5815 torno
2966 5758 3491 5827 lV’Analectorum,
3524 5760 3783 5816 Damaso
3824 5760 3891 5829 (ut

2225 5871 2231 5878 .
2255 5830 2417 5902 puto)
2444 5833 2695 5887 auctore.
