3968 6224
181 289 260 344 301
1232 284 1319 340 DE
1357 276 1670 342 LITURGTA
1707 286 2078 343 GALLICANA
2117 288 2315 345 LIBER
2355 290 2443 345 Ill.
3415 295 3518 349 302

176 393 468 460 lectissimi,
526 392 825 448 laudemus
877 393 1184 448 Dominum
1240 396 1298 448 in
1361 395 1568 449 sanctis
1623 394 1738 448 suis
1771 411 1784 448 :
1810 395 2096 483 Apietate
2121 397 2462 453 transfertur
2485 396 2555 452 ad
2581 397 2901 469 praemium,
2942 413 3071 454 cum
3111 399 3163 454 ei
3197 399 3523 455 insinuatur

177 503 392 558 eumque
438 487 498 540 in
552 487 859 542 beatissimi
903 487 1208 544 Sinfuriani
1252 489 1516 558 martyris
1572 489 1786 543 honore
1887 507 2001 544 non
2029 491 2234 546 debere
2259 497 2500 547 mortem
2533 497 2809 561 metuere,
2859 492 2991 563 quia
3027 492 3372 564 martyribus
3407 494 3522 548 vita

177 597 500 645 veneremur,
534 586 768 652 agentes
795 581 846 635 ei
873 581 1082 651 gratias
1112 598 1216 652 pro
1247 581 1550 654 triumphis
1581 583 1703 653 ejus
1733 589 1788 639 et
1887 601 2001 638 non
2027 585 2264 653 tollitur,
2295 586 2389 640 sed
2420 590 2694 640 mutatur.
2745 585 2788 639 Ο
2831 585 3164 640 admiranda
3206 585 3520 658 gratiarum

180 678 361 750 gloria;
401 695 577 749 quem
605 679 869 734 adversus
894 679 1147 751 corporis
1174 679 1562 735 inﬁrmitatem
1591 699 1784 752 poena.-

176 788 386 842 rumque
411 773 709 842 saevitiam,
750 774 981 844 spiritus
1018 773 1348 828 fortitudine
1385 774 1782 843 demicantem,

174 865 273 937 spei
312 864 517 919 viribus
562 867 874 935 roboravit,
930 883 1095 921 muro
1139 867 1485 922 credulitatis
1527 868 1783 935 inclusit,

173 975 510 1029 successuque
547 959 798 1013 victoriae
837 961 906 1014 ad
940 960 1177 1032 praemia
1213 961 1654 1015 immortalitatis
1691 962 1780 1016 in-

172 1052 314 1107 vexit.
337 1052 574 1107 Oremus
599 1071 822 1125 quoque
849 1059 914 1108 ut
936 1071 1041 1108 nos
1068 1055 1129 1108 in
1156 1055 1262 1108 hoc
1283 1055 1508 1125 saeculo,
1540 1055 1643 1108 etsi
1670 1072 1784 1110 non

171 1147 276 1217 pari
293 1163 465 1218 agone
493 1147 864 1216 certantibus,
891 1147 1088 1202 similis
1098 1148 1372 1202 fortitudo
1389 1165 1502 1202 non
1523 1149 1742 1204 desinat
1762 1168 1779 1219 ;

171 1245 216 1292 et
231 1240 358 1294 sicut
380 1240 542 1294 illum
573 1241 892 1295 exhortatio
922 1241 1035 1312 piae
1071 1241 1270 1295 matris
1296 1242 1500 1296 extulit
1535 1242 1606 1296 ad
1649 1259 1779 1314 per-

169 1333 422 1404 agendam
447 1334 776 1388 certaminis
805 1335 979 1404 hujus
1009 1334 1320 1405 victoriam,
1347 1336 1424 1390 ita
1451 1352 1557 1390 nos
1586 1336 1779 1390 catho-

168 1425 268 1480 lica:
287 1425 416 1481 fides
443 1428 703 1482 Ecclesia:
742 1427 1330 1500 inreprehensibiliter
1355 1429 1632 1484 custodita
1657 1447 1783 1501 per-

170 1519 313 1573 ducat
335 1519 403 1574 ad
427 1520 674 1591 veniam,
714 1521 990 1592 provehat
1016 1523 1087 1576 ad
1115 1539 1402 1578 coronam.
1442 1524 1548 1578 Per
1587 1523 1777 1578 Domi-

167 1629 285 1668 num
312 1619 565 1669 nostrum
592 1615 1114 1672 JesumChristum.

694 1709 945 1758 Collectio
972 1709 1222 1773 sequitur.

1887 677 2052 732 ﬁdes!
2084 695 2211 750 quae
2237 679 2305 733 de
2324 678 2486 733 beato
2512 679 2624 733 ﬁlio
2645 679 2821 734 vitam
2849 679 3092 751 glorioso
3124 679 3341 734 exultat
3380 678 3517 736 affe-

1887 776 2011 840 ctu;
2035 777 2089 826 et
2107 789 2234 843 qua:
2253 773 2448 844 lugere
2476 773 2826 843 credebatur,
2853 773 3100 844 gaudere
3127 773 3515 844 cognoscitur:

1887 881 2084 948 secura
2110 866 2178 920 de
2205 865 2366 936 regni
2395 866 2474 920 tui
2502 867 2769 937 praemiis,
2803 866 2982 921 ﬁlium
3019 867 3353 922 exhortatur
3387 884 3518 922 cum

1884 959 2105 1030 ingenti
2130 959 2340 1028 laetitia,
2368 961 2606 1015 scientes
2623 960 2928 1015 morientes
2954 961 3012 1015 in
3037 960 3278 1030 Christo,
3309 961 3514 1027 vivere,

1885 1057 1940 1107 et
1965 1052 2228 1106 amissam
2271 1053 2463 1121 vitam,
2508 1069 2574 1108 eo
2612 1057 2990 1120 restauraute,
3029 1053 3299 1126 recipere.
3340 1053 3517 1125 Digne

1884 1160 2020 1216 ergo
2043 1146 2134 1200 hic
2164 1145 2474 1200 honoratur
2498 1146 2557 1200 iu
2582 1147 2811 1200 nomine
2837 1151 2954 1214 tuo,
2996 1145 3093 1218 qui
3133 1150 3189 1202 te
3224 1146 3520 1201 honoravit

1882 1238 1940 1293 in
1967 1239 2242 1311 sanguine
2271 1256 2403 1308 suo;
2447 1238 2543 1310 qui
2585 1256 2688 1310 pro
2725 1244 2782 1294 te
2816 1239 3057 1295 afﬂictus
3089 1245 3172 1294 est
3211 1239 3269 1294 in
3309 1239 3518 1313 suppli-

1883 1333 1990 1401 cio,
2020 1350 2124 1405 per
2149 1339 2204 1389 te
2243 1333 2585 1404 gloriﬁcatus
2611 1338 2694 1388 est
2719 1332 2777 1387 in
2808 1333 3098 1405 sepulcro;
3129 1333 3227 1406 qui
3251 1339 3306 1388 te
3342 1334 3518 1388 hono-

1881 1427 2025 1482 ravit
2048 1427 2108 1482 in
2141 1427 2346 1498 gladio,
2371 1431 2560 1482 tecum
2579 1431 2781 1498 regnat
2806 1425 2865 1480 in
2892 1427 3065 1495 caelo;
3094 1426 3190 1498 qui
3209 1443 3311 1498 per
3338 1443 3518 1499 angu-

1881 1521 2046 1576 stiam
2084 1521 2451 1592 praesentium
2492 1520 2926 1575 tribulationum
2968 1520 3260 1591 pervenire
3307 1520 3518 1576 meruit

1877 1615 1948 1670 ad
1972 1614 2409 1686 amplitudinem
2455 1613 2761 1669 caelestium
2801 1613 3162 1686 gaudiorum,
3211 1629 3314 1684 per
3349 1613 3511 1668 Chri-

1883 1714 2033 1763 stum
2055 1708 2355 1762 Dominum
2382 1712 2661 1763 nostrum.
2692 1709 2798 1763 Per
2822 1726 2880 1780 q.

227 1782 541 1837 53mme
572 1783 832 1838 omnium
863 1784 1108 1855 gloriosa
1134 1784 1434 1857 prouectis),
1478 1787 1643 1854 Deus:
1685 1783 1859 1857 (ΙιιίΒ
1971 1807 2141 1862 LXIV.
2185 1823 2336 1862 mssa
2374 1823 2554 1862 SANCTI
2597 1824 2662 1861 ac
2699 1822 2997 1862 sanissuu
3039 1822 3278 1862 usumcu
3318 1821 3423 1862 cum

168 1879 310 1934 beato
334 1880 569 1952 martyri
601 1887 700 1936 tuo
726 1882 1050 1938 Sinfuriauo
1073 1883 1350 1938 auxilium
1385 1899 1500 1937 non
1537 1884 1775 1954 negasti,

169 1978 214 2026 et
228 1989 319 2044 per
343 1974 535 2047 iniqua
555 1976 755 2030 mortis
781 1977 1030 2031 ludibria
1048 1977 1119 2032 ad
1139 1977 1286 2031 hanc
1309 1977 1549 2048 gloriam
1578 1993 1777 2031 vocare

169 2065 404 2138 dignatus
431 2085 508 2139 es,
541 2075 755 2140 praesta
783 2076 847 2124 ut
867 2071 1079 2125 similes
1097 2088 1200 2125 nos
1218 2071 1357 2125 ﬁdes
1385 2071 1660 2142 martyrio
1689 2087 1778 2125 co-

168 2161 316 2230 pulet,
347 2179 484 2232 quos
514 2168 740 2235 tempus
767 2165 1042 2236 passionis
1070 2165 1131 2219 in
1157 2165 1338 2220 stadio
1365 2183 1480 2220 non
1505 2165 1736 2237 reliquit
1758 2183 1774 2233 ;

169 2269 220 2308 ac
241 2255 370 2309 sicut
398 2255 560 2310 illum
588 2257 699 2312 iter
727 2258 937 2313 durum
969 2264 1025 2314 et
1049 2260 1407 2330 scopulosum
1439 2275 1542 2330 per
1567 2275 1775 2313 aerum-

167 2364 251 2400 nas
271 2350 590 2419 passionum
623 2351 884 2423 paradiso
911 2353 1249 2419 conlocavit,
1277 2353 1357 2407 ita
1395 2370 1499 2407 uos
1529 2369 1775 2424 praesen-

167 2440 288 2494 tium
319 2443 678 2515 voluptatum
720 2451 1146 2518 contemptus...
1188 2448 1293 2502 Per
1333 2445 1636 2502 Dominum
1672 2464 1775 2502 no-

167 2540 336 2591 strum.

697 2610 945 2660 Collectio
971 2611 1220 2674 sequitur.

223 2682 471 2738 Recitatis
510 2685 842 2740 nominibus
862 2685 1223 2754 offerentum,
1249 2686 1452 2741 fratres
1479 2686 1776 2755 carissimi,

167 2776 536 2848 omnipotentis
557 2779 658 2834 Dei
673 2779 1116 2835 misericordiam
1137 2781 1527 2852 deprecemur,
1550 2785 1614 2835 ut
1629 2781 1778 2851 plebi

167 2884 268 2939 qua:
294 2871 346 2924 in
372 2872 594 2927 honore
632 2873 780 2928 beati
811 2875 1123 2930 Sinfuriani
1152 2874 1417 2946 martyris
1443 2880 1570 2929 vota
1596 2873 1780 2929 reddit

165 2961 420 3033 altaribus,
481 2967 693 3021 divinae
739 2969 1091 3023 credulitatis
1126 2968 1464 3023 infundatur
1505 2968 1774 3037 affectus;

165 3061 216 3127 ut
238 3058 346 3128 ejus
373 3060 868 3117 administratione
895 3062 1216 3132 ﬁrmentur,
1240 3063 1339 3134 qui
1368 3063 1622 3134 Martyris
1653 3079 1774 3116 me-

2522 1894 2686 1933 SOCllS
2723 1895 2857 1933 SUIS.

1951 1968 2362 2039 Omnipotentis
2392 1969 2615 2022 Domini
2648 1968 3094 2024 misericordiam
3119 1968 3179 2022 in
3209 1969 3379 2038 hujus
3407 1969 3516 2025 diei

1879 2076 1975 2115 sex
2023 2061 2267 2116 millium
2313 2066 2708 2116 sexcentorum
2753 2066 3071 2132 martyrum
3122 2061 3514 2130 sollemnitate,

1879 2155 2081 2210 fratres
2135 2155 2429 2222 carissimi,
2472 2154 2864 2226 deprecemur,
2909 2159 2973 2208 ut
3007 2153 3107 2226 qui
3142 2158 3313 2210 tantae
3365 2155 3520 2226 plebi

1882 2248 2118 2319 gloriam
2160 2247 2416 2319 martyrii
2465 2248 2722 2314 contulit,
2767 2248 2844 2301 ita
2888 2246 3048 2302 nobis
3098 2246 3210 2301 diei
3260 2246 3518 2302 inmensa

1879 2341 2272 2413 peccaminum
2325 2340 2727 2396 misericordia
2771 2357 2888 2396 suae
2940 2338 3203 2412 largitate
3253 2339 3514 2396 laetiﬁcat.

1878 2436 1986 2491 Per
2009 2435 2316 2490 Dominum
2342 2437 2601 2490 nostrum
2623 2437 2836 2490 Jesum.

2431 2528 2682 2578 Collectio
2707 2526 2954 2591 sequitur.

1953 2606 2118 2674 Deus,
2149 2605 2248 2676 qui
2275 2604 2480 2658 sanctis
2506 2604 2617 2658 tuis
2661 2602 3090 2658 Acauninsebus
3133 2619 3238 2674 pro
3278 2603 3517 2661 tuitioue

1881 2698 2183 2754 Christiani
2209 2698 2456 2753 nominis
2476 2697 2884 2769 persecutionis
2910 2696 3201 2750 audaciam
3222 2697 3515 2765 sustulisti,

1879 2808 2192 2864 eorumque
2217 2792 2476 2846 animum
2506 2791 2576 2845 ad
2607 2790 3042 2862 adepiscendam
3075 2789 3369 2860 dignitatis
3405 2795 3518 2846 tua:

1880 2885 2153 2957 martyrio
2172 2885 2612 2958 praefulgentem
2629 2884 2868 2955 gratiam
2884 2882 3150 2949 incitasti,
3173 2882 3377 2938 exaudi
3392 2899 3520 2955 sup-

1878 2978 2053 3050 plices
2078 2984 2223 3046 tuos,
2255 2984 2310 3034 et
2338 2983 2543 3049 praesta
2563 2981 2627 3032 ut
2652 2977 2796 3032 sicut
2823 2977 2905 3032 illi
2931 2980 3028 3030 tuo
3055 2992 3295 3032 munere
3323 2974 3516 3050 283

1879 3076 2214 3128 meruerunt
2232 3072 2485 3126 beatifice
2506 3071 2787 3138 coronari,
2814 3070 2891 3124 ita
2911 3086 3109 3125 eorum
3136 3067 3419 3140 suffragiis
3447 3070 3517 3124 ab

164 3150 261 3204 ritis
282 3169 388 3207 non
407 3155 773 3227 junguntur;
803 3173 866 3210 ac
895 3157 1039 3211 sicut
1063 3157 1156 3210 ille
1178 3160 1303 3227 post
1329 3157 1569 3212 carceris
1589 3160 1771 3228 septa,
1795 3157 1849 3230 ρ
1875 3167 2034 3221 omni
2082 3166 2416 3221 conluvione
2451 3165 2684 3237 peccati,
2733 3168 2787 3220 te
2833 3163 3156 3232 auxiliante,
3205 3162 3515 3219 reddamur

163 3252 266 3314 post
277 3263 563 3316 poenarum
578 3250 872 3322 ligamina,
889 3257 1129 3322 postque
1149 3251 1315 3305 famis
1333 3251 1598 3318 inediam,
1617 3255 1774 3305 teter-

162 3337 326 3393 uitatis
363 3344 574 3413 gaudia
626 3344 850 3398 inﬁnita
878 3345 1212 3416 perfruitur,
1257 3347 1334 3400 ita
1374 3346 1770 3401 defunctorum

165 3431 358 3502 anima},
385 3437 586 3492 laxatis
616 3438 821 3494 inferni
842 3439 1140 3510 pressuris,
1168 3439 1409 3494 Abrahae
1435 3439 1611 3512 patris
1642 3457 1770 3511 gre-

165 3527 258 3583 mio
275 3531 655 3587 conlocentur.
686 3533 845 3597 Quod
869 3533 988 3604 ipse
1015 3539 1209 3605 prast.
1241 3534 1510 3604 dignetur
1538 3551 1594 3605 q.

660 3627 909 3676 Collectio
933 3626 1000 3675 ad
1025 3641 1229 3691 pacem.

221 3698 461 3770 Largitor
486 3702 779 3758 bonorum
815 3703 1094 3773 omnium,
1128 3705 1294 3774 Deus,
1335 3703 1432 3774 qui
1471 3702 1621 3758 inter
1652 3702 1773 3756 illas

164 3799 442 3865 martyrum
457 3797 884 3868 splendentium
900 3799 1067 3852 nivea
1085 3799 1196 3853 ﬁde
1217 3802 1487 3868 catervas,
1502 3801 1619 3852 toto
1639 3797 1772 3852 orbe

166 3888 409 3944 terrarum
430 3891 616 3962 gratia
636 3897 968 3947 coruscante
989 3892 1236 3959 diffusas,
1262 3893 1573 3964 pretiosum
1599 3907 1771 3964 pecu-

166 3976 439 4054 liaremque
476 3985 646 4040 nobis
662 3986 892 4041 beatum
919 3986 1308 4041 Sinfurianum
1334 3990 1642 4058 martyrem
1682 3985 1768 4040 in-

167 4071 371 4146 dulsisti,
398 4078 614 4150 largire
639 4080 930 4134 cotidianis
958 4079 1279 4152 supplicum
1318 4078 1500 4152 281
1539 4085 1771 4134 tuorum

166 4168 301 4238 votis,
327 4176 390 4225 ut
419 4172 478 4226 in
514 4172 682 4243 cujus
717 4174 854 4227 festa
882 4175 1083 4229 devoto
1116 4175 1436 4228 exultamus
1477 4173 1770 4244 trepudio,

167 4261 265 4329 ejus
288 4263 341 4318 in
357 4271 649 4336 posterum
675 4268 957 4322 consortio
985 4269 1436 4340 conjungamur;
1470 4267 1772 4322 hominum

167 4355 340 4411 osculis
371 4360 780 4432 corporalibus,
809 4360 1154 4432 spiritalibus
1195 4361 1416 4433 alligari
1451 4377 1774 4417 mereamur

169 4448 440 4508 affectibus.
465 4456 595 4509 Per.

691 4527 981 4577 lmmolatio
1009 4527 1199 4578 missas.

223 4595 445 4668 Dignum
470 4606 528 4656 et
531 4602 761 4673 justum
790 4606 895 4672 est,
925 4618 1155 4674 aequum
1181 4607 1238 4658 et
1261 4602 1504 4660 salutare
1535 4609 1638 4675 est,
1668 4622 1770 4660 nos

169 4686 251 4741 tibi
276 4690 326 4744 in
358 4693 575 4750 honore
602 4695 749 4750 beati
785 4696 1050 4767 martyris
1091 4696 1172 4751 tui
1197 4697 1506 4752 Sinfuriani
1535 4697 1769 4754 laudum

167 4780 346 4840 hostias
371 4787 682 4860 immolare,
718 4790 950 4846 Domine
978 4792 1120 4846 Deus
1140 4795 1372 4847 teterne.
1402 4794 1465 4846 In
1484 4794 1644 4864 cujus
1667 4809 1769 4848 nos

168 4876 507 4938 sollemnitate
535 4884 818 4940 confortat
838 4885 925 4940 vel
956 4886 1098 4940 ratio
1125 4886 1421 4941 manifesta
1445 4903 1658 4957 rerum,
1682 4887 1769 4942 vel

167 4972 376 5028 eruditio
394 4977 643 5046 perfecta
662 4979 939 5034 virtutum
958 4996 972 5034 :
995 4979 1094 5051 qui
1115 4980 1409 5051 splendere
1426 4981 1636 5036 meruit
1655 4997 1770 5036 non

167 5065 321 5121 solum
355 5074 713 5128 terrenorum
743 5073 994 5129 claritate
1034 5074 1329 5145 natalium,
1365 5092 1564 5129 verum
1599 5075 1770 5130 etiam

168 5157 471 5220 sublimitate
499 5168 812 5223 caelestium
839 5168 1116 5224 virtutum
1137 5186 1154 5238 ;
1188 5174 1243 5223 et
1269 5168 1492 5224 Fausti‘
1520 5169 1770 5241 fulgidus

170 5267 362 5325 genere,
392 5259 557 5315 fausti
586 5263 848 5334 martyrii
872 5263 1094 5318 levatur
1117 5263 1176 5317 in
1203 5263 1470 5318 culmine.
1499 5264 1604 5327 Qui
1632 5264 1768 5318 bea-

169 5349 236 5400 tos
263 5358 437 5420 patres
479 5355 838 5412 Andochium
882 5358 1316 5429 Benignumque
1361 5362 1622 5425 secutus,
1668 5373 1773 5430 per

169 5447 389 5514 martyrii
428 5448 791 5520 ﬂagrantiam
831 5452 1040 5507 electus
1081 5452 1338 5523 pervenit
1376 5452 1448 5506 ad
1473 5451 1768 5523 palmam;

170 5535 251 5604 qui
273 5538 401 5595 dum
432 5544 810 5600 adflictionem
838 5547 1095 5618 sequitur
1123 5546 1516 5619 praesentium,
1557 5546 1770 5601 instru-

171 5628 380 5690 ctionem
411 5637 595 5694 effecit
635 5644 1019 5712 posterorum.
1057 5641 1126 5697 Et
1156 5645 1419 5698 materno
1470 5640 1773 5713 conloquio

231 5761 509 5846 “Faustus,
536 5771 931 5846 Symphoriani
961 5777 1146 5846 pater,
1176 5789 1384 5846 genere
1409 5772 1661 5842 illustris,
1706 5788 1775 5828 ex

179 5829 302 5886 Actis
330 5842 381 5893 et
407 5856 473 5894 ex
495 5829 601 5915 hoc
626 5829 770 5901 loco.

1874 3259 2110 3315 innoxii.
2142 3261 2248 3314 Per
2267 3259 2590 3313 Dominum.

2373 3348 2619 3398 Collectio
2643 3350 2762 3412 post
2782 3346 3015 3397 nomina.

1942 3424 2163 3480 Auditis
2182 3423 2509 3480 nominibus
2525 3439 2786 3478 carorum
2803 3427 3147 3491 nostrorum,
3166 3413 3515 3492 omnipoten-

1874 3523 1989 3575 tem
2036 3519 2341 3574 Dominum
2369 3519 2762 3590 deprecemur,
2791 3521 2852 3570 ut
2876 3515 3054 3587 plebis
3085 3531 3200 3569 sua:
3232 3514 3515 3569 ministro-

1874 3630 2116 3685 rumque
2144 3617 2269 3667 vota
2298 3611 2626 3683 suscipiens,
2659 3609 2972 3664 oblationes
3001 3612 3239 3677 nostras,
3271 3623 3411 3679 quas
3452 3607 3511 3662 in

1875 3706 2477 3761 commemorationem
2507 3708 2831 3758 sanctorum
2859 3700 3282 3770 Acauniusium,
3317 3717 3380 3754 ac
3404 3717 3510 3771 pro

1874 3800 2162 3872 spiritibus
2201 3815 2465 3854 carorum
2496 3801 2825 3852 nostrorum
2850 3793 3158 3862 offerimus,
3191 3792 3250 3847 in
3279 3793 3509 3848 odorem

1872 3895 2037 3948 bona:
2068 3893 2358 3948 suavitatis
2400 3890 2656 3962 accipiat.
2703 3888 2857 3944 Unde
2894 3885 3174 3959 supplices
3211 3885 3406 3953 simus,
3446 3891 3511 3940 ut

1872 3987 2330 4044 beatissimorum
2380 3984 2856 4058 patriarcharum,
2894 3981 3328 4053 prophetarum,
3369 3995 3506 4052 apo-

1873 4084 2164 4152 stolorum,
2193 4087 2248 4137 et
2267 4085 2602 4152 martyrum,
2632 4076 3005 4148 omniumque
3040 4079 3365 4131 sanctorum
3399 4074 3511 4147 piis

1873 4177 2135 4250 precibus
2163 4175 2516 4247 adjuvemur.
2545 4175 2665 4227 Per.

2402 4261 2650 4312 Collectio
2673 4259 2739 4309 ad
2771 4272 2975 4323 pacem.

1946 4343 2111 4413 Deus,
2143 4341 2235 4396 cui
2261 4338 2714 4411 acceptissimum
2740 4352 2805 4389 ac
2824 4333 3304 4406 jucundissimum
3329 4332 3503 4387 sacri-

1874 4437 2066 4492 ﬁcium
2115 4441 2198 4490 est
2241 4439 2563 4489 sanctorum
2610 4436 2838 4486 tuorum
2874 4428 3013 4482 ﬁdes
3055 4432 3224 4498 atque
3262 4426 3502 4490 devotio,

1790 4535 1850 4608 D
1875 4533 2065 4588 adesto
2081 4529 2314 4586 familias
2338 4534 2449 4584 tua:
2472 4526 2575 4581 tibi
2592 4523 2851 4596 supplici,
2881 4519 3323 4576 misericordiam
3351 4523 3507 4573 tuam

1868 4644 1972 4699 per
2015 4631 2344 4680 sanctorum
2383 4627 2614 4677 tuorum
2649 4615 3054 4673 Acauninsium
3099 4612 3371 4684 suffragia
3408 4629 3504 4684 po-

1869 4719 2127 4788 stulanti;
2158 4723 2213 4773 et
2238 4717 2311 4770 da
2338 4719 2403 4769 ut
2427 4714 2525 4786 qui
2549 4719 2604 4768 te
2630 4715 2995 4784 peccatorum
3031 4723 3265 4763 suorum
3311 4723 3506 4762 errore

1868 4815 2157 4881 lmserunt,
2197 4811 2418 4882 placere
2443 4806 2546 4861 tibi
2575 4822 2678 4877 per
2701 4808 3024 4858 sanctorum
3067 4806 3297 4856 tuorum
3339 4801 3510 4857 inter-

1871 4907 2175 4964 cessionem
2205 4906 2549 4959 mereantur.
2579 4901 2704 4954 Per.

2446 4991 2732 5044 lmmolatio
2753 4990 2942 5041 missas.

1942 5077 2190 5148 Dignum
2230 5078 2286 5128 et
2307 5073 2529 5145 justum
2555 5074 2657 5124 est.
2685 5069 2825 5122 Vere
2851 5081 3080 5138 aequum
3107 5069 3163 5120 et
3182 5063 3402 5134 justum
3429 5069 3512 5117 est

1873 5188 1972 5227 nos
1997 5169 2102 5224 tibi
2140 5166 2348 5240 gratias
2389 5179 2580 5236 agere,
2615 5161 2852 5217 Domine
2889 5165 3099 5225 sancte,
3136 5159 3300 5212 Pater
3330 5156 3509 5211 omni-

1871 5269 2092 5338 potens,
2119 5267 2329 5316 seterne
2356 5260 2520 5314 Deus.
2546 5259 2630 5312 Tu
2657 5256 2830 5324 enim,
2849 5253 3103 5318 Domine,
3133 5249 3506 5305 Thebaaorum

1873 5357 2207 5425 exercitum,
2239 5354 2311 5409 ad
2339 5351 2536 5426 populi
2563 5351 2647 5406 tui
2673 5347 3012 5421 supplicium
3039 5341 3404 5408 destinatum,
3427 5341 3505 5394 ita

1873 5451 2053 5508 sabita
2073 5448 2340 5522 jussionis
2365 5452 2478 5502 tuae
2509 5445 2692 5517 gratia
2735 5438 3023 5507 revocasti,
3069 5441 3131 5490 ut
3175 5435 3302 5507 plus
3341 5432 3512 5504 elige-

1873 5551 2002 5602 rent
2029 5545 2223 5600 sedula
2249 5541 2544 5598 devotione
2569 5536 2828 5604 interﬁci,
2858 5547 3033 5606 quam
3059 5530 3128 5585 de
3169 5528 3507 5584 Christiano-

1874 5657 2005 5697 rum
2029 5638 2308 5712 sanguine
2329 5634 2553 5703 satiari;
2583 5649 2687 5688 nec
2721 5645 2854 5685 cum
2878 5625 3052 5683 tantis
3077 5624 3104 5665 δ
3141 5629 3208 5680 ut
3248 5629 3303 5679 te
3345 5619 3507 5675 auxi-

1946 5771 1973 5810 δ
1999 5771 2083 5824 An
2106 5765 2452 5824 cunctantes?
2487 5758 2746 5817 Meudosa
2785 5753 2959 5811 etiam
2997 5766 3128 5824 quae
3175 5745 3506 5819 sequuntur.
