3968 6224
436 273 538 331 303

1232 273 1564 329 APPENDIX
1601 273 1689 327 AD
1725 273 1947 327 OPERA
1985 271 2215 328 SANCTI
2253 272 2550 326 GERMANI
2590 270 3014 328 PARISIENSIS.
3040 221 3059 235 .

3711 268 3821 321 304

437 390 586 454 ante,
647 382 1054 456 persecutionis
1103 398 1245 437 onus
1301 399 1594 453 excepere,
1650 382 1890 436 cervices
1941 398 2068 436 suas
2090 385 2492 466 Arecitatione
2550 386 2829 455 patefacta
2879 390 3044 456 sunt,
3099 385 3159 440 in
3210 384 3528 440 caelestibus
3587 384 3824 456 paginis

436 477 907 550 persequentibus
933 477 1227 531 inclinare.
1257 478 1325 531 Et
1345 494 1473 530 cum
1494 476 1674 530 rabies
1719 475 1934 529 inimici
1980 477 2072 530 de—

438 578 713 640 cerneret,
759 577 822 627 ut
868 572 964 626 Dei
1006 571 1248 642 populus
1291 569 1766 624 denumerationis
1801 570 2071 624 instantia

438 665 743 737 deperiret,
772 666 862 720 ille
889 669 1086 736 raptus
1113 670 1194 718 est
1231 664 1502 733 decimus,
1539 664 1638 734 qui
1675 663 2071 734 anticipatione

438 760 696 830 martyrii
733 760 893 813 ﬁeret
929 758 1274 829 primitivus.
1302 758 1524 812 Clamor
1551 758 1609 811 in
1637 757 1832 812 castris
1859 757 2067 827 oritur,

437 853 615 908 virtus
644 852 955 908 dimicandi
981 851 1398 919 contemnitur;
1421 851 1490 906 de
1509 851 1903 906 adsumatione
1928 867 2073 904 mar—

437 947 568 1017 tyrii
587 946 870 1000 contentio
882 945 1057 999 ardua
1077 949 1495 999 commovetur:
1528 945 1626 999 Dei
1650 945 1897 1016 populus
1921 945 2071 998 ferro

437 1040 773 1107 confoditur,
803 1037 1032 1108 sanguis
1063 1038 1430 1094 innocentum
1457 1037 1786 1106 effunditur,
1822 1037 1958 1092 fides
1984 1037 2068 1091 in-

435 1141 606 1196 libata
645 1145 916 1195 servatur.
949 1141 1057 1208 Sic,
1094 1141 1350 1207 Domine,
1392 1140 1596 1196 milites
1631 1141 1883 1211 protegis
1917 1144 2067 1209 tuos,

435 1240 501 1288 ut
523 1251 626 1288 nec
652 1233 893 1289 defuerit
917 1234 976 1288 in
1001 1235 1258 1305 passione
1295 1234 1588 1305 patientia,
1628 1250 1732 1289 nec
1759 1233 1820 1288 in
1859 1233 2071 1288 confes-

437 1318 592 1382 sione
619 1327 952 1394 constantia,
983 1327 1134 1382 inter
1155 1328 1454 1382 beatorum
1479 1327 1628 1382 bella
1666 1333 1722 1382 et
1760 1327 1924 1382 beata
1955 1343 2070 1381 cer-

437 1421 676 1488 tamina,
705 1421 833 1492 plus
860 1421 1065 1475 metuit
1082 1421 1329 1492 gloriosa
1356 1421 1626 1477 confessio
1649 1421 1718 1476 de
1741 1421 2072 1476 commilito-

434 1527 575 1566 num
602 1511 883 1566 consortio
905 1510 1075 1565 dividi
1096 1528 1267 1582 quam
1293 1529 1502 1566 manus
1515 1511 1793 1566 carniﬁcis
1815 1509 2067 1583 gloriari.

434 1604 602 1658 Totus
630 1621 877 1675 namque
893 1603 990 1658 Dei
1015 1605 1258 1675 populus
1279 1610 1438 1660 tanta
1459 1605 1675 1659 ardoris
1701 1605 1832 1659 tidei
1863 1603 2067 1658 alacri-

433 1701 545 1752 tate
589 1698 888 1768 ﬂagrabat,
928 1703 994 1752 ut
1026 1698 1071 1751 si
1100 1698 1420 1753 tardaretur
1454 1699 1770 1770 persecutio
1798 1697 2066 1770 corporis,

433 1762 781 1864 praecederet
814 1762 1033 1846 devotio
1061 1792 1354 1862 passionis.
1387 1762 1564 1847 Tanta
1595 1793 1750 1848 enim
1788 1762 2066 1846 fuit-con-:
2090 1762 2146 1834 Β

434 1884 640 1939 stantia
670 1884 885 1955 populi,
916 1889 1038 1938 et...
1069 1884 1304 1954 inimici,
1349 1889 1414 1940 ut
1453 1902 1555 1940 nec
1592 1886 1750 1940 furor
1793 1885 2070 1940 invenerit

431 1978 792 2050 postmodum
821 1978 973 2048 quod
999 1977 1297 2044 occideret,
1325 1995 1429 2033 nec
1453 1979 1763 2049 gloriosum
1788 1995 2070 2034 remanse-

430 2073 506 2127 rit
533 2069 725 2144 283
757 2071 908 2142 quod
933 2071 1162 2142 periret.
1203 2072 1400 2126 Factus
1432 2079 1516 2127 est
1566 2090 1724 2128 sacer
1749 2073 1842 2127 ille
1877 2075 2066 2144 Agau-

430 2165 680 2221 ninsium
710 2166 866 2219 locus
895 2181 997 2236 per
1022 2165 1292 2236 sutfragia
1313 2167 1626 2238 Martyrum
1652 2168 1802 2221 salus
1822 2183 2071 2239 praesen-

428 2260 594 2326 tium,
624 2257 952 2330 praesidium
977 2257 1302 2313 futurorum
1335 2278 1347 2314 :
1380 2277 1553 2332 quem
1595 2260 1884 2332 sanguinis
1914 2260 2070 2314 unda

429 2353 699 2426 perfudit,
727 2351 1104 2423 pretiosorum
1123 2369 1427 2424 corporum
1451 2355 1687 2409 societas
1703 2352 2065 2408 consecravit.

430 2447 586 2502 Unde
612 2445 814 2501 merito
841 2446 966 2516 tibi,
990 2447 1245 2517 Domine,
1274 2447 1426 2502 inter
1447 2447 1644 2502 choros
1662 2453 1985 2518 martyrum
2015 2450 2072 2500 et

429 2557 591 2596 voces
644 2540 978 2612 angelorum
1027 2541 1220 2596 laudes
1258 2541 1360 2596 tibi
1413 2542 1627 2598 debitas
1669 2542 1892 2613 agimus
1939 2557 2070 2596 cum

429 2633 775 2691 exultatione
801 2634 1069 2690 dicentes.
1101 2636 1360 2691 Sanctus.

922 2729 1169 2778 Collectio
1200 2732 1317 2792 post
1342 2728 1576 2777 Sanctus.

502 2809 759 2879 Oremus,
795 2808 996 2864 fratres
1025 2808 1395 2875 dilectissimi,
1426 2813 1491 2862 ut
1516 2808 1791 2863 Dominus
1827 2826 1890 2863 ac
1926 2810 2072 2863 Deus

428 2910 622 2960 noster
645 2905 892 2976 speciem
920 2904 1107 2971 istam,
1139 2919 1239 2957 suo
1267 2902 1580 2956 ministerio
1607 2903 2068 2972 consecrandam,

429 2999 664 3055 celestis
691 2998 890 3069 gratia:
917 2997 1286 3068 inspiratione
1315 2997 1648 3066 sanctiﬁcat,
1679 3002 1734 3051 et
1757 2997 2072 3050 humanam

429 3092 887 3149 benedictionem
914 3091 1266 3163 plenitudine
1295 3091 1471 3146 divini
1497 3090 1700 3146 favoris
1725 3090 2049 3146 adcumulet

427 3189 535 3242 Per
556 3187 864 3241 Dominum
887 3190 1148 3239 nostrum
1177 3187 1201 3239 J
1208 3202 1388 3240 esum.

624 3295 772 3349 LXV.
805 3310 955 3348 mssa
982 3310 1168 3348 SANCTI
1194 3309 1513 3347 LEUDEGARII
1540 3305 1564 3332 ε
1594 3309 1876 3347 HARTYRIS.

505 3394 757 3461 Summe,
811 3391 1198 3462 omnipotens,
1256 3396 1465 3446 aeterne
1525 3392 1689 3460 Deus,
1751 3392 1850 3462 qui
1900 3391 2074 3448 vitam

432 3487 586 3544 beati
615 3485 882 3540 antistitis
910 3485 990 3539 tui
1015 3485 1348 3556 Leudegarii
1371 3485 1634 3556 martyris
1653 3501 1756 3556 per
1783 3485 1940 3540 istius
1965 3504 2071 3540 sae-

433 3581 545 3636 culi
573 3596 857 3634 aerumnas
881 3579 1123 3634 transire
1140 3579 1378 3650 jussisti,
1404 3579 1566 3650 cujus
1591 3596 1780 3634 annua
1805 3580 1948 3635 festa
1971 3580 2072 3636 de-

432 3679 563 3730 vota
591 3678 784 3728 mente
821 3673 1189 3741 celebramus,
1217 3689 1566 3744 quaesumus,
1598 3677 1663 3727 ut
1691 3690 1794 3744 per
1823 3674 1943 3744 ejus
1982 3673 2074 3727 in-

433 3767 833 3824 tercessionem
879 3767 1107 3838 plebem
1158 3771 1273 3821 tuae
1323 3766 1635 3822 clementiae
1679 3767 2072 3838 famulantem,

432 3862 511 3917 ita
537 3861 598 3916 in
630 3860 897 3932 prasenti
923 3861 1128 3930 foveas,
1157 3866 1223 3916 ut
1250 3861 1320 3915 ad
1349 3861 1591 3916 coelestia
1645 3877 1823 3933 regna
1863 3862 2073 3932 perdu-

436 3971 547 4010 cas.
577 3957 685 4010 Per
711 3954 1038 4010 Dominum.

995 4046 1245 4095 Collectio
1274 4046 1522 4109 sequitur.

507 4129 674 4195 Deus,
704 4126 802 4198 qui
851 4127 1081 4180 beatum
1119 4133 1430 4197 martyrem
1465 4133 1628 4181 tuum
1663 4127 2079 4198 Leudegarium

437 4224 498 4279 in
517 4237 698 4294 agone
725 4218 998 4292 probasti,
1028 4223 1085 4273 et
1104 4219 1406 4290 probatum
1435 4221 1493 4274 in
1521 4220 1712 4276 dolore
1733 4221 2076 4290 sustentasti,

440 4331 612 4389 quem
655 4313 931 4368 hodierna
971 4311 1059 4366 die
1104 4311 1164 4366 in
1199 4313 1512 4368 cmlestibus
1559 4314 1779 4385 gaudiis
1830 4315 2080 4386 recipere

440 4410 704 4481 dignatus
743 4424 820 4476 es,
865 4411 1069 4477 prassta
1100 4406 1260 4460 nobis
1299 4407 1529 4462 famulis
1572 4408 1706 4478 tuis,
1749 4413 1814 4464 ut
1839 4409 1937 4480 qui
1965 4410 2080 4480 glo-

2173 479 2617 534 conscribantur.
2647 481 2804 544 Quod
2830 479 2948 551 ipse
2966 484 3158 552 praest.

2700 573 2948 622 Collectio
2977 574 3043 623 ad
3071 588 3274 637 pacem.

2244 649 2445 702 Pacem
2486 652 2664 715 tuam,
2707 648 2966 713 Domine,
3014 649 3223 702 nostris
3266 647 3520 703 inlabere
3576 645 3825 718 pectori-

2172 742 2304 810 bus;
2337 746 2392 794 et
2419 757 2546 795 cum
2575 741 2802 795 beatum
2829 746 3138 812 martyrem
3166 747 3331 797 tuum
3361 741 3791 812 Leudegarium
3814 782 3826 808 ,

2172 835 2230 888 in
2260 835 2366 888 hoc
2397 834 2603 888 szeculo
2624 840 3091 902 commorantem,
3120 851 3224 906 per
3252 835 3406 906 pacis
3432 833 3689 889 studium
3725 833 3828 886 ho-

2172 928 2260 982 die
2291 927 2526 982 caelestis
2545 928 2676 982 aula
2703 927 2966 999 suscepit,
2985 928 3149 982 nobis
3169 945 3393 1000 quoque
3423 927 3826 1000 peccatoribus

2171 1023 2320 1093 pacis
2363 1021 2676 1091 vinculum,
2723 1027 2778 1076 et
2823 1022 3069 1076 caritatis
3107 1023 3386 1092 studium,
3430 1023 3551 1093 ejus
3597 1020 3826 1076 meritis

2173 1114 2365 1188 284
2392 1114 2880 1187 suffragrantibus,
2921 1115 3118 1187 largiri
3140 1115 3344 1187 jubeas
3373 1117 3434 1170 in
3468 1132 3682 1170 aevum.
3716 1115 3826 1168 Per

2172 1210 2502 1266 Dominum.

2735 1279 3027 1329 Immolatio
3052 1280 3242 1329 missa).

2243 1355 2491 1425 Dignum
2519 1359 2574 1408 et
2605 1354 2828 1424 justum
2855 1359 2958 1408 est.
2991 1355 3129 1409 Vere
3169 1370 3398 1426 aequum
3443 1360 3499 1410 et
3545 1355 3821 1427 pulcrum

2171 1453 2254 1505 est
2282 1465 2384 1503 nos
2424 1447 2525 1502 tibi
2562 1447 2653 1502 hic
2692 1453 2748 1502 et
2784 1447 2996 1519 ubique
3041 1464 3266 1519 semper
3300 1448 3494 1504 laudes
3521 1455 3577 1503 et
3607 1448 3827 1520 gratias

2169 1559 2368 1614 agere,
2402 1541 2710 1613 laudesque
2748 1541 3021 1597 adtollere
3045 1585 3058 1612 ,
3104 1542 3344 1597 Domine
3393 1548 3607 1612 sancte,
3653 1544 3827 1597 Pater

2172 1637 2549 1708 omnipotens,
2583 1640 2791 1690 aeterne
2814 1637 2982 1704 Deus,
3025 1652 3129 1707 per
3169 1637 3361 1690 Jesum
3405 1636 3699 1691 Christum
3738 1636 3826 1690 Fi-

2170 1731 2312 1786 lium
2348 1735 2513 1784 tuum
2539 1729 2846 1784 Dominum
2873 1733 3154 1798 nostrum,
3185 1729 3256 1784 ab
3282 1729 3442 1784 initio
3469 1730 3664 1784 saeculi
3693 1746 3825 1801 pro—

2170 1829 2445 1880 creatum.
2484 1823 2727 1878 Verbum
2759 1823 2974 1878 editum
3005 1823 3207 1892 Patris,
3253 1823 3534 1895 principia
3565 1823 3593 1863 b
3624 1823 3823 1878 seaculi

2169 1918 2328 1974 istius
2360 1919 2716 1973 conlocatum
2745 1933 2848 1988 per
2872 1921 3057 1972 totum
3085 1917 3281 1972 orbem
3310 1922 3595 1972 terrarum
3625 1921 3825 1972 contu-

2168 2012 2279 2067 listi
2310 2031 2323 2066 :
2354 2011 2452 2065 ubi
2470 2011 2671 2066 beatus
2698 2014 2918 2081 martyr
2945 2015 3075 2065 tuus
3103 2011 3483 2082 Leudegarius
3512 2011 3816 2082 episcopus

2169 2105 2239 2161 de
2261 2105 2556 2160 altitudine
2584 2104 2780 2159 smculi
2805 2103 2976 2174 hujus
2998 2120 3100 2175 per
3143 2104 3388 2158 alternas
3433 2104 3821 2158 mutilationes

2172 2199 2501 2270 discerptus,
2548 2215 2788 2268 pompas
2831 2197 3022 2251 saeculi
3065 2197 3503 2269 fragilitatisqne
3558 2196 3820 2252 calcavit.

2171 2293 2274 2348 Cui
2301 2298 2383 2359 tu,
2406 2291 2661 2361 Domine,
2687 2290 2962 2345 auxilium
2996 2291 3145 2345 ferre
3181 2291 3449 2363 dignatus
3485 2296 3645 2361 es,ut
3679 2308 3823 2362 pra:-

2170 2386 2340 2441 sentis
2372 2385 2560 2440 saeculi
2586 2400 2844 2439 amorem
2870 2383 3202 2455 despiceret,
3235 2390 3292 2440 et
3320 2384 3565 2439 coelestia
3594 2385 3820 2456 adepis-

2172 2495 2296 2534 cere
2325 2483 2694 2550 promereret.
2716 2479 3138 2532 Verumtamem
3160 2493 3386 2533 crucem
3406 2495 3569 2533 suam
3595 2478 3819 2544 tollens,

2170 2577 2226 2628 te
2255 2575 2540 2627 Pastorem
2579 2588 2842 2643 sequens,
2870 2576 2935 2626 ut
2961 2570 3204 2642 paradisi
3231 2571 3454 2626 delitias
3482 2571 3819 2643 possideret,

2170 2667 2473 2738 praesentia
2498 2666 2684 2720 omnia
2731 2665 3054 2736 dereliquit.
3101 2665 3144 2719 Ο
3188 2665 3423 2720 beatum
3461 2665 3647 2719 virum
3686 2667 3823 2720 Leu-

2172 2759 2468 2830 degarium
2511 2759 2849 2814 antistitem!
2890 2759 3009 2830 qui,
3040 2774 3145 2830 per
3173 2759 3548 2813 nefandorum
3585 2757 3822 2812 consilia
3909 2788 3919 2799 -

2173 2870 2375 2924 corpus
2403 2865 2425 2893 ο
2473 2853 2712 2907 nexibus
2757 2852 3102 2920 absolutum,
3157 2869 3218 2906 os
3259 2851 3422 2906 labiis
3471 2851 3818 2919 minuatum,

2173 2947 2457 3018 oculisque
2492 2946 2778 3014 orbatum,
2817 2945 3048 3000 exilium
3081 2950 3492 3017 perpetratum,
3523 2945 3818 3000 lubricita-

2171 3040 2243 3095 tis
2284 3040 2473 3094 saaculi
2516 3039 2914 3110 postpositum,
2955 3039 3186 3094 diversis
3235 3039 3532 3094 tormentis
3559 3055 3818 3112 passum,

2056 3131 2068 3145 ⁹
2093 3133 2147 3206 ρ
2173 3134 2498 3205 exemplum
2515 3134 2745 3204 reliquit
2765 3133 3158 3204 episcoporum
3177 3149 3281 3205 per
3307 3151 3472 3188 suam
3500 3133 3821 3204 passionem

2172 3229 2259 3283 vel
2283 3227 2636 3300 patientiam,
2669 3231 2727 3281 et
2745 3227 2815 3281 ad
2836 3232 3155 3282 extremum
3182 3227 3311 3282 vitae
3340 3232 3632 3299 perpetuas
3662 3227 3825 3282 resti-

2173 3326 2350 3390 tutus,
2393 3321 2634 3376 caelestia
2675 3337 2853 3392 regna
2882 3321 3218 3392 penetravit,
3273 3322 3609 3392 angelorum
3642 3321 3821 3376 choro

2174 3415 2442 3486 sociatur,
2483 3431 2704 3470 coronae
2751 3414 3300 3470 immarciscibilibus
3345 3415 3580 3470 ﬂoribus
3622 3431 3820 3470 remu-

2173 3513 2437 3577 neratur;
2494 3509 2646 3564 unde
2700 3513 2828 3580 post
2876 3509 3069 3563 multae
3117 3509 3374 3580 reliquiae
3416 3509 3741 3564 ﬂoruerunt
3768 3509 3825 3562 in

2177 3603 2396 3658 Galleis.
2426 3605 2732 3657 Precamur
2758 3619 2895 3674 ergo
2935 3607 3012 3672 te,
3046 3602 3304 3672 Domine,
3342 3607 3407 3657 ut
3439 3619 3542 3656 nos
3579 3602 3824 3657 famulos

2176 3703 2302 3752 tuos
2331 3712 2674 3768 omnemque
2701 3695 2926 3768 plebem
2958 3696 3387 3752 reminiscentes
3413 3695 3589 3751 talem
3625 3697 3819 3751 Pasto~

2177 3806 2320 3858 rem,
2349 3790 2469 3861 ejus
2497 3789 2716 3844 meritis
2744 3788 3234 3860 suffragrantibus,
3257 3789 3483 3844 veniam
3499 3805 3822 3844 mereamur

2177 3883 2433 3938 obtinere
2468 3883 2882 3954 peccaminum,
2915 3899 3019 3954 per
3042 3882 3328 3938 Christum
3370 3883 3682 3938 Dominum
3718 3899 3817 3937 no-

2178 3982 2379 4033 strum.
2409 3977 2509 4032 Cui
2538 3993 2736 4032 omnes
2763 3977 2972 4048 angeli.

2809 4071 2932 4119 Post
2952 4069 3190 4119 Sanctus.

2250 4147 2513 4200 Hosanna
2543 4145 2794 4200 excelsis.
2825 4144 3160 4200 Benedictus
3187 4143 3286 4216 qui
3316 4143 3470 4199 venit
3495 4145 3556 4199 in
3594 4146 3824 4200 nomine

2180 4237 2426 4293 Domini.
2457 4238 2500 4292 Ο
2529 4255 2658 4294 vere
2684 4239 2846 4294 beata
2871 4255 2998 4308 vox,
3036 4255 3212 4310 quam
3251 4238 3589 4310 angelorum
3637 4246 3696 4295 et
3734 4255 3821 4294 ar-

2179 4332 2589 4404 changelorum
2615 4332 2920 4388 concinunt
2948 4331 3186 4387 virtutes
3212 4331 3225 4386 l
3258 4349 3385 4404 quae
3413 4349 3520 4387 nos
3555 4331 3727 4388 hodie
3771 4333 3823 4386 in

2182 4425 2440 4496 passione
2468 4425 2620 4482 beati
2659 4423 2921 4498 martyris
2947 4425 3031 4480 tui
3058 4426 3390 4498 Leudegarii
3419 4443 3526 4480 vox
3551 4443 3667 4481 una
3697 4443 3824 4498 pro-

439 4503 582 4560 riam
623 4518 737 4557 ηοη
764 4516 1074 4567 meremur,
1104 4500 1522 4572 indulgentiam
1547 4509 1927 4573 Peccatomm:
1963 4503 2083 4574 ίΡδο
2103 4513 2162 4584 D
2184 4520 2402 4591 rumpit
2437 4520 2497 4574 in
2531 4520 2715 4575 laude.
2763 4521 2834 4574 Ut
2869 4523 2933 4574 tu
2984 4521 3132 4574 Deus
3181 4521 3347 4576 Pater
3397 4521 3682 4589 omnium,
3732 4518 3826 4592 qui

439 4596 868 4665 interveniente,
895 4593 1137 4665 adepisci
1169 4610 1516 4650 mereamur.
1545 4597 1669 4650 Per.

933 4691 1184 4742 Collectio
1211 4696 1329 4754 post
1349 4693 1582 4743 nomina.

512 4775 730 4830 Auditis
774 4772 1102 4828 nominibus
1145 4772 1505 4842 oﬂ‘erentum,
1545 4775 1743 4829 fratres
1785 4773 2080 4842 carissimi,

443 4868 664 4924 Domini
685 4868 1038 4938 majestatem
1058 4867 1451 4939 deprecemur,
1475 4873 1540 4922 ut
1559 4867 1655 4940 qui
1681 4867 1854 4922 vitam
1875 4867 2084 4922 summi

445 4961 707 5017 antistitis
733 4960 819 5013 sui
857 4959 1196 5030 Leudegarii
1223 4959 1492 5032 martyris
1517 4961 1810 5017 transtulit
1839 4961 1910 5016 ad
1931 4977 2085 5015 coro-

445 5071 601 5123 nam,
654 5069 755 5124 per
807 5052 1191 5106 interventum
1239 5059 1563 5110 sanctorum
1605 5054 2081 5127 patriarcharum,

445 5147 876 5222 prophetarum,
914 5146 1300 5218 apostolorum
1331 5152 1386 5202 et
1425 5153 1760 5220 martyrum,
1797 5148 2087 5204 anachori-

448 5250 638 5300 tarum
675 5244 731 5296 et
756 5239 1064 5311 virginum,
1121 5241 1488 5314 omniumque
1529 5247 1851 5298 sanctorum
1894 5259 2087 5298 conce-

447 5339 579 5395 dere
611 5336 879 5408 dignetur
905 5337 970 5388 ut
998 5351 1168 5388 sacrae
1209 5336 1502 5406 praesentis
1524 5337 1730 5392 oblatio
1759 5352 1885 5408 quae
1927 5337 2088 5391 offer-

446 5439 560 5500 tur,
601 5429 920 5485 viventibus
958 5429 1434 5498 emendationem,
1473 5435 1530 5485 et
1574 5431 1852 5486 defunctis
1887 5429 2084 5484 remis-

447 5527 664 5581 sionem
684 5524 939 5579 obtineat
963 5527 1320 5594 peccatorum
1341 5541 1357 5593 ;
1391 5529 1446 5578 et
1465 5540 1712 5596 quorum
1739 5524 1971 5578 nomina
1995 5524 2086 5577 hic

518 5683 544 5712 ι
572 5667 669 5725 Vel
701 5680 768 5722 ex
794 5666 900 5722 hoc
925 5667 1043 5720 loco
1070 5671 1223 5737 patet
1269 5665 1478 5720 Missale
1515 5667 1626 5737 hoc
1657 5666 1826 5721 fuisse
1863 5666 2088 5722 Ordinis

449 5740 746 5808 Gallicani;
792 5744 960 5809 atque
999 5736 1129 5791 hinc
1174 5737 1463 5809 colligitur
1499 5736 1716 5792 Codicis
1753 5743 1905 5808 aetas,
1955 5755 2086 5794 cum

445 5811 827 5882 Leudegarius
855 5808 1163 5863 exstinctus
1187 5808 1259 5863 sit
1275 5823 1424 5861 anno
1452 5811 1572 5863 6‘78.

2180 4613 2344 4668 nobis
2394 4614 2615 4668 veniam
2653 4613 2872 4669 tribuas
2921 4613 2989 4668 de
3035 4614 3297 4685 peccatis,
3351 4631 3704 4686 quaesumus,
3761 4613 3826 4667 da

2182 4707 2520 4762 oblivionem
2583 4707 3004 4778 praeteritorum
3059 4706 3396 4779 facinorum,
3459 4708 3559 4780 qui
3625 4707 3823 4763 dedisti

2183 4801 2530 4873 martyribus
2555 4807 2680 4872 post
2703 4802 3063 4874 triumphum
3085 4819 3374 4859 coronam.
3394 4804 3497 4858 Per
3518 4803 3824 4858 Dominum

2183 4899 2462 4951 nostrum.
2493 4895 2598 4960 Qui
2630 4896 2779 4968 prid.

2818 4979 2942 5026 Post
2970 4979 3190 5027 secreta.

2257 5055 2383 5107 Haec
2411 5051 2669 5119 facimus,
2711 5051 2973 5121 Domine,
3015 5053 3336 5124 passionem
3389 5058 3546 5107 tuam
3588 5067 3825 5107 comme-

2185 5151 2503 5214 morantes;
2525 5146 2648 5201 haac
2675 5145 2933 5216 facimus,
2962 5148 3126 5201 Pater
3155 5147 3286 5203 Jesu
3329 5146 3568 5216 Christe,
3599 5147 3700 5218 qui
3738 5161 3826 5200 no-

2185 5239 2272 5294 bis
2317 5239 2386 5294 de
2424 5240 2550 5312 lege
2590 5241 2764 5296 veteri
2807 5257 3012 5295 novam
3065 5241 3369 5296 tradidisti.
3430 5240 3691 5296 Concede
3735 5255 3822 5293 no-

2185 5333 2291 5402 bis,
2322 5333 2706 5389 intercedente
2730 5333 2923 5407 285
2956 5335 3122 5390 beato
3150 5334 3400 5389 antistite
3425 5338 3523 5388 tuo
3541 5333 3820 5404 Leudega-

2187 5426 2272 5482 rio
2292 5431 2562 5499 martyre,
2585 5428 2744 5498 cujus
2765 5429 2930 5484 hodie
2949 5445 3202 5484 annuam
3221 5428 3818 5483 commemorationem

2188 5521 2556 5592 celebramus,
2601 5526 2665 5576 ut
2696 5522 2994 5578 descendat
3038 5523 3130 5577 hic
3168 5522 3488 5578 benedictio
3535 5527 3634 5576 tua
3661 5535 3824 5592 super

2260 5668 2286 5708 ι)
2317 5671 2400 5740 An
2425 5667 2733 5738 legendum
2760 5669 3139 5740 Principium?

2221 5754 2279 5865 bc
2457 5739 2756 5796 accusandi
2798 5756 2959 5795 casus
3009 5739 3298 5811 ponebant
3337 5755 3440 5810 pro
3499 5743 3658 5794 sexto
3697 5752 3818 5792 casu

2187 5828 2217 5866 a
2261 5828 2320 5866 so
2345 5828 2380 5866 u
2410 5827 2463 5868 ο.
