3968 6224
428 349 528 401 307

427 461 685 532 infunde,
717 478 821 535 per
857 479 1030 536 quam
1074 463 1157 519 illi
1188 466 1391 518 cuncta
1441 461 1613 518 inlata
1653 463 1906 534 corporis
1949 469 2059 520 tor-
2080 472 2140 554 Α

426 560 618 612 menta
636 556 980 614 devicerunt.
1004 560 1110 613 Per
1134 573 1286 612 eum.

995 649 1281 700 Immolatio
1299 648 1486 699 missas.

497 730 746 804 Dignum
801 737 856 788 et
881 733 1101 804 justum
1147 736 1249 795 est,
1304 731 1660 803 omnipotens
1717 732 2059 804 sempiterne

429 827 592 894 Deus,
626 833 680 882 te
708 827 979 881 victorem
1007 826 1225 895 mortis,
1257 830 1313 881 et
1347 827 1826 898 triumphatorem
1849 828 2054 898 Marty-

425 936 557 975 rum
595 920 954 987 conlaudare,
999 924 1054 974 et
1090 919 1148 974 in
1191 919 1489 975 festivitate
1527 921 1813 992 praesenti,
1854 921 1915 976 in
1947 937 2059 993 qua

422 1013 728 1086 Martyrum
754 1019 984 1069 tuorum
1030 1014 1107 1070 ill.
1137 1019 1193 1069 et
1222 1015 1304 1070 ill.
1350 1015 1687 1070 memoriam
1728 1015 2052 1087 frequenta-

421 1124 548 1163 mus
581 1125 593 1162 :
632 1124 876 1180 quorum
898 1124 1002 1163 nos
1031 1109 1268 1163 delectat
1304 1113 1359 1163 et
1405 1109 1728 1164 certaminis
1773 1109 2057 1164 recordari

421 1202 810 1269 constantiam,
856 1207 913 1257 et
953 1201 1196 1258 victoriae
1237 1204 1605 1274 contemplari
1665 1203 1919 1274 praemia.
1989 1205 2057 1258 Et

419 1294 547 1349 ideo
571 1298 626 1350 te
649 1295 916 1366 petimus,
941 1298 1008 1350 ut
1032 1295 1209 1350 beatis
1237 1295 1355 1350 istis
1390 1295 1722 1367 Martyribus
1763 1296 1842 1350 ill.
1883 1299 1939 1350 et
1972 1296 2050 1351 ill.

421 1389 545 1444 ﬁeri
573 1407 675 1444 nos
707 1389 1018 1445 imitatores
1054 1389 1352 1458 concedas;
1381 1394 1445 1444 ut
1471 1389 1558 1443 vel
1598 1389 1829 1444 ultimos
1862 1389 1920 1444 in
1962 1406 2050 1444 re-

419 1482 812 1538 muneratione
839 1499 1037 1538 eorum
1053 1482 1442 1554 participando
1469 1482 1793 1552 constituas,
1824 1483 1923 1555 qui
1947 1483 2055 1538 illis

422 1593 526 1648 pro
545 1576 869 1631 certaminis
890 1576 1201 1631 constantia
1212 1576 1626 1632 beatitudinem
1651 1575 1897 1631 tribuisti
1913 1593 2055 1631 sem-

417 1669 747 1741 piternam:
794 1686 897 1741 per
937 1670 1225 1725 Christum
1263 1669 1560 1724 Dominum
1614 1673 1894 1725 nostrum.
1952 1671 2054 1726 Cui

417 1763 621 1819 merito
641 1779 858 1818 omnes.

823 1871 968 1926 LXX.
1003 1887 1124 1925 mm
1153 1886 1306 1926 mssa
1334 1887 1643 1926 manuum.

495 1971 718 2038 Adesto,
747 1971 1003 2040 Domine,
1042 1970 1303 2041 precibus
1342 1970 1570 2040 nostris,
1609 1987 1747 2042 quas
1787 1971 1845 2026 in
1887 1988 2048 2026 sanc-

418 2069 613 2121 torum
637 2069 867 2120 tuorum
888 2065 1194 2135 Martyrum
1218 2064 1296 2119 ill.
1330 2068 1387 2119 et
1411 2064 1493 2119 ill.
1516 2065 2052 2122 commemoratione

417 2158 744 2225 deferimus,
775 2162 841 2212 ut
863 2158 962 2229 qui
986 2161 1193 2212 nostra
1202 2157 1439 2229 justitim
1462 2157 1726 2214 ﬁduciam
1744 2175 1864 2214 non
1882 2159 2050 2215 habe-

417 2270 564 2321 mus,
593 2268 791 2307 eorum
825 2251 925 2324 qui
952 2251 1056 2306 tibi
1088 2252 1424 2323 placuerunt
1448 2252 1665 2308 meritis
1692 2252 2046 2324 adjuvemur.

415 2348 521 2401 Per
544 2346 850 2402 Dominum
875 2348 1133 2402 nostrum
1159 2345 1363 2400 Filium
1386 2351 1571 2402 tuum.

978 2437 1226 2488 Collectio
1249 2439 1498 2503 sequitur.

486 2518 680 2592 288
713 2519 1042 2591 Propitiare,
1085 2518 1343 2587 Domine,
1395 2518 1898 2592 supplicationibus
1939 2537 2047 2576 no-

414 2614 563 2680 stris,
582 2618 637 2668 et
651 2614 910 2684 exemplo
934 2616 1257 2668 sanctorum
1283 2615 1596 2684 Martyrum
1621 2619 1850 2670 tuorum
1878 2615 1960 2670 ill.
1993 2618 2052 2671 et

411 2708 494 2763 ill.
522 2707 810 2762 flammam
831 2707 892 2762 in
917 2707 1078 2763 nobis
1105 2711 1219 2762 tute
1246 2707 1490 2762 caritatis
1511 2708 1783 2776 accende;
1814 2712 1881 2764 ut
1903 2725 2045 2781 quo-

409 2817 541 2857 rum
577 2818 678 2857 nos
704 2801 905 2858 feceris
947 2801 1277 2868 imitatores,
1314 2800 1516 2871 jubeas
1568 2817 1688 2857 esse
1739 2806 2046 2859 consortes.

409 2897 533 2951 Per.
897 2964 1148 3015 Collectio
1175 2968 1294 3028 post
1320 2965 1550 3016 nomina.

481 3047 819 3102 Sanctorum
835 3047 1147 3118 Martyrum
1159 3050 1393 3101 tuorum
1409 3047 1491 3103 ill.
1512 3051 1567 3102 et
1578 3047 1683 3117 i11.,
1698 3064 2044 3120 quaesumus,

410 3140 665 3209 Domine,
700 3140 962 3210 precibus
1008 3139 1366 3211 adjuvemur,
1413 3144 1478 3196 ut
1503 3142 1655 3212 quod
1696 3146 1888 3196 nostra
1913 3159 2042 3214 pos-

1215 350 1552 426 APPENDIX
1580 350 1670 403 AD
1706 350 1927 403 OPERA
1965 349 2198 404 SANCTI
2237 350 2535 405 GERMAN]
2575 349 3000 406 PARISIENSIS.

2071 1845 2129 1916 B

3696 357 3795 409 308

2530 465 2701 520 LXXI.
2745 481 2870 520 [rem
2909 480 3065 520 MISSA
3104 481 3417 522 murram.

2230 560 2398 629 Deus,
2426 559 2525 630 qui
2553 575 2658 614 nos
2693 564 3012 614 sanctorum
3043 559 3350 632 Martyrum
3374 562 3609 615 tuorum
3649 563 3794 616 tem-

2158 653 2338 723 porali
2381 651 2586 706 tribuis
2626 651 3160 707 commemoratione
3215 652 3490 724 gaudere,
3545 657 3755 724 prazsta
3780 694 3794 720 ,

2159 762 2506 817 quaesumus,
2543 749 2611 800 ut
2649 745 2710 800 in
2745 761 2810 800 ea
2844 762 3217 802 numeremur
3263 750 3408 801 sorte
3462 746 3686 816 salvati,
3737 746 3798 802 in

2159 856 2271 911 qua
2291 840 2371 894 illi
2395 843 2528 894 sunt
2552 839 2895 894 confessione
2921 840 3006 895 tui
3029 839 3274 896 nominis
3301 840 3548 912 gloriosi.
3579 841 3712 896 Per.

2708 933 2955 983 Collectio
2989 932 3235 997 sequitur.

2230 1017 2394 1083 Deus,
2425 1014 2484 1069 in
2510 1015 2670 1085 cujus
2696 1017 3001 1085 conspectu
3028 1030 3180 1069 mors
3205 1017 3286 1069 est
3309 1013 3551 1086 pretiosa
3571 1019 3794 1071 sancto-

2157 1125 2308 1178 rum,
2337 1108 2521 1164 tribue
2544 1113 2612 1164 ut
2636 1108 2796 1163 nobis
2825 1107 3084 1163 fidelibus
3111 1107 3220 1163 vita
3247 1108 3501 1164 conferat
3524 1108 3794 1183 quicquid

2154 1202 2263 1257 illis
2289 1219 2440 1257 mors
2467 1202 2668 1258 devota
2704 1203 2991 1258 concessit.

2651 1296 2900 1346 Collectio
2919 1298 3038 1360 post
3060 1297 3289 1346 nomina.

2227 1378 2460 1448 Exaudi,
2489 1378 2744 1446 Domine,
2779 1377 3138 1433 offerentium
3169 1376 3364 1451 289
3409 1394 3627 1450 preces,
3666 1384 3795 1434 vota

2155 1463 2395 1543 suscipe,
2433 1477 2660 1544 peccata
2689 1472 2930 1527 dimitte.
2959 1471 3164 1526 Tribue
3192 1488 3417 1543 quoque
3442 1476 3676 1527 tuorum
3703 1472 3793 1526 in-

2156 1565 2492 1621 tercessione
2521 1570 2841 1621 sanctorum
2871 1567 3182 1637 Martyrum
3210 1565 3353 1620 caris
3380 1565 3587 1621 nostris
3607 1566 3709 1638 qui
3735 1567 3796 1621 in

2155 1660 2374 1715 Christo
2409 1660 2722 1730 dormiunt,
2755 1659 3118 1731 refrigerium
3158 1660 3218 1714 in
3250 1660 3483 1732 regione
3508 1660 3793 1716 vivorum.

2157 1754 2261 1809 Per
2284 1753 2585 1808 Dominum
2610 1757 2892 1808 nostrum.

2683 1845 2935 1896 Collectio
2962 1844 3029 1896 ad
3053 1859 3256 1909 pacem.

2221 1927 2592 1999 Omnipotens
2611 1927 2954 1999 sempiterne
2979 1929 3142 1997 Deus,
3167 1927 3352 1982 tribue
3375 1927 3538 1982 nobis
3564 1927 3792 1983 famulis

2151 2021 2262 2075 tuis
2288 2025 2352 2076 ut
2371 2020 2514 2076 sicut
2535 2022 2804 2092 Martyres
2830 2021 2916 2077 tui
2942 2022 3009 2076 ad
3035 2020 3292 2076 bravium
3334 2037 3600 2093 supernae
3638 2037 3793 2076 voca-

2150 2113 2318 2169 tionis
2340 2115 2721 2184 tetenderunt,
2747 2115 2823 2170 ita
2850 2132 2970 2182 nos,
3001 2120 3261 2186 superato
3292 2115 3471 2183 hoste,
3498 2115 3792 2170 victoriam

2151 2225 2593 2280 consequamur;
2622 2214 2678 2264 et
2692 2225 2890 2281 pacem
2908 2225 3082 2281 quam
3108 2208 3169 2263 in
3195 2208 3359 2263 labiis
3377 2209 3490 2263 oris
3534 2209 3792 2281 exsequi-

2151 2319 2301 2373 mur,
2333 2303 2706 2358 immaculatis
2719 2303 2980 2358 cordibus
2997 2307 3310 2357 teneamus.
3337 2304 3442 2357 Per
3461 2303 3786 2358 Dominum.

2725 2395 3012 2446 lmmolatio
3044 2395 3234 2446 missae.

2222 2477 2470 2550 Dignum
2515 2482 2574 2532 et
2608 2477 2831 2548 justum
2871 2482 2974 2547 est,
3029 2477 3386 2548 omnipotens
3438 2478 3790 2550 sempiterne

2150 2574 2314 2627 Deus.
2342 2571 2622 2636 Quoniam
2648 2589 2681 2626 a
2705 2577 2760 2626 te
2787 2572 3164 2626 constantiam
3189 2570 3348 2641 ﬁdes,
3379 2587 3413 2626 a
3437 2576 3495 2626 te
3521 2571 3791 2626 virtutem

2151 2665 2326 2721 sumit
2354 2665 2681 2735 inﬁrmitas;
2711 2671 2769 2721 et
2793 2666 3066 2738 quicquid
3093 2666 3152 2720 in
3177 2664 3666 2737 persecutionibus
3692 2682 3791 2720 saa-

2149 2777 2304 2830 vum,
2334 2759 2605 2832 quicquid
2633 2760 2694 2814 in
2717 2763 2900 2815 morte
2927 2759 3178 2815 terribile
3203 2763 3307 2829 est,
3335 2759 3588 2814 nominis
3607 2760 3694 2815 tui
3712 2759 3790 2814 fa-

2149 2853 2229 2908 cis
2256 2853 2604 2909 confessione
2632 2869 2920 2925 superare.
2958 2853 3114 2908 Unde
3149 2851 3535 2908 benedicimus
3564 2859 3643 2920 te,
3677 2856 3786 2909 Do-

2149 2948 2322 3018 mine,
2351 2949 2413 3002 in
2452 2947 2718 3019 operibus
2765 2946 2917 3002 tuis:
2970 2952 3140 3018 teque
3176 2947 3238 3002 in
3275 2951 3599 3002 sanctorum
3640 2949 3785 3003 Mar-

2149 3046 2342 3114 tyrum
2367 3046 2599 3097 tuorum
2617 3041 2700 3097 ill.
2723 3045 2780 3096 et
2797 3041 2880 3097 ill.
2912 3040 3315 3112 gloriﬁcatione
3339 3040 3660 3112 laudamus,
3693 3041 3788 3096 ob-

2149 3139 2427 3192 secrantes
2450 3141 2516 3190 ut
2538 3135 2879 3192 intervenire
2904 3151 3009 3206 pro
3049 3151 3106 3191 se
3144 3133 3530 3190 excolentibus
3556 3135 3786 3206 jubeas,

410 3232 641 3288 sibilitas
665 3249 780 3288 non
811 3232 1046 3300 obtinet,
1082 3249 1281 3287 eorum
1307 3233 1405 3304 qui
1427 3238 1559 3289 ante
1588 3236 1642 3288 te
1662 3233 1805 3304 justi
1829 3234 2045 3290 inventi
2066 3217 2120 3290 C
2147 3247 2289 3302 quos
2315 3233 2595 3303 perpetua
2620 3229 3080 3285 remuneratione
3105 3229 3336 3298 exaltas,
3368 3246 3472 3301 per
3494 3229 3790 3285 Christum

410 3329 544 3380 sunt
588 3324 751 3379 nobis
801 3323 1052 3378 oratione
1089 3324 1363 3394 donetur;
1413 3330 1469 3380 et
1517 3341 1764 3398 quorum
1811 3328 2048 3384 nomina

409 3422 539 3472 ante
567 3417 745 3473 altare
785 3421 1043 3472 sanctum
1083 3421 1215 3472 sunt
1241 3418 1488 3488 recitata,
1518 3435 1611 3475 eos
1646 3419 1803 3492 quies
1837 3425 2047 3476 aeterna

411 3510 700 3584 suscipiat.
724 3511 828 3565 Per
854 3510 1158 3566 Dominum
1185 3515 1463 3568 nostrum.

941 3603 1191 3654 Collectio
1216 3605 1279 3654 ad
1311 3619 1514 3669 pacem.

479 3685 850 3757 Omnipotens
890 3685 1230 3757 sempiterne
1279 3688 1443 3756 Deus,
1482 3685 1580 3758 qui
1612 3687 1671 3742 in
1713 3687 2044 3744 Sanctorum

407 3778 668 3835 cordibus
696 3777 988 3833 ﬂammam
1005 3783 1116 3834 tua:
1143 3780 1460 3835 dilectionis
1486 3780 1762 3848 accendis,
1791 3782 1861 3836 da
1881 3799 2041 3838 men-

407 3872 556 3928 tibus
620 3872 878 3927 eamdem
941 3873 1144 3942 ﬁdem,
1211 3874 1573 3945 caritatisque
1624 3874 1919 3945 virtutem,
1981 3882 2047 3932 ut

407 3982 655 4038 quorum
673 3966 988 4036 gaudemus
1007 3966 1337 4037 triumphis,
1365 3967 1725 4038 proficiamus
1749 3969 2040 4041 exemplis.

403 4060 532 4116 Per.

980 4129 1270 4179 Immolatio
1289 4129 1476 4181 missae.

481 4211 620 4266 Vere
647 4209 886 4282 dignum
913 4214 969 4264 et
989 4210 1212 4281 justum
1241 4216 1324 4266 est
1348 4228 1454 4266 nos
1482 4211 1586 4267 tibi
1612 4213 1818 4284 gratias
1849 4230 2040 4286 agere,

409 4303 766 4375 omnipotens
811 4307 1019 4359 aeterne
1063 4304 1229 4371 Deus,
1278 4320 1382 4376 per
1416 4306 1702 4362 Christum
1737 4308 2043 4365 Dominum

405 4402 684 4454 nostrum.
714 4397 821 4462 Qui
848 4397 1178 4470 gloriﬁcaris
1204 4398 1264 4454 in
1283 4399 1522 4455 concilio
1551 4405 1873 4457 sanctorum
1897 4403 2038 4457 Mar-

405 4498 616 4564 tyrum,
651 4508 896 4564 magnus
923 4496 980 4548 et
1006 4491 1273 4548 terribilis
1297 4509 1470 4565 super
1495 4510 1692 4550 omnes
1711 4495 1811 4566 qui
1837 4496 1901 4550 in
1927 4497 2038 4551 cir-

2148 3324 2451 3380 Dominum
2475 3321 2757 3379 nostrum.
2787 3325 2894 3379 Per
2915 3340 3107 3395 quem.

2469 3437 2664 3490 LXXII.
2699 3452 2850 3490 mssa
2890 3451 3052 3490 umus
3093 3451 3460 3490 CONFESSOBIS.

2219 3537 2362 3590 Deus
2399 3533 2654 3589 ﬁdelium
2699 3539 3094 3590 remunerator
3117 3534 3456 3600 animarum,
3487 3541 3699 3607 priests
3730 3541 3793 3591 ut

2147 3629 2467 3684 celebritate
2494 3629 2762 3700 praesenti
2785 3629 2960 3684 sancti
2985 3629 3314 3684 confessoris
3333 3629 3416 3683 tui
3446 3633 3501 3683 et
3540 3630 3792 3702 episcopi

2147 3722 2228 3778 ill.
2266 3722 2338 3777 sit
2378 3723 2539 3777 nobis
2586 3723 2907 3778 veneranda
2951 3723 3298 3777 sollemnitas
3342 3725 3398 3777 et
3441 3723 3788 3796 placitorum

2145 3817 2246 3872 tibi
2283 3816 2542 3888 precibus
2569 3815 2984 3888 indulgentiam
3009 3833 3440 3889 consequamur.
3468 3819 3576 3872 Per
3598 3817 3788 3873 Domi-

2144 3928 2285 3966 num
2307 3914 2587 3966 nostrum.

2697 3980 2943 4030 Collectio
2969 3981 3220 4045 sequitur.

2215 4063 2452 4131 Exaudi,
2490 4063 2745 4129 Domine,
2789 4078 2984 4133 preces
3025 4066 3262 4133 nostras,
3316 4079 3456 4134 quas
3498 4063 3560 4118 in
3606 4066 3786 4121 sancti

2145 4157 2487 4213 Confessoris
2502 4156 2585 4211 tui
2611 4157 2693 4210 ill.
2719 4156 3254 4212 commemoratione
3278 4157 3610 4227 deferimus,
3631 4163 3698 4214 ut
3719 4160 3782 4214 in

2144 4255 2444 4323 conspectu
2476 4255 2575 4305 tuo
2602 4255 2658 4306 et
2682 4251 2780 4322 qui
2808 4249 2911 4305 tibi
2939 4250 3112 4321 digne
3138 4251 3350 4306 meruit
3371 4251 3640 4308 famulari
3664 4253 3779 4309 cla-

2142 4361 2239 4400 rus
2266 4361 2491 4416 semper
2536 4344 2756 4414 existat,
2798 4348 2855 4399 et
2895 4343 3230 4415 supplicatio
3263 4361 3366 4400 nos
3404 4346 3638 4417 adjuvet
3679 4348 3783 4403 tibi

2144 4443 2301 4511 grata
2315 4439 2621 4510 justorum.
2651 4440 2774 4493 Per.

2629 4531 2880 4581 Collectio
2907 4535 3025 4595 post
3051 4531 3279 4582 nomina.

403 4585 559 4641 cuitu
585 4591 683 4641 tuo
715 4591 866 4641 sunt.
893 4586 1016 4641 Tibi
1055 4587 1208 4641 enim
1249 4587 1503 4642 serviunt
1538 4605 1736 4643 omnes
1768 4583 2118 4656 creaturaeD
2212 4612 2480 4667 Laetiﬁcat
2505 4629 2629 4679 nos,
2676 4583 3024 4684 φρευὼηῆ
3062 4613 3314 4683 Domine,
3357 4615 3532 4669 sancti
3560 4615 3784 4672 εοηίεε,

403 4683 514 4733 tuze
545 4696 558 4732 :
588 4679 724 4750 quia
766 4682 823 4733 te
868 4679 1053 4734 solum
1097 4683 1395 4736 Auctorem
1445 4684 1502 4735 et
1545 4682 1847 4736 Dominum
1887 4698 2041 4738 reco-

401 4775 713 4844 gnoscunt;
746 4775 801 4826 et
828 4771 885 4826 in
925 4773 1084 4826 omni
1121 4773 1337 4828 factura
1375 4789 1573 4828 eorum
1607 4778 1662 4828 te
1702 4775 2040 4831 conlaudant

399 4867 456 4920 et
478 4864 823 4920 benedicunt
846 4882 1043 4921 omnes
1073 4867 1251 4920 sancti
1299 4867 1404 4921 tui.
1444 4867 1550 4932 Qui
1588 4885 1864 4940 magnum
1896 4869 2037 4925 illud

399 4957 688 5029 Unigeniti
712 4958 797 5012 tui
825 4975 1055 5028 nomen,
1084 4960 1235 5032 quod
1275 4964 1359 5016 est
1392 4977 1564 5032 super
1600 4979 1768 5017 omne
1800 4978 2031 5030 nomen,

395 5067 586 5106 coram
638 5051 870 5123 regibus
917 5056 972 5108 et
1029 5054 1396 5125 potestatibus
1442 5055 1637 5110 smculi
1682 5055 1854 5127 hujus
1901 5073 2035 5113 voce

395 5145 572 5200 libera
599 5144 949 5216 conﬁtentes,
983 5147 1052 5202 de
1089 5148 1541 5218 persecutoribus
1568 5148 1682 5203 tuis
1716 5153 1772 5204 et
1811 5148 2032 5205 diabolo

392 5237 841 5310 triumpharunt,
871 5243 927 5295 et
953 5240 1265 5312 pretiosum
1291 5242 1396 5297 tibi
1430 5242 1765 5315 sanguinem
1795 5243 2035 5314 gloriosa

393 5337 574 5388 morte
604 5332 895 5389 fuderunt.
937 5334 1093 5391 Unde
1125 5335 1513 5392 benedicimus
1551 5341 1628 5407 te,
1666 5337 1923 5407 Domine,
1973 5337 2032 5394 in

389 5425 655 5496 operibus
693 5426 844 5497 tuis;
903 5433 1071 5500 teque
1123 5428 1182 5482 in
1227 5435 1549 5485 sanctorum
1604 5435 1835 5486 tuorum
1895 5431 2031 5485 Mar-

389 5521 581 5589 tyrum
621 5519 703 5575 ill.
753 5523 808 5575 et
863 5522 944 5577 ill.
991 5522 1531 5578 commemoratione
1570 5523 1867 5578 laudamus
1899 5539 2031 5578 cum

389 5611 625 5682 angelis,
683 5617 739 5668 et
784 5614 1160 5687 archangelis,
1235 5616 1476 5683 thronis,
1531 5619 1587 5670 et
1637 5616 2031 5672 dominationi-

387 5705 512 5775 bus,
563 5706 839 5776 cherubin
891 5724 1121 5781 quoque
1174 5713 1230 5764 et
1285 5707 1569 5780 seraphin,
1627 5710 1726 5781 qui
1785 5710 2026 5783 gloriam

387 5801 545 5853 tuam
599 5817 716 5856 non
780 5806 999 5856 cessant
1057 5802 1296 5860 clamare
1315 5846 1330 5874 ,
1402 5802 1692 5860 dicentes:
1761 5805 1994 5862 Sanctus
2010 5847 2024 5876 ,

387 5891 640 5962 Sanctus,
671 5893 926 5949 Sanctus.

2140 4707 2284 4762 soris
2323 4706 2406 4762 tui
2460 4711 2516 4762 et
2549 4706 2808 4777 Episcopi
2843 4707 2924 4761 ill.
2968 4724 3159 4762 annua
3191 4708 3490 4764 devotione
3537 4710 3782 4782 repetita

2140 4800 2504 4870 sollemnitas,
2535 4805 2600 4855 ut
2625 4817 2728 4872 per
2753 4801 2872 4856 hmc
2902 4800 2994 4871 pie
3023 4801 3320 4856 oblationis
3366 4802 3576 4871 ofﬁcia,
3613 4809 3670 4860 et
3705 4805 3778 4860 il-

2135 4895 2256 4949 lum
2284 4893 2579 4950 retributio
2603 4894 2766 4950 beata
2789 4895 3110 4962 comitetur,
3151 4900 3208 4951 et
3242 4896 3406 4951 nobis
3442 4912 3621 4953 sacras
3670 4898 3778 4952 tri-

2135 4987 2344 5044 buatur
2369 4986 2702 5043 sufﬁcientia
2727 4987 3029 5044 servitutis.
3057 4991 3181 5044 Per.

2666 5081 2915 5131 Collectio
2940 5081 3004 5131 ad
3031 5095 3236 5146 pacem.

2205 5165 2309 5217 Per
2335 5162 2586 5217 studium
2617 5161 2904 5217 charitatis
2927 5179 3044 5218 non
3072 5163 3234 5232 ﬁcte,
3276 5168 3333 5218 et
3367 5163 3776 5222 intercessione

2133 5254 2438 5310 beatissimi
2462 5255 2806 5311 Confessoris
2825 5256 2908 5311 tui
2933 5261 2990 5312 et
3017 5256 3276 5328 Episcopi
3299 5257 3380 5312 ill.
3407 5262 3594 5314 tuere.
3615 5276 3775 5331 quaa-

2133 5365 2349 5418 sumus,
2383 5349 2636 5418 Domine,
2675 5349 2948 5405 familiam
2987 5354 3165 5420 tuam,
3215 5356 3272 5406 et
3305 5367 3410 5422 per
3453 5351 3778 5409 dilectionis

2131 5443 2420 5498 vinculum
2449 5443 2834 5514 spiritualibus
2857 5443 3072 5499 instrue
3099 5443 3432 5516 disciplinis.
3460 5446 3587 5501 Per.

2691 5536 2980 5587 Immolatio
3004 5537 3192 5588 missae.

2203 5616 2396 5692 290
2425 5619 2563 5674 Vere
2585 5617 2824 5692 dignum
2843 5623 2901 5674 et
2915 5618 3135 5689 justum
3161 5622 3264 5689 est,
3291 5635 3395 5674 nos
3414 5620 3518 5675 tibi
3545 5637 3776 5694 semper

2129 5716 2186 5768 et
2214 5711 2424 5784 ubique
2450 5712 2655 5784 gratias
2681 5728 2870 5785 agere,
2899 5712 3133 5769 Domine
3155 5717 3366 5786 sancte,
3397 5717 3564 5772 Pater
3585 5717 3774 5770 omni-

2128 5810 2349 5878 potens,
2380 5810 2588 5862 wterne
2615 5809 2779 5862 Deus.
2809 5807 2915 5872 Qui
2953 5806 3282 5879 gloriﬁcaris
3322 5807 3382 5864 in
3417 5810 3774 5866 confessione

2131 5903 2491 5970 sanctorum;
2526 5904 2582 5956 et
2611 5916 2725 5956 non
2760 5900 2944 5957 solum
2981 5901 3469 5960 excellentioribus
3509 5905 3772 5978 praemiis
