3968 6224
138 340 212 391 309
1145 336 1232 392 DE
1269 337 1582 394 LITURGIA
1618 339 1991 396 GALLICANA
2028 343 2228 398 LIBER
2263 344 2354 399 III.

3343 349 3449 405 310

135 445 396 512 martyrum
423 444 651 496 tuorum
681 442 893 497 merita
922 442 1174 513 gloriosa
1193 444 1577 516 prosequeris,
1611 446 1712 501 sed
1733 457 1794 531 Α
1814 450 1947 515 tum,
1981 452 2039 503 et
2065 449 2140 505 da
2169 466 2393 521 pacem,
2423 465 2599 521 quam
2622 466 2966 522 permanere
2990 452 3210 524 jugiter
3241 469 3452 525 praece-

135 540 268 592 etiam
295 550 503 589 sacrum
544 535 932 590 ministerium
970 539 1434 608 competentibus
1469 540 1713 594 servitiis

133 632 465 700 exsequentes,
496 629 773 698 gaudium
804 630 1031 684 Domini
1066 631 1148 684 sui
1183 631 1386 686 tribuis
1427 633 1713 705 benignus

132 727 334 786 intrare;
378 724 434 775 ut
469 721 567 792 qui
603 723 659 775 in
711 723 958 790 modico,
1001 724 1109 778 hoc
1148 728 1230 778 est
1267 725 1324 779 in
1367 743 1542 796 parvo
1581 727 1710 782 vita:

128 815 371 890 prasentis
405 831 675 882 excursu,
725 816 912 870 ﬁdelis
965 817 1258 888 apparuit,
1310 835 1482 890 supra
1529 822 1712 875 multa

127 913 260 974 bona,
289 909 468 979 utique
497 908 556 962 in
593 909 1008 980 sempiternum
1033 928 1325 980 mansura,
1354 913 1709 970 beatitudine

128 1005 423 1074 disponatur.
451 1004 562 1057 Per
587 1003 876 1058 Christum
910 1004 1220 1060 Dominum
1248 1010 1528 1062 nostrum.

277 1112 474 1165 LXXIII.
519 1127 682 1167 MISSA
721 1128 788 1166 ne
829 1127 1026 1166 erm-zs
1069 1117 1496 1168 conressoues'.

173 1212 378 1280 Protege
407 1227 531 1278 nos,
569 1227 918 1281 qumsumus,
951 1210 1216 1278 Domine,
1249 1214 1482 1266 tuorum
1502 1211 1708 1284 depre-

124 1304 303 1359 catione
319 1304 624 1375 justorum,
663 1308 724 1358 ut
755 1321 1002 1376 quorum
1036 1304 1464 1360 circumdamur
1506 1307 1708 1362 suffra-

124 1399 209 1467 gio,
238 1398 514 1452 foveamur
545 1399 776 1454 auxilio.
809 1400 934 1452 Per.

171 1561 302 1615 Adsit
328 1562 504 1626 nobis,
538 1492 1188 1633 Domingflqeifggumus,
1227 1563 1482 1634 precatio
1512 1567 1711 1619 sancta

114 1655 347 1725 justorum
374 1673 385 1709 :
417 1673 541 1726 quae
576 1672 683 1710 nos
716 1673 749 1709 a
781 1656 1028 1710 terrenis
1069 1656 1367 1711 affectibus
1394 1657 1707 1712 incessabi-

119 1749 215 1801 liter
238 1749 511 1819 expeditos
543 1751 774 1804 coelesta
799 1750 1130 1804 desiderare
1155 1750 1434 1821 perﬁciat.
1471 1753 1599 1806 Per.

686 1843 808 1892 Post
849 1843 1080 1892 nomina.

169 1912 483 1968 Sacriﬁcium
513 1914 642 1981 tibi,
681 1915 946 1983 Domine,
979 1914 1166 1969 laudis
1197 1914 1493 1970 offerimus
1519 1915 1577 1970 in
1609 1932 1704 1971 ve-

118 2007 406 2060 uerabilium
441 2008 1003 2063 commemoratione
1049 2012 1381 2064 sanctorum
1425 2013 1656 2065 tuorum
1691 2027 1704 2066 :

117 2101 185 2165 da,
223 2117 546 2171 quaesumus,
601 2102 866 2170 Domine,
907 2106 970 2156 ut
1015 2103 1170 2173 quod
1211 2103 1321 2157 illis
1367 2104 1608 2158 contulit
1633 2105 1706 2160 ad

117 2193 331 2262 gloriam,
359 2195 522 2249 nobis
553 2195 822 2267 proﬁciat
850 2196 924 2249 ad
956 2197 1221 2251 salutem.
1263 2198 1389 2251 Per.

167 2358 459 2415 Oblationes
475 2360 716 2415 familiae
730 2285 1156 2428 ἲιῗδξδιζῒιῖἰηθ,
1191 2378 1538 2432 quaesumus,
1567 2362 1702 2418 bea-

117 2453 407 2507 tissimorum
436 2459 773 2509 sanctorum
801 2459 1033 2510 tuorum
1061 2455 1346 2510 confessio
1378 2456 1549 2511 beata
1573 2473 1706 2511 con-

118 2545 252 2604 ciliet;
279 2549 329 2600 et
353 2564 474 2617 quae
509 2549 726 2602 nostris
751 2548 942 2603 minus
973 2552 1109 2620 apta
1130 2552 1262 2603 sunt
1287 2549 1528 2616 meritis,
1561 2550 1705 2605 ﬁant

119 2638 186 2691 tibi
214 2641 413 2710 placitae
433 2644 673 2696 tuorum
705 2642 1112 2713 deprecatione
1134 2643 1444 2713 justorum.
1481 2646 1607 2698 Per.

729 2740 1038 2789 Immolatio.

164 2808 375 2879 Dignum
409 2813 467 2865 et
491 2812 718 2882 justum
765 2815 870 2865 est.
913 2813 1057 2866 Vere
1101 2812 1343 2884 dignum
1394 2815 1451 2866 et
1478 2812 1700 2883 justum

113 2906 189 2965 est,
211 2903 292 2973 qui
317 2921 426 2958 non
465 2906 658 2960 solum
691 2908 1032 2976 martyrum,
1066 2907 1168 2960 sed
1207 2905 1382 2960 etiam
1419 2906 1700 2961 confesso-

110 3010 206 3049 rum
244 2998 456 3052 tuorum
508 3015 573 3053 es
618 2998 827 3054 virtute
858 2998 1156 3054 mirabilis.
1214 2999 1370 3053 Licet
1419 2999 1574 3054 enim
1617 2999 1699 3054 illi

111 3090 322 3157 passione
348 3092 459 3146 sint
494 3092 660 3160 clari,
707 3092 803 3163 qui
843 3092 1150 3148 manifeste
1183 3093 1391 3147 acerba
1421 3092 1700 3164 supplicia

107 3183 444 3239 sustinuerunt
479 3190 539 3241 et
571 3190 886 3253 tormenta,
916 3186 1094 3242 etiam
1129 3186 1220 3240 isti
1247 3190 1446 3241 tamen
1475 3188 1695 3241 occulte
1717 3199 1772 3275 ρ
1797 3250 1858 3287 ce

109 3278 347 3345 proposito
405 3279 806 3350 castigationis
846 3279 1062 3346 afﬂicti,
1108 3278 1363 3348 cruciati,
1425 3279 1698 3351 spiritalis

108 3368 426 3428 observantiae
457 3373 780 3445 disciplinis
808 3374 1038 3429 illorum
1065 3376 1199 3427 sunt
1231 3373 1473 3444 vestigia
1499 3374 1693 3429 subse-

107 3463 205 3516 cuti.
231 3466 325 3520 Per
346 3467 636 3522 Christum
664 3468 970 3522 Dominum
1004 3478 1044 3520 ³.

272 3577 472 3633 LXXIV.
517 3596 680 3633 mssa
721 3596 904 3633 SANCTI
955 3595 1181 3633 mnum
1222 3595 1475 3634 EPISCOPI.

157 3672 344 3730 Summi
375 3677 692 3730 sacerdotis
718 3676 799 3730 tui
822 3676 1002 3731 Patris
1033 3675 1212 3730 nostri
1229 3676 1451 3731 Martini
1475 3675 1692 3747 episco-

107 3764 143 3832 pi
180 3766 326 3822 hodie
366 3770 794 3842 depositionem
833 3770 1257 3824 celebrantibus
1297 3770 1484 3824 tribue
1506 3769 1692 3838 nobis,

107 3858 312 3929 Domine,
342 3869 399 3918 ut
420 3865 570 3919 sicut
599 3865 1220 3920 commemorationem
1244 3863 1367 3934 ejus
1399 3863 1692 3918 devotissi-

106 3967 172 4005 me
187 3956 418 4026 colimus,
434 3958 516 4014 ita
536 3962 596 4013 et
609 3976 752 4030 opus
766 3957 950 4032 291
980 3956 1551 4012 ﬁdeliterimitemur.
1567 3959 1690 4012 Per.

157 4122 292 4188 Deus,
315 4126 404 4196 qui
429 4129 692 4181 sanctam
723 4052 1029 4180 ngblilsesitilgi
1045 4125 1216 4197 hujus
1245 4124 1692 4180 sollemnitatem

106 4216 402 4280 praedicandi
434 4237 500 4274 ac
523 4219 870 4274 venerabilis
894 4219 1208 4274 sacerdotis
1231 4217 1311 4272 tui
1337 4218 1695 4290 depositione

105 4306 281 4364 Martini
309 4313 558 4385 episcopi
591 4318 864 4385 praestare
895 4314 1165 4384 dignatus
1193 4330 1272 4379 es,
1307 4313 1514 4381 tribue,
1539 4329 1694 4384 qua).—

106 4417 274 4471 sumus,
305 4410 362 4460 ut
387 4407 546 4478 quod
580 4408 789 4461 nostris
833 4408 1093 4461 obtinere
1125 4406 1390 4477 precibus
1421 4423 1536 4461 non
1565 4423 1692 4477 pos-

105 4508 272 4562 sumus,
294 4498 460 4570 ipsius
491 4517 829 4554 mereamur
859 4500 1121 4554 obtinere
1156 4499 1460 4571 suffragiis.
1492 4501 1618 4554 Per.

674 4594 796 4644 Post
844 4593 1075 4643 nomina.

153 4665 340 4721 Auditis
359 4667 691 4724 nominibus
714 4668 1082 4732 offerentum,
1112 4667 1321 4722 fratres
1347 4665 1688 4732 charissimi,

104 4757 461 4829 omnipotentis
483 4763 582 4818 Dei
606 4761 1060 4816 inenarrabilcm
1083 4760 1542 4814 misericordiam
1565 4777 1692 4830 sup-

102 4849 238 4914 plices
257 4857 622 4924 postulemus,
649 4860 711 4910 ut
732 4855 971 4910 nomina
993 4858 1211 4922 nostra,
1237 4854 1334 4924 qui
1356 4854 1413 4908 in
1432 4854 1584 4907 hunc
1605 4869 1694 4909 ce-

101 4941 420 5004 leberrimum
438 4950 596 5004 diem
609 4950 668 5005 in
681 4950 966 5004 honorem
981 4947 1162 5002 sancti
1181 4947 1451 5002 antistitis
1463 4946 1694 5003 suiMar—

101 5035 178 5089 tini
196 5040 488 5114 offerimus,
514 5044 861 5100 benedicere
885 5048 943 5099 et
961 5041 1341 5108 sanctiﬁcare,
1357 5041 1480 5112 ipso
1499 5040 1694 5096 suffra-

102 5135 255 5200 gante,
285 5135 552 5208 dignetur
590 5142 650 5192 et
679 5137 835 5209 quod
861 5136 941 5192 illi
979 5135 1153 5191 hodie
1180 5136 1474 5190 conlatum
1506 5137 1592 5188 est
1621 5134 1695 5190 ad

102 5218 319 5290 gloriam,
348 5228 511 5282 nobis
543 5244 772 5300 quoque
799 5227 1064 5298 proﬁciat
1093 5225 1165 5279 ad
1197 5225 1462 5279 salutem.
1493 5225 1620 5278 Per.

712 5320 790 5371 Ad
835 5333 1039 5371 pacem.

712 5335 790 5371 Λα
871 5335 1039 5370 acem.

157 5386 359 5459 lnclina,
393 5392 656 5460 Domine,
689 5335 888 5448 aurer’h
921 5396 1078 5446 tuam
1120 5390 1194 5444 ad
1228 5405 1427 5461 preces
1458 5387 1695 5444 familiae

155 5509 173 5536 '
210 5512 394 5586 Mirum
423 5522 507 5571 est
535 5518 755 5571 nullum
779 5517 870 5572 hic
902 5533 1025 5570 esse
1041 5517 1362 5572 Commune
1385 5515 1695 5586 virginum,

107 5583 330 5660 necitem
363 5588 416 5642 in
449 5589 808 5660 Legendario
847 5588 1160 5643 Gallicano.

157 5650 313 5742 ‘3.ch
356 5662 410 5712 et
451 5650 758 5742 sequentes
798 5660 1055 5742 quinque
1092 5658 1287 5742 missas.
1325 5654 1700 5742 dominicales

109 5722 366 5802 assignatas
397 5722 656 5802 sunfpro
679 5722 988 5802 Dominicis
1008 5733 1138 5802 post
1151 5731 1552 5802 Pentecosten,
1581 5744 1698 5782 non

110 5789 167 5868 de.
188 5789 446 5867 Adventu,
477 5789 689 5872 de'quo
723 5803 910 5856 missze
941 5789 1071 5857 dua:
1103 5801 1265 5858 initio
1291 5789 1699 5871 Missalis'pras-

111 5875 263 5923 misse
287 5875 462 5943 erant,
495 5873 596 5931 sed
638 5874 866 5932 avulsas.

1814 541 1944 612 pisti
1975 561 1992 596 :
2021 543 2162 598 illud
2198 544 2374 598 etiam
2407 544 2730 615 specialiter
2763 549 3036 616 praestare
3076 546 3349 618 digneris,
3390 552 3454 604 ut

1812 652 2014 706 parem
2054 637 2395 692 charitatem
2436 642 2760 705 teneamus,
2808 656 2984 710 quam
3025 641 3284 712 pontifex
3317 645 3448 697 tuus

1810 729 2082 784 Martinus
2112 731 2170 785 in
2200 731 2309 786 hoc
2331 733 2559 799 saeculo,
2597 736 2652 787 te
2686 732 3026 805 opitulante,
3059 734 3272 789 meruit
3301 735 3448 791 obti-

1812 839 1970 877 nere.
2000 826 2125 878 Per.

2473 897 2778 947 lmmolatio.

1882 967 2129 1039 Dignum
2149 972 2206 1023 et
2209 968 2429 1040 justum
2454 975 2556 1038 est,
2579 990 2683 1026 nos
2708 976 2784 1040 te,
2806 971 3045 1029 Domine
3067 975 3215 1030 Deus
3228 977 3445 1045 noster,

1813 1061 1870 1116 in
1903 1063 2167 1117 laudibus
2194 1063 2374 1118 sancti
2404 1065 2628 1120 Martini
2647 1067 2933 1122 honorare
2959 1084 2972 1122 :
3009 1068 3107 1139 qui
3128 1070 3310 1125 sancti
3331 1069 3451 1144 Spi-

1811 1155 1952 1209 ritus
1981 1156 2060 1210 tui
2103 1156 2252 1211 dono
2284 1173 2608 1225 succensus,
2644 1158 2723 1213 ita
2755 1159 2814 1214 in
2855 1161 2977 1231 ipso
3012 1163 3292 1232 tyrocinio
3333 1163 3449 1220 ﬁde

1810 1251 2118 1320 perfectus,
2140 1253 2200 1303 ut
2217 1251 2505 1306 Christum
2527 1251 2755 1306 texisset
2777 1253 2834 1308 in
2856 1271 3106 1326 paupere
3124 1272 3137 1323 ;
3154 1259 3211 1310 et
3231 1258 3448 1312 vestem

1812 1360 1988 1414 quam
2018 1359 2236 1413 egenus
2262 1348 2584 1415 acceperat,
2614 1346 2814 1399 mundi
2844 1348 3116 1403 Dominus
3145 1349 3444 1406 induisset.

1812 1444 1854 1498 Ο
1887 1443 2019 1498 felix
2052 1444 2308 1514 largitas,
2344 1462 2458 1515 qua
2480 1444 2747 1500 divinitas
2773 1449 3056 1518 operitur!
3087 1467 3119 1503 o
3146 1451 3447 1506 chlamidis

1811 1537 2063 1607 gloriosa
2092 1538 2312 1605 divisio,
2339 1555 2465 1609 quas
2482 1539 2724 1594 militem
2749 1540 2888 1594 texit
2907 1544 2965 1594 et
2987 1543 3214 1612 regem!
3241 1545 3450 1600 Inaesti-

1811 1631 2022 1684 mabile
2037 1631 2255 1686 donum
2270 1636 2374 1700 est,
2391 1633 2546 1703 quod
2560 1634 2765 1688 vestire
2779 1637 2958 1688 Deum
2972 1636 3184 1690 meruit
3197 1638 3446 1693 Deitatis.

1809 1724 1990 1794 Digne
2035 1725 2164 1779 huic
2195 1725 2574 1780 confessionis
2605 1730 2716 1782 tum
2752 1728 3058 1798 praemium
3095 1731 3445 1786 commisisti.

1730 1828 1786 1899 B
1810 1817 1988 1888 Digne
2002 1818 2380 1873 Arrianorum
2400 1836 2515 1873 non
2540 1820 2824 1892 subjacuit
2840 1822 3074 1876 feritati.
3090 1823 3269 1894 Digne
3289 1828 3450 1880 tanto

1810 1928 2007 1965 amore
2019 1912 2291 1966 Martinus
2304 1914 2686 1982 persecutoris
2701 1918 2992 1970 tormenta
3005 1934 3121 1971 non
3141 1917 3348 1986 timuit,
3368 1935 3451 1973 se-

1809 2022 1976 2058 curus
1997 2005 2132 2076 quia
2145 2009 2307 2060 tanta
2329 2010 2454 2060 erat
2467 2007 2732 2078 gloriatio
2746 2008 3046 2078 passionis,
3067 2013 3128 2063 ut
3148 2029 3254 2081 per
3272 2029 3450 2083 quan-

1807 2098 2032 2152 titatem
2065 2098 2234 2152 vestis
2267 2098 2486 2170 exiguae
2520 2103 2577 2154 et
2601 2101 2806 2154 vestire
2838 2104 3018 2156 Deum
3048 2105 3262 2158 meruit
3297 2109 3354 2159 et
3372 2105 3448 2160 vi-

1808 2191 1964 2246 dere.
1991 2191 2033 2246 0
2057 2191 2234 2246 animi
2258 2191 2540 2248 imitanda
2556 2193 2906 2265 benignitas,
2929 2213 2960 2250 ο
2984 2195 3260 2251 virtutum
3279 2215 3448 2254 vene-

1806 2285 1989 2340 randa
2034 2286 2321 2357 potentia!
2366 2287 2456 2342 Sic
2491 2287 2610 2358 egit
2651 2289 2896 2359 suscepti
2925 2290 3291 2360 pontiﬁcatus
3316 2292 3441 2346 ofﬁ-

1805 2378 1976 2446 cium,
2008 2382 2069 2432 ut
2091 2397 2193 2450 per
2223 2381 2471 2436 formam
2503 2381 2816 2452 probabilis
2836 2382 2985 2451 vitta,
3019 2384 3445 2441 observantiam

1805 2472 2061 2544 exegerit
2088 2473 2421 2545 disciplinar.
2461 2475 2551 2529 Sic
2584 2476 2901 2545 apostolica
2929 2476 3136 2531 virtute
3169 2477 3445 2548 speranti-

1803 2566 1908 2620 bus
1944 2567 2185 2622 contulit
2218 2567 2590 2636 medicinam,
2630 2571 2693 2622 ut
2732 2569 2874 2623 alios
2913 2570 3443 2642 supplicationibus,

1803 2659 1944 2714 alios
1963 2660 2084 2714 visu
2108 2663 2372 2716 salvaret.
2396 2663 2525 2717 Hazc
2558 2666 2673 2730 tua,
2704 2663 2964 2732 Domine,
2988 2665 3320 2720 veneranda
3341 2682 3446 2738 po-

1802 2753 1984 2808 tentia
2014 2772 2026 2809 :
2052 2754 2140 2809 cui
2166 2773 2297 2810 cum
2326 2756 2523 2827 lingua
2547 2774 2665 2810 nun
2689 2758 2917 2829 supplet
2932 2759 3152 2813 meritis
3183 2775 3440 2827 exorare,

1803 2847 2071 2917 operibus
2112 2849 2292 2904 sancti
2334 2850 2579 2917 Martini,
2623 2855 2677 2904 te
2729 2852 3066 2922 opitulante,
3112 2868 3443 2907 mereamur

1801 2947 2033 3004 imitari.
2066 2953 2175 3006 Per
2193 2952 2480 3006 Christum
2511 2951 2818 3008 Dominum
2850 2957 3130 3009 nostrum.

2203 3050 2391 3104 LXXV.
2442 3068 2596 3105 ωδε».
2635 3051 2662 3090 δ
2711 3068 3073 3106 DOMINICALIS.

1870 3139 2062 3213 292
2089 3142 2256 3208 Deus,
2282 3139 2378 3212 qui
2407 3140 2570 3194 nobis
2599 3141 3083 3212 omnipotentiam
3111 3144 3271 3197 tuam
3303 3160 3433 3214 par-

1867 3234 1980 3288 ndo
2013 3235 2260 3288 maxime
2295 3237 2353 3288 et
2377 3233 2706 3289 miserando
2734 3235 3088 3303 manifestas,
3119 3235 3439 3308 multiplica

1796 3344 1970 3399 super
1996 3344 2100 3382 nos
2128 3327 2375 3398 gratiam
2397 3331 2578 3396 tuam,
2605 3332 2668 3382 ut
2689 3328 2762 3382 ad
2783 3332 2880 3384 tua
2901 3329 3182 3399 promissa
3201 3347 3437 3386 curren-

1796 3424 1902 3491 tes,
1931 3421 2243 3476 carlestium
2275 3421 2562 3477 bonorum
2589 3422 2762 3477 facias
2803 3440 2925 3477 esse
2953 3427 3266 3480 consortes.
3306 3427 3431 3480 Per.

1865 3583 2245 3656 Omnipotens
2267 3511 2798 3656 sempitgfhlggeods,
2823 3584 2912 3640 cui
2933 3588 3186 3657 potestas
3207 3590 3292 3641 est
3312 3587 3436 3644 sine

1793 3679 1907 3734 ﬁne
1932 3678 2264 3746 miserendi,
2298 3679 2517 3750 respice
2548 3678 2829 3750 propitius
2849 3680 2923 3733 ad
2940 3679 3279 3735 humilitatis
3300 3699 3434 3736 nos-

1796 3776 1897 3826 trzn
1942 3773 2257 3843 supplicem
2301 3773 2652 3839 servitutem,
2697 3775 2759 3826 ut
2801 3773 2903 3826 tibi
2952 3773 3179 3828 subdita
3236 3777 3432 3830 mente

1795 3871 2137 3938 perpetuum
2168 3865 2520 3920 defensionis
2550 3870 2662 3920 tua:
2694 3869 2881 3920 servet
2911 3866 3203 3921 auxilium.
3234 3869 3358 3922 Per.

2419 3958 2541 4006 Post
2564 3956 2793 4006 nomina.

1866 4031 1989 4085 Istis
2011 4035 2068 4086 et
2087 4030 2355 4087 omnibus
2376 4027 2434 4085 in
2458 4031 2680 4087 Christo
2701 4031 3146 4103 quiescentibus,
3167 4031 3430 4099 Domine,

1794 4127 1986 4180 locum
2003 4125 2310 4197 refrigerii,
2334 4125 2472 4180 lucis
2500 4129 2557 4180 et
2573 4125 2729 4196 pacis
2746 4129 2808 4180 ut
2822 4126 3144 4198 indulgeas,
3167 4126 3434 4198 depreca-

1796 4237 1945 4287 mur,
1969 4237 2034 4274 ac
2066 4219 2110 4273 si
2134 4219 2229 4290 qui
2251 4223 2622 4290 peccatorum
2646 4219 2869 4274 meritis
2891 4219 3101 4274 inferni
3128 4232 3151 4262 ο
3182 4221 3434 4276 tenebris

1798 4331 1862 4368 ac
1893 4313 2181 4384 suppliciis
2203 4313 2556 4382 detinentur,
2579 4312 2991 4369 misericordiae
3022 4317 3153 4381 tuae,
3179 4331 3430 4382 oramus,

1796 4407 2034 4477 indulge
2049 4406 2377 4475 clementia,
2394 4424 2608 4478 eosque
2623 4407 2694 4462 ad
2708 4406 2968 4478 requiem
2983 4407 3227 4461 transire
3241 4409 3435 4478 praeci-

1797 4501 1938 4572 pias,
1969 4503 2027 4554 et
2053 4499 2240 4571 prima
2270 4501 2521 4555 anastasi
2541 4518 2671 4556 cum
2696 4500 2906 4554 sanctis
2933 4502 2992 4553 et
3011 4499 3204 4553 electis
3219 4500 3332 4554 tuis
3345 4500 3435 4570 ju-

1713 4575 1772 4647 D
1794 4594 1932 4649 beas
1943 4593 2146 4649 sociari
2164 4611 2176 4661 ;
2192 4593 2453 4664 utportio
2470 4597 2568 4649 tua
2590 4593 2772 4648 sintin
2791 4597 2944 4648 terra
2955 4591 3286 4648 viventium.
3302 4594 3429 4648 Per.

2448 4681 2525 4732 Ad
2570 4695 2772 4732 necem.

2448 4697 2525 4732 Λα
2605 4697 2772 4731 eccm.

1862 4758 2027 4825 Deus,
2067 4756 2226 4828 cujus
2255 4772 2544 4810 summum
2570 4697 2923 4811 1sacrificium
2960 4759 3047 4810 est
3074 4758 3434 4813 concordans

1795 4850 2008 4918 anima,
2031 4851 2122 4904 cui
2147 4851 2549 4905 holocaustum
2577 4849 3020 4922 pinguissimum
3036 4853 3122 4905 est
3137 4853 3363 4923 placata
3378 4856 3438 4908 et

1794 4961 1938 5016 pura
1965 4943 2335 5010 conscientia,
2369 4945 2618 4998 concede
2647 4944 2832 5012 nobis,
2849 4961 3196 5017 quaesumus,
3216 4950 3280 5002 ut
3299 4963 3436 5004 con-

1789 5038 2015 5109 junctio
2059 5038 2346 5093 labiorum
2395 5039 2603 5110 copula
2655 5039 2939 5094 efﬁciatur
2981 5040 3329 5109 animarum,
3383 5046 3442 5098 et

1797 5131 2180 5186 ministerium
2205 5133 2381 5188 osculi
2403 5135 2698 5204 perpetua:
2720 5133 2986 5205 proﬁciat
3003 5134 3285 5190 charitati.
3308 5136 3434 5191 Per.

2462 5221 2777 5272 Immolatio.

1870 5295 2116 5365 Dignum
2147 5299 2205 5350 et
2226 5296 2449 5367 justum
2481 5299 2587 5365 est,
2617 5314 2722 5353 nos
2742 5295 2847 5351 tibi
2868 5296 3084 5368 gratias
3111 5313 3304 5368 agere,
3327 5298 3436 5352 Do-

1800 5389 1957 5444 mine
1975 5392 2190 5458 sancte,
2210 5391 2380 5444 Pater
2402 5391 2793 5463 omnipotens,
2814 5393 3028 5444 aeterne
3039 5391 3204 5457 Deus,
3225 5388 3325 5443 tibi
3345 5389 3461 5446 de--

1868 5526 1891 5554 ο
1923 5515 1985 5567 In
2008 5513 2395 5585 superioribus
2425 5515 2614 5569 missis
2643 5517 2726 5582 l2,
2759 5517 2845 5581 16,
2877 5516 2964 5580 20,
2991 5515 3050 5567 et
3082 5511 3140 5585 in
3174 5514 3436 5585 sequenti

1801 5587 1868 5640 80
1898 5585 1963 5639 ﬁt
1987 5583 2208 5640 mentio
2238 5586 2308 5640 de
2338 5591 2566 5640 tartara.
2601 5587 2827 5642 Similes
2860 5583 3134 5656 loquendi
3175 5583 3338 5641 modi
3375 5587 3432 5641 in

1800 5657 1988 5710 missis
2016 5657 2224 5712 nostris
2251 5674 2354 5728 pro
2397 5657 2698 5710 defunctis.

1861 5754 1887 5778 *
1911 5753 2012 5802 Sic.
2034 5755 2185 5820 Forte
2199 5754 2371 5815 pluris
2388 5754 2697 5820 confessor-3':
2719 5752 3034 5820 legendum,
3046 5751 3210 5820 forma
3229 5747 3437 5820 ablativi

1802 5819 2066 5930 Ecggupta,
2088 5819 2146 5866 ut
2161 5813 2318 5881 supra
2345 5813 2488 5864 num.
2520 5815 2684 5875 LXIX,
2705 5814 2859 5862 mina
2886 5814 2952 5864 de
2974 5813 3147 5877 pluris
3165 5813 3431 5873 martyris.
