3968 6224
451 331 542 388 311

1236 333 1569 387 APPENDIX
1606 331 1693 387 AD
1730 332 1953 386 OPERA
1990 327 2227 384 SANCTI
2265 329 2564 386 GERMANI
2601 330 3033 387 PARISIENSIS.

3732 333 3842 385 312

444 441 592 496 bitas
620 440 820 496 laudes
844 441 937 512 pio
968 441 1188 496 honore
1210 440 1456 507 deferre,
1491 442 1549 494 et
1578 437 1929 493 mirabilium
1956 440 2077 493 tuo-
2099 447 2352 520 Aquam
2399 438 2814 508 defunctorum,
2851 440 2938 495 vel
2979 439 3049 494 ad
3086 437 3288 494 merita
3333 437 3421 494 vel
3478 439 3551 495 ad
3593 440 3846 510 peccata

444 551 574 590 rum
601 535 1012 591 inenarrabilia
1038 533 1320 606 praeconia
1352 534 1570 587 devotae
1597 532 1808 586 mentis
1836 549 2073 587 venera-

447 628 604 684 tione
622 630 932 684 celebrare.
958 631 1030 684 Te
1046 629 1220 700 igitur
1236 626 1589 681 ineffabilem
1608 642 1802 680 rerum
1816 626 2077 681 omnium

447 723 807 778 conditorem
835 723 1155 788 laudamus,
1185 719 1598 788 benedicimus,
1623 720 1952 787 adoramus,
1975 737 2080 791 per

449 816 736 872 Christum
769 816 1072 870 Dominum
1103 819 1382 869 nostrum.

1074 910 1193 958 Post
1220 909 1452 958 Sanctus.

515 994 658 1046 Vere
705 994 952 1058 sanctus,
1001 1007 1130 1045 vere
1182 991 1519 1044 benedictus
1567 989 1839 1045 Dominus
1886 993 2081 1044 noster

443 1089 603 1143 Jesus
643 1085 895 1140 Christus
936 1084 1105 1138 Filius
1142 1089 1272 1138 tuus
1321 1101 1333 1138 :
1370 1084 1468 1154 qui
1501 1083 1656 1139 venit
1701 1083 1771 1138 de
1813 1083 1981 1150 caelis,
2023 1086 2083 1137 ut

447 1181 882 1236 conver'saretur
916 1178 974 1232 in
1013 1179 1214 1244 terris;
1258 1179 1435 1232 homo
1469 1178 1668 1244 factus,
1704 1179 1766 1230 ut
1795 1171 2091 1231 habitaret

445 1273 503 1328 in
531 1271 724 1338 nobis;
758 1272 947 1326 hostia
976 1272 1232 1338 effectus,
1259 1274 1319 1325 ut
1351 1287 1455 1325 nos
1486 1272 1703 1325 faceret
1733 1269 2076 1324 sacerdotes.

444 1368 566 1438 Ipse
594 1365 751 1421 enim
781 1365 875 1437 qui
899 1365 1046 1436 prid.

1083 1437 1206 1485 Post
1229 1439 1448 1485 secreta.

517 1519 787 1584 Ostende,
851 1518 1218 1589 omnipotens
1270 1521 1436 1585 Deus,
1499 1517 1774 1589 gratiam;
1833 1531 2081 1588 agnosce

446 1612 790 1668 doctrinam.
813 1613 892 1666 Tu
915 1629 975 1666 es
996 1612 1330 1682 mysterium
1354 1628 1457 1683 pro
1481 1612 1683 1679 salute,
1711 1615 1772 1664 tu
1793 1609 2040 1681 pretium
2066 1625 2079 1663 :

447 1706 589 1760 doce
630 1706 1122 1776 perseverantiam
1152 1704 1344 1778 293
1381 1721 1511 1760 cum
1542 1703 1803 1759 docueris
1835 1701 2078 1773 discipli-

2179 531 2508 603 respiciens,
2539 533 2674 588 alios
2702 533 2902 603 jubeat
2934 533 3006 588 ad
3038 533 3299 604 gratiam,
3325 532 3465 589 alios
3489 533 3560 588 ad
3598 531 3842 589 veniam

2181 627 2484 698 pertinere.
2517 629 2642 682 Per.

2781 714 2790 719 ’
2846 697 2924 748 Ad
2953 710 3157 762 pacem.

2254 778 2447 852 294
2463 779 2714 835 lnlabere
2730 778 2792 834 in
2801 779 3017 834 animas
3029 783 3266 849 nostras,
3283 778 3650 852 omnipotens
3670 781 3847 834 aeter-

2180 890 2252 929 ne
2277 875 2441 942 Deus,
2471 876 2528 928 et
2553 874 2785 945 templa,
2815 890 2944 944 quae
2969 872 3110 944 lapis
3139 873 3230 928 ille
3256 873 3545 945 angularis
3575 877 3718 929 tuus
3749 888 3847 928 ex-

2181 967 2406 1036 struxit,
2435 967 2768 1040 ingredere;
2816 970 2877 1021 ut
2915 966 3182 1038 Majestati
3225 967 3439 1022 hostias
3478 972 3844 1040 praeparatas

2180 1077 2284 1133 per
2306 1062 2496 1133 ipsum
2538 1061 2642 1116 tibi
2681 1061 2962 1133 possimus
2997 1061 3219 1128 offerre,
3250 1061 3348 1134 qui
3384 1064 3650 1116 sanctum
3693 1077 3844 1116 con-

2181 1155 2380 1225 stituit,
2409 1160 2465 1210 et
2491 1172 2686 1228 pacem
2717 1155 2884 1211 nobis
2913 1155 3253 1227 propitiatus
3279 1155 3533 1212 indulsit.
3566 1157 3703 1211 Per.

2848 1254 3156 1304 Immolatio.

2256 1335 2504 1407 Dignum
2540 1339 2596 1390 et
2624 1335 2847 1405 justum
2896 1339 2998 1404 est,
3029 1335 3298 1406 Majestati
3335 1340 3467 1406 tuae,
3497 1339 3698 1391 sancte
3729 1336 3839 1389 Pa-

2185 1433 2289 1498 ter,
2330 1428 2711 1500 omnipotens,
2749 1431 2960 1482 aeterne
3005 1429 3172 1499 Deus,
3217 1429 3409 1484 laudes
3463 1430 3559 1500 pio
3607 1430 3843 1484 honore

2183 1523 2422 1591 deferre,
2450 1525 2507 1577 et
2535 1521 2884 1577 mirabilium
2912 1526 3148 1577 tuorum
3179 1522 3580 1578 inenarrabilia
3606 1539 3842 1595 praeco-

2182 1617 2276 1671 nia
2317 1616 2531 1670 devotae
2577 1616 2785 1670 mentis
2819 1616 3182 1672 veneratione
3219 1616 3522 1672 celebrare.
3554 1618 3629 1671 Te
3661 1633 3840 1671 nam-

2184 1726 2292 1782 que
2340 1709 2975 1781 incomprehensibilem
3016 1714 3186 1782 atque
3230 1709 3574 1766 ineffabilem
3629 1711 3839 1766 Domi-

447 1815 612 1864 nam;
647 1802 710 1852 ut
734 1798 791 1853 in
825 1799 930 1853 hac
963 1799 1254 1854 oblatione
1287 1816 1393 1853 nos
1425 1798 1652 1862 liberes,
1683 1796 1780 1868 qui
1807 1813 1911 1868 pro
1944 1795 2086 1851 occi—
2107 1820 2160 1891 B
2183 1819 2346 1871 num,
2395 1807 2451 1858 et
2501 1807 2817 1858 creatorem
2863 1803 3122 1858 omnium
3171 1820 3395 1875 semper
3436 1805 3838 1872 tremendum,

447 1891 714 1947 dentibus
741 1895 798 1946 et
827 1893 1089 1947 moreris.
1119 1895 1245 1948 Per.

851 1987 981 2034 Ante
1010 1985 1298 2035 orationem
1337 1985 1682 2035 Dominicam.

517 2069 640 2122 Non
669 2065 984 2120 sufﬁcimus
1017 2066 1115 2120 tibi
1149 2066 1364 2136 gratias
1386 2083 1581 2136 agere,
1604 2064 1846 2120 Domine
1869 2067 2083 2130 sancte,

445 2163 614 2215 Pater
646 2159 1034 2230 omnipotens,
1063 2163 1277 2214 aeterne
1319 2163 1486 2225 Dens,
1525 2177 1628 2230 pro
1658 2159 1834 2213 tantis
1865 2157 2086 2212 miseri-

445 2253 655 2308 cordiae
687 2256 799 2306 tua:
829 2253 1016 2320 donis,
1050 2253 1256 2324 quibus
1302 2270 1407 2308 nos
1446 2253 1712 2318 vivificas,
1747 2251 2085 2317 sanctiﬁcas,

447 2347 800 2402 reternitates
831 2363 1143 2418 prmparas,
1169 2350 1225 2399 et
1247 2345 1518 2401 institutis
1540 2345 1834 2415 Unigeniti
1856 2345 1936 2398 tui
1956 2346 2088 2399 Jesu

445 2439 653 2495 Christi
691 2438 919 2494 Domini
961 2455 1026 2492 ac
1077 2438 1386 2494 Salvatoris
1437 2439 1618 2492 nostri
1664 2438 2088 2508 indulgentiam

444 2531 673 2603 pietatis
694 2535 808 2586 tute
839 2549 968 2586 cum
991 2531 1284 2586 immerita
1307 2532 1580 2603 poscendi
1604 2548 1771 2587 orare
1799 2530 2084 2586 concedis.

446 2625 618 2695 Cujus
642 2628 931 2696 praecepta
957 2626 1298 2693 recolentes,
1329 2625 1569 2680 dicimus
1603 2643 1616 2681 :
1649 2627 1837 2680 Pater.

863 2723 984 2772 Post
1009 2722 1297 2772 orationem
1325 2722 1669 2774 Dominicam.

517 2803 756 2857 Liberall
788 2820 893 2858 nos
920 2804 990 2858 ab
1023 2804 1180 2858 omni
1210 2806 1384 2872 malo,
1415 2803 1786 2876 omnipotens
1811 2806 1958 2858 Deus
1987 2819 1998 2858 :
2033 2807 2091 2858 et

449 2897 582 2968 quia
612 2896 709 2950 tibi
745 2897 846 2951 soli
883 2901 970 2950 est
1006 2897 1316 2968 praestandi
1338 2899 1608 2968 potestas,
1647 2898 1850 2965 tribue,
1886 2900 1948 2952 ut
1976 2898 2085 2952 sol-

447 2991 638 3044 lemne
662 2990 770 3044 hoc
797 2990 1138 3045 sacrificium
1166 2991 1484 3046 sanctiﬁcet
1508 2992 1684 3046 corda
1710 2995 1927 3058 nostra,
1952 2991 2088 3045 dum

447 3082 728 3149 creditur;
763 3083 954 3138 deleat
984 3087 1239 3155 peccata,
1269 3085 1406 3138 dum
1435 3084 1699 3138 sumitur.
1729 3086 1854 3138 Per.

972 3182 1094 3230 Post
1124 3181 1565 3231 communionem.

519 3261 700 3315 Cibati
749 3277 900 3331 pane
946 3260 1096 3325 vitae,
1144 3263 1202 3314 et
1248 3261 1481 3315 salutari
1528 3263 1731 3332 poculo
1776 3261 2085 3334 propinati,

449 3355 656 3409 fratres
701 3353 1001 3419 carissimi,
1031 3368 1272 3422 agamus
1314 3355 1527 3424 gratias
1559 3355 1944 3427 omnipotenti
1975 3358 2089 3410 Deo

449 3445 622 3512 Patri,
653 3446 1022 3500 obsecrantes
1053 3445 1511 3504 misericordiam
1540 3449 1682 3519 ejus,
1714 3449 1794 3503 uti
1823 3450 1930 3504 hoc
1958 3465 2090 3503 san-

449 3541 606 3594 ctum
647 3538 1066 3594 benedictionis
1112 3557 1228 3594 suae
1278 3541 1516 3611 donum,
1548 3543 1703 3614 quod
1745 3543 1801 3596 in
1840 3541 2091 3597 nominis

450 3632 536 3712 sui
574 3633 797 3688 honore
826 3633 1210 3704 percepimus,
1241 3635 1504 3690 inlaesum
1538 3640 1710 3707 atque
1753 3636 2090 3691 inviolatum

449 3725 508 3780 in
537 3725 700 3780 nobis
728 3743 961 3798 semper
988 3745 1216 3783 servare
1250 3729 1540 3800 dignetur.
1570 3731 1696 3783 Per.

969 3821 1360 3872 Consummatio
1386 3822 1574 3871 missae.

521 3905 739 3960 Refecti
770 3906 1027 3976 corporis
1062 3910 1119 3959 et
1158 3907 1456 3978 sanguinis
1493 3907 1719 3962 Domini
1757 3906 1938 3962 nostri
1962 3908 2093 3962 Jesu

451 3998 677 4064 Christi,
711 3997 770 4051 in
804 4001 1087 4052 aeternum
1119 4001 1386 4067 restituti,
1418 4000 1629 4056 hilares
1663 4000 1893 4055 Domini
1922 3999 2090 4054 mise-

451 4089 762 4145 ricordiam
791 4091 1190 4161 deprecemur.
1217 4095 1344 4147 Per.

779 4208 992 4262 LXXVI.
1038 4225 1162 4264 ITEM
1202 4224 1360 4265 MISSA
1401 4223 1766 4266 DOMINICALIS.
1859 4213 1862 4218 '

527 4309 906 4382 Omnipotens
932 4313 1102 4379 Deus,
1134 4313 1318 4384 dirige
1352 4330 1456 4368 nos
1482 4313 1540 4367 in
1571 4313 1721 4368 viam
1745 4314 2001 4386 justitiaa,
2036 4320 2098 4370 ut

453 4408 576 4462 haec
604 4423 894 4478 geramus,
935 4412 992 4462 et
1027 4409 1122 4463 illa
1162 4409 1501 4481 cogitemus,
1532 4426 1660 4482 quae
1703 4410 1802 4464 tibi
1840 4411 1898 4466 in
1940 4411 2094 4466 diem

445 4499 647 4572 judicii
679 4517 946 4557 excusare
985 4503 1288 4573 possimus.
1321 4505 1449 4558 Per.

1135 4596 1406 4647 Collectio.

525 4677 873 4732 lmmensam
909 4677 1390 4749 tremendamque
1426 4677 1655 4748 pietatis
1698 4682 1809 4733 tua:
1838 4681 2093 4734 clemen-

453 4769 615 4836 tiam,
651 4771 1020 4842 omnipotens
1041 4773 1210 4838 Deus,
1244 4772 1528 4842 supplices
1555 4789 1878 4839 exoramus,
1902 4777 1965 4827 ut
1994 4790 2092 4827 au-

450 4862 584 4916 xilio
613 4867 710 4918 tuo
743 4864 1007 4919 universa
1035 4882 1069 4918 a
1098 4865 1262 4920 nobis
1296 4867 1661 4920 terrenarum
1690 4865 1960 4921 vitiorum
1991 4883 2094 4922 sm-

450 4955 847 5026 culariumque
899 4957 1300 5012 discriminum
1355 4961 1721 5014 tentamenta
1776 4959 2092 5026 discedant,

450 5050 623 5117 atque
669 5047 727 5101 in
774 5049 1026 5104 Ecclesia
1069 5053 1164 5103 tua
1205 5051 1487 5106 catholica
1527 5052 1825 5123 religionis
1867 5069 2097 5125 semper

451 5143 688 5196 maneat
718 5141 955 5197 inlibata
983 5143 1230 5198 devotio.
1255 5145 1378 5199 Per.

1082 5242 1203 5292 Post
1236 5242 1468 5292 nomina.

519 5321 743 5376 Auditis
771 5321 1100 5377 nominibus
1137 5323 1454 5390 recensitis,
1479 5322 1831 5379 dilectissimi
1863 5326 2090 5393 fratres,

450 5415 632 5470 Deum
660 5415 890 5486 pietatis
919 5419 975 5469 et
1003 5415 1848 5491 misericordiae_deprecemur,
1879 5421 1941 5472 ut
1973 5420 2095 5474 haec

449 5524 580 5578 quae
623 5508 817 5563 oblata
861 5513 993 5564 sunt
1038 5511 1327 5582 benignus
1369 5509 1679 5566 adsumat:
1713 5511 1934 5565 nullum
1963 5528 2092 5565 um-

450 5617 626 5672 quam
671 5618 738 5656 ex
781 5602 889 5672 his,
936 5621 1040 5676 pro
1089 5603 1294 5675 quibus
1342 5603 1675 5658 holocausta
1722 5605 2088 5676 franguntur,

450 5695 704 5750 muneris
734 5697 821 5752 sui
859 5702 1121 5753 extorum
1162 5714 1284 5752 esse
1324 5696 1596 5769 patiatur,
1625 5702 1744 5754 tam
1777 5697 2089 5754 viventium

519 5889 541 5916 ει
588 5876 805 5933 Eadem
847 5872 1030 5929 oratio
1065 5873 1124 5931 in
1161 5877 1338 5935 missa
1370 5881 1400 5935 5
1425 5877 1659 5935 Missalis
1692 5878 1986 5950 Gallicani,
2016 5878 2185 5936 intra.

2108 3190 2164 3264 C

2112 4567 2171 4638 D

2185 1914 2288 1969 per
2327 1899 2518 1952 Jesnm
2559 1897 2848 1952 Christum
2891 1897 3095 1951 Filium
3126 1902 3293 1952 tuum
3331 1898 3512 1952 Deum
3539 1914 3604 1952 ac
3631 1899 3838 1953 Domi-

2185 2008 2326 2046 num
2371 1991 2828 2062 Salvatoremque
2873 1994 3134 2045 nostrum
3179 1991 3474 2061 sentimus,
3519 1991 3836 2060 credimus,

2187 2084 2500 2155 sequimur,
2529 2088 2585 2139 et
2605 2101 2853 2138 oramus.
2875 2083 3332 2156 Tibiqueipurum
3352 2085 3457 2138 hoc
3477 2084 3833 2140 sacriﬁcium

2187 2178 2475 2233 offerimus
2504 2177 2698 2249 gloriae
2724 2182 2838 2232 tuae
2866 2193 2998 2232 cum
3026 2178 3244 2249 angelis
3282 2182 3339 2234 et
3362 2178 3750 2249 archangelis,
3784 2185 3838 2234 et

2187 2272 2489 2327 innumera
2530 2271 2898 2326 multitudine
2935 2271 3276 2326 nunciorum
3317 2271 3525 2326 nostris
3565 2271 3837 2326 laudibus

2189 2370 2609 2438 prosequentes,
2643 2365 2741 2435 qui
2786 2365 2845 2419 in
2887 2370 3192 2436 conspectu
3227 2365 3524 2435 Majestatis
3552 2370 3670 2420 tuae
3714 2365 3835 2419 sine

2189 2459 2495 2514 cessatione
2520 2459 2900 2529 proclamant,
2929 2458 3198 2513 dicentes.

2814 2558 2938 2605 Post
2970 2557 3206 2606 Sanctus.

2261 2639 2399 2692 Vere
2426 2639 2670 2705 sanctus,
2702 2651 2832 2691 vere
2863 2636 2922 2690 in
2963 2636 3192 2691 excelsis
3231 2637 3508 2692 Dominus
3545 2639 3698 2694 Deus
3729 2655 3833 2694 no-

2191 2735 2305 2786 ster
2331 2729 2500 2784 Filius
2526 2733 2658 2784 tuus
2689 2731 2805 2784 Rex
2835 2731 3021 2785 Israel.
3050 2731 3155 2794 Qui
3184 2731 3384 2802 pridie.

2828 2823 2948 2872 Post
2975 2826 3193 2872 secreta.

2261 2906 2366 2958 Per
2389 2903 2544 2958 hunc
2559 2907 2636 2972 te,
2660 2904 2828 2972 Deus,
2852 2903 3016 2957 Pater
3035 2903 3412 2974 omnipotens,
3435 2904 3833 2976 deprecamur,

2189 2999 2254 3052 ut
2297 2997 2442 3052 sicut
2483 2997 2626 3052 sacri
2663 2996 2919 3067 mysterii
2965 2995 3348 3052 obeditionem
3384 2998 3722 3065 retinemus,
3761 2998 3837 3054 ita

2189 3091 2260 3145 ad
2285 3091 2522 3146 tutelam
2548 3094 2800 3145 nostram
2825 3089 3062 3145 caelestis
3089 3089 3268 3146 virtus
3300 3096 3591 3163 operetur.
3620 3093 3751 3147 Per.

2596 3190 2725 3238 Ante
2754 3187 3044 3237 orationem
3080 3187 3425 3238 Dominicam.

2262 3269 2534 3335 Concede,
2591 3268 2850 3337 Domine,
2901 3269 3128 3324 famulis
3178 3269 3289 3324 tuis
3331 3272 3397 3324 ut
3432 3273 3658 3324 orantes
3705 3285 3835 3325 cum

2191 3362 2398 3418 fiducia
2437 3361 2713 3432 dicamus,
2743 3362 2889 3416 sicut
2928 3363 3050 3434 ipse
3088 3363 3291 3434 jubere
3335 3363 3603 3435 dignatus
3640 3379 3704 3419 es
3749 3363 3832 3418 di-

2193 3473 2318 3512 cere
2351 3473 2364 3510 :
2397 3457 2578 3511 Pater.

2616 3528 2736 3577 Post
2763 3527 3054 3577 orationem
3083 3527 3424 3577 Dominicam.

2263 3607 2460 3662 Libera
2485 3624 2586 3662 nos
2615 3624 2647 3660 a
2666 3608 2840 3678 malo,
2859 3608 3219 3680 omnipotens
3248 3609 3415 3676 Deus,
3440 3609 3497 3662 et
3522 3607 3748 3663 custodi
3778 3608 3831 3662 in

2194 3700 2365 3756 bono.
2393 3699 2498 3766 Qui
2525 3700 2663 3754 vivis
2688 3705 2744 3756 et
2766 3717 2990 3772 regnas.

2715 3801 2835 3849 Post
2867 3799 3312 3850 communionem.

2267 3883 2507 3952 Accepto
2549 3879 2756 3934 caelesti
2805 3880 3058 3952 corporis
3105 3881 3487 3949 Sacramento,
3538 3884 3596 3935 et
3643 3881 3834 3936 salutis

2194 3978 2421 4029 aeternae
2450 3973 2624 4028 calice
2657 3975 2915 4044 recreati,
2948 3975 3061 4029 Deo
3089 3974 3236 4028 Patri
3281 3973 3660 4045 omnipotenti
3706 3991 3831 4046 gra-

2195 4068 2300 4122 tias
2328 4084 2584 4139 agamus,
2613 4067 2922 4139 laudesque
2953 4067 3226 4123 dicamus.
3256 4069 3378 4122 Per.

2709 4166 3097 4216 Consummatio
3129 4165 3316 4216 missa.

2266 4249 2433 4316 Deus,
2487 4247 2695 4320 gratias
2743 4247 2848 4303 tibi
2897 4247 3141 4320 agimus,
3191 4263 3295 4318 per
3342 4263 3515 4320 quem
3570 4247 3836 4320 mysteria

2195 4344 2386 4395 sancta
2422 4341 2792 4408 celebramus,
2833 4359 2866 4396 a
2903 4344 2956 4395 te
3003 4340 3312 4396 sanctitatis
3345 4345 3402 4398 et
3435 4339 3836 4398 misericordiae

2195 4433 2342 4490 dona
2367 4434 2745 4506 deposcimus.
2777 4436 2881 4489 Per
2911 4433 3238 4488 Dominum.

2507 4564 2744 4618 LXXVII.
2788 4580 2912 4619 ITEM
2953 4578 3113 4620 MISSA
3153 4579 3520 4621 DOMINICALIS.

2267 4680 2680 4752 Sempiternam
2727 4681 2827 4735 Dei
2876 4681 3238 4751 Majestatem,
3289 4681 3490 4736 fratres
3540 4681 3829 4749 carissimi,

2195 4775 2586 4846 deprecemur,
2614 4779 2679 4829 ut
2703 4779 2956 4829 sanctam
2983 4791 3086 4845 per
3114 4774 3286 4829 totius
3312 4773 3464 4828 orbis
3485 4775 3670 4846 spatia
3693 4781 3833 4830 tuea-

2194 4873 2289 4923 tur
2324 4867 2660 4938 Ecclesiam;
2691 4867 3176 4923 conversationem
3213 4867 3597 4922 sacerdotibus
3638 4885 3831 4924 conce-

2195 4963 2290 5017 dat
2317 4962 2638 5031 honestam;
2672 4961 2846 5015 vitam
2881 4960 3106 5032 populis
3149 4961 3362 5016 tribuat
3399 4960 3829 5032 sempiternam;

2193 5055 2528 5126 virginibus,
2559 5054 2762 5123 viduis,
2796 5054 3097 5126 orphanis,‘
3117 5071 3181 5108 ac
3207 5053 3638 5125 paenitentibus,
3667 5055 3756 5111 vel
3780 5055 3832 5109 in

2194 5147 2646 5221 quibuscumque
2686 5146 3112 5203 necessitatibus
3161 5147 3499 5214 constitutis,
3557 5153 3831 5219 oportuna

2194 5241 2453 5314 praesidia
2477 5241 2717 5309 tribuat;
2747 5245 2804 5296 et
2833 5239 3024 5313 295
3067 5240 3173 5294 sibi
3215 5240 3420 5312 placita
3456 5246 3589 5296 vota
3629 5257 3823 5297 conce-

2193 5336 2288 5391 dat
2329 5353 2341 5390 :
2395 5335 2455 5389 in
2499 5334 3054 5406 peregrinationibus
3104 5333 3360 5405 praemia,
3421 5334 3481 5389 in
3532 5334 3820 5391 doloribus

2192 5429 2622 5497 medicamenta,
2652 5428 2711 5482 in
2737 5428 3028 5483 laboribus
3058 5430 3284 5499 praestet
3320 5427 3624 5484 auxilium.

2873 5524 3140 5575 Collectio.

2263 5608 2429 5672 Deus,
2458 5606 2554 5678 qui
2593 5606 2746 5662 dives
2789 5622 2847 5661 es
2888 5606 2960 5661 ad
2985 5605 3416 5678 ignoscendum,
3450 5609 3506 5660 et
3532 5611 3823 5678 propterea

2191 5699 2415 5756 voluisti
2443 5699 2625 5756 carnis
2663 5699 3043 5758 humilitatem
3077 5698 3398 5768 adsumere,
3428 5702 3494 5754 ut
3524 5699 3688 5755 nobis
3721 5700 3825 5755 hu-
