3968 6224
435 337 535 393 315

1221 335 1550 391 ΑΡΡΕΝΒΙΧ
1590 333 1676 389 AD
1712 334 1934 391 OPERA
1970 333 2078 388 SAi‘

2197 333 2207 386 l
2254 334 2528 390 GERMAN
2536 337 2552 388 l
2595 335 3020 392 PARISIENSIS.

3718 340 3813 390 316

432 449 529 502 tue
550 461 654 502 nos
678 443 738 502 in
762 442 928 502 bonis
955 460 968 502 :
1001 461 1208 503 evacua
1232 461 1335 500 nos
1359 461 1391 498 a
1417 443 1586 514 vitiis,
1619 445 1676 500 et
1701 444 1856 516 reple
1885 441 2067 500 virtu-
2092 451 2152 529 Α
2173 446 2455 515 sanctum,
2496 443 2791 500 edentibus
2823 443 3004 514 nobis,
3030 441 3203 500 vitam
3239 446 3514 501 atemam
3539 457 3811 515 regnum-

435 541 586 598 tibus
615 541 749 597 tuis.
779 543 904 598 Per.

963 615 1082 664 Post
1107 610 1550 662 communionem.

507 700 724 772 Corpus
753 711 778 740 ι
805 702 991 770 tuum,
1021 697 1273 766 Domine,
1303 696 1456 768 quod
1497 695 1836 767 accepimus,
1890 699 1947 750 et
1990 711 2074 749 ca-

434 792 600 848 licem
620 798 784 848 tuum
812 810 983 864 quem
1027 791 1364 863 potavimus,
1406 791 1620 845 haereat
1670 790 1731 843 in
1771 789 2075 844 visceribus

435 887 672 957 nostris;
703 891 925 958 praesta,
955 887 1100 940 Deus
1128 885 1508 956 omnipotens,
1538 888 1603 938 ut
1631 900 1749 938 non
1783 886 2077 938 remaneat

436 981 674 1051 macula,
708 981 804 1035 ubi
831 997 975 1052 pura
1002 984 1058 1034 et
1095 983 1284 1034 sancta
1307 978 1666 1033 intraverunt
1693 977 2072 1033 Sacramenta.

438 1078 562 1132 Per.
951 1141 1340 1193 Consummatio
1365 1142 1553 1191 missm.

506 1230 719 1286 Exaudi
747 1245 940 1302 preces
968 1228 1203 1283 familiae
1237 1233 1373 1295 tuae,
1411 1227 1773 1299 omnipotens
1820 1229 1986 1298 Deus,
2023 1232 2079 1282 et

436 1328 640 1396 praesta
664 1329 730 1380 ut
752 1328 944 1378 sancta
974 1324 1116 1392 haec,
1145 1338 1271 1393 quae
1297 1327 1352 1376 te
1399 1322 1662 1390 donante,
1710 1321 2075 1392 sumpsimus,

437 1417 762 1490 incorrupta
787 1419 846 1472 in
865 1417 1047 1485 nobis,
1079 1421 1134 1470 te
1159 1415 1424 1482 donante,
1456 1431 1762 1471 servemus.
1792 1416 1917 1470 Per.

766 1539 977 1594 LXXIX.
1022 1553 1146 1592 ιτΕκ
1188 1553 1339 1592 mssa
1380 1552 1742 1592 nommcaus.

505 1651 670 1720 Deus,
700 1650 799 1721 qui
825 1666 926 1704 nos
954 1650 1203 1720 regendo
1232 1665 1544 1718 conservas,
1584 1649 1865 1720 parcendo
1905 1649 2077 1720 justi-

435 1743 585 1811 ficas,
619 1747 674 1798 et
696 1761 730 1797 a
759 1745 1059 1814 temporali
1084 1743 1446 1798 tribulatione
1472 1760 1573 1798 nos
1622 1743 1795 1814 eripe,
1844 1747 1900 1798 et
1938 1759 2077 1813 gau-

437 1837 529 1892 dia
554 1837 715 1892 nobis
746 1841 954 1892 aeterna
981 1837 1210 1909 largire.
1238 1839 1361 1891 Per.

1125 1942 1397 1992 Collectio.

512 2031 656 2084 Deus
698 2029 757 2084 in
813 2033 868 2084 te
925 2029 1277 2100 Sperantium
1321 2028 1640 2084 misericors
1681 2029 1952 2098 eruditor,
2011 2029 2080 2083 ab

439 2124 592 2178 omni
618 2140 720 2178 nos
745 2123 1025 2178 consortio
1053 2124 1342 2194 pravitatis
1384 2124 1630 2193 absolve,
1671 2139 1774 2177 nec
1813 2121 1940 2177 ullis
1976 2139 2081 2176 nos

439 2216 800 2288 iniquitatum
827 2217 1064 2271 vinculis
1091 2218 1324 2288 patiaris
1349 2216 1623 2287 adstringi
1645 2234 1662 2284 ;
1706 2220 1768 2270 ut
1794 2217 1946 2270 unde
1976 2232 2079 2269 no-

438 2309 525 2365 bis
551 2314 635 2365 est
677 2314 794 2365 tota
840 2311 1037 2382 pietas,
1075 2311 1206 2366 inde
1253 2311 1324 2365 sit
1361 2315 1482 2365 tuta
1532 2310 1781 2366 libertas.
1823 2310 1927 2364 Per
1982 2310 2082 2363 Do-

443 2405 686 2459 minum.

1064 2475 1184 2523 Post
1215 2473 1445 2523 nomina.

512 2559 745 2628 Exaudi,
787 2560 1040 2628 Domine,
1079 2559 1418 2614 offerentum
1442 2575 1656 2630 preces,
1688 2563 1815 2614 vota
1841 2559 2078 2630 suscipe,

439 2657 666 2725 peccata
717 2652 955 2708 dimitte.
1009 2653 1215 2707 Tribue
1263 2657 1494 2708 tuorum
1536 2653 1934 2708 intercessione
1962 2670 2083 2708 san-

441 2750 662 2801 ctorum
690 2746 831 2801 caris
862 2763 1088 2818 quoque
1127 2746 1352 2816 nostris,
1382 2746 1481 2818 qui
1508 2746 1567 2801 in
1595 2746 1815 2801 Christo
1845 2746 2084 2802 dormie-

441 2843 596 2909 runt,
638 2839 1002 2912 refrigerium
1039 2841 1100 2895 in
1148 2841 1383 2912 regione
1421 2839 1701 2895 vivorum.
1748 2841 1854 2895 Per
1895 2839 2082 2895 Domi-

441 2949 603 2989 num.

1104 3004 1182 3055 Ad
1211 3018 1415 3068 pacem.

513 3088 706 3163 298
719 3090 1086 3162 Omnipotens
1102 3091 1444 3162 sempiterne
1460 3090 1626 3160 Deus,
1647 3089 1888 3161 largitor
1903 3090 2077 3162 pacis,

2173 555 2283 611 que
2311 543 2653 611 perpetuum
2676 539 2970 595 conlatura
2992 539 3339 611 potantibus.
3367 539 3495 594 Per.

2585 643 2715 692 Ante
2736 641 3025 691 orationem
3060 640 3407 690 Dominicam.

2246 728 2368 784 Non
2407 732 2600 783 nostro
2645 727 2869 797 merito,
2917 727 3275 798 omnipotens
3326 728 3492 796 Deus,
3547 726 3648 781 sed
3691 728 3819 782 Jesu

2173 821 2381 875 Christi
2409 822 2534 876 Filii
2562 822 2645 876 tui
2671 820 2995 876 obedientes
3023 825 3331 892 praecepto,
3359 821 3641 876 audemus
3668 819 3816 876 dice-

2175 932 2236 972 re
2268 933 2281 970 :
2310 917 2493 971 Pater.

2598 986 2720 1036 Post
2743 985 3033 1036 orationem
3059 983 3400 1034 Dominicam.

2247 1071 2445 1126 Libera
2472 1087 2574 1127 nos
2597 1088 2630 1126 a
2667 1072 2829 1126 malis
2857 1070 3232 1142 praesentibus
3277 1075 3332 1125 et
3367 1069 3598 1139 futuris,
3646 1070 3823 1125 omni-

2177 1170 2378 1237 potens
2406 1166 2585 1234 Deus;
2631 1166 2808 1221 libera
2827 1183 2930 1220 nos
2954 1181 2987 1219 a
3026 1164 3312 1236 periculis,
3359 1164 3428 1218 ab
3470 1163 3817 1219 inﬁrmitati-

2177 1259 2304 1327 bus,
2333 1259 2402 1314 ab
2421 1259 2696 1314 scandalis
2727 1278 2744 1329 ;
2784 1264 2840 1314 et
2868 1275 3124 1330 praepara
3149 1275 3256 1314 nos
3280 1258 3348 1314 ad
3390 1274 3564 1314 omne
3604 1258 3818 1313 bonum

2178 1369 2282 1424 per
2309 1353 2524 1409 bonum
2549 1358 2605 1409 et
2627 1353 2990 1409 benedictum
3017 1352 3324 1408 Dominum
3346 1358 3631 1408 nostrum.

2711 1457 2833 1504 Post
2852 1454 3297 1505 communionem.

2249 1539 2503 1596 Divinam
2546 1540 2989 1596 misericordiam
3026 1540 3289 1595 concordi
3333 1539 3589 1595 oratione
3630 1555 3819 1610 posca-

2180 1650 2340 1701 mus,
2408 1639 2474 1689 ut
2525 1635 2649 1689 hac
2698 1635 2980 1690 salutifera
3034 1635 3418 1701 Sacramenta,
3467 1633 3680 1688 nostris
3742 1649 3823 1688 re-

2181 1731 2340 1798 cepta
2394 1728 2716 1795 visceribus,
2806 1728 3106 1800 puriﬁcent
3180 1728 3432 1782 animam
3504 1742 3820 1798 corpusque

2105 1826 2162 1898 B
2185 1820 2553 1890 sanctiﬁcant,
2593 1826 2762 1892 atque
2801 1822 2870 1876 ad
2922 1838 3081 1893 spem
3127 1821 3429 1876 caelestium
3471 1820 3689 1874 viscera
3722 1836 3817 1891 pa-

2180 1913 2320 1969 riter
2337 1918 2394 1969 et
2421 1915 2589 1970 corda
2613 1915 2971 1970 confirment.
2996 1916 3120 1970 Per.

2788 2019 2916 2067 Item
2941 2017 3204 2068 collectio.

2254 2105 2398 2158 Deus
2415 2103 2673 2174 justitiae,
2710 2105 2857 2158 Deus
2891 2102 3312 2172 misericordiae,
3345 2103 3489 2157 Deus
3526 2101 3817 2156 immorta-

2181 2197 2433 2252 litatis-et
2455 2197 2604 2266 vitae,
2628 2198 2769 2251 Deus
2795 2196 3108 2268 splendoris
3135 2201 3192 2251 et
3214 2196 3434 2267 gloriae,
3462 2193 3660 2268 299
3675 2210 3817 2266 quae-

2183 2307 2378 2345 sumus
2417 2295 2473 2346 te
2510 2294 2567 2346 et
2607 2306 2856 2357 oramus,
2884 2295 2949 2345 ut
2973 2290 3176 2345 divinis
3205 2290 3538 2344 muneribus
3563 2286 3815 2354 recreati,

2183 2384 2244 2438 in
2267 2385 2424 2439 illam
2451 2384 2860 2440 beatitudinem
2890 2399 3180 2439 servemur
3197 2399 3231 2436 a
3254 2388 3311 2439 te
3337 2383 3460 2451 tibi,
3489 2384 3616 2438 Per.

2535 2506 2721 2560 LXXX.
2749 2523 2875 2560 lTEM
2906 2523 3056 2560 mssa
3084 2521 3447 2559 DOMINICALIS.

2254 2617 2652 2688 Multiplicibus
2700 2617 2880 2694 innixi
2923 2618 3160 2672 vinculis
3212 2617 3571 2685 delictorum,
3619 2617 3818 2670 fratres

2183 2710 2474 2781 carissimi,
2519 2712 2589 2766 ad
2611 2712 2896 2782 singulare
2919 2711 3315 2783 confugiamus
3343 2710 3713 2765 absolutionis
3736 2709 3816 2764 di-

2182 2805 2327 2859 vinae
2355 2805 2711 2860 remediumr
2740 2811 2796 2862 et
2818 2805 3103 2860 humiliati
3143 2805 3202 2858 in
3247 2803 3587 2859 sacriﬁcium
3630 2804 3815 2858 Domi-

2182 2915 2322 2952 num
2360 2899 2731 2969 deprecemur
2773 2900 2963 2971 (quem
3003 2898 3208 2954 cotidie
3247 2898 3431 2969 pravis
3487 2897 3820 2952 inamarica-

2181 3008 2309 3046 mus
2347 2993 2631 3064 operibus)
2664 2993 2905 3064 qualiter
2943 3010 3046 3047 nos
3085 3009 3187 3047 sua
3226 2997 3560 3064 protegente
3590 2992 3817 3047 dextera

2181 3085 2251 3139 ab
2302 3087 2458 3140 omni
2501 3087 2836 3158 contagione
2877 3092 3119 3158 ereptos,
3160 3102 3471 3158 regnorum
3514 3086 3819 3141 caelestium

443 3189 499 3241 et
525 3183 747 3256 generis
783 3185 1022 3240 humani
1062 3186 1356 3253 formator,
1400 3185 1473 3239 da
1520 3185 1695 3239 servis
1739 3185 1852 3238 tuis
1889 3200 2081 3239 veram
2102 3197 2157 3272 ρ
2183 3179 2436 3235 haeredes
2462 3180 2685 3236 efﬁciat.
2715 3183 2839 3236 Per.

441 3279 792 3334 voluntatem
819 3278 1154 3344 concordiae,
1187 3284 1244 3334 et
1271 3277 1687 3348 indulgentiam
1715 3280 1832 3332 tuae
1856 3277 2078 3348 pietatis

444 3371 700 3426 infunde.
729 3373 851 3426 Per.

1100 3440 1406 3491 lmmolatio.

515 3527 759 3598 Dignum
789 3531 843 3581 et
861 3526 1080 3597 justum
1110 3531 1211 3597 est,
1242 3544 1472 3599 aequum
1499 3532 1553 3582 et
1574 3527 1792 3598 justum
1831 3532 1934 3596 est,
1977 3545 2079 3584 nos

445 3620 544 3676 tibi
586 3619 675 3675 hic
730 3625 785 3675 et
831 3620 1044 3691 ubique
1094 3637 1319 3692 semper
1362 3622 1567 3693 gratias
1607 3638 1796 3693 agere,
1845 3623 2080 3678 Domine

442 3719 650 3784 sancte,
682 3717 847 3770 Pater
882 3715 1258 3786 omnipotens,
1311 3721 1520 3771 aeterne
1559 3718 1725 3772 Deus.
1765 3716 1873 3781 Qui
1915 3717 2080 3771 nobis

440 3809 649 3881 pietate
673 3811 838 3864 Pater
862 3826 941 3877 es,
973 3825 1104 3864 cum
1119 3811 1394 3865 Dominus
1413 3815 1692 3882 potestate
1718 3826 2075 3882 permaneas:

441 3904 708 3975 quoniam
746 3920 887 3975 quos
916 3903 1076 3976 origo
1106 3903 1313 3959 fecerat
1341 3921 1547 3974 servos,
1580 3905 1847 3976 adoptare
1875 3905 2078 3976 digna-

442 4006 532 4055 tus
560 4017 618 4055 es
644 4001 703 4054 in
728 4001 900 4070 filios;
939 4005 996 4055 et
1038 4017 1178 4073 quos
1218 4001 1506 4073 generatio
1545 4005 1767 4068 terrena
1804 4003 2083 4059 demerse-

441 4098 527 4148 rat
546 4095 606 4148 in
632 4098 895 4163 mortem,
927 4095 1280 4166 regeneratio
1301 4095 1538 4149 cmlestis
1567 4096 1745 4150 erexit
1778 4097 1846 4151 ad
1882 4097 2076 4152 vitam.

441 4189 514 4242 Te
544 4187 715 4256 enim,
748 4188 1105 4259 omnipotens
1130 4189 1294 4257 Deus,
1328 4205 1523 4244 omnes
1546 4189 1771 4261 Angeli.

1069 4295 1191 4344 Post
1216 4295 1458 4345 Sanctus.

514 4382 650 4435 Vere
692 4384 938 4450 sanctus,
969 4396 1098 4435 vere
1125 4380 1183 4434 in
1209 4381 1439 4436 excelsis
1457 4381 1784 4437 benedictus
1812 4383 2082 4438 Dominus

443 4477 588 4530 Deus
636 4479 846 4530 noster.
887 4477 992 4529 Per
1037 4492 1209 4547 quem
1254 4479 1309 4530 te
1362 4475 1643 4548 supplices
1689 4477 2079 4548 deprecamur,

440 4569 522 4674 uti
552 4570 696 4674 hanc
732 4568 1308 4674 oblationem,nq‘liam_
1496 4570 1784 4674 offerimus
1831 4589 1934 4674 pro
1977 4573 2080 4626 Ec-
2101 4570 2162 4644 D
2256 4609 2419 4674 Deus,

442 4663 622 4718 clesiae
650 4667 763 4717 tuae
792 4663 1080 4718 catholicae
1103 4663 1232 4734 fide,
1267 4664 1588 4733 stabilitate,
1619 4665 1933 4735 concordia,
1976 4682 2082 4737 pro

443 4757 850 4812 emundatione
896 4757 1180 4825 vitiorum,
1227 4763 1283 4812 et
1325 4757 1654 4813 remissione
1697 4763 2080 4831 peccatorum,

443 4865 547 4922 pro
576 4849 751 4920 gloria
777 4855 1114 4922 martyrum,
1141 4855 1197 4906 et
1222 4852 1417 4923 requie
1447 4852 1864 4920 defunctorum,
1898 4853 2086 4924 propi-

443 4934 612 4997 tiatus
660 4941 914 5014 aspicias,
960 4944 1281 5014 aspiciendo
1330 4945 1660 5016 sanctiﬁces,
1689 4946 2086 5001 sanctilicando

441 5035 738 5091 benedicas
761 5052 865 5108 per
891 5041 1147 5091 sanctum
1187 5042 1242 5092 et
1279 5038 1641 5095 benedictum
1689 5041 1881 5096 Jcsum
1919 5040 2082 5094 Chri-

443 5135 592 5186 stum
621 5130 825 5185 Filium
845 5135 1009 5185 tuum
1038 5131 1343 5186 Dominum
1366 5137 1643 5189 nostrum.
1673 5134 1779 5198 Qui
1805 5134 2007 5206 pridie.

1085 5239 1204 5288 Post
1230 5243 1446 5290 secreta.

512 5326 784 5381 Memores
815 5324 1203 5397 gloriosissimi
1231 5326 1454 5382 Domini
1485 5328 1761 5399 passionis
1800 5332 1856 5383 et
1897 5329 1966 5383 ab
2007 5328 2086 5383 in-

441 5417 574 5472 feris
597 5419 1045 5488 resurrectionis,
1073 5419 1363 5475 offerimus
1385 5421 1507 5491 tibi,
1535 5422 1790 5489 Domine,
1821 5423 1967 5476 hanc
1984 5421 2088 5476 im-

442 5511 781 5566 maculatam
807 5513 1070 5580 hostiam,
1086 5513 1421 5570 rationalem
1438 5516 1705 5585 hostiam,
1732 5516 2087 5586 incruentam

440 5603 703 5674 hostiam,
724 5605 874 5661 hunc
897 5624 1107 5677 panem
1134 5615 1410 5674 sanctum,
1430 5612 1485 5662 et
1503 5609 1732 5663 calicem
1759 5609 2084 5679 salutarem,

444 5698 824 5765 observantes,
864 5705 929 5754 ut
962 5699 1263 5756 infundere
1311 5701 1561 5772 digneris
1605 5700 1879 5772 Spiritum
1923 5707 2088 5758 tuum

2859 3271 3130 3320 Collectio.

2251 3355 2459 3409 lnclina
2506 3372 2705 3410 aurem
2757 3359 2934 3426 tuam,
2984 3356 3346 3427 omnipotens
3392 3357 3560 3421 Deus,
3609 3358 3670 3408 et
3709 3358 3818 3408 esto

2179 3447 2341 3502 nobis
2365 3449 2658 3519 praesentis
2686 3450 2813 3504 vita:
2840 3453 3043 3518 rector,
3072 3454 3138 3504 ut
3182 3450 3256 3503 sis
3291 3452 3696 3504 remunerator
3736 3448 3813 3502 fu-

2180 3546 2344 3597 turae.
2375 3544 2500 3598 Per.

2804 3614 2925 3662 Post
2947 3613 3178 3663 nomina.

2250 3698 2597 3754 Oﬂ’erentum
2622 3699 2950 3754 nominibus
2971 3698 3282 3769 recensitis,
3305 3699 3506 3754 fratres
3525 3699 3816 3766 carissimi,

2180 3792 2484 3847 Dominum
2510 3792 2900 3865 deprecemnr,
2927 3797 2992 3848 ut
3039 3809 3238 3848 eorum
3280 3793 3631 3848 oblationem
3677 3794 3818 3847 inter

2181 3889 2504 3941 sanctorum
2524 3887 2670 3941 dona
2700 3888 2986 3959 suscipiat,
3013 3904 3260 3959 quorum
3286 3904 3320 3941 a
3359 3887 3522 3942 nobis
3567 3887 3817 3942 facienda

2181 3981 2640 4036 commemoratio
2686 3985 2786 4052 est,
2832 3985 2895 4035 ut
2929 3986 2984 4036 et
3034 3981 3210 4036 nostri
3247 3997 3533 4036 memores
3572 3997 3692 4036 esse
3737 3981 3816 4035 di-

2183 4080 2450 4147 gnentur.
2483 4077 2744 4130 Petamus
2779 4079 2836 4130 et
2859 4092 2964 4146 pro
3006 4075 3093 4129 his
3131 4075 3231 4147 qui
3275 4091 3378 4128 nos
3425 4075 3487 4128 in
3534 4075 3820 4129 Dominica

2181 4185 2315 4241 pace
2350 4173 2782 4240 praecesserunt,
2818 4173 2880 4222 ut
2918 4172 3161 4224 tartareo
3203 4168 3441 4223 horrore
3478 4175 3816 4240 segregatos,

2181 4263 2241 4317 in
2270 4263 2396 4316 sinu
2437 4262 2673 4316 Abrahae
2713 4263 3050 4331 conlocatas,
3091 4262 3425 4316 resuscitare
3456 4263 3820 4334 Omnipotens

2181 4357 2448 4428 dignetur
2491 4355 2550 4410 in
2575 4355 2760 4428 prima
2786 4373 2888 4410 sua
2916 4355 3345 4426 resurrectione,
3377 4372 3551 4428 quam
3576 4356 3820 4412 facturus

2183 4454 2285 4505 est.
2316 4451 2440 4504 Per.

2853 4518 2931 4569 Ad
2955 4532 3160 4583 pacem.

2449 4622 2552 4678 per
2579 4606 2740 4677 cujus
2769 4622 2829 4660 os
2853 4605 3140 4677 prolatum
3169 4606 3254 4659 est
3281 4605 3432 4677 quod
3475 4621 3678 4676 pacem
3714 4622 3821 4658 om-

2182 4701 2348 4756 nibus
2387 4700 2568 4769 dares,
2606 4704 2664 4755 et
2702 4699 2855 4770 pacis
2905 4703 3111 4754 statuta
3153 4699 3504 4770 relinqueres
3548 4698 3820 4766 ;infunde

2187 4795 2243 4849 in
2275 4795 2481 4849 nostris
2508 4794 2761 4850 sensibus
2786 4793 2937 4864 pacis
2965 4792 3218 4848 studium
3252 4797 3310 4848 et
3344 4792 3456 4864 piae
3492 4791 3820 4859 voluntatis,

2189 4894 2251 4944 ut
2277 4888 2544 4944 vitiorum
2582 4887 2840 4944 omnium
2867 4887 2991 4942 labe
3019 4886 3267 4958 purgati,
3295 4903 3494 4958 pacem
3539 4903 3714 4958 quam
3747 4886 3823 4939 la-

2187 4985 2295 5040 biis
2319 4985 2433 5040 oris
2473 4981 2891 5055 prosequimur,
2930 4980 3306 5036 immaculatis
3343 4980 3610 5036 cordibus
3642 4986 3822 5036 tenea-

2187 5097 2336 5135 mus.
2367 5081 2492 5134 Per.

2855 5145 3162 5194 lmmolatio.

2261 5236 2508 5308 Dignum
2536 5238 2592 5289 et
2609 5233 2832 5304 justum
2860 5236 2962 5302 est,
2996 5248 3226 5304 aequum
3255 5234 3312 5286 et
3329 5231 3555 5303 justum
3584 5237 3684 5302 est,
3735 5247 3823 5286 nos

2186 5330 2290 5385 tibi
2319 5329 2410 5383 hic
2436 5333 2491 5383 et
2515 5328 2726 5400 ubique
2754 5343 2977 5398 semper
3006 5326 3218 5398 gratias
3230 5342 3418 5398 agere,
3452 5326 3691 5382 Domine
3702 5343 3819 5380 san-

2190 5425 2297 5486 cte,
2327 5421 2492 5474 Pater
2516 5417 2893 5488 omnipotens,
2925 5421 3136 5470 aeterne
3166 5415 3331 5469 Deus.
3365 5416 3472 5479 Qui
3497 5432 3604 5471 nos
3631 5433 3664 5470 a
3689 5431 3824 5470 mor-

2190 5518 2246 5568 te
2277 5518 2552 5585 perpetua
2578 5516 2747 5583 atque
2765 5509 2833 5564 ab
2851 5508 3068 5564 ultimis
3097 5508 3303 5562 inferni
3315 5507 3541 5564 sedibus
3563 5509 3820 5565 liberasti.

2195 5609 2434 5661 Venerat
2461 5605 2691 5677 quidem
2717 5620 2871 5658 mors
2894 5620 2997 5674 per
3025 5603 3324 5657 mulierem
3344 5621 3360 5672 ;
3395 5603 3491 5658 sed
3536 5605 3691 5658 venit
3723 5601 3824 5656 vita

2192 5717 2296 5772 per
2337 5699 2650 5771 Virginem.
2695 5697 2959 5753 lnteritus
2993 5712 3097 5769 per
3120 5697 3376 5769 lignum;
3414 5697 3510 5753 sed
3567 5699 3627 5752 in
3678 5697 3823 5769 ligno

512 5835 536 5861 ιι
567 5822 724 5875 Hanc
769 5823 890 5876 fere
939 5823 1262 5879 orationem
1306 5825 1555 5880 recitant
1599 5826 1926 5882 sacerdotes
1969 5828 2042 5882 ad
2098 5827 2499 5893 ablutionem;
2540 5827 2598 5878 et
2644 5839 2771 5895 quae
2817 5821 3076 5894 sequitur
3122 5820 3265 5877 item
3305 5823 3487 5876 exstat
3527 5822 3586 5877 in
3633 5815 3824 5879 Missali

447 5893 732 5947 Romano.
