3968 6224
98 330 169 382 317
1122 328 1208 383 DE
1245 328 1557 384 LITURGIA
1593 329 1967 387 GALLICANA
2007 331 2205 387 LIBER
2243 332 2333 386 Ill.
3300 337 3402 391 318

97 434 223 488 salus.
249 433 303 487 In
324 432 453 488 Jesu
497 431 724 489 Christo
757 433 908 490 facta
936 437 1021 490 est
1050 434 1181 491 finis
1221 436 1532 506 moriendi,
1567 437 1665 509 qui
1836 524 1858 531 _
1882 523 1915 531 ﬂ
2184 438 2307 491 Post
2321 436 2978 531 oratiqnem‘Dom‘inicam.

96 526 455 600 perennitatem
483 526 614 584 vitae
639 544 754 583 suae
776 528 1003 600 corpori
1030 529 1295 587 restituit.
1316 530 1415 586 Cui
1458 547 1662 586 omnes
1720 523 1742 531 ⁷
1836 523 2038 580 Libera
2068 541 2174 580 nos
2204 542 2238 581 a
2269 525 2444 593 malo,
2469 525 2713 583 Domine
2740 525 2965 582 Christe
2996 525 3148 582 Jesu.
3183 524 3402 599 Corpus

97 621 309 676 calorum
347 636 473 675 cum
521 621 824 693 multiplici
863 622 1069 679 virtute
1114 623 1331 679 militias
1380 625 1662 698 hymnum
1764 619 1927 673 tuum
1957 636 2061 690 Ι)Γο
2098 619 2262 675 ηοδίδ
2292 620 2623 676 οτυοίῧιυιῐι
2659 620 2912 687 “limus;
2947 623 3005 676 et
3057 620 3400 693 sanguinem

94 714 295 768 debitum
323 716 377 767 et
411 714 658 784 gloriam
708 720 867 770 tuam
913 716 1035 771 sine
1079 719 1397 774 cessatione
1436 721 1658 792 procla-
1764 715 2028 767 sanctum
2084 716 2246 768 tuum
2298 730 2400 786 pro
2452 714 2617 769 nobis
2668 714 2913 770 effusum
2967 714 3265 770 bibimus:
3299 714 3402 769 fiat

93 812 231 873 mant,
252 806 508 862 dicentes.
1765 805 1930 860 nobis
1957 822 2162 877 corpus
2187 811 2449 863 sanctum
2474 811 2637 863 tuum
2668 808 2742 863 ad
2773 810 3038 876 salutem,
3069 812 3128 863 et
3168 806 3401 879 sanguis

649 888 770 940 Post
789 888 1022 940 Sanctus.

1787 902 1992 955 auctus
2034 903 2167 955 tuus
2208 901 2267 956 in
2310 902 2648 958 remissione
2691 905 3061 974 peccatorum
3105 902 3197 958 hic
3244 904 3303 956 et
3339 900 3399 958 in

143 983 369 1036 Hosanna
389 981 446 1036 in
478 982 732 1038 excelsis.
772 984 1111 1041 Benedictus
1142 985 1239 1059 qui
1265 985 1421 1041 venit
1451 987 1523 1043 de
1552 1004 1658 1043 cae-
1762 997 1979 1051 aeterna
2000 995 2206 1050 saecula
2240 997 2596 1051 saeculorum.

92 1076 154 1141 lis,
182 1078 231 1129 ut
261 1080 684 1131 conversaretur
715 1078 772 1132 in
813 1079 1000 1149 terris,
1034 1096 1167 1135 caro
1204 1080 1406 1148 factus,
1452 1084 1516 1135 ut
1560 1098 1664 1153 per
2280 1099 2400 1149 post
2427 1099 2873 1150 communionem.

93 1168 355 1240 passionem
407 1187 572 1226 suam
629 1170 807 1227 vitam
866 1171 1232 1228 credentibus
1294 1174 1476 1230 daret.
1537 1176 1660 1246 Ipse
1833 1180 2087 1250 Agamus
2132 1178 2515 1252 omnipotenti
2551 1181 2669 1235 Deo
2723 1180 2957 1262 gratias,
3010 1178 3146 1252 quia
3197 1179 3402 1236 refecit

93 1262 206 1317 enim
228 1263 311 1335 (Ιιιί
335 1263 478 1336 Ρΐίάο
659 1335 781 1386 post
808 1338 1028 1387 secreta.
1765 1290 1870 1375 nos
1893 1289 2054 1387 p‘ane.
2083 1274 2313 1387 caelesti,
2352 1277 2411 1328 et
2446 1275 2651 1387 poculo
2683 1274 2944 1387 spiritali,
2984 1272 3398 1387 sperantesuab

1764 1364 1885 1435 ejus
1922 1365 2178 1437 benigna
2226 1366 2535 1421 clementia
2566 1371 2629 1421 ut
2655 1384 2761 1439 per
2785 1367 3126 1423 effusionem
3156 1365 3401 1438 Spiritus

1763 1458 1943 1513 sancti
1974 1459 2079 1527 sui,
2112 1459 2171 1513 in
2220 1460 2425 1531 quibus
2473 1460 2583 1514 cibi
2624 1461 2864 1516 caelestis
2908 1460 3084 1515 virtus
3126 1458 3397 1526 introivit,

1762 1552 2102 1607 sinceritatis
2133 1553 2321 1624 gratia
2350 1557 2695 1625 perseveret.
2728 1556 2853 1610 Per.

2276 1647 2666 1698 Consummatio
2694 1647 2883 1698 missce.

138 1429 398 1499 Explentes
449 1434 815 1487 sacrosancta
849 1431 1316 1487 caerimoniorum
1360 1433 1662 1488 sollemnia

89 1521 170 1575 ritu
197 1522 588 1579 Melchisedech
622 1523 814 1601 300
851 1526 1060 1581 summi
1092 1525 1406 1580 sacerdotis
1445 1527 1657 1594 oblata,

86 1630 329 1685 precamur
378 1621 574 1672 mente
632 1618 837 1674 devota
882 1622 959 1687 te,
1000 1620 1262 1691 Majestas
1301 1622 1539 1686 aeterna,
1598 1623 1661 1673 ut

87 1712 304 1779 ορθτεωΐθ
330 1709 555 1779 Virtute,
579 1729 792 1783 Panem
816 1716 1104 1768 mutatum
1130 1713 1231 1767 in‘
1265 1730 1459 1782 Came,
1482 1730 1655 1785 Ροοιι·
1830 1725 1951 1780 Tibi
1987 1726 2203 1797 gratias
2242 1727 2488 1798 agimus,
2532 1745 2636 1799 per
2680 1745 2855 1799 quem
2895 1726 3170 1801 mysteria
3205 1728 3402 1781 sancta

86 1802 173 1857 lum
196 1821 399 1858 Versum
431 1805 491 1859 ίη
534 1805 839 1877 δεηϐυίοθν
880 1806 1041 1861 illum
1083 1823 1379 1861 sumamus
1406 1806 1463 1861 in
1493 1806 1667 1862 calice
1688 1824 1746 1897 B
1769 1819 2163 1887 celebramus;
2197 1825 2305 1876 ate
2333 1838 2562 1893 quoque
2592 1821 2909 1877 sanctitatis
2939 1824 2998 1876 et
3028 1820 3400 1877 sanitatis.....

88 1898 156 1968 qui
176 1898 235 1953 de
263 1900 311 1953 te
342 1898 498 1953 ﬂuxit
526 1899 588 1953 in
612 1915 778 1954 cruce
808 1916 875 1954 ex
900 1900 1102 1955 latere.
1128 1901 1241 1955 Sal.

1794 1953 1828 1967 ..
1856 1912 1940 1966 tui
1970 1914 2157 1983 gratia
2187 1913 2341 1969 dona
2373 1914 2782 1986 desposcimus.
2809 1916 2919 1970 Per
2948 1914 3278 1970 Dominum.

446 2021 581 2069 Ante
606 2019 896 2070 orationem
922 2019 1269 2070 Dominicam.
2027 2021 2233 2076 LXXXI.
2268 2036 2427 2077 mssa
2467 2036 2753 2078 COTIDIANA
2783 2021 2810 2062 ι)
2848 2035 3135 2078 noueras.

135 2114 668 2183 Agnosce,-Domine,
701 2113 874 2169 verba
901 2132 1027 2187 quae
1048 2113 1393 2188 praecepisti,
1426 2113 1663 2187 ignosce
1839 2117 2007 2185 Deus,
2042 2118 2139 2189 qui
2187 2120 2354 2190 culpa
2398 2118 2730 2187 offenderis,
2762 2118 3103 2190 poenitentia
3137 2117 3399 2189 placaris,

91 2206 399 2274 presumtioni
429 2225 609 2279 quam
647 2207 962 2279 imperasti.
1001 2208 1336 2280 Ignorantia
1373 2211 1460 2263 est
1508 2208 1664 2265 enim
1766 2209 2112 2266 afﬂictarum
2141 2212 2391 2283 gemitus
2419 2213 2661 2284 respice,
2712 2215 2770 2267 et
2799 2214 2955 2267 mala
2981 2228 3107 2284 quas
3131 2211 3287 2282 juste
3312 2211 3401 2266 in-

92 2315 174 2353 non
194 2316 337 2355 nosse
361 2301 656 2369 meritum,
690 2301 1055 2358 contumacia
1085 2318 1203 2357 non
1245 2318 1472 2357 servare
1515 2318 1660 2374 prte-
1764 2320 1935 2375 rogas
1958 2305 2408 2361 misericorditer
2433 2310 2644 2361 averte.
2675 2307 2802 2361 Per.

92 2395 280 2464 ceptum,
305 2395 507 2466 quibus
528 2395 809 2467 jubemur
834 2395 1044 2450 dicere.
1836 2398 2041 2479 (ἔκτεινα
2073 2400 2287 2455 desunt.

123 2553 159 2607 μ
178 2529 349 2611 sextus
381 2546 546 2611 casus
571 2546 863 2611 Δριιρείεεξεςιι
904 2529 1232 2599 accusandi,
1265 2534 1327 2586 ut
1356 2529 1568 2604 passim
1606 2530 1665 2585 in
1836 2532 1863 2573 δ
1893 2533 1956 2589 Id
1983 2536 2070 2589 est
2100 2550 2167 2589 ex
2196 2533 2410 2590 Ordine
2442 2535 2704 2590 Romano
2732 2551 2833 2592 seu
2859 2533 3235 2608 Gregoriano.

94 2597 152 2652 his
170 2599 375 2672 aliisque
400 2597 639 2656 vetustis
661 2601 839 2657 libris.

385 3067 399 3085 .
472 2950 1422 3090 'MISSALE
1566 2878 2940 3094 FRANCORUM.

380 3300 419 3352 Ι.
450 3315 658 3357 INCIPIT
684 3317 753 3357 na
778 3315 967 3358 SACRIS
994 3316 1305 3359 0RDINIBUS.
1685 3316 1744 3390 Α
1834 3306 2134 3376 Episcopus
2173 3321 2293 3361 cum
2337 3304 2648 3368 ordinatur,
2687 3303 2796 3359 duo
2826 3302 3065 3373 episcopi
3092 3312 3289 3355 manus
3320 3311 3404 3352 eo-

139 3385 288 3464 301
324 3391 597 3449 Ostiarius
620 3411 740 3450 cum
764 3396 1075 3461 ordinatur,
1090 3403 1384 3468 postquam
1408 3399 1477 3453 ab
1498 3385 1744 3456 (πνοιή-η
1770 3414 1892 3454 rum
1921 3415 2086 3469 super
2117 3403 2280 3470 caput
2310 3399 2429 3469 ejus
2452 3402 2698 3469 ponant;
2740 3402 2790 3452 et
2820 3398 3040 3451 teneant
3081 3392 3406 3462 Evangelia-

93 3480 263 3538 diacono
283 3488 575 3543 instructus
596 3490 769 3556 fuerit
792 3490 1033 3559 qualiter
1060 3492 1119 3544 in
1159 3492 1313 3547 domo
1350 3494 1450 3547 Dei
1484 3494 1674 3549 debeat
1770 3509 1893 3547 rum
1916 3493 2148 3548 codicem
2182 3508 2353 3564 supra
2382 3494 2637 3547 ceruicem
2667 3492 2818 3560 ejus;
2854 3494 2905 3545 et
2946 3503 3054 3543 uno
3092 3501 3257 3558 super
3288 3500 3410 3540 eum

94 3582 357 3644 conversari,
406 3582 481 3636 ad
518 3583 919 3651 suggestionem
962 3584 1340 3639 archidiaconi
1387 3588 1574 3642 tradat
1625 3590 1677 3643 ei
1771 3588 2099 3655 infundente
2122 3586 2562 3648 benedictionem,
2589 3586 2793 3654 reliqui
2816 3598 2997 3639 omnes
3026 3581 3265 3651 episcopi
3312 3580 3411 3649 qui

94 3672 310 3742 episcopus
358 3676 535 3731 claves
585 3677 818 3732 ecclesia
844 3677 909 3731 de
956 3679 1131 3733 altari
1165 3679 1348 3734 dicens
1378 3696 1391 3734 :
1424 3679 1515 3735 Sic
1564 3697 1671 3752 age
1699 3690 1707 3697 '
1772 3680 1996 3744 adsunt,
2024 3680 2280 3735 manibus
2306 3680 2422 3734 suis
2453 3694 2618 3748 super
2645 3681 2813 3747 caput
2839 3677 2956 3745 ejus
2987 3677 3225 3729 teneant.

96 3764 212 3831 quasi
243 3767 559 3823 redditurus
597 3771 716 3825 Deo
758 3770 1043 3826 rationem
1074 3788 1178 3843 pro
1211 3771 1299 3827 bis
1342 3773 1512 3828 rebus
1544 3791 1672 3846 qua:

97 3854 181 3910 istis
203 3861 426 3917 clavibus
447 3865 847 3920 recluduntur.

145 3952 399 4023 Acolythus
432 3974 554 4014 cum
581 3959 895 4023 ordinatur,
928 3960 997 4014 ab
1036 3960 1421 4016 archidiacono
1452 3963 1673 4033 quidem

96 4043 297 4103 doceatur
317 4053 551 4120 qualiter
578 4055 819 4124 ofﬁcium
849 4068 1009 4109 suum
1035 4070 1195 4124 agere
1229 4055 1452 4123 debeat;
1478 4056 1575 4110 sed
1602 4056 1672 4111 ab

98 4139 180 4205 ipso
194 4143 550 4201 archidiacono
577 4149 813 4218 accipiat
840 4150 1230 4217 ceroferarium
1256 4165 1375 4203 cum
1406 4165 1581 4218 cerea;
1614 4156 1674 4207 ut

2210 3810 2275 3862 II.
2304 3822 2621 3863 BENEDICTIO
2642 3817 2668 3846 ι
2696 3819 2963 3861 usrmnn.

1841 3921 2023 3976 Deum
2041 3921 2271 3975 Patrem
2303 3918 2763 3991 omnipotentem
2788 3913 3117 3988 suppliciter
3142 3913 3410 3984 deprece-

1772 4030 1920 4081 mur,
1954 4017 2019 4068 ut
2040 4013 2193 4068 hunc
2223 4013 2502 4068 famulum
2528 4028 2697 4067 suum
2721 4008 3065 4065 benedicere
3114 4007 3404 4079 dignetur.

1774 4124 1947 4179 quem
1963 4106 2024 4162 in
2046 4106 2300 4163 ofﬁcium
2321 4105 2554 4161 ustearii
2575 4104 2791 4176 eligere
2831 4102 3101 4176 dignatus
3123 4104 3227 4169 est,
3252 4102 3317 4155 ut
3339 4099 3412 4154 sit

99 4193 1672 4300 sa‘,,,gg,;;;;g,e;,gg,};c,;;,;,q;;;;k;;;a;égc;nrj
1773 4200 1824 4255 ei
1850 4200 2184 4256 fidelissima
2208 4217 2345 4255 cura
2371 4199 2430 4254 in
2458 4199 2659 4254 diebus
2691 4214 2756 4253 ac
2782 4196 3045 4253 noctibus
3071 4194 3145 4250 ad
3176 4193 3409 4249 distinc-

1499 4261 1628 4349 pfm
1652 4283 1667 4297 ’
1773 4293 1992 4349 tionem
2040 4295 2317 4349 horarum
2361 4293 2624 4349 certatim
2659 4292 2734 4348 ad
2782 4289 3168 4346 invocandum
3194 4303 3409 4343 nomen

170 4329 179 4339 .
218 4331 226 4341 .
474 4337 486 4347 ,
1530 4340 1540 4351 ,
1776 4329 1992 4349 “unum

100 4335 277 4441 impluat
301 4337 348 4386 et
375 4335 632 4390 orczolum
660 4351 893 4390 vacuum
922 4336 999 4390 ad
1040 4338 1438 4406 suggerendum
1484 4354 1672 4394 vinum
1773 4387 1999 4441 Domini

100 4389 647 4501 Eucltaristiaecorpoﬁs
677 4427 896 4485 Christi.
983 4389 986 4390 ί
1773 4389 2177 4443 Domini'Per'
2378 4482 2403 4501 α
2518 4458 2653 4509 Alia.

147 4514 391 4575 Erorcista
415 4538 537 4577 cum
560 4522 875 4586 ordinatur,
903 4524 1141 4595 accipiat
1161 4525 1227 4578 de
1252 4540 1420 4579 manu
1436 4527 1674 4598 episcopi

99 4604 298 4680 libellum,
327 4617 381 4669 in
417 4632 524 4686 quo
567 4617 761 4686 scripti
798 4621 927 4672 sunt
962 4618 1266 4681 emorcismi,
1309 4619 1517 4674 dicente
1566 4621 1673 4675 sibi

99 4703 289 4773 episcopo
316 4710 554 4781 :Accipe
584 4713 642 4763 et
667 4710 1016 4766 commenda
1044 4728 1057 4778 ;
1091 4713 1149 4765 et
1178 4711 1389 4766 habeto
1422 4716 1671 4783 potesta-
1694 4688 1752 4761 B

99 4796 183 4848 tem
219 4797 536 4870 imponendi
578 4819 787 4858 manus
827 4820 1001 4879 super
1035 4820 1516 4875 energumenum,
1561 4806 1676 4860 sive

99 4882 409 4961 baptizatum,
429 4896 545 4951 sive
573 4897 1075 4952 catechumenum.

152 4982 383 5042 Dicemus
406 5005 528 5044 cum
551 4990 869 5058 ordinatur,
895 4991 1045 5045 solus
1072 4992 1355 5062 episcopus
1380 4994 1478 5063 qui
1515 4995 1565 5048 ei
1590 4994 1676 5048 be-
2229 4972 2317 5024 ῙῙῙ·
2358 4984 2677 5026 ΒΕΝεωίῖΤῙο
2716 4983 2965 5024 “om”

101 5073 269 5144 nedicit,
296 5097 513 5138 manum
538 5099 702 5155 super
728 5089 893 5156 caput
916 5085 1067 5139 illius
1090 5089 1286 5155 ponat.
1313 5087 1435 5141 Per.
1850 5086 2092 5143 Domine
2120 5091 2335 5157 sancte,
2367 5089 2537 5142 Pater
2562 5087 2950 5158 omnipotens,
2999 5088 3214 5141 aeterne
3244 5084 3413 5150 Deus,

149 5167 394 5243 Presbyter
427 5194 547 5232 cum
580 5178 892 5241 ordinatur,
947 5180 1229 5250 episcopus
1279 5180 1330 5233 ei
1376 5180 1676 5245 benedicat,
1780 5180 1878 5252 qui
1902 5183 2132 5252 Moysen
2156 5183 2214 5235 et
2231 5182 2425 5237 Aaron
2450 5181 2673 5235 locutus
2699 5197 2780 5247 es,
2810 5181 2873 5233 ut
2890 5178 3304 5235 accenderetur
3324 5176 3412 5229 lu-

102 5274 269 5319 Wmum
303 5283 454 5325 suam
491 5286 658 5342 super
696 5277 861 5343 caput
898 5273 1017 5343 ejus
1054 5277 1233 5327 teneat
1262 5291 1278 5327 :
1307 5275 1469 5328 etiam
1502 5290 1679 5331 omnes
1780 5290 1955 5328 cerua
1991 5273 2052 5328 in
2085 5274 2457 5328 tabernaculo
2496 5272 2833 5340 testimonii,
2864 5272 2945 5328 sic
2981 5268 3324 5326 benedicere
3356 5270 3417 5322 et

98 5357 344 5428 presbyteri
366 5369 462 5435 qui
474 5372 777 5438 praesentes
807 5372 956 5431 sunt,
984 5383 1181 5423 manus
1208 5383 1337 5423 suas
1362 5369 1536 5437 juxta
1560 5386 1676 5426 ma-
1780 5367 2137 5421 sanctiﬁcare
2184 5367 2441 5439 digneris
2488 5367 2642 5423 hunc
2689 5367 2970 5421 famulum
3014 5367 3198 5429 tuum,
3235 5363 3298 5415 ut
3341 5359 3413 5414 sit

104 5461 196 5503 ηωη
216 5458 432 5529 episcOpi
455 5475 621 5531 super
644 5465 810 5532 caput
840 5462 990 5515 illius
1017 5466 1249 5517 teneant.
1780 5462 2036 5532 acolytus
2067 5460 2125 5515 in
2155 5460 2404 5516 Ecclesia
2435 5464 2554 5516 tua.
2588 5462 2715 5515 Per.

1844 4553 2039 4629 302
2068 4556 2313 4612 Domine
2339 4558 2534 4610 sancte
2572 4557 2745 4610 Pater
2772 4551 3160 4624 omnipotens,
3193 4551 3408 4605 teterne

1777 4650 1945 4715 Deus,
1976 4649 2321 4705 benedicere
2351 4647 2607 4720 digneris
2638 4647 2921 4702 famulum
2952 4647 3117 4699 tuum
3145 4636 3298 4699 hunc
3324 4658 3412 4696 us-

1775 4741 2030 4809 tiarium,
2045 4745 2107 4796 ut
2129 4742 2280 4796 inter
2286 4741 2570 4813 janitores
2594 4739 2854 4794 Ecclesiae
2872 4736 3327 4809 paretobsequia
3356 4739 3415 4791 et

1777 4836 1928 4891 inter
1945 4838 2171 4907 partem
2192 4838 2351 4890 tuam
2372 4833 2889 4889 mereaturhabere
2912 4831 3264 4887 mercedem.
3282 4832 3409 4887 Per.

152 5603 172 5630 ⁸
191 5594 397 5677 Eadem
425 5602 718 5677 orationes
745 5602 803 5658 in
828 5603 1045 5677 Ordine
1074 5604 1339 5677 Romano
1365 5620 1472 5676 pro
1504 5603 1599 5677 his
1622 5606 1680 5659 et
1782 5621 1944 5659 oram
1972 5604 2082 5660 hoc
2119 5606 2245 5661 loco
2283 5606 2362 5661 ita
2396 5604 2609 5677 legitur
2637 5603 2859 5677 :Helias
2895 5600 3180 5677 Sqotigena
3212 5598 3290 5677 sic
3321 5600 3411 5665 fa-

106 5670 742 5757 f‘iillgoutili‘ug_ordinihus
766 5691 947 5757 usque
978 5675 1052 5731 ad
1075 5670 1468 5757 episcopatum
1512 5675 1682 5757 editae
1780 5677 1955 5731 ciebat
1960 5682 2078 5757 iet
2123 5679 2404 5757 episcopus
2456 5670 2567 5757 Ego
2600 5673 2893 5757 secundum
2932 5670 3411 5757 qrdinemllpjma:

108 5739 209 5829 ξυξξ
220 5742 679 5829 βρξιάμοινξξιιιω,
704 5736 952 5829 ἰηλὶὒῖἀθ
966 5736 1677 5829 _sa‘cris‘0rdination_ibu‘s,
1780 5763 1930 5829 num.
1959 5736 2027 5801 Hi
2047 5736 2486 5829 episcopierant
2501 5736 2938 5829 Ecolismenses,
2962 5736 3412 5829 Hglias_qui‘de_m

139 5806 636 5890 -.331‘{E§_d_emitem
652 5806 946 5890 orationes
966 5817 1331 5874 habenturin
1353 5806 1680 5890 pervetusto
1782 5821 2044 5890 tempore
2062 5806 2264 5890 Caroli
2288 5816 2448 5890 Calvi
2460 5833 2473 5877 ;
2495 5817 2664 5890 [Iugo
2704 5831 2840 5869 vero
2889 5806 3082 5890 medio
3116 5806 3322 5861 saeculo
3353 5821 3408 5857 X-

145 5880 265 5934 issali
296 5883 645 5945 Bibliotheca
693 5889 869 5963 regias
916 5905 1160 5945 numero
1204 5880 1371 5957 3865,
1406 5888 1481 5944 ad
1520 5887 1680 5960 cujus
1780 5880 1978 5963 Itaque
2016 5888 2109 5945 hic
2135 5889 2278 5946 ritus
2308 5891 2394 5943 est
2412 5880 2736 5942 Gallicanus
2766 5901 2887 5941 non
2917 5886 3223 5941 Romanus.
