3968 6224
493 301 594 358 319

955 411 1038 470 ιν.
1071 431 1346 473 alterum
1384 431 1660 472 LBCTORIS.

560 504 790 579 Eligunt
829 510 884 563 te
923 509 1128 564 fratres
1168 510 1272 577 tui,
1307 512 1368 563 ut
1401 510 1476 564 sis
1503 511 1682 565 lector
1730 510 1788 565 in
1819 511 1991 566 domo
2024 512 2123 568 Dei

487 602 603 668 tui;
636 605 694 657 et
740 619 1016 674 agnosces
1062 603 1313 657 ofﬁcium
1365 607 1548 672 tuum,
1582 607 1644 658 ut
1673 604 1912 676 impleas
1954 605 2121 671 illud;

487 699 694 768 potens
726 700 811 750 est
842 697 996 751 enim
1027 698 1175 752 Deus
1207 701 1268 750 ut
1301 701 1510 768 augeat
1542 698 1643 752 tibi
1694 699 1964 770 gratiam.
1995 702 2121 756 Per.

1038 795 1335 846 Benedictio
1362 796 1589 846 lectoris.

561 876 804 930 Domine
835 879 1046 941 sancte,
1086 877 1256 931 Pater
1287 877 1677 948 omnipotens,
1706 881 1920 933 aeterne
1954 880 2120 947 Deus,

489 966 832 1023 benedicere
888 969 1143 1039 digneris
1197 971 1479 1024 famulum
1536 974 1700 1025 tuum
1749 973 1902 1026 hunc
1961 989 2119 1028 nom.

491 1061 651 1116 illum
679 1062 735 1116 in
779 1062 1032 1117 ofﬁcium
1077 1064 1325 1130 lectoris,
1354 1068 1416 1118 ut
1444 1064 1775 1120 assiduitate
1813 1066 2122 1122 lectionum

488 1153 784 1210 distinctus
832 1160 1003 1228 atque
1052 1158 1348 1212 ordinatus
1388 1158 1535 1212 curis
1573 1159 1842 1226 modulis,
1885 1159 2121 1232 spiritali

489 1247 790 1305 devotione
814 1251 1011 1322 lingua
1040 1255 1271 1306 resonet
1292 1252 1574 1307 Ecclesiae.

919 1360 981 1411 V.
1025 1374 1300 1414 PB/EFATIO
1340 1375 1667 1416 exonersra.

561 1458 742 1511 Deum
775 1459 1003 1511 Patrem
1037 1457 1497 1529 omnipotentem
1534 1458 1816 1531 supplices
1849 1459 2122 1530 depreca-

490 1566 639 1617 mur,
665 1553 727 1603 ut
765 1551 917 1604 hunc
947 1551 1227 1605 famulum
1261 1569 1426 1606 suum
1454 1570 1611 1607 nom.
1650 1553 1727 1607 ill.
1778 1553 2121 1607 benedicere

491 1642 763 1713 dignetur
788 1644 845 1697 in
876 1644 1064 1699 ofﬁcio
1097 1646 1408 1714 exorcistar,
1435 1650 1496 1700 ut
1526 1646 1599 1700 sit
1641 1646 1910 1718 spiritalis
1940 1647 2120 1718 impe-

491 1739 649 1790 rator
673 1737 747 1790 ad
779 1736 1132 1807 abjiciendos
1161 1739 1451 1794 daemones
1478 1740 1549 1794 de
1571 1740 1906 1811 corporibus
1938 1740 2125 1794 obses-

489 1829 564 1884 sis
585 1846 714 1884 cum
743 1831 903 1884 omni
931 1833 1188 1903 nequitia
1214 1850 1413 1887 eorum
1447 1834 1808 1888 multiformi.
1842 1835 1968 1888 Per.

994 1928 1291 1980 Benedictio
1340 1930 1629 1980 exorcistae.

565 2009 803 2064 Domine
835 2013 1048 2076 sancte,
1080 2013 1249 2064 Pater
1279 2013 1664 2083 omnipotens,
1693 2015 1906 2068 aeterne
1957 2015 2126 2080 Deus,

492 2103 834 2158 benedicere
872 2103 1126 2173 digneris
1161 2105 1442 2159 famulum
1485 2109 1645 2160 tuum
1683 2106 1835 2161 hunc
1861 2124 2017 2162 nom.
2047 2109 2124 2164 ill.

488 2197 546 2250 in
577 2196 764 2251 ofﬁcio
795 2197 1107 2265 exorcistae,
1142 2202 1202 2252 ut
1228 2215 1332 2270 per
1356 2199 1736 2270 impositionis
1764 2218 2045 2257 manuum
2073 2206 2131 2256 et

493 2289 608 2344 oris
639 2291 894 2345 ofﬁcium
944 2308 1078 2345 eum
1125 2291 1339 2362 eligere
1373 2293 1662 2362 digneris;
1708 2297 1766 2347 et
1822 2295 2127 2366 imperium

493 2383 707 2438 habeat
741 2384 1043 2454 spirituum
1081 2384 1515 2440 immundorum
1547 2387 2038 2455 coercendorum;
2072 2392 2132 2443 et

493 2476 807 2546 probabilis
831 2476 905 2530 sit
927 2477 1183 2531 medicus
1212 2479 1474 2533 Ecclesiae
1502 2482 1633 2547 tuae,
1657 2481 1857 2550 gratiae
1889 2483 2129 2538 curatio-

495 2585 633 2623 num
660 2570 866 2623 virtute
889 2572 1278 2626 conﬁrmatus.

635 2678 719 2730 VI.
752 2693 1048 2734 ALLOCUTIO
1087 2696 1156 2734 AD
1196 2695 1574 2737 SL'BDIACONUM
1613 2697 1981 2739 ORDINANDL‘M.

565 2771 904 2825 Exhibeatur
927 2774 985 2825 in
1023 2779 1305 2842 conspectu
1346 2777 1583 2845 episcopi
1601 2782 1807 2844 patena
1837 2788 1861 2816 α
1893 2783 1943 2832 et
1984 2780 2131 2832 calix

494 2879 720 2926 vacuus,
744 2870 794 2918 et
819 2865 966 2919 dicat
986 2867 1035 2919 ei
1056 2869 1335 2936 episcopus
1365 2885 1382 2919 :

566 2957 704 3012 Vide
726 2958 886 3029 cujus
909 2958 1293 3014 ministerium
1319 2961 1421 3015 tibi
1443 2962 1706 3018 traditur.
1731 2965 1799 3018 Et
1817 2964 1946 3020 ideo
1970 2965 2014 3020 si
2038 2984 2125 3020 us-

497 3067 607 3122 que
631 3068 782 3105 nunc
807 3051 962 3106 fuisti
978 3053 1176 3106 tardus
1198 3055 1269 3108 ad
1297 3056 1626 3122 Ecclesiam,
1655 3058 1928 3113 ammodo
1955 3059 2129 3114 debes

497 3161 618 3198 esse
653 3145 929 3199 assiduus.
961 3145 1016 3201 Si
1048 3163 1226 3217 usque
1259 3165 1410 3201 nunc
1439 3151 1834 3204 somnolentus
1857 3154 2128 3208 ammodo
2149 3164 2203 3237 C

494 3240 711 3309 vigiles.
746 3239 803 3294 Si
830 3257 1009 3312 usque
1035 3258 1185 3295 nunc
1214 3241 1407 3316 303
1436 3244 1712 3311 ebriosus,
1741 3248 2014 3302 ammodo
2048 3266 2133 3304 so-

495 3331 670 3386 brius.
715 3333 773 3387 Si
813 3350 993 3404 usque
1028 3352 1179 3388 nunc
1225 3335 1582 3404 inhonestus,
1613 3340 1886 3396 ammodo
1923 3345 2127 3397 castus.

497 3424 847 3491 Oblationes,
893 3444 1019 3498 quae
1067 3428 1304 3484 veniunt
1347 3430 1405 3484 in
1451 3431 1674 3500 altario,
1709 3450 1888 3504 panes
1928 3451 2131 3506 propo-

496 3517 717 3573 sitionis
753 3520 1133 3590 appellantur.
1177 3523 1253 3576 De
1294 3523 1430 3595 ipsis
1473 3525 1858 3581 oblationibus
1904 3529 2132 3582 tantum

495 3612 669 3666 debet
694 3613 750 3667 in
773 3613 976 3669 altario
998 3615 1155 3686 poni,
1179 3620 1458 3687 quantum
1477 3620 1690 3689 populo
1717 3619 1896 3690 possit
1914 3622 2133 3676 sufﬁce-

495 3722 576 3771 re,
610 3723 682 3760 ne
714 3707 930 3779 aliquid
953 3707 1260 3779 'putridum
1299 3709 1356 3764 in
1399 3711 1646 3766 sacrario
1678 3717 1932 3768 maneat.
1962 3716 2131 3769 Pallae

494 3816 627 3854 vero
656 3816 784 3870 quae
811 3805 944 3854 sunt
969 3801 1025 3854 in
1051 3801 1078 3842 ι)
1109 3803 1504 3872 substraturio,
1537 3804 1592 3857 in
1624 3805 1734 3859 alio
1765 3823 1895 3860 vase
1919 3807 2134 3861 debent

495 3893 698 3947 lavari:
733 3893 789 3947 in
813 3894 923 3948 alio
956 3897 1283 3966 corporales
1311 3899 1499 3967 pallae.
1533 3897 1638 3952 Ubi
1667 3899 1838 3969 pallae
1867 3917 2131 3972 corpora-

495 3987 576 4040 les
612 3987 814 4040 lavatae
853 3987 1085 4054 fuerint,
1119 3989 1339 4042 nullum
1376 3990 1692 4044 linteamen
1723 3992 1940 4048 ibidem
1977 3995 2132 4048 aliud

495 4077 854 4133 debetlavari
876 4095 888 4133 :
906 4079 1028 4150 ipsa
1041 4097 1190 4151 aqua
1203 4082 1259 4134 in
1277 4083 1613 4152 baptisterio
1630 4084 1802 4139 debet
1812 4086 2130 4158 vergi.ldeo

498 4175 549 4224 te
577 4187 907 4237 ammoneo,
937 4175 998 4225 tu
1024 4171 1101 4226 ita
1128 4176 1182 4226 te
1211 4174 1434 4242 exhibe,
1461 4178 1656 4231 utDeo
1679 4179 1904 4248 placere
1927 4181 2127 4252 possis.

563 4267 633 4320 Et
655 4265 837 4319 trades
867 4268 917 4320 ei
947 4267 1165 4322 calicem
1193 4273 1242 4323 et
1260 4274 1541 4338 patenum.

836 4363 1066 4415 Praefatio
1092 4365 1430 4417 ordinationis
1455 4369 1776 4420 subdiaconi.

564 4444 806 4499 Oremus
851 4445 1034 4499 Deum
1075 4449 1133 4500 et
1180 4449 1490 4504 Dominum
1537 4454 1819 4519 nostrum,
1854 4455 1915 4507 ut
1963 4469 2135 4525 super

1289 263 1617 362 :tPl‘ENDlX
1657 307 1744 360 AD
1780 305 2000 360 OPERA
2039 301 2270 357 SANCTI
2307 303 2606 359 GERMANI
2647 305 3069 362 PARISIENSIS.

3779 310 3882 362 320

2149 412 2462 496 Atudinis,
2493 412 2735 485 Spiritus
2777 416 3028 471 scientiae
3073 419 3132 471 et
3177 413 3424 489 pietatis.
3459 415 3713 488 Repleas
3742 431 3879 471 eum

2230 506 2442 578 Spiritu
2492 507 2716 563 timoris
2762 510 2863 578 tui,
2909 513 2971 564 ut
3015 527 3150 566 eum
3200 511 3259 566 in
3303 510 3636 566 ministerio
3681 509 3879 566 divino

2227 603 2571 669 conﬁrmes;
2600 607 2664 657 ut
2693 604 2970 659 obcdiens
3015 608 3186 677 atque
3234 605 3386 660 dicto
3429 621 3670 676 parens,
3711 608 3876 659 tuam

2229 696 2474 766 gratiam
2495 701 2898 769 consequatur.
2929 701 3036 754 Per
3061 699 3396 754 Dominum.

2365 815 2472 868 VII.
2513 829 2813 871 ALLOCUTIO
2852 832 2922 872 AD
2962 831 3216 872 POPULL'M
3256 833 3307 872 IN
3348 831 3723 873 oaniNnIom-z

2921 903 3160 942 DIACONI.
3365 914 3368 916 '

2298 983 2654 1039 Dilectissimi
2680 985 2905 1052 fratres,
2937 984 3255 1056 quamlibet
3277 985 3499 1057 possint
3527 986 3603 1040 ad
3637 985 3877 1041 ordina-

2225 1077 2445 1132 tionem
2486 1077 2848 1133 ecclesiastici
2887 1077 3191 1134 ministerii
3233 1079 3725 1149 promovendam,
3774 1079 3878 1134 sibi

2225 1171 2348 1242 ipsa
2379 1172 2638 1226 sufﬁcere
2669 1171 2969 1244 privilegia
2998 1172 3385 1239 sacerdotum,
3420 1175 3689 1228 attamen
3741 1173 3877 1244 quia

2225 1265 2575 1336 probabilior
2601 1269 2658 1320 et
2709 1268 2907 1320 nostra
2951 1265 3106 1338 apud
3154 1267 3464 1321 Dominum
3506 1267 3875 1322 conversatio

2227 1363 2328 1426 est,
2357 1363 2416 1413 et
2461 1376 2664 1414 eorum
2709 1377 2956 1432 quorum
3006 1360 3192 1415 honor
3239 1363 3504 1431 augetur,
3553 1361 3756 1431 major
3796 1365 3880 1415 est

2227 1453 2439 1524 gratia;
2464 1453 2506 1507 si
2531 1453 2587 1507 id
2607 1453 2762 1524 quod
2788 1453 3026 1508 arbitria
3049 1457 3243 1508 nostra
3265 1453 3506 1525 eligunt,
3547 1454 3733 1508 etiam
3755 1471 3874 1508 ves-

2227 1550 2327 1601 trae
2363 1547 2668 1602 conﬁrmet
2702 1547 3032 1601 dilectionis
3078 1547 3374 1614 adsensus,
3418 1547 3638 1602 idcirco
3693 1547 3875 1602 ﬁlium

2227 1643 2486 1695 nostrum
2516 1640 2592 1694 ill.
2623 1641 2788 1712 cupio
2813 1641 2885 1695 ad
2905 1640 3160 1695 ofﬁcium
3186 1641 3523 1696 diaconatus
3544 1641 3605 1695 in
3636 1657 3873 1697 consor-

2227 1735 2370 1789 tium
2402 1737 2662 1789 nostrum
2684 1734 2994 1788 divinitatis
3011 1734 3218 1790 auxilio
3241 1751 3608 1806 promovere.
3628 1737 3719 1788 An
3745 1751 3874 1790 eum

2231 1828 2472 1899 dignum
2506 1829 2614 1883 hoc
2649 1828 2837 1883 ofﬁcio
2871 1828 3172 1895 censeatis,
3214 1828 3357 1883 scire
3404 1827 3713 1894 desidero;
3745 1831 3804 1882 et
3833 1828 3873 1883 si

2231 1924 2418 1976 vestra
2445 1922 2600 1993 apud
2629 1938 2824 1976 meam
2871 1921 3185 1976 concordat
3212 1921 3434 1989 electio,
3465 1921 3868 1977 testimonium

2232 2015 2386 2086 quod
2407 2015 2571 2070 vultis
2600 2016 2834 2070 vocibus
2865 2015 3203 2087 adprobate.
3234 2017 3344 2069 Per
3368 2015 3714 2070 Dominum.

2565 2121 2737 2171 Oratio
2763 2121 2827 2171 ad
2856 2121 3137 2172 diaconum
3164 2120 3535 2171 ordinandum.

2302 2211 2496 2285 304
2520 2211 2779 2278 Oremus,
2810 2211 3184 2278 dilectissimi,
3211 2213 3393 2266 Deum
3425 2213 3666 2265 Patrem
3697 2210 3873 2266 omni-

2231 2309 2550 2376 potentem,
2585 2308 2647 2358 ut
2667 2321 2839 2376 super
2866 2306 3018 2359 hunc
3048 2307 3331 2363 famulum
3369 2321 3560 2370 suum,
3591 2321 3768 2376 quem
3806 2305 3870 2359 ad

2231 2399 2484 2454 ofﬁcium
2506 2399 2842 2454 diaconatus
2865 2415 3069 2454 vocare
3091 2399 3382 2470 dignatur,
3401 2398 3870 2453 benedictionem

2230 2492 2432 2563 gratiae
2453 2494 2768 2547 clementer
2794 2493 3071 2560 effundat,
3093 2497 3149 2546 et
3169 2491 3625 2547 consecrationis
3657 2492 3871 2546 indulta

2230 2585 2509 2657 propitius
2545 2586 2697 2640 dona
2723 2589 3039 2653 conservet,
3065 2590 3127 2640 ut
3151 2603 3350 2657 preces
3378 2589 3607 2640 nostras
3629 2586 3871 2639 clemen-

2232 2683 2319 2734 ter
2353 2679 2647 2747 exaudiat;
2677 2683 2734 2736 et
2762 2697 2887 2751 quae
2926 2683 3122 2734 nostro
3154 2683 3284 2734 sunt
3315 2679 3580 2750 gerenda
3624 2678 3866 2743 servitio,

2232 2791 2332 2827 suo
2350 2773 2604 2844 benigno
2622 2777 3004 2844 prosequatur
3025 2772 3260 2839 auxilio;
3290 2777 3347 2827 et
3369 2789 3546 2844 quem
3569 2773 3748 2827 sacris
3769 2772 3867 2825 mi-

2233 2866 2479 2922 nisteriis
2503 2867 2881 2938 exsequendis
2908 2884 3011 2937 pro
3045 2870 3239 2921 nostra
3268 2866 3661 2936 intelligentia
3696 2864 3868 2919 credi-

2232 2977 2359 3016 mus
2400 2960 2781 3028 oﬁ'erendum,
2840 2978 2941 3014 sua
3001 2961 3190 3031 potius
3242 2960 3525 3015 electione
3576 2959 3864 3031 justiﬁcet.

2232 3056 2338 3109 Per
2365 3053 2698 3109 Dominum.

2885 3124 3237 3174 Consecratio.

2303 3211 2536 3278 Adesto,
2571 3227 2918 3282 quaesumus,
2964 3210 3332 3282 omnipotens
3375 3211 3546 3278 Deus,
3586 3211 3866 3267 honorum

2233 3305 2418 3371 dator,
2435 3304 2702 3359 ordinum
2717 3303 3071 3369 distributor,
3088 3304 3531 3375 ofﬁciorumque
3547 3305 3866 3376 dispositor,

2233 3399 2329 3469 qui
2358 3398 2414 3452 in
2435 3401 2490 3452 te
2514 3414 2776 3463 manens,
2801 3396 3042 3451 innovas
3070 3397 3286 3464 omnia,
3308 3400 3366 3451 et
3387 3402 3596 3453 cuncta
3625 3397 3866 3470 disponis

2233 3508 2336 3563 per
2364 3490 2632 3556 Verbum,
2660 3491 2962 3558 Virtutem,
2987 3489 3464 3562 Sapientiamque
3497 3494 3666 3546 tuam
3687 3495 3862 3548 Jesum

2232 3586 2518 3642 Christum
2545 3583 2746 3637 Filium
2782 3586 2944 3637 tuum
2984 3583 3294 3638 Dominum
3342 3588 3630 3653 nostrum,
3672 3584 3862 3656 sempi-

2231 3685 2397 3734 terna
2415 3676 2775 3750 providentia
2795 3693 3106 3748 praeparas,
3133 3681 3191 3731 et
3213 3677 3270 3731 in
3294 3677 3535 3750 singulis
3558 3679 3863 3751 quibusque

2235 3771 2589 3843 temporibus
2615 3772 2868 3844 aptanda
2897 3772 3212 3844 dispensas.
3247 3772 3420 3844 Cujus
3447 3789 3660 3845 corpus
3691 3775 3864 3828 Eccle-

2233 3866 2376 3921 siam
2424 3870 2603 3933 tuam,
2637 3866 2952 3921 caelestium
2989 3865 3308 3937 gratiarum
3354 3867 3636 3921 varietate
3682 3867 3864 3922 distin-

2233 3962 2384 4014 ctam
2409 3975 2756 4030 suorumque
2785 3975 3044 4014 connexa
3075 3958 3422 4014 discretione
3453 3961 3862 4023 membrorum,

2233 4069 2336 4125 per
2356 4055 2544 4124 legem
2561 4052 2731 4107 totius
2754 4051 3033 4107 mirabilis
3055 4052 3352 4124 compagis
3378 4053 3629 4124 unitam,
3656 4055 3715 4109 in
3738 4055 3864 4126 laug-

2235 4149 2497 4201 mentum
2530 4145 2726 4217 templi
2753 4145 2834 4200 tui
2857 4163 3111 4200 crescere
3145 4145 3489 4218 dilatarique
3519 4147 3767 4220 largiris,
3797 4163 3866 4200 sa-

2233 4240 2312 4294 cri
2338 4239 2596 4294 muneris
2621 4239 2968 4294 servientem
2990 4239 3155 4293 trinis
3184 4240 3460 4310 gradibus
3482 4241 3862 4296 ministrorum

2237 4333 2568 4388 nominituo
2589 4333 2839 4387 militare
2862 4333 3237 4401 constituens;
3269 4333 3464 4388 electis
3483 4334 3734 4390 abinitio
3751 4333 3862 4388 Levi

2236 4428 2384 4494 ﬁliis,
2401 4425 2497 4498 qui
2519 4426 2773 4498 mysticis
2792 4426 3226 4498 operationibus
3249 4427 3456 4481 domus
3477 4432 3593 4482 tuae
3618 4428 3861 4483 ﬁdelibus
3883 4427 3890 4434 ”

491 4554 716 4593 servum
740 4555 905 4593 suum
929 4556 1084 4595 nom.
1114 4541 1215 4610 in”
1241 4559 1413 4613 quem
1448 4544 1518 4598 ad
1549 4545 1993 4602 subdiaconatus
2010 4520 2208 4608 δίῃ-Ι)
2232 4520 2480 4576 excubiis
2532 4523 2960 4591 permanentes,
3012 4520 3400 4575 hereditatem
3453 4520 3857 4577 benedictionis

490 4633 643 4687 cium
667 4649 903 4687 evocare
933 4633 1202 4704 dignatus
1229 4639 1333 4703 est,
1359 4637 1628 4693 infundat
1659 4639 2126 4695 benedictionem

490 4729 545 4780 et
572 4726 818 4797 gratiam
845 4743 1036 4794 suam;
1065 4731 1127 4782 ut
1166 4729 1225 4783 in
1256 4735 1564 4802 conspectu
1596 4749 1696 4786 suo
1739 4733 1986 4787 ﬁdeliter
2016 4750 2128 4788 ser-

488 4819 668 4885 viens,
710 4819 996 4874 destinata
1050 4823 1260 4877 sanctis
1307 4825 1544 4894 praemia
1585 4830 1987 4897 consequatur.
2022 4829 2129 4882 Per

492 4911 822 4966 Dominum.

986 4985 1284 5036 Benedictio
1303 4987 1626 5038 subdiaconi.

564 5062 805 5116 Domine
837 5067 1049 5131 sancte,
1079 5067 1248 5119 Pater
1280 5067 1666 5138 omnipotens,
1709 5074 1922 5126 aeterne
1957 5074 2126 5140 Deus,

492 5156 835 5211 benedicere
867 5157 1122 5228 digneris
1149 5159 1429 5214 famulum
1459 5164 1620 5217 tuum
1645 5163 1816 5231 hunc,
1843 5184 1998 5222 nom.
2024 5167 2127 5232 ill.,

491 5266 664 5320 quem
692 5249 765 5303 ad
791 5249 1237 5305 subdiaconatus
1260 5253 1513 5309 ofﬁcium
1536 5255 1750 5328 eligere
1780 5259 2049 5330 dignatus
2070 5278 2130 5314 es

494 5351 570 5403 uti
603 5350 758 5405 enim
781 5350 838 5404 in
873 5352 1118 5407 sacrario
1135 5355 1234 5409 tuo
1261 5359 1460 5411 saneto
1484 5361 1783 5413 strenuum
1804 5359 2131 5415 sollicitum-

494 5459 605 5511 que
634 5444 842 5498 caelesti
875 5445 1094 5500 militiae
1125 5446 1408 5514 instituas,
1441 5453 1502 5503 ut
1528 5451 1740 5504 sanctis
1774 5453 2049 5506 altaribus
2071 5455 2131 5507 ﬁ-

495 5533 700 5588 deliter
724 5537 1221 5594 subministretzet
1245 5542 1570 5612 requiescat
1598 5559 1770 5612 super
1795 5560 1927 5598 eum
1959 5545 2132 5617 Spiri-

499 5630 585 5679 tus
610 5627 906 5698 sapientiae
927 5636 985 5687 et
1014 5632 1356 5701 intellectus,
1378 5635 1622 5704 Spiritus
1649 5635 1871 5690 consilii
1899 5642 1958 5692 et
1975 5640 2132 5694 forti-

569 5772 594 5835 ξ
622 5762 738 5835 huc
769 5767 989 5835 spectat
1019 5782 1205 5820 canon
1232 5769 1264 5820 6
1295 5765 1521 5821 concilii
1550 5766 1808 5823 Toletani
1833 5786 1950 5826 vm.

569 5830 596 5869 δ
624 5832 687 5886 Id
717 5830 815 5888 est'
829 5834 1034 5906 quibus
1065 5835 1341 5892 sternitur
1377 5837 1573 5893 altaris
1621 5839 1920 5910 planities;
1945 5859 2128 5917 corpo-

2229 4619 2460 4671 aeternae
2489 4616 2640 4668 sorte
2667 4617 2946 4684 perpetua
2969 4613 3351 4684 possiderent.
3384 4614 3571 4685 Super
3602 4615 3754 4670 hunc
3795 4615 3862 4668 fa-

2230 4710 2452 4764 mulum
2465 4711 2652 4774 tuum,
2678 4723 3028 4778 quaesumus,
3049 4706 3316 4774 Domine,
3335 4708 3595 4778 placatus
3619 4707 3856 4771 intende,

2229 4801 2528 4874 quemtuis
2560 4800 2733 4854 sacris
2753 4800 3118 4868 serviturum,
3141 4801 3200 4855 in
3225 4800 3481 4855 ofﬁcium
3501 4801 3731 4857 diaconi
3753 4817 3858 4870 sup-

2227 4895 2452 4967 pliciter
2478 4893 2830 4948 dedicamus.
2861 4895 2929 4947 Et
2958 4911 3063 4948 nos
3097 4893 3358 4965 quidem,
3391 4898 3678 4965 tanquam
3703 4891 3859 4949 homi-

2230 5007 2351 5054 nes,
2387 4987 2563 5042 divini
2594 5004 2792 5041 sensus
2819 4990 2876 5040 et
2909 5003 3153 5041 summae
3183 4987 3423 5042 rationis
3465 4987 3683 5059 ignari,
3716 4988 3856 5056 hujus

2229 5082 2427 5147 vitam,
2471 5084 2754 5152 quantum
2782 5096 3104 5151 possumus,
3140 5081 3517 5136 aestimamus.
3547 5083 3624 5136 Te
3663 5085 3852 5140 autem,

2230 5175 2493 5239 Domine,
2546 5191 2674 5245 quae
2704 5173 2868 5228 nobis
2909 5178 3041 5228 sunt
3073 5175 3270 5245 ignota
3302 5192 3418 5229 non
3451 5179 3782 5240 transeunt;
3811 5179 3853 5224 te

2231 5269 2450 5324 occulta
2481 5285 2597 5322 non
2630 5268 2854 5322 fallunt.
2884 5269 2963 5322 Tu
2986 5268 3253 5339 cognitor
3282 5273 3611 5340 pectorum,
3648 5275 3708 5324 tu
3734 5283 3854 5321 scru-

2231 5365 2383 5416 tator
2407 5378 2468 5415 es
2489 5360 2838 5415 animarum.
2862 5362 2942 5415 Tu
2969 5361 3250 5416 veraciter
3275 5361 3335 5415 in
3358 5379 3495 5416 eum
3524 5365 3747 5418 caeleste
3775 5375 3854 5432 po-

2230 5460 2316 5510 tes
2339 5455 2615 5510 adhibere
2631 5454 2936 5525 judicium,
2964 5458 3023 5508 et
3040 5455 3197 5509 velut
3221 5455 3477 5527 indignis
3505 5457 3725 5512 donare
3751 5468 3851 5525 quae

2231 5549 2536 5620 poscimus.
2563 5547 2776 5602 Emitte
2808 5547 2866 5602 in
2901 5564 3056 5614 eum,
3082 5565 3432 5619 quaesumus,
3467 5551 3731 5618 Domine,
3753 5546 3853 5618 Spi-

2231 5642 2408 5697 ritum
2425 5644 2686 5696 sanctum
2711 5640 2769 5696 in
2795 5658 2938 5712 opus
2959 5641 3266 5696 ministerii
3289 5642 3544 5699 ﬁdeliter
3566 5655 3850 5715 exsequen-

2233 5779 2396 5840 rales,
2426 5792 2554 5849 qua
2581 5793 2788 5850 corpus
2808 5775 3015 5834 Christi
3038 5775 3298 5850 proxime
3320 5781 3592 5852 tangunt.
