3968 6224
541 307 642 361 323

527 412 616 466 his
641 410 933 466 institutus
961 410 1268 484 disciplinis
1295 428 1435 483 quas
1459 413 1581 466 Tito
1611 417 1667 465 et
1694 411 1988 465 Timotheo
2017 413 2165 464 Pau-
2191 423 2248 494 Α

529 506 617 560 lus
643 506 926 577 exposuit:
953 512 1015 560 ut
1035 507 1094 561 in
1122 508 1245 577 lege
1269 509 1364 560 tua
1385 506 1472 560 die
1486 522 1548 559 ac
1566 511 1748 573 nocte,
1776 505 2167 576 Omnipotens,

529 600 829 668 meditans,
869 601 1019 672 quod
1055 600 1256 670 legerit
1295 599 1504 668 credat,
1545 599 1696 670 quod
1733 599 2033 654 crediderit
2071 599 2167 652 do-

531 699 672 763 ceat,
703 695 854 765 quod
880 694 1132 748 docuerit
1153 693 1436 747 imitetur:
1461 692 2168 762 justitiam,constantiam,

530 787 1002 854 misericordiam,
1036 786 1431 840 fortitudinem
1466 787 1527 840 in
1555 803 1612 840 se
1649 787 1936 855 ostendat;
1985 803 2172 841 exem—

533 880 689 952 plum
720 881 949 952 probet;
983 879 1426 934 admonitionem
1473 879 1809 949 confirmet;
1857 882 1922 933 ut
1961 897 2169 951 purum

530 980 699 1045 atque
725 972 1152 1028 immaculatum
1176 973 1475 1028 ministerii
1504 973 1586 1027 tui
1616 975 1829 1028 donum
1873 973 2169 1038 custodiat,

529 1071 585 1122 et
611 1083 712 1138 per
740 1066 1076 1138 obsequium
1096 1066 1276 1138 plebis
1301 1072 1409 1120 tum
1427 1084 1633 1138 corpus
1651 1072 1706 1122 et
1724 1067 2063 1138 sanguinem
2084 1066 2170 1120 Fi-

529 1161 587 1214 lii
614 1160 697 1214 tui
725 1161 1089 1214 immaculata
1116 1161 1509 1215 benedictione
1549 1161 1943 1231 transformet;
1989 1163 2046 1214 et
2082 1160 2169 1214 in-

529 1254 776 1308 violabili
831 1254 1061 1308 caritate
1089 1254 1146 1307 in
1176 1254 1360 1308 virum
1386 1255 1724 1325 perfectum,
1755 1255 1814 1310 in
1845 1271 2172 1309 mensuram

525 1347 709 1402 {etatis
737 1347 1103 1418 plenitudinis
1131 1347 1357 1416 Christi,
1389 1348 1448 1401 in
1475 1348 1565 1402 die
1587 1349 1820 1418 justitizn
1850 1349 2046 1404 aeterni
2072 1349 2171 1418 ju-

527 1441 676 1507 dicii,
734 1441 1074 1495 conscientia
1117 1457 1279 1511 pura,
1323 1440 1433 1495 ﬁde
1477 1443 1667 1512 plena,
1713 1441 1924 1513 Spiritu
1986 1447 2174 1498 sancto

529 1535 728 1604 plenus
748 1534 1051 1605 persolvat.
1085 1535 1189 1587 Per
1219 1535 1544 1589 Dominum.

1062 1626 1398 1676 Consecratio
1434 1641 1634 1676 manus.

603 1708 1017 1761 Consecrentur
1071 1724 1273 1761 manus
1319 1707 1458 1775 istae,
1501 1712 1556 1761 et
1605 1707 2028 1760 sanctiﬁcentur
2076 1723 2179 1777 per

1327 303 1658 358 APPENDIX
1697 302 1784 357 AD
1820 301 2042 357 OPERA
2080 293 2312 356 SANCTI
2350 299 2646 356 GERMANI
2686 301 3110 356 PARISIENSIS.
3306 297 3308 300 ’
3803 306 3885 357 324

2487 409 2658 460 Oratio
2687 414 2738 460 et
2769 424 2954 475 preces
2979 410 3044 459 de
3073 408 3332 473 episcopis
3352 407 3676 459 ordinandis.

2339 497 2580 551 Oremus
2607 496 2654 563 ι),
2685 495 3028 551 dilectissimi
3057 495 3238 562 nobis,
3270 499 3330 549 ut
3357 495 3446 549 his
3477 493 3614 548 viris
3651 495 3723 548 ad
3755 495 3882 549 utili-

2270 594 2447 645 tatem
2474 589 2732 644 Ecclesiae
2764 589 3123 661 providendis
3153 589 3480 660 benignitas
3506 587 3886 658 omnipotentis

2271 683 2371 738 Dei
2399 684 2595 755 gratise
2625 700 2739 737 suae
2769 684 2980 737 tribuat
3001 683 3344 754 largitatem.
3372 683 3477 736 Per
3506 681 3828 736 Dominum.

2344 778 2576 845 Exaudi,
2608 777 2864 846 Domine,
2899 776 3217 848 supplicum
3268 791 3484 847 preces,
3527 779 3594 829 ut
3625 776 3776 846 quod
3813 793 3888 831 no-

2273 879 2388 928 stro
2417 871 2730 943 gerendum
2757 875 2840 925 est
2862 869 3196 939 ministerio,
3226 874 3325 924 tua
3351 870 3538 941 potius
3564 869 3769 924 virtute
3807 869 3886 924 tir-

2274 973 2482 1024 metur.
2509 969 2616 1021 Per
2639 965 2944 1019 Dominum
2972 968 3250 1018 nostrum.

2343 1062 2650 1132 Propitare,
2704 1057 2961 1126 Domine,
3035 1056 3533 1128 supplicationibus
3593 1056 3798 1110 nostris
3849 1061 3892 1109 et

2274 1155 2539 1210 inclinato
2567 1168 2738 1224 super
2767 1153 2869 1205 hos
2895 1151 3136 1205 famulos
3155 1155 3280 1204 tuos
3307 1166 3485 1205 cornu
3514 1151 3716 1222 gratiae
3742 1165 3892 1203 sacer-

2274 1249 2491 1317 dotalis,
2530 1245 2934 1301 benedictionis
2971 1249 3081 1298 tuae
3125 1243 3183 1297 in
3221 1260 3319 1298 eos
3355 1243 3582 1298 effunde
3626 1243 3887 1298 virtutem.

2275 1349 2380 1402 Per
2406 1345 2733 1400 Dominum.

2825 1413 3076 1464 Collectio
3102 1412 3351 1476 sequitur.

2350 1501 2516 1566 Deus,
2544 1497 2715 1550 totius
2744 1494 3196 1550 sanctiﬁcationis
3237 1510 3301 1547 ac
3341 1493 3570 1566 pietatis
3603 1497 3888 1560 auctorem,

2275 1593 2376 1664 qui
2400 1591 2775 1663 placationem
2800 1605 2982 1656 suam,
3011 1593 3067 1642 et
3093 1587 3382 1654 sacriﬁcia,
3411 1591 3468 1642 et
3502 1603 3669 1642 sacra
3711 1586 3889 1640 consti-

2277 1687 2405 1753 tuit,
2433 1686 2636 1739 fratres
2676 1682 3040 1749 dilectissimi,
3085 1681 3475 1751 deprecemur,
3517 1681 3603 1735 uti
3647 1680 3796 1734 hunc
3825 1680 3888 1732 fa-

530 1801 696 1855 istam
712 1801 1060 1869 unctionem,
1081 1804 1136 1854 et
1163 1804 1420 1856 nostram
1441 1799 1915 1867 benedictionem,
1937 1802 2003 1853 ut
2021 1815 2174 1871 quae-
2193 1797 2249 1868 B
2273 1781 2496 1834 "mlum
2519 1793 2706 1846 suum:
2728 1792 2903 1871 (Ιιιίῗφ
2916 1774 3247 1871 θιδῙῙειΓθ-ῘΠ
3269 1774 3525 1871 Ῑξοοῖςείθι,
3546 1778 3604 1871 ei
3631 1774 3892 1871 εξηξρῐυω

532 1911 777 1965 cumque
814 1894 1209 1948 benedixerint
1233 1894 1524 1949 benedicta
1549 1895 1681 1961 sint,
1710 1897 1766 1948 et
1799 1908 2172 1964 quaecumque

532 1989 1002 2044 sanctiﬁcaverint
1027 1988 1464 2043 sanctiﬁcentur.
1493 1990 1600 2043 Per
1626 1987 1950 2043 Dominum.

1210 2082 1343 2130 Item
1375 2081 1494 2131 alia.

606 2163 941 2232 Unguantur
967 2177 1169 2215 manus
1195 2161 1316 2215 istas
1348 2163 1415 2216 de
1445 2162 1570 2217 oleo
1594 2161 1938 2216 sanctiﬁcato
1964 2164 2021 2214 et
2049 2158 2172 2213 chi-

532 2258 710 2310 smate
738 2253 1228 2310 sanctiﬁcationis:
1262 2255 1405 2309 sicut
1433 2256 1594 2310 unxit
1639 2255 1864 2309 Samuel
1908 2254 2078 2308 David
2114 2253 2175 2306 in

529 2364 726 2421 regem
743 2353 798 2403 et
810 2349 1168 2419 prophetam,
1191 2349 1269 2402 ita
1292 2355 1626 2420 unguantur
1641 2355 1696 2404 et
1711 2352 2177 2402 consummentur

531 2443 592 2496 in
619 2442 853 2496 nomine
880 2442 976 2496 Dei
1002 2442 1199 2508 Patris,
1235 2447 1291 2497 et
1319 2443 1357 2495 F
1360 2443 1465 2505 itii,
1500 2448 1556 2497 et
1581 2443 1819 2514 Spiritus
1862 2442 2059 2510 sancti,
2089 2442 2171 2494 fa-

532 2535 742 2590 cientes
781 2535 1094 2605 imaginem
1127 2539 1336 2590 sanctae
1373 2536 1554 2590 crucis
1609 2537 1905 2591 Salvatoris
1955 2535 2175 2589 Domini

533 2628 710 2682 nostri
734 2629 864 2683 Jesu
892 2628 1121 2698 Christi,
1150 2630 1248 2700 qui
1274 2647 1378 2684 nos
1406 2647 1438 2683 a
1471 2635 1655 2685 morte
1699 2630 1959 2698 redemit,
2003 2633 2058 2683 et
2106 2629 2177 2683 ad

535 2738 712 2793 regna
763 2723 1031 2776 caslorum
1075 2723 1355 2793 perducit.
1410 2725 1627 2778 Exaudi
1663 2741 1796 2792 nos,
1843 2725 1936 2795 pie
1974 2725 2173 2788 Pater,

535 2816 920 2887 omnipotens,
951 2821 1160 2871 aeterne
1188 2817 1351 2888 Deus,
1390 2823 1445 2872 et
1480 2823 1682 2888 praesta
1724 2818 1877 2889 quod
1915 2822 1971 2870 te
2008 2832 2174 2886 roga-

534 2926 664 2965 mus
693 2913 749 2964 et
776 2913 1027 2965 oramus.
1051 2911 1177 2965 Per.

598 3009 679 3063 1X.
723 3024 1058 3063 EXHORTATIO
1096 3026 1165 3063 AD
1207 3027 1472 3078 eoeneum,
1510 3027 1616 3066 con
1658 3026 1935 3066 EPISCOPUS
1973 3024 2119 3063 onm—

1257 3098 1456 3136 NATUR.

2274 1874 2538 1930 cathedra
2583 1870 2973 1941 (concordibus
3025 1885 3126 1922 sua
3165 1867 3533 1938 inspiratione
3565 1866 3811 1938 judiciis,
3849 1871 3890 1919 et

2275 1967 2464 2024 effusis
2490 1981 2661 2036 super
2677 1964 2905 2035 plebem
2931 1979 3091 2017 suam
3117 1961 3258 2016 votis
3301 1961 3562 2021 ﬁdelibus
3609 1977 3678 2014 ac
3720 1975 3891 2014 vocum

2274 2059 2629 2129 testimoniis)
2650 2058 2826 2112 voluit
2842 2057 3077 2127 imponi,
3101 2057 3395 2110 conlocans
3417 2053 3612 2127 309
3635 2070 3766 2109 eum
3787 2069 3891 2107 cum

2273 2153 2626 2226 principibus
2651 2149 2844 2222 populi
2869 2149 2977 2218 sui,
3003 2149 3072 2202 ad
3099 2161 3296 2204 earum
3323 2165 3474 2202 nunc
3512 2163 3745 2218 precem
3783 2146 3891 2200 uni-

2276 2264 2494 2302 versam
2539 2245 2804 2300 eumdem
2845 2260 3068 2297 summo
3113 2242 3420 2297 sacerdotio
3465 2241 3656 2296 debita
3693 2239 3891 2294 honoris

2276 2340 2648 2414 plenitudine,
2703 2337 3108 2392 charismatum
3159 2336 3357 2407 gratia,
3407 2333 3893 2389 sanctiﬁcationum

2275 2436 2556 2503 ubertate,
2585 2450 2648 2486 ac
2676 2431 2961 2502 praecipue
2991 2429 3326 2484 humilitatis
3351 2429 3559 2483 virtute
3583 2427 3891 2498 locupletet;

2280 2535 2341 2584 ut
2363 2533 2548 2583 rector
2576 2526 2763 2598 potius
2792 2542 2907 2579 non
2936 2523 3258 2594 extollatur,
3288 2523 3386 2577 sed
3430 2523 3492 2576 in
3527 2521 3790 2576 omnibus
3828 2537 3890 2584 se,

2277 2625 2559 2695 quantum
2579 2625 2662 2675 est
2688 2619 2891 2689 major,
2909 2617 3240 2687 humilians,
3269 2617 3342 2671 sit
3359 2616 3416 2670 in
3441 2616 3581 2687 ipsis
3594 2615 3754 2686 quasi
3772 2629 3893 2668 unus

2279 2734 2350 2773 ex
2376 2715 2488 2771 illis
2519 2731 2532 2768 :
2566 2713 2755 2768 omnia
2777 2712 2979 2783 judicii
2999 2711 3222 2766 Domini
3249 2710 3428 2765 nostri
3456 2726 3572 2764 non
3594 2726 3699 2780 pro
3717 2725 3771 2763 se
3800 2714 3894 2761 tan-

2279 2815 2423 2880 tum,
2454 2809 2552 2863 sed
2581 2813 2636 2862 et
2659 2825 2763 2879 pro
2784 2805 2943 2860 omni
2969 2805 3202 2877 populo,
3245 2805 3344 2876 qui
3389 2803 3756 2858 sollicitudini
3799 2817 3891 2855 suae

2280 2905 2548 2973 creditur,
2580 2902 3021 2956 contremiscens
3091 2904 3155 2953 ut
3194 2899 3292 2970 qui
3321 2898 3654 2953 meminerit
3698 2897 3764 2951 de
3798 2911 3893 2966 spe-

2280 2998 2594 3053 culatorum
2615 2996 2879 3050 manibus
2889 2993 3148 3048 omnium
3165 2993 3380 3046 animas
3399 2991 3787 3063 requirendas,
3811 3006 3892 3061 pro

2283 3091 2541 3145 omnium
2572 3090 2748 3144 salute
2766 3087 3083 3160 pervigilet,
3112 3086 3379 3158 pastorali
3405 3102 3542 3156 erga
3555 3085 3790 3138 creditas
3813 3082 3891 3136 sibi

607 3168 890 3224 Servanda
928 3174 1031 3236 est,
1073 3169 1418 3224 dilectissimi
1445 3170 1666 3239 fratres,
1721 3170 1779 3224 in
1818 3185 2050 3224 excessu
2090 3184 2176 3223 sa-
2201 3168 2255 3241 ρ
2283 3201 2412 3239 oves
2441 3184 2668 3238 Domini
2697 3182 3008 3254 diligentia;
3042 3181 3163 3251 ejus
3189 3197 3412 3250 semper
3456 3196 3513 3234 se
3551 3177 3891 3250 ῃαςιιεωιίεεί-

535 3262 832 3316 cerdotum
848 3262 941 3315 lex
966 3263 1213 3333 antiquae.
1235 3263 1518 3332 Ecclesia),
1546 3263 2029 3317 utdecedentibus
2059 3262 2180 3316 aliis

535 3354 765 3425 quidem
792 3355 1113 3425 dignissimi
1141 3357 1545 3428 subrogentur,
1574 3373 1677 3426 per
1695 3373 1941 3428 quorum
1969 3356 2176 3410 doctri-

533 3463 668 3502 nam
698 3448 836 3502 ﬁdes
876 3448 1150 3503 catholica
1175 3454 1231 3504 et
1258 3450 1460 3521 religio
1485 3448 1678 3522 308
1703 3450 2017 3504 Christiana
2042 3450 2175 3503 sub-

533 3541 723 3611 sistat;
755 3558 826 3597 ne
854 3543 984 3598 ovili
1012 3544 1236 3597 Domini
1256 3544 1448 3615 praedo
1478 3545 1754 3598 violentus
1781 3545 2091 3614 inrumpat.
2123 3549 2180 3598 et

534 3634 812 3706 dispersas
836 3637 1047 3708 absque
1075 3639 1300 3692 Pastdre
1330 3655 1459 3693 oves
1479 3640 1572 3692 fur
1590 3644 1904 3693 nocturnus
1929 3637 2174 3692 invadat.

534 3729 777 3800 Recepto
812 3731 1006 3802 itaque
1046 3732 1460 3802 dispensatione
1503 3733 1601 3787 Dei
1642 3732 1926 3786 sacerdote
1969 3737 2174 3804 vestro,

534 3823 766 3878 sollicite
789 3825 948 3879 vobis
973 3826 1262 3896 agendum
1289 3832 1371 3881 est
1395 3831 1459 3881 ut
1483 3827 1543 3881 in
1583 3827 1769 3880 locum
1800 3827 2050 3882 defuncti
2091 3832 2175 3881 ta-

533 3917 601 3970 lis
653 3934 937 3973 successor
972 3905 1326 3990 praeparetur
1383 3921 1659 3990 Ecclesiae,
1719 3922 1881 3992 cujus
1918 3921 2180 3993 pervigili

532 4026 669 4064 cura
696 4016 752 4066 et
780 4011 1011 4066 instanti
1036 4013 1406 4068 sollicitudine
1434 4015 1572 4068 ordo
1601 4016 1847 4069 ecclesiae
1863 4021 1919 4069 et
1943 4016 2176 4070 creden-

531 4103 676 4157 tium
725 4103 863 4158 ﬁdes
906 4105 966 4158 iu
1009 4106 1110 4159 Dei
1158 4107 1360 4160 timore
1402 4108 1606 4162 melius
1642 4110 2006 4163 convalescat.
2050 4109 2175 4178 Qui,

533 4197 897 4268 prmeipiente
917 4200 1208 4268 Apostolo,
1232 4200 1291 4254 in
1320 4201 1474 4254 omni
1502 4202 1757 4256 doctrina
1783 4203 2026 4257 formam
2045 4203 2178 4257 boni

535 4290 720 4361 operis
746 4291 866 4363 ipse
887 4293 1170 4363 praebeat;
1202 4295 1407 4367 cuique
1433 4295 1679 4365 habitus,
1721 4313 1926 4364 sermo,
1967 4297 2174 4367 vultus,

531 4385 801 4456 incessus,
833 4385 1107 4457 doctrina,
1137 4387 1316 4443 virtus
1345 4389 1445 4457 sit;
1476 4389 1574 4460 qui
1603 4406 1701 4444 vos
1738 4397 1800 4445 ut
1837 4393 2030 4446 Pastor
2073 4391 2173 4445 bo-

532 4493 640 4553 nus
667 4479 774 4534 ﬁde
798 4479 1057 4550 instruat,
1083 4483 1408 4554 exemplum
1428 4483 1713 4554 patientiae
1730 4485 1949 4556 doceat,
1976 4485 2178 4540 doctri-

529 4589 665 4628 nam
690 4573 980 4646 religionis
1020 4575 1298 4647 instituat,
1328 4577 1387 4632 in
1410 4579 1568 4632 omni
1597 4595 1766 4649 opere
1790 4579 1940 4634 bono
1970 4580 2173 4634 conﬁr-
2195 4545 2254 4617 D

533 4673 652 4722 met
678 4668 925 4723 caritatis
969 4671 1249 4742 exemplo.
1293 4671 1615 4726 Secundum
1655 4673 2001 4729 voluntatem
2040 4690 2178 4746 ergo

534 4761 761 4818 Domini
787 4763 849 4816 in
880 4763 1068 4819 locum
1097 4771 1306 4820 sanctae
1333 4767 1621 4821 memorias
1669 4767 1748 4824 ill.
1794 4785 1950 4823 nom.
1992 4768 2178 4822 virum

532 4856 913 4910 venerabilem
940 4858 1021 4912 ill.
1060 4859 1385 4914 testimonio
1409 4863 1873 4934 presbyterorum
1918 4866 1974 4916 et
2008 4862 2181 4916 totius

532 4950 687 5016 cleri,
722 4955 778 5003 et
797 4951 1026 5005 consilio
1054 4951 1263 5006 civium
1292 4970 1355 5006 ac
1395 4955 1844 5025 consistentium,
1899 4955 2180 5010 credimus

534 5041 881 5113 eligendum,
912 5045 1096 5098 virum
1127 5045 1210 5115 (ut
1239 5046 1428 5119 nostis)
1457 5051 1734 5104 natalibus
1767 5049 2038 5120 nobilem,
2063 5067 2181 5105 mo-

533 5135 690 5190 ribus
718 5137 954 5208 clarum,
977 5139 1248 5212 religione
1276 5141 1537 5214 probum,
1569 5144 1679 5199 ﬁde
1706 5143 1981 5213 stabilem,
2014 5145 2181 5199 mise-

494 5297 499 5301 l
533 5231 773 5286 ricordia
798 5232 1205 5306 abundantem,
1234 5235 1532 5305 humilem,
1571 5239 1812 5309 justum,
1858 5238 2175 5310 paciﬁcum,

530 5325 865 5397 patientem,
909 5328 1201 5383 caritatem
1239 5330 1570 5402 habentem,
1619 5335 1894 5402 tenacem,
1943 5334 2179 5388 cunctis-

533 5419 682 5490 quc‘l
710 5421 970 5476 sacerdos
995 5422 1254 5494 eligenda
1274 5431 1426 5493 sunt,
1451 5426 1616 5480 bonis
1663 5427 1931 5480 omnibus
1974 5427 2179 5482 exube-

533 5518 774 5568 rantem.
808 5516 966 5571 Hunc
1016 5533 1174 5590 ergo,
1218 5519 1564 5574 dilectissimi
1608 5521 1830 5590 fratres,
1873 5520 2176 5575 testimonii

533 5603 666 5660 boni
697 5610 879 5679 operis
928 5612 1192 5682 electum,
1213 5610 1615 5684 dignissimum
1641 5613 1949 5669 sacerdotio
1988 5631 2179 5670 conso-

532 5705 730 5758 nantes
758 5703 1019 5763 laudibus
1049 5707 1287 5761 clamate
1315 5710 1372 5761 et
1399 5705 1597 5764 dicite:
1633 5706 1848 5780 Dignus
1874 5713 1976 5766 est.

604 5843 628 5871 ι
658 5831 840 5898 Forte,
874 5834 929 5886 in
956 5834 1158 5887 cunctis
1187 5849 1306 5903 quae
1338 5837 1397 5889 in
1433 5836 1702 5891 sacerdote
1739 5837 2003 5906 exigenda
2031 5842 2174 5892 sunt.

2279 3295 2440 3333 mum
2459 3278 2799 3349 adprobans.
2819 3277 2892 3330 Te
2912 3275 3248 3330 delictorum
3268 3273 3522 3344 adigitur
3548 3273 3891 3344 praefuturus,

2281 3390 2349 3427 ex
2376 3373 2640 3427 omnibus
2669 3371 2897 3438 electus,
2929 3386 2998 3424 ex
3028 3368 3291 3422 omnibus
3319 3367 3596 3422 universis
3635 3366 3801 3420 sacris
3833 3382 3893 3417 sa-

2279 3468 2616 3539 crandisque
2640 3466 2876 3521 idoneus
2900 3464 3000 3518 ﬁat
3024 3463 3127 3516 sub
3153 3463 3257 3516 hac
3283 3478 3410 3532 quae
3441 3468 3525 3516 est
3561 3461 3785 3515 homini
3814 3475 3894 3531 per

2278 3561 2571 3615 hominem
2620 3565 2901 3630 postrema
2951 3556 3264 3613 benedictio
3317 3561 3714 3610 consummata
3756 3561 3893 3624 atque

2278 3656 2524 3727 perfecta
2570 3670 2687 3708 suas
2733 3652 3186 3719 consecrationis,
3236 3655 3443 3705 nostra:
3497 3647 3894 3721 supplicationis

2278 3747 2665 3803 attentissima:
2720 3746 3281 3816 concordissimisque
3345 3744 3608 3799 omnium
3662 3743 3893 3817 precibus

2279 3843 2647 3913 adjuvemur;
2679 3841 2940 3895 omnium
2969 3857 3072 3911 pro
3097 3841 3218 3911 ipso
3245 3840 3424 3894 oratio
3468 3839 3782 3908 incumbat,
3823 3835 3897 3890 cui

2281 3937 2550 3992 exorandi
2578 3953 2681 4007 pro
2698 3935 2962 3990 omnibus
2977 3934 3200 4005 pondus
3217 3934 3555 4006 imponitur.
3585 3935 3846 4005 Impetret
3857 3932 3896 3983 ei

2278 4032 2507 4088 affectus
2531 4031 2702 4085 totius
2729 4030 2988 4084 Ecclesiae
3018 4029 3304 4098 virtutem,
3334 4027 3647 4099 pietatem,‘
3676 4025 3893 4082 sanctiﬁ-

2280 4126 2580 4195 cationem,
2609 4128 2665 4179 et
2691 4127 2905 4178 ceteras
2952 4122 3164 4177 summi
3206 4122 3501 4177 sacerdotii
3541 4139 3730 4177 sacras
3766 4121 3896 4174 dotes

2279 4221 2555 4276 universae
2596 4217 2854 4273 Ecclesiae
2894 4217 3242 4288 profuturas,
3295 4216 3536 4271 Domino
3574 4218 3691 4272 Deo
3729 4219 3897 4270 nostro

2279 4314 2398 4385 (qui
2433 4329 2720 4367 sacrorum
2749 4327 3054 4367 munerum
3085 4311 3338 4384 proﬁuus
3380 4313 3506 4366 fons
3541 4317 3647 4381 est,
3691 4311 3789 4382 qui
3823 4309 3898 4362 dat

2278 4408 2542 4463 omnibus
2563 4408 2898 4479 adﬁuenter)
2922 4409 3071 4480 quod
3089 4406 3375 4463 sacerdoti
3384 4405 3480 4477 pio
3504 4405 3715 4460 aﬁ'ectu
3748 4403 3898 4476 posci-

2277 4507 2372 4558 tur
2398 4503 2468 4557 ad
2495 4503 2890 4558 exundandam
2909 4503 2971 4557 in
2988 4503 3250 4558 omnibus
3275 4500 3774 4556 sanctiﬁcationem
3789 4514 3897 4551 suo-

2279 4612 2408 4650 rum
2460 4597 2738 4666 omnium,
2779 4596 3202 4668 promptissime
3231 4612 3296 4650 ac
3345 4595 3677 4666 plenissime
3733 4589 3897 4647 confe-

2280 4695 2460 4746 rente.
2493 4692 2599 4746 Per
2628 4691 2934 4746 Dominum
2959 4697 3219 4746 nostrum
3246 4692 3455 4746 Jesum.

2313 4789 2318 4791 ·
2920 4780 3271 4830 Consecratio.

2351 4861 2496 4914 Deus
2525 4862 2810 4916 honorum
2831 4861 3108 4928 omnium,
3131 4862 3280 4916 Deus
3300 4861 3561 4914 omnium
3579 4859 3898 4932 dignitatum

2279 4968 2406 5024 quas
2433 4955 2629 5025 gloriae
2655 4960 2767 5010 tuae
2793 4955 2963 5010 sacris
3001 4956 3348 5010 famulantur
3379 4953 3714 5021 ordinibus;
3745 4954 3896 5013 Deus,

2280 5047 2378 5118 qui
2413 5049 2636 5120 Moysen
2663 5051 2945 5104 famulum
2974 5053 3139 5104 tuum
3162 5048 3362 5104 secreti
3393 5047 3690 5102 familiaris
3727 5045 3896 5100 affectu

2280 5141 2429 5196 inter
2454 5147 2639 5197 cetera
2673 5144 2888 5198 celestis
2928 5144 3269 5198 documenta
3311 5143 3573 5211 culturae,
3627 5143 3696 5197 de
3731 5139 3896 5196 habitu

2279 5252 2506 5307 quoque
2544 5237 2866 5292 indumenti
2918 5238 3276 5293 sacerdotalis
3309 5236 3635 5306 instituens,
3684 5236 3895 5290 electum

2279 5333 2463 5384 Aaron
2515 5331 2749 5401 mystico
2779 5333 2993 5387 amictu
3030 5333 3233 5387 vestire
3277 5332 3427 5385 inter
3465 5347 3627 5385 sacra
3670 5327 3893 5402 jussisti;

2279 5429 2343 5478 ut
2367 5424 2758 5497 intelligentiae
2776 5442 3006 5482 sensum
3031 5427 3101 5482 de
3121 5425 3396 5496 exemplis
3422 5425 3682 5496 priorum
3700 5423 3897 5494 caperet

2279 5524 2534 5574 secutura
2578 5521 2894 5591 posteritas,
2946 5537 3020 5576 ne
3067 5520 3311 5575 eruditio
3350 5519 3626 5575 doctrinae
3670 5524 3780 5573 tuae
3820 5515 3900 5568 ulli

2279 5613 2496 5669 deesset
2545 5615 2716 5682 aetati,
2775 5631 2905 5669 cum
2960 5620 3017 5670 et
3062 5615 3212 5688 apud
3257 5619 3474 5669 veteres
3547 5610 3894 5669 reverentiam

2279 5707 2401 5780 ipsa
2427 5708 2905 5781 signiﬁcationum
2935 5709 3146 5782 species
3186 5708 3489 5777 obtineret,
3520 5714 3579 5765 et
3626 5708 3777 5781 apud
3811 5718 3893 5759 nos

2349 5837 2376 5877 δ
2403 5838 2529 5891 Haec
2555 5842 2612 5892 et
2634 5837 2804 5892 tertia
2836 5836 3014 5890 oratio
3041 5842 3124 5893 est
3150 5836 3208 5890 in
3236 5836 3433 5891 ordine
3462 5837 3738 5892 Romano.
