3968 6224
473 338 565 387 33f

473 436 882 513 principatum,
918 448 953 483 u

476 533 663 596 ceant,
694 531 751 583 et
776 540 948 596 super
971 520 1169 577 omnia
1194 532 1372 588 regna
1398 509 1750 584 praecellant.
1786 508 1910 560 Per.

1153 609 1284 656 Item
1316 601 1434 651 alia.

549 689 927 760 Omnipotens
970 678 1320 750 sempiterne
1360 676 1527 737 Deus,
1569 669 1631 722 in
1666 666 1828 736 cujus
1880 660 2117 718 arbitrio

479 797 798 855 regnorum
832 776 1095 833 omnium
1114 772 1248 842 jura
1279 765 1617 827 consistunt,
1650 762 1892 831 protege
1913 770 2119 825 regum

481 881 833 935 Francorum
867 866 1119 925 nominis
1157 862 1370 933 ubique
1400 860 1675 921 rectores,
1709 856 1773 906 ut
1799 866 2001 905 eorum
2030 865 2122 901 vo-

481 974 596 1028 tiva
623 965 970 1041 prosperitas
995 977 1103 1032 pax
1134 961 1367 1012 tuorum
1394 951 1573 1024 possit
1600 964 1722 1001 esse
1751 945 2117 1017 populorum.

1105 1052 1271 1114 Super
1306 1047 1497 1098 oblata.

558 1132 932 1197 Sacriﬁcium,
964 1108 1228 1192 Domine,
1258 1120 1414 1193 quod
1447 1116 1838 1179 immolamus,
1865 1108 2121 1169 intende,

484 1236 546 1285 ut
572 1231 643 1284 ab
675 1224 835 1283 omni
866 1241 971 1279 nos
1001 1223 1173 1275 exuat
1205 1218 1493 1271 bellorum
1524 1208 1804 1282 nequitia,
1842 1208 1900 1258 et
1931 1204 1989 1257 in
2016 1206 2126 1254 tuae

486 1320 860 1398 protectiouis
900 1314 1205 1371 securitate
1257 1309 1587 1371 constituat,
1628 1306 1691 1356 ut
1736 1303 1794 1354 et
1841 1316 1875 1352 a
1919 1294 2129 1351 nostris

487 1417 843 1473 mundemur
893 1408 1145 1472 occultis,
1195 1408 1253 1459 et
1292 1404 1362 1458 ab
1406 1398 1776 1455 inimicorum
1816 1392 2131 1447 liberemur

490 1509 735 1566 insidiis.

566 1602 800 1671 Suscipe
831 1595 1112 1669 propitius
1138 1589 1356 1647 hostias
1393 1586 1598 1659 quibus
1624 1587 1681 1637 et
1708 1584 1765 1635 te
1805 1576 2018 1651 placari
2044 1590 2136 1629 vo—

492 1697 667 1762 luisti,
698 1696 757 1748 ct
787 1691 952 1746 nobis
974 1690 1219 1743 salutem
1246 1682 1467 1755 potenti
1493 1679 1704 1751 pietate
1726 1672 1983 1728 restitue.
2007 1672 2134 1724 Per.

569 1792 712 1844 Vere
740 1786 985 1857 dignum
1026 1785 1082 1834 et
1102 1780 1322 1850 justum
1360 1778 1463 1841 est,
1498 1786 1729 1843 aequum
1764 1771 1821 1822 et
1866 1766 2135 1818 salutare.

498 1881 882 1955 Agnoscimus
904 1872 1081 1941 enim,
1102 1871 1343 1929 Domine
1363 1871 1509 1923 Deus
1531 1867 1747 1931 noster,
1771 1857 2140 1930 agnoscimus

502 1979 649 2032 sicut
668 1971 1004 2046 prophetica
1033 1967 1253 2022 dudum
1277 1979 1415 2017 voce
1440 1961 1680 2013 testatus
1706 1972 1786 2021 es,
1810 1952 1884 2007 a‘d
1908 1966 2146 2023 peccan-

503 2071 650 2125 tium
676 2066 885 2122 merita
910 2061 1224 2134 pertinere,
1270 2059 1332 2110 ut
1358 2068 1654 2109 servorum
1683 2052 1915 2103 tuorum
1950 2043 2144 2098 labore

508 2162 765 2236 quaesita,
796 2158 898 2213 sub
942 2156 1253 2225 conspectu
1281 2152 1477 2205 nostro
1506 2144 1775 2200 manibus
1803 2138 2150 2210 diripiantur

509 2256 740 2321 alienis;
771 2256 829 2307 et
857 2266 984 2323 quae
1018 2244 1435 2303 desudantibus
1465 2238 1698 2296 famulis
1743 2233 1899 2290 nasci
1928 2228 2147 2295 tribuis,

511 2352 583 2407 ab
600 2348 859 2405 hostibus
874 2321 1112 2415 patiaris
1129 2337 1384 2403 absumi;
1406 2337 1645 2404 totoque
1670 2329 1841 2385 corde
1860 2321 2150 2398 prostrati,

513 2442 798 2515 supplices
835 2451 1156 2501 exoramus,
1202 2435 1265 2485 ut
1312 2433 1370 2484 et
1412 2426 1838 2499 praeteritorum
1874 2417 2156 2475 concedas

513 2537 747 2592 veniam
769 2533 1140 2594 delictorum;
1160 2529 1218 2579 et
1239 2527 1585 2578 Francorum
1603 2516 1769 2589 regni
1787 2512 2038 2570 nominis
2054 2509 2159 2565 ini-

519 2631 701 2686 micos
722 2627 929 2681 virtute
952 2627 1061 2677 tua?
1095 2633 1438 2689 conpremas
1463 2611 1783 2684 majestatis
1814 2626 1827 2663 :
1858 2607 1993 2679 quia
2024 2608 2159 2658 tunc

522 2721 921 2779 defensionem
953 2721 1115 2771 tuam
1151 2730 1268 2767 non
1306 2709 1622 2764 difﬁdimus
1649 2705 1998 2766 adfuturam,
2031 2711 2159 2752 cum

522 2833 556 2869 a
575 2813 742 2868 nobis
762 2827 831 2865 ea
853 2807 1059 2879 quibus
1081 2801 1429 2858 offendimus
1450 2797 1761 2867 dignanter
1781 2788 2082 2862 expuleris;
2101 2788 2166 2839 ut

522 2907 769 2979 pOpulus
798 2906 929 2956 tuus
958 2899 1093 2954 ﬁdei
1119 2894 1451 2964 integritate
1472 2892 1718 2953 laetetur,
1747 2889 1804 2939 et
1834 2887 2164 2954 temporum

522 2978 944 3069 tranquillitate
968 3007 1200 3061 semper
1213 2988 1444 3042 exultet.
1468 2986 1574 3039 Per
1598 2996 1773 3052 quem
1788 2978 2161 3048 Majestatem.

596 3096 755 3149 Hanc
790 3089 967 3161 igitur
1005 3084 1362 3141 oblationem
1405 3074 1690 3132 servitutis
1730 3074 1959 3135 nostrae,
1991 3081 2166 3138 quam

1264 310 1592 371 .\PPENDIX
1632 309 1718 361 AD
1755 304 1977 358 OPEitA
2015 296 2246 353 SANCTI
2286 290 2583 349 GERMANI
2626 281 3054 343 PARISIENSIS.

957 435 979 483 t
1022 428 1080 481 in
1109 430 1207 481 tua
1232 424 1439 479 vii-tute
1462 418 1732 479 ﬁdentes,
1762 416 1820 465 et
1856 409 1957 463 tibi
1988 408 2108 478 pla-
2135 422 2194 493 Α
2215 400 2557 459 confessoris
2586 397 2667 451 tui
2709 392 2917 449 llelarii
2946 392 3120 458 atque
3150 379 3438 455 pontiﬁcis
3460 370 3853 430 sollemnitate

2755 487 2764 493 ‘
2806 486 2859 493 ””“
2888 484 2899 493 ⁸
2957 483 2994 493 "
3320 473 3377 493 κει
3414 466 3679 493 Ρ--ιι--Ιιιαᾷ
3738 465 3853 493 Λευ..

3753 266 3852 316 332

2217 496 2551 559 deferimus,
2580 494 2643 544 ut
2673 487 2771 561 qui
2802 484 2902 540 tibi
2943 483 3117 553 digne
3168 473 3384 532 meruit
3414 466 3705 532 famulari,
3737 465 3856 534 ejus

2218 585 2706 646 intercedentibus
2724 579 2946 636 meritis
2965 577 3035 631 ab
3056 571 3324 629 omnibus
3344 582 3451 621 nos
3473 562 3704 619 absolve
3733 577 3856 630 pec-

2219 680 2399 741 catis":
2431 686 2489 736 et
2520 683 2754 752 prmsta,
2801 684 3147 746 quaesumus,
3192 662 3563 733 omnipotens
3599 658 3771 717 Deus,
3803 656 3858 705 ut

2222 780 2358 852 quia
2376 793 2482 833 nos
2512 777 2705 829 reatus
2729 771 2939 823 nostrae
2968 760 3210 818 actionis
3232 757 3449 828 gravat,
3480 749 3636 823 apud
3668 748 3861 802 ineffa-

2221 876 2399 929 bilem
2425 863 2883 925 misericordiam
2912 862 3074 913 tuam
3094 853 3249 910 beati
3276 847 3491 906 Hclarii
3516 841 3861 899 confessoris

2223 968 2308 1024 tui
2324 969 2498 1036 atque
2514 957 2802 1034 pontificis
2818 948 3150 1009 intercessio
3173 963 3279 1001 nos
3299 941 3551 1015 gloriosa
3571 937 3857 1009 protegat.

2845 1038 3012 1098 Super
3052 1032 3243 1082 oblata.

2298 1118 2491 1177 Sancti
2519 1095 2959 1171 confessoristui
2990 1108 3160 1174 atque
3182 1095 3491 1172 pontiﬁcis,
3517 1104 3859 1163 quaesumus.

2227 1214 2488 1279 Domine,
2520 1224 2715 1264 annua
2753 1198 3107 1258 sollemnitas
3142 1192 3339 1266 pietati
3377 1194 3491 1244 tua:
3527 1202 3633 1240 nos
3663 1181 3863 1237 reddat

2230 1274 2513 1379 acceptos,
2547 1305 2609 1356 ut
2630 1317 2734 1371 per
2761 1299 2883 1351 haec
2910 1293 3019 1365 piae
3047 1285 3355 1345 oblationis
3387 1280 3600 1345 ofﬁcia,
3630 1280 3687 1330 et
3710 1274 3858 1329 illum

2231 1368 2403 1458 beata
2418 1368 2720 1453 retributio
2744 1389 3073 1451 comitetur,
3099 1386 3156 1437 et
3178 1379 3343 1435 nobis
3362 1374 3566 1447 gratiae
3588 1375 3699 1425 tua:
3720 1368 3864 1421 dona

2234 1494 2520 1553 conciliet.
2563 1493 2688 1545 Per.

2307 1585 2679 1649 Sacriﬁcium,
2702 1577 2966 1643 Domine,
2991 1570 3146 1644 quod
3164 1566 3564 1623 desideranter
3580 1556 3865 1614 offerimus

2240 1686 2470 1756 gratum
2502 1677 2603 1732 tibi
2638 1676 2841 1729 beatus
2885 1666 3145 1723 Helarius
3174 1659 3522 1728 suffragator
3550 1650 3781 1714 efﬁciat,
3814 1652 3866 1699 ut

2241 1777 2412 1833 sacris
2435 1770 2728 1834 altaribus,
2751 1764 3012 1827 Domine,
3038 1760 3143 1813 has
3162 1753 3377 1811 hostias
3401 1744 3787 1821 superpositas
3814 1741 3866 1793 in

2243 1873 2487 1927 salutem
2519 1863 2683 1921 nobis
2713 1857 3016 1931 provenire
3057 1851 3345 1921 deposcat.

2314 1967 2387 2020 Ut
2432 1960 2616 2025 nobis,
2660 1953 2920 2017 Domine,
2966 1953 3061 2003 tua
3097 1940 3375 2000 sacriﬁcia
3421 1938 3565 1992 dent
3607 1933 3865 1987 salutem;

2246 2072 2574 2132 quaesumus
2596 2053 2799 2106 beatus
2830 2045 3136 2102 Confessor
3166 2041 3298 2092 tuus
3328 2034 3595 2105 precator
3629 2024 3867 2080 accedat.

2247 2158 2372 2211 Per.
2407 2154 2519 2207 Pax
2542 2146 2643 2202 ﬁdi
2661 2145 2883 2197 sancta.

2324 2250 2464 2301 Vere
2507 2242 2750 2312 dignum
2786 2240 2843 2289 et
2871 2233 3091 2304 justum
3131 2228 3236 2291 est,
3275 2235 3509 2293 aequum
3531 2221 3590 2271 et
3621 2214 3869 2268 salutare.

2256 2339 2543 2407 Quoniam
2568 2330 2911 2389 ﬁducialiter
2924 2325 3025 2379 tibi
3052 2320 3238 2376 laudis
3260 2315 3477 2372 hostias
3500 2308 3871 2365 immolemus.

2258 2452 2399 2507 quas
2418 2429 2601 2486 sancti
2622 2422 2830 2481 Hclarii
2850 2415 3137 2491 pontificis
3154 2413 3237 2467 tui
3250 2406 3611 2465 confessione
3629 2396 3871 2473 pI‘iBSOUli

2257 2526 2601 2585 conﬁdimus
2628 2514 3016 2588 adjubandas;
3047 2512 3109 2562 ut
3138 2506 3289 2560 illius
3318 2497 3640 2574 patrocinio
3663 2511 3763 2547 nos
3787 2490 3870 2543 ad-

2253 2624 2516 2695 jubante,
2541 2614 2734 2670 debita
2748 2606 2967 2664 nomini
2990 2608 3088 2657 tuo
3106 2599 3373 2655 servitute
3387 2596 3731 2667 placeamus.
3748 2584 3874 2649 Quia

2262 2718 2399 2772 dum
2412 2710 2565 2767 beati
2584 2702 2959 2762 illiusimerita
2979 2695 3225 2769 gloriosa
3242 2702 3608 2751 veneramur,
3625 2679 3871 2736 auxilium

2264 2808 2429 2865 nobis
2442 2810 2552 2859 tuae
2565 2793 2989 2874 propitiationis
3002 2788 3359 2860 adquirimus
3374 2801 3387 2849 ;
3404 2798 3509 2835 nec
3532 2778 3874 2847 desperemus

2266 2905 2337 2959 de
2367 2868 2871 2964 venias-largitate,
2901 2902 3073 2958 quam
3111 2898 3215 2953 per
3255 2894 3389 2933 cum
3432 2873 3527 2945 qui
3562 2870 3663 2925 tibi
3694 2868 3871 2939 placet,

2267 2992 2656 3068 deposcimus:
2674 2986 2808 3057 quia
2835 2974 3343 3052 supplicationibus
3366 2966 3575 3024 nostris
3590 2958 3878 3018 misericor-

2270 3050 2425 3146 diam
2436 3091 2595 3140 tuam
2611 3050 2953 3137 conﬁdimus
2967 3071 3321 3131 adfuturam,
3336 3078 3509 3136 quam
3522 3057 3674 3114 beati
3694 3050 3877 3108 Hclarii

524 3189 632 3244 tibi
668 3146 965 3241 offerimus
1002 3195 1106 3250 pro
1147 3177 1328 3230 salute
1364 3176 1423 3226 et
1456 3166 1852 3224 incolumitate
1877 3164 1965 3217 vel
2012 3162 2165 3215 statu
2185 3175 2240 3249 Ο
2266 3178 2608 3240 confessoris
2635 3174 2715 3229 tui
2743 3169 3028 3244 poscimus
3058 3162 3386 3219 interventu
3427 3150 3621 3228 3.19
3654 3147 3807 3203 nobis
3834 3146 3878 3195 ρι

526 3280 699 3349 regni
727 3280 1100 3336 Francorum,
1130 3271 1255 3341 (pro
1286 3266 1512 3337 quibus,
1532 3261 1773 3317 Domine
1799 3256 2167 3327 omnipotens

531 3348 699 3439 Deus,
734 3368 840 3424 tibi
862 3365 1147 3437 supplices
1172 3360 1469 3416 fundimus
1488 3371 1688 3428 preces
1708 3371 1721 3419 ;
1740 3356 1795 3406 te
1824 3351 1883 3405 in
1901 3348 2168 3404 omnibus

533 3468 762 3530 ducem,
787 3465 844 3516 te
868 3461 927 3514 in
950 3457 1220 3513 omnibus
1240 3454 1344 3508 viis
1364 3452 1481 3506 suis
1501 3451 1889 3522 protectorem
1911 3458 2171 3497 merean-

534 3564 631 3615 tur
672 3554 909 3625 habere)
942 3567 1284 3624 quaesumus,
1314 3546 1577 3612 Domine,
1614 3545 1675 3597 ut
1703 3541 1958 3612 placatus
1996 3534 2168 3590 susei-

541 3653 685 3728 pias.
714 3653 838 3707 Per.

1069 3717 1190 3766 Post
1234 3711 1674 3762 communionem.

608 3798 871 3865 Protege,
901 3789 1163 3855 Domine,
1196 3786 1447 3840 famulos
1477 3785 1605 3837 tuos
1641 3775 1907 3832 subsidiis
1940 3772 2095 3845 pacis
2121 3771 2179 3823 et

539 3888 823 3962 corporis;
853 3890 910 3940 et
942 3881 1290 3956 spiritalibus
1322 3877 1620 3932 enutriens
1646 3869 1954 3935 alimentis,
1980 3884 2012 3921 a
2040 3881 2175 3919 cun-

542 3985 646 4040 ctis
674 3981 934 4038 hostibus
960 3977 1140 4031 redde
1174 3989 1421 4027 securos.
1451 3973 1576 4026 Per.

616 4142 875 4197 Fidelem
906 4136 1185 4209 populum
1222 4060 1781 4199 filiifilnfhguzesumus,
1804 4123 2064 4191 Domine,
2090 4136 2185 4192 po-

546 4236 743 4293 tentim
788 4237 901 4287 tum
937 4226 1131 4303 318
1162 4224 1390 4280 muniat
1430 4222 1637 4275 invicta
1675 4217 1965 4283 defensio,
1998 4218 2060 4268 ut
2089 4214 2183 4285 pio

468 4330 475 4337 ’
548 4346 779 4401 semper
809 4324 912 4381 tibi
945 4325 1183 4378 devotus
1216 4318 1443 4381 affectu,
1479 4319 1537 4368 et
1560 4314 1631 4368 ab
1666 4310 1891 4367 infestis
1912 4309 2187 4363 liberetur

549 4423 818 4489 inimicis,
850 4422 908 4474 et
933 4419 991 4473 in
1023 4420 1123 4471 tua
1137 4412 1356 4485 jugiter
1386 4408 1571 4481 gratia
1589 4408 1933 4479 perseveret.
1957 4407 2062 4460 Per
2078 4405 2184 4458 Do—

551 4520 778 4575 minum
810 4515 1075 4571 nustrum
1104 4511 1297 4564 Jesum
1327 4503 1615 4560 Christum
1636 4500 1859 4555 Filium.

553 4633 681 4688 XIV.
717 4640 1016 4684 ORATIONES
1063 4639 1126 4677 ετ
1166 4633 1363 4675 pasees
1404 4633 1456 4672 1N
1497 4630 1686 4671 NATALI
1721 4628 1911 4669 salvari
1949 4622 2184 4664 uemnu.

626 4734 884 4796 Sanctus,
917 4725 1180 4791 Domine,
1204 4719 1462 4775 Helarius
1487 4719 1783 4773 confessor
1808 4717 1936 4769 tuus
1957 4728 2059 4766 sua
2088 4726 2192 4763 nos

556 4823 969 4882 intercessione
1020 4818 1287 4884 lietiﬁcet,
1335 4816 1392 4868 et
1436 4812 1531 4884 pia
1587 4811 1760 4866 faciat
1805 4806 2193 4864 sollemnitate

562 4918 837 4992 gaudere.
891 4917 1014 4970 Per.

632 5007 971 5093 Intercessio
1000 5021 1124 5072 nos,
1155 5016 1483 5074 quaesumus
1517 4999 1779 5066 Domine,
1812 4998 2010 5052 sancta
2042 4988 2199 5048 beati

564 5103 775 5165 Hclarii
808 5097 1199 5166 commendet,
1221 5101 1283 5151 ut
1307 5095 1461 5168 quod
1491 5094 1701 5150 nostris
1729 5090 1949 5147 meritis
1974 5105 2091 5143 non
2110 5102 2202 5140 va-

563 5203 769 5269 lemus,
807 5198 929 5269 ejus
957 5191 1292 5267 patrociniis
1322 5190 1728 5261 adsequamur.
1760 5188 1886 5241 Per.

636 5289 1065 5365 lndulgentiam
1102 5286 1290 5354 nobis,
1332 5285 1595 5351 Domine,
1640 5297 1985 5353 quassumus,
2024 5275 2205 5333 sancti

564 5389 778 5447 Hclarii
822 5380 1169 5441 confessoris
1204 5379 1283 5434 tui
1317 5379 1567 5450 postulet
1600 5376 1703 5430 tibi
1742 5378 1909 5446 grata
1928 5371 2202 5445 precatio,

550 5488 630 5538 'ut
654 5488 812 5537 tuam
829 5486 1059 5549 semper
1079 5470 1539 5531 misericordiam
1566 5469 1861 5541 percipere
1883 5468 2203 5531 valeamus;

572 5571 979 5633 utinterccssio
997 5571 1149 5626 illius
1170 5571 1229 5623 et
1249 5571 1408 5620 tuam
1421 5562 1586 5617 nobis
1608 5578 1725 5617 non
1742 5560 2206 5631 desinatplacare

565 5669 871 5743 justitiam,
914 5669 971 5721 et
1003 5666 1263 5719 nostram
1292 5657 1395 5712 tibi
1436 5656 1703 5711 devotam
1732 5654 1952 5727 jugiter
1981 5653 2208 5708 efﬁcere

574 5764 926 5820 servitutem.
961 5760 1087 5813 Per.
1562 5741 1567 5749 ’

646 5853 886 5921 Exaudi,
923 5849 1183 5916 Domine,
1224 5862 1422 5919 preces
1470 5848 1714 5915 nostras,
1758 5861 1900 5917 quas
1940 5843 1998 5898 in
2034 5842 2212 5898 sancti

2267 3274 2626 3334 confessione
2655 3263 2932 3340 praestari.
2957 3259 3101 3325 Quia
3124 3257 3260 3310 licet
3280 3248 3445 3307 nobis
3460 3246 3745 3302 medelam
3758 3254 3878 3293 scm-

2269 3389 2372 3445 per
2407 3369 2679 3440 operetur
2706 3358 2884 3415 divini
2915 3350 3225 3409 celebratio
3258 3338 3644 3406 Sacramenti,
3667 3348 3879 3408 propen-

2271 3467 2385 3521 sius
2414 3458 2757 3517 conﬁdimus
2783 3452 3133 3512 adfuturam,
3163 3458 3294 3497 cum
3315 3440 3648 3494 sanctorum
3678 3434 3875 3484 tuorum

2273 3564 2331 3615 et
2348 3559 2580 3613 illorum
2610 3547 2834 3605 meritis
2884 3534 3400 3597 intervenientibus
3449 3527 3763 3584 exhibetur.
3793 3522 3877 3575 Per

2277 3668 2470 3726 quem.

2350 3747 2503 3802 Hanc
2530 3739 2705 3812 igitur
2733 3731 3087 3790 oblationem
3126 3720 3411 3780 servitutis
3442 3720 3675 3782 nostrae,
3712 3709 3798 3767 sed
3836 3714 3877 3761 et

2280 3841 2499 3895 cunctae
2530 3831 2760 3890 familiae
2790 3830 2923 3895 tuae,
2954 3839 3131 3895 quam
3159 3818 3264 3874 tibi
3294 3813 3593 3871 offerimus
3619 3809 3674 3863 in
3696 3808 3878 3860 honore

2282 3931 2461 3988 sancti
2488 3925 2698 3983 Hclarii
2726 3917 3070 3978 confessoris
3110 3913 3190 3968 tui
3224 3914 3397 3982 atque
3418 3902 3727 3979 pentiﬁcis,
3755 3912 3877 3969 qua-

2283 4048 2500 4095 sumus,
2533 4024 2795 4084 Domine.
2828 4023 2954 4075 Per.

2812 4104 2933 4152 Post
2952 4094 3399 4150 communionem.

2357 4183 2515 4239 Beati
2553 4177 2765 4235 Hclarii
2803 4168 3145 4229 confessoris
3186 4164 3288 4230 tui,
3330 4156 3594 4221 Domine,
3641 4146 3883 4219 suffragiis

2288 4280 2570 4343 exoratus,
2614 4270 2887 4344 percepta
2921 4256 3280 4319 Sacrameuti
3322 4253 3404 4308 tui
3445 4268 3551 4305 nos
3586 4247 3781 4301 virtute
3807 4240 3881 4293 de-

2289 4372 2481 4438 fende,
2506 4372 2567 4423 ut
2592 4361 2829 4421 caelestis
2876 4354 3123 4412 remedii
3156 4348 3589 4405 sacramentum
3623 4339 3693 4394 ad
3716 4350 3881 4409 perpe-

2289 4472 2451 4522 tuam
2484 4459 2648 4517 nobis
2676 4452 2977 4529 provenire
3012 4443 3364 4503 medicinam
3386 4436 3665 4494 obtineat.
3691 4434 3801 4487 Per.

2362 4557 2633 4626 Protegat
2652 4568 2776 4618 nos,
2800 4544 3061 4609 Domine,
3083 4555 3209 4595 cum
3231 4537 3314 4591 tui
3330 4529 3699 4607 perceptione
3720 4525 3879 4579 Sacra-

2292 4651 2477 4711 menti
2500 4650 2705 4704 beatus
2736 4639 2997 4698 Helarins
3021 4635 3319 4691 confessor
3338 4632 3471 4682 tuus
3496 4614 3884 4678 intercedendo.

2296 4753 2357 4804 ut
2386 4738 2770 4803 confesssouis
2812 4735 2935 4807 ejus
2980 4744 3212 4800 semper
3248 4720 3614 4795 experiamur
3642 4709 3884 4769 auxilium.

2296 4846 2403 4900 Per
2437 4843 2597 4896 Dom.
2642 4835 2906 4888 nostrum
2941 4828 3138 4882 Jesum
3178 4818 3469 4876 Christum
3508 4811 3713 4867 Filium
3742 4810 3884 4858 tuum.

2594 4941 2890 4984 ORATIONES
2943 4938 3006 4976 ET
3054 4932 3248 4972 PRECES
3300 4926 3462 4968 UNIUS
3512 4917 3779 4961 HARTYBIS.

2370 5028 2534 5091 Deus,
2565 5019 2664 5092 qui
2690 5033 2794 5074 nos
2828 5027 3022 5068 annua
3050 5005 3205 5063 beati
3243 4998 3505 5071 Martyris
3534 4994 3621 5048 tui
3650 4982 3885 5046 sollemni-

2300 5124 2417 5177 tate
2448 5115 2721 5179 laetiﬁcas,
2751 5110 2962 5183 prmsta
2994 5114 3325 5175 quaesumus
3342 5096 3404 5149 ut
3421 5090 3583 5161 cujus
3602 5082 3886 5159 gaudemus.

2302 5213 2542 5279 meritis,
2576 5210 2928 5264 instruamur
2953 5193 3249 5267 exemplis.
3280 5193 3402 5246 Per.

2375 5306 2537 5363 Beati
2563 5299 2821 5373 Martyris
2852 5295 2957 5362 tui,
2989 5289 3254 5355 Domine,
3284 5300 3408 5349 nos,
3452 5286 3784 5350 quaesumus,
3808 5278 3890 5318 1118'

2306 5403 2418 5459 rita
2434 5397 2877 5474 prosequantur,
2898 5393 2954 5445 et
2967 5392 3128 5442 tuam
3158 5380 3324 5437 nobis
3350 5368 3768 5443 indulgentiam
3780 5372 3886 5414 scm-

3364 5472 3373 5474 ‘
3386 5470 3394 5474 ‘
3439 5468 3449 5474 '
3564 5469 3572 5474 -
3618 5467 3627 5474 -
3794 5448 3866 5474 ηιξ

2306 5448 2737 5474 ηυηηηηηηκ
2866 5448 2877 5459 ι

2305 5514 2410 5572 per
2435 5491 2766 5566 implorent,
2796 5490 2859 5540 ut
2884 5485 3007 5556 ejus
3035 5495 3195 5535 sacra
3223 5468 3493 5529 natalicia
3524 5469 3584 5519 et
3613 5448 3887 5531 temporali-

2307 5597 2398 5647 ter
2416 5588 2871 5660 frequentemus,
2906 5582 2964 5634 et
2995 5568 3414 5644 conspiciamus
3440 5564 3682 5617 interna.
3712 5556 3813 5610 Per.

2982 5658 3113 5706 Item
3154 5650 3271 5700 alia.
3710 5708 3737 5709 κγ
3782 5698 3808 5709 Α

2383 5742 2613 5807 Praesta,
2634 5734 2896 5800 Domine,
2919 5727 3212 5787 mentibus
3232 5715 3441 5777 nostris
3453 5729 3587 5769 cum
3605 5704 3891 5765 exultatione

2312 5837 2655 5914 profectum,
2682 5835 2743 5887 ut
2759 5829 2918 5901 cujus
2940 5825 3095 5882 diem
3108 5811 3389 5893 passionis
3403 5823 3599 5865 annua
3623 5795 3888 5859 devotione.
