  <div class='ocr_page' id='page_1' title='image "/cluster/home/n/w/nwhite01/storage/ocr_20150623/72/uva.x000827084/194.png"; bbox 0 0 3968 6224; ppageno 0'>
   <div class='ocr_carea' id='block_1_1' title="bbox 213 327 296 379">
    <p class='ocr_par' dir='ltr' id='par_1_1' title="bbox 213 327 296 379">
     <span class='ocr_line' id='line_1_1' title="bbox 213 327 296 379; baseline 0 0"><span class='ocrx_word' id='word_1_1' title='bbox 213 327 296 379; x_wconf 79' lang='lat'>333</span> 
     </span>
    </p>
   </div>
   <div class='ocr_carea' id='block_1_2' title="bbox 1262 330 2480 399">
    <p class='ocr_par' dir='ltr' id='par_1_2' title="bbox 1262 330 2480 399">
     <span class='ocr_line' id='line_1_2' title="bbox 1262 330 2480 399; baseline 0.011 -14"><span class='ocrx_word' id='word_1_2' title='bbox 1262 330 1347 386; x_wconf 84' lang='lat' dir='ltr'>DE</span> <span class='ocrx_word' id='word_1_3' title='bbox 1385 333 1699 392; x_wconf 81' lang='lat' dir='ltr'><strong>LITURGIA</strong></span> <span class='ocrx_word' id='word_1_4' title='bbox 1737 338 2111 395; x_wconf 82' lang='lat' dir='ltr'><strong>GALLICANA</strong></span> <span class='ocrx_word' id='word_1_5' title='bbox 2150 340 2351 399; x_wconf 82' lang='lat' dir='ltr'><strong>LIBER</strong></span> <span class='ocrx_word' id='word_1_6' title='bbox 2390 345 2480 399; x_wconf 88' lang='lat' dir='ltr'><strong>III.</strong></span> 
     </span>
    </p>
   </div>
   <div class='ocr_carea' id='block_1_3' title="bbox 3445 356 3547 410">
    <p class='ocr_par' dir='ltr' id='par_1_3' title="bbox 3445 356 3547 410">
     <span class='ocr_line' id='line_1_3' title="bbox 3445 356 3547 410; baseline 0 0"><span class='ocrx_word' id='word_1_7' title='bbox 3445 356 3547 410; x_wconf 72' lang='grc'>334</span> 
     </span>
    </p>
   </div>
   <div class='ocr_carea' id='block_1_4' title="bbox 208 429 3542 538">
    <p class='ocr_par' dir='ltr' id='par_1_4' title="bbox 208 429 3542 538">
     <span class='ocr_line' id='line_1_4' title="bbox 208 429 3542 538; baseline 0.009 -53"><span class='ocrx_word' id='word_1_8' title='bbox 208 430 493 496; x_wconf 85' lang='lat' dir='ltr'>recolimus,</span> <span class='ocrx_word' id='word_1_9' title='bbox 537 429 710 486; x_wconf 83' lang='lat' dir='ltr'>etiam</span> <span class='ocrx_word' id='word_1_10' title='bbox 761 432 893 489; x_wconf 80' lang='lat' dir='ltr'>fidei</span> <span class='ocrx_word' id='word_1_11' title='bbox 942 438 1319 494; x_wconf 83' lang='lat' dir='ltr'>constantium</span> <span class='ocrx_word' id='word_1_12' title='bbox 1374 442 1803 515; x_wconf 89' lang='lat' dir='ltr'>subsequamur.</span> <span class='ocrx_word' id='word_1_13' title='bbox 1828 447 2049 538; x_wconf 73' lang='lat' dir='ltr'>Aciter</span> <span class='ocrx_word' id='word_1_14' title='bbox 2066 449 2459 523; x_wconf 85' lang='lat' dir='ltr'>deprecamur,</span> <span class='ocrx_word' id='word_1_15' title='bbox 2493 457 2555 510; x_wconf 91' lang='lat' dir='ltr'>ut</span> <span class='ocrx_word' id='word_1_16' title='bbox 2582 471 2709 526; x_wconf 62' lang='lat' dir='ltr'>quas</span> <span class='ocrx_word' id='word_1_17' title='bbox 2738 456 2930 512; x_wconf 88' lang='lat' dir='ltr'>sedula</span> <span class='ocrx_word' id='word_1_18' title='bbox 2975 459 3264 529; x_wconf 76' lang='lat' dir='ltr'>servitute,</span> <span class='ocrx_word' id='word_1_19' title='bbox 3304 460 3542 516; x_wconf 75' lang='lat' dir='ltr'>docente</span> 
     </span>
    </p>
   </div>
   <div class='ocr_carea' id='block_1_5' title="bbox 208 523 462 579">
    <p class='ocr_par' dir='ltr' id='par_1_5' title="bbox 208 523 462 579">
     <span class='ocr_line' id='line_1_5' title="bbox 208 523 462 579; baseline -0.008 0"><span class='ocrx_word' id='word_1_20' title='bbox 208 524 294 579; x_wconf 88' lang='lat' dir='ltr'>Per</span> <span class='ocrx_word' id='word_1_21' title='bbox 313 523 462 578; x_wconf 89' lang='lat' dir='ltr'>Dom.</span> 
     </span>
    </p>
   </div>
   <div class='ocr_carea' id='block_1_6' title="bbox 791 598 1172 661">
    <p class='ocr_par' dir='ltr' id='par_1_6' title="bbox 791 598 1172 661">
     <span class='ocr_line' id='line_1_6' title="bbox 791 598 1172 661; baseline 0.016 -14"><span class='ocrx_word' id='word_1_22' title='bbox 791 598 958 661; x_wconf 88' lang='lat' dir='ltr'>Super</span> <span class='ocrx_word' id='word_1_23' title='bbox 982 600 1172 653; x_wconf 89' lang='lat' dir='ltr'>oblata.</span> 
     </span>
    </p>
   </div>
   <div class='ocr_carea' id='block_1_7' title="bbox 265 668 1806 751">
    <p class='ocr_par' dir='ltr' id='par_1_7' title="bbox 265 668 1806 751">
     <span class='ocr_line' id='line_1_7' title="bbox 265 668 1806 751; baseline 0.012 -29"><span class='ocrx_word' id='word_1_24' title='bbox 265 668 492 723; x_wconf 76' lang='lat' dir='ltr'>Hostiam</span> <span class='ocrx_word' id='word_1_25' title='bbox 517 674 789 741; x_wconf 88' lang='lat' dir='ltr'>nostram,</span> <span class='ocrx_word' id='word_1_26' title='bbox 814 691 1166 748; x_wconf 76' lang='lat' dir='ltr'>quaesumus,</span> <span class='ocrx_word' id='word_1_27' title='bbox 1184 678 1435 751; x_wconf 79' lang='lat' dir='ltr'>Domine,</span> <span class='ocrx_word' id='word_1_28' title='bbox 1460 685 1637 739; x_wconf 83' lang='lat' dir='ltr'>sancti</span> <span class='ocrx_word' id='word_1_29' title='bbox 1659 686 1806 741; x_wconf 91' lang='lat' dir='ltr'>Mar-</span> 
     </span>
    </p>
   </div>
   <div class='ocr_carea' id='block_1_8' title="bbox 207 758 1806 841">
    <p class='ocr_par' dir='ltr' id='par_1_8' title="bbox 207 758 1806 841">
     <span class='ocr_line' id='line_1_8' title="bbox 207 758 1806 841; baseline 0.013 -27"><span class='ocrx_word' id='word_1_30' title='bbox 207 761 320 832; x_wconf 71' lang='lat' dir='ltr'>tyris</span> <span class='ocrx_word' id='word_1_31' title='bbox 342 762 419 817; x_wconf 90' lang='lat' dir='ltr'>tui</span> <span class='ocrx_word' id='word_1_32' title='bbox 445 767 500 818; x_wconf 89' lang='lat' dir='ltr'>et</span> <span class='ocrx_word' id='word_1_33' title='bbox 525 768 845 821; x_wconf 88' lang='lat' dir='ltr'>veneranda</span> <span class='ocrx_word' id='word_1_34' title='bbox 873 771 1166 841; x_wconf 87' lang='lat' dir='ltr'>confessio,</span> <span class='ocrx_word' id='word_1_35' title='bbox 1200 777 1256 828; x_wconf 91' lang='lat' dir='ltr'>et</span> <span class='ocrx_word' id='word_1_36' title='bbox 1293 758 1623 832; x_wconf 77' lang='lat' dir='ltr'>exaudibilis</span> <span class='ocrx_word' id='word_1_37' title='bbox 1649 796 1806 833; x_wconf 91' lang='lat' dir='ltr'>com-</span> 
     </span>
    </p>
   </div>
   <div class='ocr_carea' id='block_1_9' title="bbox 206 855 1101 919">
    <p class='ocr_par' dir='ltr' id='par_1_9' title="bbox 206 855 1101 919">
     <span class='ocr_line' id='line_1_9' title="bbox 206 855 1101 919; baseline 0.013 -12"><span class='ocrx_word' id='word_1_38' title='bbox 206 855 400 910; x_wconf 87' lang='lat' dir='ltr'>mendet</span> <span class='ocrx_word' id='word_1_39' title='bbox 424 858 624 913; x_wconf 84' lang='lat' dir='ltr'>oratio.</span> <span class='ocrx_word' id='word_1_40' title='bbox 652 861 756 915; x_wconf 89' lang='lat' dir='ltr'>Per</span> <span class='ocrx_word' id='word_1_41' title='bbox 781 862 1101 919; x_wconf 90' lang='lat' dir='ltr'>Dominum.</span> 
     </span>
    </p>
   </div>
   <div class='ocr_carea' id='block_1_10' title="bbox 262 950 1800 1032">
    <p class='ocr_par' dir='ltr' id='par_1_10' title="bbox 262 950 1800 1032">
     <span class='ocr_line' id='line_1_10' title="bbox 262 950 1800 1032; baseline 0.014 -30"><span class='ocrx_word' id='word_1_42' title='bbox 262 950 382 1003; x_wconf 86' lang='lat' dir='ltr'>Vere</span> <span class='ocrx_word' id='word_1_43' title='bbox 424 950 663 1022; x_wconf 86' lang='lat' dir='ltr'>dignum</span> <span class='ocrx_word' id='word_1_44' title='bbox 700 960 754 1009; x_wconf 90' lang='lat' dir='ltr'>et</span> <span class='ocrx_word' id='word_1_45' title='bbox 773 956 998 1025; x_wconf 83' lang='lat' dir='ltr'>justum</span> <span class='ocrx_word' id='word_1_46' title='bbox 1035 962 1138 1029; x_wconf 88' lang='lat' dir='ltr'>est,</span> <span class='ocrx_word' id='word_1_47' title='bbox 1180 976 1407 1032; x_wconf 60' lang='lat' dir='ltr'>aequum</span> <span class='ocrx_word' id='word_1_48' title='bbox 1449 968 1505 1018; x_wconf 91' lang='lat' dir='ltr'>et</span> <span class='ocrx_word' id='word_1_49' title='bbox 1540 966 1800 1023; x_wconf 89' lang='lat' dir='ltr'>salutare.</span> 
     </span>
    </p>
   </div>
   <div class='ocr_carea' id='block_1_11' title="bbox 202 1043 1807 1124">
    <p class='ocr_par' dir='ltr' id='par_1_11' title="bbox 202 1043 1807 1124">
     <span class='ocr_line' id='line_1_11' title="bbox 202 1043 1807 1124; baseline 0.013 -29"><span class='ocrx_word' id='word_1_50' title='bbox 202 1043 440 1105; x_wconf 85' lang='lat' dir='ltr'>Quoniam</span> <span class='ocrx_word' id='word_1_51' title='bbox 474 1061 507 1098; x_wconf 89' lang='lat' dir='ltr'>a</span> <span class='ocrx_word' id='word_1_52' title='bbox 530 1049 586 1099; x_wconf 89' lang='lat' dir='ltr'>te</span> <span class='ocrx_word' id='word_1_53' title='bbox 624 1050 993 1105; x_wconf 84' lang='lat' dir='ltr'>constantiam</span> <span class='ocrx_word' id='word_1_54' title='bbox 1019 1052 1178 1124; x_wconf 81' lang='lat' dir='ltr'>fides,</span> <span class='ocrx_word' id='word_1_55' title='bbox 1208 1059 1313 1110; x_wconf 90' lang='lat' dir='ltr'>ate</span> <span class='ocrx_word' id='word_1_56' title='bbox 1340 1056 1609 1113; x_wconf 78' lang='lat' dir='ltr'>virtutem</span> <span class='ocrx_word' id='word_1_57' title='bbox 1633 1061 1807 1117; x_wconf 86' lang='lat' dir='ltr'>sumit</span> 
     </span>
    </p>
   </div>
   <div class='ocr_carea' id='block_1_12' title="bbox 204 1134 1799 1226">
    <p class='ocr_par' dir='ltr' id='par_1_12' title="bbox 204 1134 1799 1226">
     <span class='ocr_line' id='line_1_12' title="bbox 204 1134 1799 1226; baseline 0.014 -38"><span class='ocrx_word' id='word_1_58' title='bbox 204 1134 465 1192; x_wconf 85' lang='lat' dir='ltr'>inﬁrmitas</span> <span class='ocrx_word' id='word_1_59' title='bbox 485 1157 499 1205; x_wconf 90' lang='lat'><strong>;</strong></span> <span class='ocrx_word' id='word_1_60' title='bbox 523 1143 580 1194; x_wconf 89' lang='lat' dir='ltr'>et</span> <span class='ocrx_word' id='word_1_61' title='bbox 601 1141 865 1213; x_wconf 89' lang='lat' dir='ltr'>quicquid</span> <span class='ocrx_word' id='word_1_62' title='bbox 894 1144 951 1199; x_wconf 91' lang='lat' dir='ltr'>in</span> <span class='ocrx_word' id='word_1_63' title='bbox 968 1149 1452 1215; x_wconf 89' lang='lat' dir='ltr'>persecutionibus</span> <span class='ocrx_word' id='word_1_64' title='bbox 1467 1168 1681 1208; x_wconf 63' lang='lat' dir='ltr'>saevum</span> <span class='ocrx_word' id='word_1_65' title='bbox 1697 1160 1799 1226; x_wconf 88' lang='lat' dir='ltr'>est,</span> 
     </span>
    </p>
   </div>
   <div class='ocr_carea' id='block_1_13' title="bbox 200 1228 1801 1310">
    <p class='ocr_par' dir='ltr' id='par_1_13' title="bbox 200 1228 1801 1310">
     <span class='ocr_line' id='line_1_13' title="bbox 200 1228 1801 1310; baseline 0.014 -29"><span class='ocrx_word' id='word_1_66' title='bbox 200 1228 434 1301; x_wconf 83' lang='lat' dir='ltr'>quicquid</span> <span class='ocrx_word' id='word_1_67' title='bbox 464 1231 521 1285; x_wconf 89' lang='lat' dir='ltr'>in</span> <span class='ocrx_word' id='word_1_68' title='bbox 547 1236 729 1290; x_wconf 88' lang='lat' dir='ltr'>morte</span> <span class='ocrx_word' id='word_1_69' title='bbox 749 1236 1023 1310; x_wconf 84' lang='lat' dir='ltr'>terribile,</span> <span class='ocrx_word' id='word_1_70' title='bbox 1054 1241 1302 1297; x_wconf 89' lang='lat' dir='ltr'>nominis</span> <span class='ocrx_word' id='word_1_71' title='bbox 1328 1244 1411 1298; x_wconf 93' lang='lat' dir='ltr'>tui</span> <span class='ocrx_word' id='word_1_72' title='bbox 1430 1244 1565 1300; x_wconf 89' lang='lat' dir='ltr'>facis</span> <span class='ocrx_word' id='word_1_73' title='bbox 1591 1248 1801 1303; x_wconf 86' lang='lat' dir='ltr'>confes-</span> 
     </span>
    </p>
   </div>
   <div class='ocr_carea' id='block_1_14' title="bbox 201 1322 1826 1410">
    <p class='ocr_par' dir='ltr' id='par_1_14' title="bbox 201 1322 1826 1410">
     <span class='ocr_line' id='line_1_14' title="bbox 201 1322 1826 1410; baseline 0.012 -34"><span class='ocrx_word' id='word_1_74' title='bbox 201 1322 330 1378; x_wconf 85' lang='lat' dir='ltr'>sione</span> <span class='ocrx_word' id='word_1_75' title='bbox 375 1327 645 1397; x_wconf 88' lang='lat' dir='ltr'>superari.</span> <span class='ocrx_word' id='word_1_76' title='bbox 696 1330 854 1384; x_wconf 89' lang='lat' dir='ltr'>Unde</span> <span class='ocrx_word' id='word_1_77' title='bbox 890 1331 1278 1391; x_wconf 89' lang='lat' dir='ltr'>benedicimus</span> <span class='ocrx_word' id='word_1_78' title='bbox 1321 1341 1397 1406; x_wconf 80' lang='lat' dir='ltr'>te,</span> <span class='ocrx_word' id='word_1_79' title='bbox 1448 1339 1702 1410; x_wconf 88' lang='lat' dir='ltr'>Domine,</span> <span class='ocrx_word' id='word_1_80' title='bbox 1740 1343 1826 1396; x_wconf 83' lang='lat' dir='ltr'>in-</span> 
     </span>
    </p>
   </div>
   <div class='ocr_carea' id='block_1_15' title="bbox 201 1418 1797 1505">
    <p class='ocr_par' dir='ltr' id='par_1_15' title="bbox 201 1418 1797 1505">
     <span class='ocr_line' id='line_1_15' title="bbox 201 1418 1797 1505; baseline 0.013 -35"><span class='ocrx_word' id='word_1_81' title='bbox 201 1418 431 1487; x_wconf 87' lang='lat' dir='ltr'>operibus</span> <span class='ocrx_word' id='word_1_82' title='bbox 470 1420 599 1490; x_wconf 87' lang='lat' dir='ltr'>tuis,</span> <span class='ocrx_word' id='word_1_83' title='bbox 646 1426 814 1494; x_wconf 85' lang='lat' dir='ltr'>teque</span> <span class='ocrx_word' id='word_1_84' title='bbox 858 1424 918 1479; x_wconf 91' lang='lat' dir='ltr'>in</span> <span class='ocrx_word' id='word_1_85' title='bbox 963 1432 1288 1484; x_wconf 89' lang='lat' dir='ltr'>sanctorum</span> <span class='ocrx_word' id='word_1_86' title='bbox 1340 1435 1574 1487; x_wconf 89' lang='lat' dir='ltr'>tuorum</span> <span class='ocrx_word' id='word_1_87' title='bbox 1608 1436 1797 1505; x_wconf 88' lang='lat' dir='ltr'>profe-</span> 
     </span>
    </p>
   </div>
   <div class='ocr_carea' id='block_1_16' title="bbox 199 1510 1422 1593">
    <p class='ocr_par' dir='ltr' id='par_1_16' title="bbox 199 1510 1422 1593">
     <span class='ocr_line' id='line_1_16' title="bbox 199 1510 1422 1593; baseline 0.014 -29"><span class='ocrx_word' id='word_1_88' title='bbox 199 1510 353 1567; x_wconf 85' lang='lat' dir='ltr'>ctione</span> <span class='ocrx_word' id='word_1_89' title='bbox 377 1512 689 1571; x_wconf 84' lang='lat' dir='ltr'>laudamus.</span> <span class='ocrx_word' id='word_1_90' title='bbox 722 1519 826 1573; x_wconf 89' lang='lat' dir='ltr'>Per</span> <span class='ocrx_word' id='word_1_91' title='bbox 853 1535 1027 1591; x_wconf 88' lang='lat' dir='ltr'>quem</span> <span class='ocrx_word' id='word_1_92' title='bbox 1052 1522 1422 1593; x_wconf 86' lang='lat' dir='ltr'>Majestatem.</span> 
     </span>
    </p>
   </div>
   <div class='ocr_carea' id='block_1_17' title="bbox 691 1618 1279 1674">
    <p class='ocr_par' dir='ltr' id='par_1_17' title="bbox 691 1618 1279 1674">
     <span class='ocr_line' id='line_1_17' title="bbox 691 1618 1279 1674; baseline 0.014 -7"><span class='ocrx_word' id='word_1_93' title='bbox 691 1618 811 1670; x_wconf 89' lang='lat' dir='ltr'>Post</span> <span class='ocrx_word' id='word_1_94' title='bbox 836 1624 1279 1674; x_wconf 86' lang='lat' dir='ltr'>communionem.</span> 
     </span>
    </p>
   </div>
   <div class='ocr_carea' id='block_1_18' title="bbox 253 1689 1794 1778">
    <p class='ocr_par' dir='ltr' id='par_1_18' title="bbox 253 1689 1794 1778">
     <span class='ocr_line' id='line_1_18' title="bbox 253 1689 1794 1778; baseline 0.012 -36"><span class='ocrx_word' id='word_1_95' title='bbox 253 1689 585 1760; x_wconf 68' lang='lat' dir='ltr'>Quaesumus,</span> <span class='ocrx_word' id='word_1_96' title='bbox 608 1694 867 1765; x_wconf 89' lang='lat' dir='ltr'>Domine,</span> <span class='ocrx_word' id='word_1_97' title='bbox 896 1697 1239 1754; x_wconf 80' lang='lat' dir='ltr'>salutaribus</span> <span class='ocrx_word' id='word_1_98' title='bbox 1267 1702 1468 1773; x_wconf 88' lang='lat' dir='ltr'>repleti</span> <span class='ocrx_word' id='word_1_99' title='bbox 1490 1707 1794 1778; x_wconf 81' lang='lat' dir='ltr'>mysteriis,</span> 
     </span>
    </p>
   </div>
   <div class='ocr_carea' id='block_1_19' title="bbox 198 1782 1795 1862">
    <p class='ocr_par' dir='ltr' id='par_1_19' title="bbox 198 1782 1795 1862">
     <span class='ocr_line' id='line_1_19' title="bbox 198 1782 1795 1862; baseline 0.014 -27"><span class='ocrx_word' id='word_1_100' title='bbox 198 1786 250 1835; x_wconf 88' lang='lat' dir='ltr'>ut</span> <span class='ocrx_word' id='word_1_101' title='bbox 270 1782 413 1853; x_wconf 86' lang='lat' dir='ltr'>cujus</span> <span class='ocrx_word' id='word_1_102' title='bbox 437 1786 867 1844; x_wconf 86' lang='lat' dir='ltr'>sollemnitatem</span> <span class='ocrx_word' id='word_1_103' title='bbox 893 1791 1262 1862; x_wconf 86' lang='lat' dir='ltr'>celebramus,</span> <span class='ocrx_word' id='word_1_104' title='bbox 1306 1796 1653 1855; x_wconf 85' lang='lat' dir='ltr'>orationibus</span> <span class='ocrx_word' id='word_1_105' title='bbox 1694 1804 1795 1858; x_wconf 89' lang='lat' dir='ltr'>ad-</span> 
     </span>
    </p>
   </div>
   <div class='ocr_carea' id='block_1_20' title="bbox 193 1874 591 1946">
    <p class='ocr_par' dir='ltr' id='par_1_20' title="bbox 193 1874 591 1946">
     <span class='ocr_line' id='line_1_20' title="bbox 193 1874 591 1946; baseline 0.018 -18"><span class='ocrx_word' id='word_1_106' title='bbox 193 1874 444 1946; x_wconf 88' lang='lat' dir='ltr'>juvemur.</span> <span class='ocrx_word' id='word_1_107' title='bbox 466 1880 591 1935; x_wconf 88' lang='lat' dir='ltr'>Per.</span> 
     </span>
    </p>
   </div>
   <div class='ocr_carea' id='block_1_21' title="bbox 855 1956 1123 2008">
    <p class='ocr_par' dir='ltr' id='par_1_21' title="bbox 855 1956 1123 2008">
     <span class='ocr_line' id='line_1_21' title="bbox 855 1956 1123 2008; baseline 0.015 -4"><span class='ocrx_word' id='word_1_108' title='bbox 855 1956 985 2005; x_wconf 84' lang='lat' dir='ltr'>Item</span> <span class='ocrx_word' id='word_1_109' title='bbox 1007 1957 1123 2008; x_wconf 86' lang='lat' dir='ltr'>alia.</span> 
     </span>
    </p>
   </div>
   <div class='ocr_carea' id='block_1_22' title="bbox 251 2023 1796 2106">
    <p class='ocr_par' dir='ltr' id='par_1_22' title="bbox 251 2023 1796 2106">
     <span class='ocr_line' id='line_1_22' title="bbox 251 2023 1796 2106; baseline 0.014 -30"><span class='ocrx_word' id='word_1_110' title='bbox 251 2023 454 2095; x_wconf 77' lang='lat' dir='ltr'>Adesto,</span> <span class='ocrx_word' id='word_1_111' title='bbox 476 2025 727 2095; x_wconf 88' lang='lat' dir='ltr'>Domine,</span> <span class='ocrx_word' id='word_1_112' title='bbox 758 2027 991 2086; x_wconf 72' lang='lat' dir='ltr'>familias</span> <span class='ocrx_word' id='word_1_113' title='bbox 1005 2036 1139 2103; x_wconf 83' lang='lat' dir='ltr'>tuae,</span> <span class='ocrx_word' id='word_1_114' title='bbox 1171 2037 1235 2088; x_wconf 90' lang='lat' dir='ltr'>ut</span> <span class='ocrx_word' id='word_1_115' title='bbox 1260 2035 1465 2106; x_wconf 86' lang='lat' dir='ltr'>quibus</span> <span class='ocrx_word' id='word_1_116' title='bbox 1491 2043 1796 2098; x_wconf 83' lang='lat' dir='ltr'>venerandi</span> 
     </span>
    </p>
   </div>
   <div class='ocr_carea' id='block_1_23' title="bbox 199 2121 1794 2209">
    <p class='ocr_par' dir='ltr' id='par_1_23' title="bbox 199 2121 1794 2209">
     <span class='ocr_line' id='line_1_23' title="bbox 199 2121 1794 2209; baseline 0.016 -40"><span class='ocrx_word' id='word_1_117' title='bbox 199 2121 382 2172; x_wconf 83' lang='lat' dir='ltr'>sanctos</span> <span class='ocrx_word' id='word_1_118' title='bbox 404 2123 525 2174; x_wconf 90' lang='lat' dir='ltr'>tuos</span> <span class='ocrx_word' id='word_1_119' title='bbox 553 2127 791 2192; x_wconf 70' lang='lat' dir='ltr'>praestas</span> <span class='ocrx_word' id='word_1_120' title='bbox 829 2123 1113 2195; x_wconf 89' lang='lat' dir='ltr'>benignus</span> <span class='ocrx_word' id='word_1_121' title='bbox 1150 2127 1435 2201; x_wconf 78' lang='lat' dir='ltr'>affectum,</span> <span class='ocrx_word' id='word_1_122' title='bbox 1485 2137 1544 2187; x_wconf 88' lang='lat' dir='ltr'>et</span> <span class='ocrx_word' id='word_1_123' title='bbox 1600 2133 1794 2209; x_wconf 82' lang='lat'>320</span> 
     </span>
    </p>
   </div>
   <div class='ocr_carea' id='block_1_24' title="bbox 196 2208 1793 2298">
    <p class='ocr_par' dir='ltr' id='par_1_24' title="bbox 196 2208 1793 2298">
     <span class='ocr_line' id='line_1_24' title="bbox 196 2208 1793 2298; baseline 0.015 -37"><span class='ocrx_word' id='word_1_124' title='bbox 196 2208 300 2263; x_wconf 63' lang='lat' dir='ltr'>vitae</span> <span class='ocrx_word' id='word_1_125' title='bbox 346 2213 592 2268; x_wconf 90' lang='lat' dir='ltr'>mortalis</span> <span class='ocrx_word' id='word_1_126' title='bbox 648 2217 890 2272; x_wconf 88' lang='lat' dir='ltr'>concede</span> <span class='ocrx_word' id='word_1_127' title='bbox 939 2220 1290 2289; x_wconf 67' lang='lat' dir='ltr'>praesidium,</span> <span class='ocrx_word' id='word_1_128' title='bbox 1330 2227 1389 2279; x_wconf 91' lang='lat' dir='ltr'>et</span> <span class='ocrx_word' id='word_1_129' title='bbox 1433 2208 1793 2298; x_wconf 74' lang='lat' dir='ltr'>sempiternae</span> 
     </span>
    </p>
   </div>
   <div class='ocr_carea' id='block_1_25' title="bbox 197 2303 1002 2367">
    <p class='ocr_par' dir='ltr' id='par_1_25' title="bbox 197 2303 1002 2367">
     <span class='ocr_line' id='line_1_25' title="bbox 197 2303 1002 2367; baseline 0.015 -12"><span class='ocrx_word' id='word_1_130' title='bbox 197 2303 543 2362; x_wconf 86' lang='lat' dir='ltr'>retributionis</span> <span class='ocrx_word' id='word_1_131' title='bbox 560 2307 847 2365; x_wconf 75' lang='lat' dir='ltr'>effectum.</span> <span class='ocrx_word' id='word_1_132' title='bbox 875 2313 1002 2367; x_wconf 89' lang='lat' dir='ltr'>Per.</span> 
     </span>
    </p>
   </div>
   <div class='ocr_carea' id='block_1_26' title="bbox 559 2421 1399 2485">
    <p class='ocr_par' dir='ltr' id='par_1_26' title="bbox 559 2421 1399 2485">
     <span class='ocr_line' id='line_1_26' title="bbox 559 2421 1399 2485; baseline 0.014 -12"><span class='ocrx_word' id='word_1_133' title='bbox 559 2421 667 2475; x_wconf 81' lang='lat' dir='ltr'>XV.</span> <span class='ocrx_word' id='word_1_134' title='bbox 710 2438 834 2476; x_wconf 76' lang='lat' dir='ltr'>rrau</span> <span class='ocrx_word' id='word_1_135' title='bbox 876 2440 940 2478; x_wconf 81' lang='lat' dir='ltr'>ne</span> <span class='ocrx_word' id='word_1_136' title='bbox 979 2441 1086 2479; x_wconf 82' lang='lat' dir='ltr'>UNO</span> <span class='ocrx_word' id='word_1_137' title='bbox 1131 2443 1399 2485; x_wconf 72' lang='lat' dir='ltr'>narras.</span> 
     </span>
    </p>
   </div>
   <div class='ocr_carea' id='block_1_27' title="bbox 249 2523 1792 2611">
    <p class='ocr_par' dir='ltr' id='par_1_27' title="bbox 249 2523 1792 2611">
     <span class='ocr_line' id='line_1_27' title="bbox 249 2523 1792 2611; baseline 0.012 -35"><span class='ocrx_word' id='word_1_138' title='bbox 249 2523 385 2578; x_wconf 81' lang='lat' dir='ltr'>Adsit</span> <span class='ocrx_word' id='word_1_139' title='bbox 418 2525 597 2595; x_wconf 91' lang='lat' dir='ltr'>nobis,</span> <span class='ocrx_word' id='word_1_140' title='bbox 644 2543 991 2598; x_wconf 62' lang='lat' dir='ltr'>quaesumus,</span> <span class='ocrx_word' id='word_1_141' title='bbox 1036 2532 1293 2604; x_wconf 86' lang='lat' dir='ltr'>Domine,</span> <span class='ocrx_word' id='word_1_142' title='bbox 1348 2535 1494 2591; x_wconf 87' lang='lat' dir='ltr'>beati</span> <span class='ocrx_word' id='word_1_143' title='bbox 1538 2538 1792 2611; x_wconf 79' lang='lat' dir='ltr'>Martyris</span> 
     </span>
    </p>
   </div>
   <div class='ocr_carea' id='block_1_28' title="bbox 195 2615 1793 2694">
    <p class='ocr_par' dir='ltr' id='par_1_28' title="bbox 195 2615 1793 2694">
     <span class='ocr_line' id='line_1_28' title="bbox 195 2615 1793 2694; baseline 0.012 -25"><span class='ocrx_word' id='word_1_144' title='bbox 195 2615 260 2670; x_wconf 89' lang='lat' dir='ltr'>tui</span> <span class='ocrx_word' id='word_1_145' title='bbox 284 2623 454 2672; x_wconf 87' lang='lat' dir='ltr'>sancta</span> <span class='ocrx_word' id='word_1_146' title='bbox 480 2620 754 2691; x_wconf 86' lang='lat' dir='ltr'>precatio,</span> <span class='ocrx_word' id='word_1_147' title='bbox 784 2639 911 2694; x_wconf 70' lang='lat' dir='ltr'>quae</span> <span class='ocrx_word' id='word_1_148' title='bbox 937 2640 1040 2679; x_wconf 88' lang='lat' dir='ltr'>nos</span> <span class='ocrx_word' id='word_1_149' title='bbox 1070 2629 1126 2680; x_wconf 92' lang='lat' dir='ltr'>et</span> <span class='ocrx_word' id='word_1_150' title='bbox 1151 2644 1183 2680; x_wconf 90' lang='lat' dir='ltr'>a</span> <span class='ocrx_word' id='word_1_151' title='bbox 1224 2630 1464 2684; x_wconf 89' lang='lat' dir='ltr'>terrenis</span> <span class='ocrx_word' id='word_1_152' title='bbox 1502 2631 1793 2688; x_wconf 74' lang='lat' dir='ltr'>affectibus</span> 
     </span>
    </p>
   </div>
   <div class='ocr_carea' id='block_1_29' title="bbox 195 2708 1788 2797">
    <p class='ocr_par' dir='ltr' id='par_1_29' title="bbox 195 2708 1788 2797">
     <span class='ocr_line' id='line_1_29' title="bbox 195 2708 1788 2797; baseline 0.013 -34"><span class='ocrx_word' id='word_1_153' title='bbox 195 2708 558 2768; x_wconf 84' lang='lat' dir='ltr'>incessabiliter</span> <span class='ocrx_word' id='word_1_154' title='bbox 584 2714 871 2787; x_wconf 85' lang='lat' dir='ltr'>expediat,</span> <span class='ocrx_word' id='word_1_155' title='bbox 900 2720 957 2772; x_wconf 87' lang='lat' dir='ltr'>et</span> <span class='ocrx_word' id='word_1_156' title='bbox 982 2719 1225 2775; x_wconf 62' lang='lat' dir='ltr'>caelestia</span> <span class='ocrx_word' id='word_1_157' title='bbox 1260 2722 1579 2780; x_wconf 89' lang='lat' dir='ltr'>desiderare</span> <span class='ocrx_word' id='word_1_158' title='bbox 1618 2727 1788 2797; x_wconf 81' lang='lat' dir='ltr'>perti-</span> 
     </span>
    </p>
   </div>
   <div class='ocr_carea' id='block_1_30' title="bbox 195 2801 436 2860">
    <p class='ocr_par' dir='ltr' id='par_1_30' title="bbox 195 2801 436 2860">
     <span class='ocr_line' id='line_1_30' title="bbox 195 2801 436 2860; baseline 0.021 -5"><span class='ocrx_word' id='word_1_159' title='bbox 195 2801 297 2858; x_wconf 85' lang='lat' dir='ltr'>ciat.</span> <span class='ocrx_word' id='word_1_160' title='bbox 322 2806 436 2860; x_wconf 90' lang='lat' dir='ltr'>Per.</span> 
     </span>
    </p>
   </div>
   <div class='ocr_carea' id='block_1_31' title="bbox 250 2896 1790 2982">
    <p class='ocr_par' dir='ltr' id='par_1_31' title="bbox 250 2896 1790 2982">
     <span class='ocr_line' id='line_1_31' title="bbox 250 2896 1790 2982; baseline 0.012 -32"><span class='ocrx_word' id='word_1_161' title='bbox 250 2896 412 2952; x_wconf 89' lang='lat' dir='ltr'>Sancti</span> <span class='ocrx_word' id='word_1_162' title='bbox 446 2900 703 2972; x_wconf 82' lang='lat' dir='ltr'>Martyris</span> <span class='ocrx_word' id='word_1_163' title='bbox 753 2902 857 2970; x_wconf 86' lang='lat' dir='ltr'>tui,</span> <span class='ocrx_word' id='word_1_164' title='bbox 899 2904 1153 2975; x_wconf 89' lang='lat' dir='ltr'>Domine,</span> <span class='ocrx_word' id='word_1_165' title='bbox 1214 2925 1561 2982; x_wconf 83' lang='lat' dir='ltr'>quaesumus,</span> <span class='ocrx_word' id='word_1_166' title='bbox 1619 2929 1790 2969; x_wconf 88' lang='lat' dir='ltr'>vene-</span> 
     </span>
    </p>
   </div>
   <div class='ocr_carea' id='block_1_32' title="bbox 194 2990 1789 3077">
    <p class='ocr_par' dir='ltr' id='par_1_32' title="bbox 194 2990 1789 3077">
     <span class='ocr_line' id='line_1_32' title="bbox 194 2990 1789 3077; baseline 0.013 -34"><span class='ocrx_word' id='word_1_167' title='bbox 194 2990 338 3044; x_wconf 85' lang='lat' dir='ltr'>randa</span> <span class='ocrx_word' id='word_1_168' title='bbox 360 2991 621 3048; x_wconf 84' lang='lat' dir='ltr'>festivitas</span> <span class='ocrx_word' id='word_1_169' title='bbox 643 2995 901 3051; x_wconf 89' lang='lat' dir='ltr'>salutaris</span> <span class='ocrx_word' id='word_1_170' title='bbox 927 2999 1123 3053; x_wconf 85' lang='lat' dir='ltr'>auxilii</span> <span class='ocrx_word' id='word_1_171' title='bbox 1142 3007 1372 3072; x_wconf 70' lang='lat' dir='ltr'>praestet</span> <span class='ocrx_word' id='word_1_172' title='bbox 1391 3012 1789 3077; x_wconf 84' lang='lat' dir='ltr'>augmentum,</span> 
     </span>
    </p>
   </div>
   <div class='ocr_carea' id='block_1_33' title="bbox 195 3086 1789 3158">
    <p class='ocr_par' dir='ltr' id='par_1_33' title="bbox 195 3086 1789 3158">
     <span class='ocr_line' id='line_1_33' title="bbox 195 3086 1789 3158; baseline 0.013 -22"><span class='ocrx_word' id='word_1_173' title='bbox 195 3086 238 3137; x_wconf 88' lang='lat' dir='ltr'>et</span> <span class='ocrx_word' id='word_1_174' title='bbox 256 3100 408 3155; x_wconf 87' lang='lat' dir='ltr'>quam</span> <span class='ocrx_word' id='word_1_175' title='bbox 430 3089 810 3158; x_wconf 72' lang='lat' dir='ltr'>prasvenimus</span> <span class='ocrx_word' id='word_1_176' title='bbox 852 3094 1172 3148; x_wconf 90' lang='lat' dir='ltr'>veneranda</span> <span class='ocrx_word' id='word_1_177' title='bbox 1213 3095 1564 3154; x_wconf 87' lang='lat' dir='ltr'>sollemnitas</span> <span class='ocrx_word' id='word_1_178' title='bbox 1601 3105 1657 3155; x_wconf 90' lang='lat' dir='ltr'>et</span> <span class='ocrx_word' id='word_1_179' title='bbox 1690 3101 1789 3156; x_wconf 86' lang='lat' dir='ltr'>de-</span> 
     </span>
    </p>
   </div>
   <div class='ocr_carea' id='block_1_34' title="bbox 192 3177 1413 3255">
    <p class='ocr_par' dir='ltr' id='par_1_34' title="bbox 192 3177 1413 3255">
     <span class='ocr_line' id='line_1_34' title="bbox 192 3177 1413 3255; baseline 0.012 -25"><span class='ocrx_word' id='word_1_180' title='bbox 192 3177 437 3233; x_wconf 87' lang='lat' dir='ltr'>votionem</span> <span class='ocrx_word' id='word_1_181' title='bbox 466 3181 628 3236; x_wconf 88' lang='lat' dir='ltr'>nobis</span> <span class='ocrx_word' id='word_1_182' title='bbox 658 3189 883 3255; x_wconf 86' lang='lat' dir='ltr'>augeat,</span> <span class='ocrx_word' id='word_1_183' title='bbox 913 3189 969 3240; x_wconf 92' lang='lat' dir='ltr'>et</span> <span class='ocrx_word' id='word_1_184' title='bbox 992 3187 1258 3244; x_wconf 89' lang='lat' dir='ltr'>salutem.</span> <span class='ocrx_word' id='word_1_185' title='bbox 1290 3191 1413 3244; x_wconf 90' lang='lat' dir='ltr'>Per.</span> 
     </span>
    </p>
   </div>
   <div class='ocr_carea' id='block_1_35' title="bbox 788 3278 1162 3343">
    <p class='ocr_par' dir='ltr' id='par_1_35' title="bbox 788 3278 1162 3343">
     <span class='ocr_line' id='line_1_35' title="bbox 788 3278 1162 3343; baseline 0.008 -17"><span class='ocrx_word' id='word_1_186' title='bbox 788 3278 953 3343; x_wconf 88' lang='lat' dir='ltr'>Super</span> <span class='ocrx_word' id='word_1_187' title='bbox 973 3279 1162 3329; x_wconf 89' lang='lat' dir='ltr'>oblata.</span> 
     </span>
    </p>
   </div>
   <div class='ocr_carea' id='block_1_36' title="bbox 249 3345 1787 3432">
    <p class='ocr_par' dir='ltr' id='par_1_36' title="bbox 249 3345 1787 3432">
     <span class='ocr_line' id='line_1_36' title="bbox 249 3345 1787 3432; baseline 0.011 -32"><span class='ocrx_word' id='word_1_188' title='bbox 249 3345 543 3403; x_wconf 84' lang='lat' dir='ltr'>Muneribus</span> <span class='ocrx_word' id='word_1_189' title='bbox 597 3351 828 3421; x_wconf 88' lang='lat' dir='ltr'>nostris,</span> <span class='ocrx_word' id='word_1_190' title='bbox 883 3353 1143 3423; x_wconf 90' lang='lat' dir='ltr'>Domine,</span> <span class='ocrx_word' id='word_1_191' title='bbox 1189 3358 1367 3412; x_wconf 90' lang='lat' dir='ltr'>sancti</span> <span class='ocrx_word' id='word_1_192' title='bbox 1408 3359 1665 3432; x_wconf 85' lang='lat' dir='ltr'>Martyris</span> <span class='ocrx_word' id='word_1_193' title='bbox 1704 3363 1787 3417; x_wconf 92' lang='lat' dir='ltr'>tui</span> 
     </span>
    </p>
   </div>
   <div class='ocr_carea' id='block_1_37' title="bbox 193 3435 1787 3528">
    <p class='ocr_par' dir='ltr' id='par_1_37' title="bbox 193 3435 1787 3528">
     <span class='ocr_line' id='line_1_37' title="bbox 193 3435 1787 3528; baseline 0.012 -35"><span class='ocrx_word' id='word_1_194' title='bbox 193 3435 307 3494; x_wconf 85' lang='lat' dir='ltr'>festa</span> <span class='ocrx_word' id='word_1_195' title='bbox 332 3443 698 3514; x_wconf 64' lang='lat' dir='ltr'>prmcedimus</span> <span class='ocrx_word' id='word_1_196' title='bbox 715 3462 732 3515; x_wconf 84' lang='lat'><strong>;</strong></span> <span class='ocrx_word' id='word_1_197' title='bbox 762 3450 828 3501; x_wconf 92' lang='lat' dir='ltr'>ut</span> <span class='ocrx_word' id='word_1_198' title='bbox 854 3464 982 3519; x_wconf 83' lang='lat' dir='ltr'>quae</span> <span class='ocrx_word' id='word_1_199' title='bbox 1010 3449 1369 3507; x_wconf 58' lang='lat' dir='ltr'>conscientia</span> <span class='ocrx_word' id='word_1_200' title='bbox 1399 3458 1610 3510; x_wconf 69' lang='lat' dir='ltr'>nostra:</span> <span class='ocrx_word' id='word_1_201' title='bbox 1641 3474 1787 3528; x_wconf 60' lang='lat' dir='ltr'>prm-</span> 
     </span>
    </p>
   </div>
   <div class='ocr_carea' id='block_1_38' title="bbox 192 3533 1784 3622">
    <p class='ocr_par' dir='ltr' id='par_1_38' title="bbox 192 3533 1784 3622">
     <span class='ocr_line' id='line_1_38' title="bbox 192 3533 1784 3622; baseline 0.012 -35"><span class='ocrx_word' id='word_1_202' title='bbox 192 3533 412 3601; x_wconf 84' lang='lat' dir='ltr'>pedimus</span> <span class='ocrx_word' id='word_1_203' title='bbox 435 3536 755 3608; x_wconf 88' lang='lat' dir='ltr'>obstaculis,</span> <span class='ocrx_word' id='word_1_204' title='bbox 783 3540 931 3595; x_wconf 90' lang='lat' dir='ltr'>illius</span> <span class='ocrx_word' id='word_1_205' title='bbox 956 3542 1176 3598; x_wconf 89' lang='lat' dir='ltr'>meritis</span> <span class='ocrx_word' id='word_1_206' title='bbox 1203 3545 1513 3603; x_wconf 88' lang='lat' dir='ltr'>reddantur</span> <span class='ocrx_word' id='word_1_207' title='bbox 1538 3555 1784 3622; x_wconf 88' lang='lat' dir='ltr'>accepta.</span> 
     </span>
    </p>
   </div>
   <div class='ocr_carea' id='block_1_39' title="bbox 193 3624 292 3682">
    <p class='ocr_par' dir='ltr' id='par_1_39' title="bbox 193 3624 292 3682">
     <span class='ocr_line' id='line_1_39' title="bbox 193 3624 292 3682; baseline 0.03 -3"><span class='ocrx_word' id='word_1_208' title='bbox 193 3624 292 3682; x_wconf 85' lang='lat' dir='ltr'>Per.</span> 
     </span>
    </p>
   </div>
   <div class='ocr_carea' id='block_1_40' title="bbox 248 3722 1784 3806">
    <p class='ocr_par' dir='ltr' id='par_1_40' title="bbox 248 3722 1784 3806">
     <span class='ocr_line' id='line_1_40' title="bbox 248 3722 1784 3806; baseline 0.012 -31"><span class='ocrx_word' id='word_1_209' title='bbox 248 3722 446 3795; x_wconf 82' lang='lat' dir='ltr'>Adesto,</span> <span class='ocrx_word' id='word_1_210' title='bbox 490 3726 752 3796; x_wconf 89' lang='lat' dir='ltr'>Domine,</span> <span class='ocrx_word' id='word_1_211' title='bbox 789 3728 1296 3803; x_wconf 86' lang='lat' dir='ltr'>supplicationibus</span> <span class='ocrx_word' id='word_1_212' title='bbox 1335 3735 1564 3806; x_wconf 88' lang='lat' dir='ltr'>nostris,</span> <span class='ocrx_word' id='word_1_213' title='bbox 1607 3741 1663 3792; x_wconf 90' lang='lat' dir='ltr'>et</span> <span class='ocrx_word' id='word_1_214' title='bbox 1696 3738 1784 3794; x_wconf 91' lang='lat' dir='ltr'>in-</span> 
     </span>
    </p>
   </div>
   <div class='ocr_carea' id='block_1_41' title="bbox 192 3816 1787 3905">
    <p class='ocr_par' dir='ltr' id='par_1_41' title="bbox 192 3816 1787 3905">
     <span class='ocr_line' id='line_1_41' title="bbox 192 3816 1787 3905; baseline 0.013 -37"><span class='ocrx_word' id='word_1_215' title='bbox 192 3816 470 3875; x_wconf 85' lang='lat' dir='ltr'>tercedente</span> <span class='ocrx_word' id='word_1_216' title='bbox 492 3820 737 3893; x_wconf 75' lang='lat' dir='ltr'>Martyre</span> <span class='ocrx_word' id='word_1_217' title='bbox 758 3826 855 3877; x_wconf 92' lang='lat' dir='ltr'>tuo</span> <span class='ocrx_word' id='word_1_218' title='bbox 880 3824 949 3878; x_wconf 90' lang='lat' dir='ltr'>ab</span> <span class='ocrx_word' id='word_1_219' title='bbox 976 3824 1228 3881; x_wconf 89' lang='lat' dir='ltr'>hostium</span> <span class='ocrx_word' id='word_1_220' title='bbox 1260 3845 1366 3882; x_wconf 90' lang='lat' dir='ltr'>nos</span> <span class='ocrx_word' id='word_1_221' title='bbox 1396 3830 1632 3887; x_wconf 88' lang='lat' dir='ltr'>defende</span> <span class='ocrx_word' id='word_1_222' title='bbox 1656 3850 1787 3905; x_wconf 91' lang='lat' dir='ltr'>pro-</span> 
     </span>
    </p>
   </div>
   <div class='ocr_carea' id='block_1_42' title="bbox 191 3906 1782 3997">
    <p class='ocr_par' dir='ltr' id='par_1_42' title="bbox 191 3906 1782 3997">
     <span class='ocr_line' id='line_1_42' title="bbox 191 3906 1782 3997; baseline 0.013 -35"><span class='ocrx_word' id='word_1_223' title='bbox 191 3906 383 3977; x_wconf 85' lang='lat' dir='ltr'>pitiatus</span> <span class='ocrx_word' id='word_1_224' title='bbox 407 3913 670 3984; x_wconf 90' lang='lat' dir='ltr'>incursu;</span> <span class='ocrx_word' id='word_1_225' title='bbox 699 3920 766 3971; x_wconf 90' lang='lat' dir='ltr'>ut</span> <span class='ocrx_word' id='word_1_226' title='bbox 791 3933 1031 3973; x_wconf 85' lang='lat' dir='ltr'>munera</span> <span class='ocrx_word' id='word_1_227' title='bbox 1058 3924 1251 3975; x_wconf 88' lang='lat' dir='ltr'>nostra</span> <span class='ocrx_word' id='word_1_228' title='bbox 1288 3926 1667 3997; x_wconf 88' lang='lat' dir='ltr'>commendet,</span> <span class='ocrx_word' id='word_1_229' title='bbox 1698 3932 1782 3982; x_wconf 89' lang='lat' dir='ltr'>at-</span> 
     </span>
    </p>
   </div>
   <div class='ocr_carea' id='block_1_43' title="bbox 193 4004 1786 4087">
    <p class='ocr_par' dir='ltr' id='par_1_43' title="bbox 193 4004 1786 4087">
     <span class='ocr_line' id='line_1_43' title="bbox 193 4004 1786 4087; baseline 0.012 -29"><span class='ocrx_word' id='word_1_230' title='bbox 193 4015 280 4071; x_wconf 87' lang='lat' dir='ltr'>que</span> <span class='ocrx_word' id='word_1_231' title='bbox 316 4004 374 4059; x_wconf 76' lang='lat' dir='ltr'>in</span> <span class='ocrx_word' id='word_1_232' title='bbox 417 4007 535 4079; x_wconf 87' lang='lat' dir='ltr'>ejus</span> <span class='ocrx_word' id='word_1_233' title='bbox 585 4010 947 4066; x_wconf 72' lang='lat' dir='ltr'>veneratione</span> <span class='ocrx_word' id='word_1_234' title='bbox 1000 4018 1113 4068; x_wconf 66' lang='lat' dir='ltr'>tum.</span> <span class='ocrx_word' id='word_1_235' title='bbox 1166 4015 1436 4087; x_wconf 88' lang='lat' dir='ltr'>Majestati</span> <span class='ocrx_word' id='word_1_236' title='bbox 1477 4019 1786 4077; x_wconf 89' lang='lat' dir='ltr'>reddantur</span> 
     </span>
    </p>
   </div>
   <div class='ocr_carea' id='block_1_44' title="bbox 195 4103 721 4169">
    <p class='ocr_par' dir='ltr' id='par_1_44' title="bbox 195 4103 721 4169">
     <span class='ocr_line' id='line_1_44' title="bbox 195 4103 721 4169; baseline 0.025 -23"><span class='ocrx_word' id='word_1_237' title='bbox 195 4103 405 4169; x_wconf 80' lang='lat' dir='ltr'>accepta.</span> <span class='ocrx_word' id='word_1_238' title='bbox 431 4103 532 4157; x_wconf 90' lang='lat' dir='ltr'>Per</span> <span class='ocrx_word' id='word_1_239' title='bbox 560 4103 721 4158; x_wconf 91' lang='lat' dir='ltr'>Dom.</span> 
     </span>
    </p>
   </div>
   <div class='ocr_carea' id='block_1_45' title="bbox 248 4188 1780 4276">
    <p class='ocr_par' dir='ltr' id='par_1_45' title="bbox 248 4188 1780 4276">
     <span class='ocr_line' id='line_1_45' title="bbox 248 4188 1780 4276; baseline 0.012 -30"><span class='ocrx_word' id='word_1_240' title='bbox 248 4188 366 4247; x_wconf 81' lang='lat' dir='ltr'>Vere</span> <span class='ocrx_word' id='word_1_241' title='bbox 391 4194 628 4266; x_wconf 87' lang='lat' dir='ltr'>dignum</span> <span class='ocrx_word' id='word_1_242' title='bbox 655 4202 711 4252; x_wconf 90' lang='lat' dir='ltr'>et</span> <span class='ocrx_word' id='word_1_243' title='bbox 729 4198 950 4269; x_wconf 88' lang='lat' dir='ltr'>justum</span> <span class='ocrx_word' id='word_1_244' title='bbox 989 4206 1090 4271; x_wconf 84' lang='lat' dir='ltr'>est,</span> <span class='ocrx_word' id='word_1_245' title='bbox 1142 4220 1371 4276; x_wconf 84' lang='lat' dir='ltr'>aequum</span> <span class='ocrx_word' id='word_1_246' title='bbox 1409 4210 1465 4261; x_wconf 91' lang='lat' dir='ltr'>et</span> <span class='ocrx_word' id='word_1_247' title='bbox 1513 4207 1780 4266; x_wconf 86' lang='lat' dir='ltr'>salutare.</span> 
     </span>
    </p>
   </div>
   <div class='ocr_carea' id='block_1_46' title="bbox 192 4280 1785 4371">
    <p class='ocr_par' dir='ltr' id='par_1_46' title="bbox 192 4280 1785 4371">
     <span class='ocr_line' id='line_1_46' title="bbox 192 4280 1785 4371; baseline 0.013 -32"><span class='ocrx_word' id='word_1_248' title='bbox 192 4280 276 4344; x_wconf 82' lang='lat' dir='ltr'>Qui</span> <span class='ocrx_word' id='word_1_249' title='bbox 297 4302 400 4342; x_wconf 90' lang='lat' dir='ltr'>non</span> <span class='ocrx_word' id='word_1_250' title='bbox 428 4290 611 4346; x_wconf 90' lang='lat' dir='ltr'>solum</span> <span class='ocrx_word' id='word_1_251' title='bbox 640 4292 802 4347; x_wconf 90' lang='lat' dir='ltr'>malis</span> <span class='ocrx_word' id='word_1_252' title='bbox 820 4294 1024 4349; x_wconf 89' lang='lat' dir='ltr'>nostris</span> <span class='ocrx_word' id='word_1_253' title='bbox 1050 4295 1199 4351; x_wconf 91' lang='lat' dir='ltr'>bona</span> <span class='ocrx_word' id='word_1_254' title='bbox 1240 4299 1530 4371; x_wconf 88' lang='lat' dir='ltr'>retribuis,</span> <span class='ocrx_word' id='word_1_255' title='bbox 1581 4304 1679 4358; x_wconf 90' lang='lat' dir='ltr'>sed</span> <span class='ocrx_word' id='word_1_256' title='bbox 1722 4309 1785 4359; x_wconf 91' lang='lat' dir='ltr'>ut</span> 
     </span>
    </p>
   </div>
   <div class='ocr_carea' id='block_1_47' title="bbox 194 4374 1783 4467">
    <p class='ocr_par' dir='ltr' id='par_1_47' title="bbox 194 4374 1783 4467">
     <span class='ocr_line' id='line_1_47' title="bbox 194 4374 1783 4467; baseline 0.013 -36"><span class='ocrx_word' id='word_1_257' title='bbox 194 4374 373 4434; x_wconf 86' lang='lat' dir='ltr'>miseris</span> <span class='ocrx_word' id='word_1_258' title='bbox 398 4382 655 4439; x_wconf 87' lang='lat' dir='ltr'>uberiora</span> <span class='ocrx_word' id='word_1_259' title='bbox 675 4386 821 4441; x_wconf 91' lang='lat' dir='ltr'>dona</span> <span class='ocrx_word' id='word_1_260' title='bbox 846 4389 1140 4460; x_wconf 86' lang='lat' dir='ltr'>concedas,</span> <span class='ocrx_word' id='word_1_261' title='bbox 1171 4391 1266 4463; x_wconf 88' lang='lat' dir='ltr'>qui</span> <span class='ocrx_word' id='word_1_262' title='bbox 1296 4393 1464 4466; x_wconf 82' lang='lat' dir='ltr'>digne</span> <span class='ocrx_word' id='word_1_263' title='bbox 1486 4412 1589 4467; x_wconf 90' lang='lat' dir='ltr'>pro</span> <span class='ocrx_word' id='word_1_264' title='bbox 1617 4397 1783 4452; x_wconf 90' lang='lat' dir='ltr'>nobis</span> 
     </span>
    </p>
   </div>
   <div class='ocr_carea' id='block_1_48' title="bbox 194 4473 1783 4561">
    <p class='ocr_par' dir='ltr' id='par_1_48' title="bbox 194 4473 1783 4561">
     <span class='ocr_line' id='line_1_48' title="bbox 194 4473 1783 4561; baseline 0.014 -39"><span class='ocrx_word' id='word_1_265' title='bbox 194 4478 382 4538; x_wconf 86' lang='lat' dir='ltr'>possent</span> <span class='ocrx_word' id='word_1_266' title='bbox 405 4473 771 4546; x_wconf 88' lang='lat' dir='ltr'>intercedere,</span> <span class='ocrx_word' id='word_1_267' title='bbox 795 4482 1098 4561; x_wconf 86' lang='lat' dir='ltr'>contulisti,</span> <span class='ocrx_word' id='word_1_268' title='bbox 1129 4488 1193 4539; x_wconf 89' lang='lat' dir='ltr'>ut</span> <span class='ocrx_word' id='word_1_269' title='bbox 1219 4486 1374 4557; x_wconf 88' lang='lat' dir='ltr'>quod</span> <span class='ocrx_word' id='word_1_270' title='bbox 1396 4493 1588 4543; x_wconf 88' lang='lat' dir='ltr'>nostra</span> <span class='ocrx_word' id='word_1_271' title='bbox 1608 4490 1783 4545; x_wconf 87' lang='lat' dir='ltr'>scien-</span> 
     </span>
    </p>
   </div>
   <div class='ocr_carea' id='block_1_49' title="bbox 1910 542 3545 626">
    <p class='ocr_par' dir='ltr' id='par_1_49' title="bbox 1910 542 3545 626">
     <span class='ocr_line' id='line_1_49' title="bbox 1910 542 3545 626; baseline 0.009 -31"><span class='ocrx_word' id='word_1_272' title='bbox 1910 543 1988 611; x_wconf 90' lang='lat' dir='ltr'>te,</span> <span class='ocrx_word' id='word_1_273' title='bbox 2019 542 2290 617; x_wconf 83' lang='lat' dir='ltr'>gerimus,</span> <span class='ocrx_word' id='word_1_274' title='bbox 2321 545 2508 617; x_wconf 83' lang='lat' dir='ltr'>dignis</span> <span class='ocrx_word' id='word_1_275' title='bbox 2534 549 2788 605; x_wconf 89' lang='lat' dir='ltr'>sensibus</span> <span class='ocrx_word' id='word_1_276' title='bbox 2822 555 2920 607; x_wconf 86' lang='lat' dir='ltr'>tuo</span> <span class='ocrx_word' id='word_1_277' title='bbox 2950 568 3187 608; x_wconf 89' lang='lat' dir='ltr'>munere</span> <span class='ocrx_word' id='word_1_278' title='bbox 3232 554 3545 626; x_wconf 87' lang='lat' dir='ltr'>capiamus.</span> 
     </span>
    </p>
   </div>
   <div class='ocr_carea' id='block_1_50' title="bbox 1909 636 2642 699">
    <p class='ocr_par' dir='ltr' id='par_1_50' title="bbox 1909 636 2642 699">
     <span class='ocr_line' id='line_1_50' title="bbox 1909 636 2642 699; baseline 0.012 -10"><span class='ocrx_word' id='word_1_279' title='bbox 1909 636 2015 691; x_wconf 88' lang='lat' dir='ltr'>Per</span> <span class='ocrx_word' id='word_1_280' title='bbox 2034 636 2338 694; x_wconf 90' lang='lat' dir='ltr'>Dominum</span> <span class='ocrx_word' id='word_1_281' title='bbox 2362 644 2642 699; x_wconf 87' lang='lat' dir='ltr'>nostrum.</span> 
     </span>
    </p>
   </div>
   <div class='ocr_carea' id='block_1_51' title="bbox 2281 744 3168 805">
    <p class='ocr_par' dir='ltr' id='par_1_51' title="bbox 2281 744 3168 805">
     <span class='ocr_line' id='line_1_51' title="bbox 2281 744 3168 805; baseline 0.01 -9"><span class='ocrx_word' id='word_1_282' title='bbox 2281 744 2436 798; x_wconf 82' lang='lat' dir='ltr'><strong>XVII.</strong></span> <span class='ocrx_word' id='word_1_283' title='bbox 2477 762 2601 800; x_wconf 75' lang='lat' dir='ltr'>neu</span> <span class='ocrx_word' id='word_1_284' title='bbox 2642 763 2709 800; x_wconf 75' lang='lat' dir='ltr'>ne</span> <span class='ocrx_word' id='word_1_285' title='bbox 2751 764 2861 803; x_wconf 72' lang='lat' dir='ltr'>uno</span> <span class='ocrx_word' id='word_1_286' title='bbox 2901 765 3168 805; x_wconf 68' lang='lat' dir='ltr'>narras.</span> 
     </span>
    </p>
   </div>
   <div class='ocr_carea' id='block_1_52' title="bbox 1985 840 3550 920">
    <p class='ocr_par' dir='ltr' id='par_1_52' title="bbox 1985 840 3550 920">
     <span class='ocr_line' id='line_1_52' title="bbox 1985 840 3550 920; baseline 0.012 -26"><span class='ocrx_word' id='word_1_287' title='bbox 1985 840 2353 914; x_wconf 88' lang='lat' dir='ltr'>Omnipotens</span> <span class='ocrx_word' id='word_1_288' title='bbox 2408 848 2752 919; x_wconf 83' lang='lat' dir='ltr'>sempiterno</span> <span class='ocrx_word' id='word_1_289' title='bbox 2804 852 2973 920; x_wconf 91' lang='lat' dir='ltr'>Deus,</span> <span class='ocrx_word' id='word_1_290' title='bbox 3017 852 3288 908; x_wconf 84' lang='lat' dir='ltr'>fortitudo</span> <span class='ocrx_word' id='word_1_291' title='bbox 3334 859 3550 911; x_wconf 87' lang='lat' dir='ltr'>certan-</span> 
     </span>
    </p>
   </div>
   <div class='ocr_carea' id='block_1_53' title="bbox 1906 932 3546 1012">
    <p class='ocr_par' dir='ltr' id='par_1_53' title="bbox 1906 932 3546 1012">
     <span class='ocr_line' id='line_1_53' title="bbox 1906 932 3546 1012; baseline 0.011 -25"><span class='ocrx_word' id='word_1_292' title='bbox 1906 932 2069 1003; x_wconf 89' lang='lat' dir='ltr'>tium,</span> <span class='ocrx_word' id='word_1_293' title='bbox 2106 941 2163 990; x_wconf 90' lang='lat' dir='ltr'>et</span> <span class='ocrx_word' id='word_1_294' title='bbox 2195 937 2501 1009; x_wconf 84' lang='lat' dir='ltr'>Martyrum</span> <span class='ocrx_word' id='word_1_295' title='bbox 2549 943 2755 1012; x_wconf 89' lang='lat' dir='ltr'>palma,</span> <span class='ocrx_word' id='word_1_296' title='bbox 2804 945 3247 1002; x_wconf 88' lang='lat' dir='ltr'>sollemnitatem</span> <span class='ocrx_word' id='word_1_297' title='bbox 3284 948 3546 1004; x_wconf 88' lang='lat' dir='ltr'>hodierni</span> 
     </span>
    </p>
   </div>
   <div class='ocr_carea' id='block_1_54' title="bbox 1904 1026 3543 1103">
    <p class='ocr_par' dir='ltr' id='par_1_54' title="bbox 1904 1026 3543 1103">
     <span class='ocr_line' id='line_1_54' title="bbox 1904 1026 3543 1103; baseline 0.01 -23"><span class='ocrx_word' id='word_1_298' title='bbox 1904 1026 2014 1081; x_wconf 92' lang='lat' dir='ltr'>diei</span> <span class='ocrx_word' id='word_1_299' title='bbox 2042 1030 2320 1099; x_wconf 88' lang='lat' dir='ltr'>propitius</span> <span class='ocrx_word' id='word_1_300' title='bbox 2360 1031 2601 1103; x_wconf 89' lang='lat' dir='ltr'>intuere,</span> <span class='ocrx_word' id='word_1_301' title='bbox 2646 1041 2703 1090; x_wconf 87' lang='lat' dir='ltr'>et</span> <span class='ocrx_word' id='word_1_302' title='bbox 2738 1038 3038 1093; x_wconf 89' lang='lat' dir='ltr'>Ecclesiam</span> <span class='ocrx_word' id='word_1_303' title='bbox 3084 1045 3241 1095; x_wconf 90' lang='lat' dir='ltr'>tuam</span> <span class='ocrx_word' id='word_1_304' title='bbox 3276 1043 3543 1097; x_wconf 90' lang='lat' dir='ltr'>continua</span> 
     </span>
    </p>
   </div>
   <div class='ocr_carea' id='block_1_55' title="bbox 1901 1119 3542 1207">
    <p class='ocr_par' dir='ltr' id='par_1_55' title="bbox 1901 1119 3542 1207">
     <span class='ocr_line' id='line_1_55' title="bbox 1901 1119 3542 1207; baseline 0.01 -34"><span class='ocrx_word' id='word_1_305' title='bbox 1901 1119 1987 1174; x_wconf 84' lang='lat' dir='ltr'>fac</span> <span class='ocrx_word' id='word_1_306' title='bbox 2006 1121 2326 1178; x_wconf 88' lang='lat' dir='ltr'>celebritate</span> <span class='ocrx_word' id='word_1_307' title='bbox 2355 1124 2553 1195; x_wconf 72' lang='lat' dir='ltr'>laztari,</span> <span class='ocrx_word' id='word_1_308' title='bbox 2579 1132 2635 1182; x_wconf 90' lang='lat' dir='ltr'>et</span> <span class='ocrx_word' id='word_1_309' title='bbox 2654 1128 3053 1186; x_wconf 90' lang='lat' dir='ltr'>intercessione</span> <span class='ocrx_word' id='word_1_310' title='bbox 3094 1133 3246 1188; x_wconf 86' lang='lat' dir='ltr'>beati</span> <span class='ocrx_word' id='word_1_311' title='bbox 3286 1136 3542 1207; x_wconf 83' lang='lat' dir='ltr'>Martyris</span> 
     </span>
    </p>
   </div>
   <div class='ocr_carea' id='block_1_56' title="bbox 1901 1215 3336 1296">
    <p class='ocr_par' dir='ltr' id='par_1_56' title="bbox 1901 1215 3336 1296">
     <span class='ocr_line' id='line_1_56' title="bbox 1901 1215 3336 1296; baseline 0.011 -29"><span class='ocrx_word' id='word_1_312' title='bbox 1901 1215 1985 1268; x_wconf 92' lang='lat' dir='ltr'>tui</span> <span class='ocrx_word' id='word_1_313' title='bbox 2010 1216 2268 1271; x_wconf 90' lang='lat' dir='ltr'>omnium</span> <span class='ocrx_word' id='word_1_314' title='bbox 2292 1222 2347 1272; x_wconf 90' lang='lat' dir='ltr'>te</span> <span class='ocrx_word' id='word_1_315' title='bbox 2375 1220 2729 1277; x_wconf 87' lang='lat' dir='ltr'>credentium</span> <span class='ocrx_word' id='word_1_316' title='bbox 2753 1228 2880 1279; x_wconf 85' lang='lat' dir='ltr'>vota</span> <span class='ocrx_word' id='word_1_317' title='bbox 2906 1226 3183 1296; x_wconf 75' lang='lat' dir='ltr'>perﬁcies.</span> <span class='ocrx_word' id='word_1_318' title='bbox 3211 1228 3336 1283; x_wconf 90' lang='lat' dir='ltr'>Per.</span> 
     </span>
    </p>
   </div>
   <div class='ocr_carea' id='block_1_57' title="bbox 1972 1314 3539 1396">
    <p class='ocr_par' dir='ltr' id='par_1_57' title="bbox 1972 1314 3539 1396">
     <span class='ocr_line' id='line_1_57' title="bbox 1972 1314 3539 1396; baseline 0.01 -30"><span class='ocrx_word' id='word_1_319' title='bbox 1972 1314 2198 1383; x_wconf 70' lang='lat' dir='ltr'>Prmsta,</span> <span class='ocrx_word' id='word_1_320' title='bbox 2216 1331 2564 1387; x_wconf 61' lang='lat' dir='ltr'>quaesumus,</span> <span class='ocrx_word' id='word_1_321' title='bbox 2585 1319 2816 1376; x_wconf 87' lang='lat' dir='ltr'>Domine</span> <span class='ocrx_word' id='word_1_322' title='bbox 2831 1321 3013 1396; x_wconf 75' lang='grc'>321</span> <span class='ocrx_word' id='word_1_323' title='bbox 3039 1326 3210 1393; x_wconf 90' lang='lat' dir='ltr'>Deus,</span> <span class='ocrx_word' id='word_1_324' title='bbox 3228 1328 3291 1379; x_wconf 88' lang='lat' dir='ltr'>ut</span> <span class='ocrx_word' id='word_1_325' title='bbox 3303 1326 3539 1382; x_wconf 89' lang='lat' dir='ltr'>interce-</span> 
     </span>
    </p>
   </div>
   <div class='ocr_carea' id='block_1_58' title="bbox 1899 1409 3536 1487">
    <p class='ocr_par' dir='ltr' id='par_1_58' title="bbox 1899 1409 3536 1487">
     <span class='ocr_line' id='line_1_58' title="bbox 1899 1409 3536 1487; baseline 0.009 -23"><span class='ocrx_word' id='word_1_326' title='bbox 1899 1409 2065 1466; x_wconf 90' lang='lat' dir='ltr'>dente</span> <span class='ocrx_word' id='word_1_327' title='bbox 2091 1411 2260 1467; x_wconf 87' lang='lat' dir='ltr'>bcato</span> <span class='ocrx_word' id='word_1_328' title='bbox 2292 1415 2530 1487; x_wconf 78' lang='lat' dir='ltr'>Martyre</span> <span class='ocrx_word' id='word_1_329' title='bbox 2559 1421 2678 1487; x_wconf 90' lang='lat' dir='ltr'>tuo,</span> <span class='ocrx_word' id='word_1_330' title='bbox 2717 1424 2772 1474; x_wconf 91' lang='lat' dir='ltr'>et</span> <span class='ocrx_word' id='word_1_331' title='bbox 2796 1436 2828 1473; x_wconf 88' lang='lat' dir='ltr'>a</span> <span class='ocrx_word' id='word_1_332' title='bbox 2853 1422 3068 1477; x_wconf 88' lang='lat' dir='ltr'>cunctis</span> <span class='ocrx_word' id='word_1_333' title='bbox 3110 1424 3536 1479; x_wconf 85' lang='lat' dir='ltr'>adversantibus</span> 
     </span>
    </p>
   </div>
   <div class='ocr_carea' id='block_1_59' title="bbox 1898 1504 3537 1586">
    <p class='ocr_par' dir='ltr' id='par_1_59' title="bbox 1898 1504 3537 1586">
     <span class='ocr_line' id='line_1_59' title="bbox 1898 1504 3537 1586; baseline 0.01 -29"><span class='ocrx_word' id='word_1_334' title='bbox 1898 1504 2227 1560; x_wconf 89' lang='lat' dir='ltr'>muniamur</span> <span class='ocrx_word' id='word_1_335' title='bbox 2266 1506 2325 1561; x_wconf 86' lang='lat' dir='ltr'>in</span> <span class='ocrx_word' id='word_1_336' title='bbox 2369 1525 2622 1580; x_wconf 89' lang='lat' dir='ltr'>corpore,</span> <span class='ocrx_word' id='word_1_337' title='bbox 2670 1516 2726 1566; x_wconf 87' lang='lat' dir='ltr'>et</span> <span class='ocrx_word' id='word_1_338' title='bbox 2774 1530 2808 1565; x_wconf 89' lang='lat' dir='ltr'>a</span> <span class='ocrx_word' id='word_1_339' title='bbox 2858 1515 3045 1585; x_wconf 88' lang='lat' dir='ltr'>pravis</span> <span class='ocrx_word' id='word_1_340' title='bbox 3099 1517 3537 1586; x_wconf 81' lang='lat' dir='ltr'>cogitationibus</span> 
     </span>
    </p>
   </div>
   <div class='ocr_carea' id='block_1_60' title="bbox 1897 1598 3320 1665">
    <p class='ocr_par' dir='ltr' id='par_1_60' title="bbox 1897 1598 3320 1665">
     <span class='ocr_line' id='line_1_60' title="bbox 1897 1598 3320 1665; baseline 0.011 -15"><span class='ocrx_word' id='word_1_341' title='bbox 1897 1598 2247 1653; x_wconf 87' lang='lat' dir='ltr'>mundemur</span> <span class='ocrx_word' id='word_1_342' title='bbox 2268 1599 2325 1653; x_wconf 91' lang='lat' dir='ltr'>in</span> <span class='ocrx_word' id='word_1_343' title='bbox 2352 1602 2539 1657; x_wconf 90' lang='lat' dir='ltr'>corde.</span> <span class='ocrx_word' id='word_1_344' title='bbox 2572 1605 2679 1658; x_wconf 89' lang='lat' dir='ltr'>Per</span> <span class='ocrx_word' id='word_1_345' title='bbox 2706 1606 3018 1663; x_wconf 91' lang='lat' dir='ltr'>Dominum</span> <span class='ocrx_word' id='word_1_346' title='bbox 3043 1614 3320 1665; x_wconf 91' lang='lat' dir='ltr'>nostrum.</span> 
     </span>
    </p>
   </div>
   <div class='ocr_carea' id='block_1_61' title="bbox 1967 1692 3539 1776">
    <p class='ocr_par' dir='ltr' id='par_1_61' title="bbox 1967 1692 3539 1776">
     <span class='ocr_line' id='line_1_61' title="bbox 1967 1692 3539 1776; baseline 0.011 -33"><span class='ocrx_word' id='word_1_347' title='bbox 1967 1692 2137 1745; x_wconf 84' lang='lat' dir='ltr'>Grata</span> <span class='ocrx_word' id='word_1_348' title='bbox 2173 1693 2275 1747; x_wconf 88' lang='lat' dir='ltr'>tibi</span> <span class='ocrx_word' id='word_1_349' title='bbox 2324 1696 2438 1750; x_wconf 88' lang='lat' dir='ltr'>sint</span> <span class='ocrx_word' id='word_1_350' title='bbox 2476 1713 2718 1752; x_wconf 89' lang='lat' dir='ltr'>munera</span> <span class='ocrx_word' id='word_1_351' title='bbox 2760 1705 2951 1755; x_wconf 90' lang='lat' dir='ltr'>nostra</span> <span class='ocrx_word' id='word_1_352' title='bbox 2974 1745 2989 1768; x_wconf 92' lang='lat'>,</span> <span class='ocrx_word' id='word_1_353' title='bbox 3028 1702 3287 1773; x_wconf 89' lang='lat' dir='ltr'>Domine,</span> <span class='ocrx_word' id='word_1_354' title='bbox 3330 1721 3456 1776; x_wconf 78' lang='lat' dir='ltr'>quae</span> <span class='ocrx_word' id='word_1_355' title='bbox 3482 1712 3539 1761; x_wconf 91' lang='lat' dir='ltr'>et</span> 
     </span>
    </p>
   </div>
   <div class='ocr_carea' id='block_1_62' title="bbox 1895 1784 3536 1868">
    <p class='ocr_par' dir='ltr' id='par_1_62' title="bbox 1895 1784 3536 1868">
     <span class='ocr_line' id='line_1_62' title="bbox 1895 1784 3536 1868; baseline 0.01 -31"><span class='ocrx_word' id='word_1_356' title='bbox 1895 1784 1978 1837; x_wconf 90' lang='lat' dir='ltr'>tui</span> <span class='ocrx_word' id='word_1_357' title='bbox 2024 1790 2155 1839; x_wconf 92' lang='lat' dir='ltr'>sunt</span> <span class='ocrx_word' id='word_1_358' title='bbox 2194 1785 2451 1842; x_wconf 89' lang='lat' dir='ltr'>instituta</span> <span class='ocrx_word' id='word_1_359' title='bbox 2493 1791 2811 1863; x_wconf 66' lang='lat' dir='ltr'>praeceptis,</span> <span class='ocrx_word' id='word_1_360' title='bbox 2857 1797 2912 1848; x_wconf 92' lang='lat' dir='ltr'>et</span> <span class='ocrx_word' id='word_1_361' title='bbox 2955 1795 3105 1849; x_wconf 90' lang='lat' dir='ltr'>beati</span> <span class='ocrx_word' id='word_1_362' title='bbox 3152 1797 3409 1868; x_wconf 82' lang='lat' dir='ltr'>Martyris</span> <span class='ocrx_word' id='word_1_363' title='bbox 3451 1799 3536 1853; x_wconf 91' lang='lat' dir='ltr'>tui</span> 
     </span>
    </p>
   </div>
   <div class='ocr_carea' id='block_1_63' title="bbox 1818 1843 3328 1951">
    <p class='ocr_par' dir='ltr' id='par_1_63' title="bbox 1818 1843 3328 1951">
     <span class='ocr_line' id='line_1_63' title="bbox 2493 1843 3316 1868; baseline 0.009 -7"><span class='ocrx_word' id='word_1_364' title='bbox 2493 1843 2514 1860; x_wconf 70' lang='grc' dir='ltr'>ι</span> <span class='ocrx_word' id='word_1_365' title='bbox 2599 1843 2709 1863; x_wconf 60' lang='lat'>&quot;‘1&#39;</span> <span class='ocrx_word' id='word_1_366' title='bbox 2728 1843 2811 1861; x_wconf 55' lang='grc' dir='ltr'>π’)</span> <span class='ocrx_word' id='word_1_367' title='bbox 2862 1843 2910 1848; x_wconf 62' lang='grc'>’⁷</span> <span class='ocrx_word' id='word_1_368' title='bbox 2955 1843 3105 1849; x_wconf 72' lang='grc'><strong><em>’”“““⁷“““</em></strong></span> <span class='ocrx_word' id='word_1_369' title='bbox 3152 1843 3316 1868; x_wconf 72' lang='grc' dir='ltr'>”“”””ι1</span> 
     </span>
     <span class='ocr_line' id='line_1_64' title="bbox 1818 1843 3328 1951; baseline 0.011 -22"><span class='ocrx_word' id='word_1_370' title='bbox 1818 1843 1874 1914; x_wconf 78' lang='grc' dir='ltr'><strong>Β</strong></span> <span class='ocrx_word' id='word_1_371' title='bbox 1896 1875 2165 1932; x_wconf 83' lang='lat' dir='ltr'>festivitas</span> <span class='ocrx_word' id='word_1_372' title='bbox 2193 1880 2437 1951; x_wconf 86' lang='lat' dir='ltr'>gloriosa</span> <span class='ocrx_word' id='word_1_373' title='bbox 2466 1885 2844 1940; x_wconf 88' lang='lat' dir='ltr'>commendat.</span> <span class='ocrx_word' id='word_1_374' title='bbox 2873 1888 2979 1941; x_wconf 91' lang='lat' dir='ltr'>Per</span> <span class='ocrx_word' id='word_1_375' title='bbox 3006 1889 3328 1946; x_wconf 90' lang='lat' dir='ltr'>Dominum.</span> 
     </span>
    </p>
   </div>
   <div class='ocr_carea' id='block_1_64' title="bbox 1967 1970 3534 2053">
    <p class='ocr_par' dir='ltr' id='par_1_64' title="bbox 1967 1970 3534 2053">
     <span class='ocr_line' id='line_1_65' title="bbox 1967 1970 3534 2053; baseline 0.011 -29"><span class='ocrx_word' id='word_1_376' title='bbox 1967 1970 2216 2042; x_wconf 89' lang='lat' dir='ltr'>Suscipe,</span> <span class='ocrx_word' id='word_1_377' title='bbox 2236 1973 2499 2045; x_wconf 90' lang='lat' dir='ltr'>Domine,</span> <span class='ocrx_word' id='word_1_378' title='bbox 2530 1977 2873 2033; x_wconf 82' lang='lat' dir='ltr'>sacriﬁcium</span> <span class='ocrx_word' id='word_1_379' title='bbox 2899 1979 3233 2050; x_wconf 89' lang='lat' dir='ltr'>placationis</span> <span class='ocrx_word' id='word_1_380' title='bbox 3260 1987 3317 2036; x_wconf 90' lang='lat' dir='ltr'>et</span> <span class='ocrx_word' id='word_1_381' title='bbox 3333 1983 3534 2053; x_wconf 90' lang='lat' dir='ltr'>laudis,</span> 
     </span>
    </p>
   </div>
   <div class='ocr_carea' id='block_1_65' title="bbox 1895 2064 3532 2148">
    <p class='ocr_par' dir='ltr' id='par_1_65' title="bbox 1895 2064 3532 2148">
     <span class='ocr_line' id='line_1_66' title="bbox 1895 2064 3532 2148; baseline 0.01 -32"><span class='ocrx_word' id='word_1_382' title='bbox 1895 2064 2047 2134; x_wconf 90' lang='lat' dir='ltr'>quod</span> <span class='ocrx_word' id='word_1_383' title='bbox 2072 2081 2195 2134; x_wconf 91' lang='lat' dir='ltr'>nos,</span> <span class='ocrx_word' id='word_1_384' title='bbox 2228 2066 2640 2124; x_wconf 85' lang='lat' dir='ltr'>interveniente</span> <span class='ocrx_word' id='word_1_385' title='bbox 2680 2076 2873 2125; x_wconf 89' lang='lat' dir='ltr'>sancto</span> <span class='ocrx_word' id='word_1_386' title='bbox 2900 2074 3139 2144; x_wconf 89' lang='lat' dir='ltr'>Martyre</span> <span class='ocrx_word' id='word_1_387' title='bbox 3169 2080 3286 2144; x_wconf 89' lang='lat' dir='ltr'>tuo,</span> <span class='ocrx_word' id='word_1_388' title='bbox 3317 2081 3374 2132; x_wconf 90' lang='lat' dir='ltr'>et</span> <span class='ocrx_word' id='word_1_389' title='bbox 3401 2094 3532 2148; x_wconf 89' lang='lat' dir='ltr'>per-</span> 
     </span>
    </p>
   </div>
   <div class='ocr_carea' id='block_1_66' title="bbox 1895 2156 3535 2238">
    <p class='ocr_par' dir='ltr' id='par_1_66' title="bbox 1895 2156 3535 2238">
     <span class='ocr_line' id='line_1_67' title="bbox 1895 2156 3535 2238; baseline 0.01 -29"><span class='ocrx_word' id='word_1_390' title='bbox 1895 2156 2062 2210; x_wconf 89' lang='lat' dir='ltr'>ducat</span> <span class='ocrx_word' id='word_1_391' title='bbox 2103 2157 2243 2213; x_wconf 92' lang='lat' dir='ltr'>ad...</span> <span class='ocrx_word' id='word_1_392' title='bbox 2288 2164 2580 2231; x_wconf 62' lang='lat' dir='ltr'>aeternam,</span> <span class='ocrx_word' id='word_1_393' title='bbox 2630 2167 2685 2217; x_wconf 91' lang='lat' dir='ltr'>et</span> <span class='ocrx_word' id='word_1_394' title='bbox 2731 2164 2791 2218; x_wconf 90' lang='lat' dir='ltr'>in</span> <span class='ocrx_word' id='word_1_395' title='bbox 2837 2170 3171 2237; x_wconf 89' lang='lat' dir='ltr'>perpetuam</span> <span class='ocrx_word' id='word_1_396' title='bbox 3223 2170 3535 2238; x_wconf 81' lang='lat' dir='ltr'>gratiarum</span> 
     </span>
    </p>
   </div>
   <div class='ocr_carea' id='block_1_67' title="bbox 1894 2253 2679 2311">
    <p class='ocr_par' dir='ltr' id='par_1_67' title="bbox 1894 2253 2679 2311">
     <span class='ocr_line' id='line_1_68' title="bbox 1894 2253 2679 2311; baseline 0.008 -6"><span class='ocrx_word' id='word_1_397' title='bbox 1894 2253 2200 2307; x_wconf 88' lang='lat' dir='ltr'>constituat</span> <span class='ocrx_word' id='word_1_398' title='bbox 2222 2253 2524 2309; x_wconf 88' lang='lat' dir='ltr'>actionem.</span> <span class='ocrx_word' id='word_1_399' title='bbox 2555 2257 2679 2311; x_wconf 92' lang='lat' dir='ltr'>Per.</span> 
     </span>
    </p>
   </div>
   <div class='ocr_carea' id='block_1_68' title="bbox 2548 2349 2878 2400">
    <p class='ocr_par' dir='ltr' id='par_1_68' title="bbox 2548 2349 2878 2400">
     <span class='ocr_line' id='line_1_69' title="bbox 2548 2349 2878 2400; baseline 0.006 -3"><span class='ocrx_word' id='word_1_400' title='bbox 2548 2349 2878 2400; x_wconf 87' lang='lat' dir='ltr'>Contestatio.</span> 
     </span>
    </p>
   </div>
   <div class='ocr_carea' id='block_1_69' title="bbox 1967 2425 3532 2503">
    <p class='ocr_par' dir='ltr' id='par_1_69' title="bbox 1967 2425 3532 2503">
     <span class='ocr_line' id='line_1_70' title="bbox 1967 2425 3532 2503; baseline 0.009 -25"><span class='ocrx_word' id='word_1_401' title='bbox 1967 2425 2104 2480; x_wconf 89' lang='lat' dir='ltr'>Vere</span> <span class='ocrx_word' id='word_1_402' title='bbox 2143 2425 2383 2497; x_wconf 90' lang='lat' dir='ltr'>dignum</span> <span class='ocrx_word' id='word_1_403' title='bbox 2420 2432 2475 2481; x_wconf 85' lang='lat' dir='ltr'>et</span> <span class='ocrx_word' id='word_1_404' title='bbox 2505 2429 2725 2499; x_wconf 86' lang='lat' dir='ltr'>justum</span> <span class='ocrx_word' id='word_1_405' title='bbox 2755 2435 2860 2500; x_wconf 91' lang='lat' dir='ltr'>est,</span> <span class='ocrx_word' id='word_1_406' title='bbox 2901 2448 3131 2503; x_wconf 60' lang='lat' dir='ltr'>aequum</span> <span class='ocrx_word' id='word_1_407' title='bbox 3168 2438 3225 2490; x_wconf 90' lang='lat' dir='ltr'>et</span> <span class='ocrx_word' id='word_1_408' title='bbox 3264 2435 3532 2493; x_wconf 85' lang='lat' dir='ltr'>salutare.</span> 
     </span>
    </p>
   </div>
   <div class='ocr_carea' id='block_1_70' title="bbox 1891 2515 3532 2597">
    <p class='ocr_par' dir='ltr' id='par_1_70' title="bbox 1891 2515 3532 2597">
     <span class='ocr_line' id='line_1_71' title="bbox 1891 2515 3532 2597; baseline 0.008 -26"><span class='ocrx_word' id='word_1_409' title='bbox 1891 2515 1997 2581; x_wconf 87' lang='lat' dir='ltr'>Qui</span> <span class='ocrx_word' id='word_1_410' title='bbox 2016 2517 2317 2573; x_wconf 78' lang='lat' dir='ltr'>Ecclesium</span> <span class='ocrx_word' id='word_1_411' title='bbox 2346 2524 2504 2574; x_wconf 89' lang='lat' dir='ltr'>tuam</span> <span class='ocrx_word' id='word_1_412' title='bbox 2532 2523 2877 2593; x_wconf 86' lang='lat' dir='ltr'>sempiterna</span> <span class='ocrx_word' id='word_1_413' title='bbox 2896 2524 3101 2595; x_wconf 88' lang='lat' dir='ltr'>pietate</span> <span class='ocrx_word' id='word_1_414' title='bbox 3118 2543 3233 2581; x_wconf 92' lang='lat' dir='ltr'>non</span> <span class='ocrx_word' id='word_1_415' title='bbox 3250 2528 3532 2597; x_wconf 89' lang='lat' dir='ltr'>deserens,</span> 
     </span>
    </p>
   </div>
   <div class='ocr_carea' id='block_1_71' title="bbox 1891 2614 3530 2692">
    <p class='ocr_par' dir='ltr' id='par_1_71' title="bbox 1891 2614 3530 2692">
     <span class='ocr_line' id='line_1_72' title="bbox 1891 2614 3530 2692; baseline 0.008 -28"><span class='ocrx_word' id='word_1_416' title='bbox 1891 2627 1995 2682; x_wconf 90' lang='lat' dir='ltr'>per</span> <span class='ocrx_word' id='word_1_417' title='bbox 2015 2616 2235 2666; x_wconf 87' lang='lat' dir='ltr'>sanctos</span> <span class='ocrx_word' id='word_1_418' title='bbox 2259 2617 2386 2667; x_wconf 89' lang='lat' dir='ltr'>tuos</span> <span class='ocrx_word' id='word_1_419' title='bbox 2400 2614 2619 2685; x_wconf 87' lang='lat' dir='ltr'>jugiter</span> <span class='ocrx_word' id='word_1_420' title='bbox 2649 2620 2704 2670; x_wconf 90' lang='lat' dir='ltr'>et</span> <span class='ocrx_word' id='word_1_421' title='bbox 2733 2617 2921 2672; x_wconf 83' lang='lat' dir='ltr'>crudis</span> <span class='ocrx_word' id='word_1_422' title='bbox 2948 2623 3002 2673; x_wconf 90' lang='lat' dir='ltr'>et</span> <span class='ocrx_word' id='word_1_423' title='bbox 3027 2620 3298 2692; x_wconf 82' lang='lat' dir='ltr'>protegis,</span> <span class='ocrx_word' id='word_1_424' title='bbox 3330 2623 3530 2692; x_wconf 68' lang='lat' dir='ltr'>prteci-</span> 
     </span>
    </p>
   </div>
   <div class='ocr_carea' id='block_1_72' title="bbox 1890 2706 3531 2786">
    <p class='ocr_par' dir='ltr' id='par_1_72' title="bbox 1890 2706 3531 2786">
     <span class='ocr_line' id='line_1_73' title="bbox 1890 2706 3531 2786; baseline 0.007 -29"><span class='ocrx_word' id='word_1_425' title='bbox 1890 2720 2005 2775; x_wconf 89' lang='lat' dir='ltr'>pue</span> <span class='ocrx_word' id='word_1_426' title='bbox 2045 2706 2414 2762; x_wconf 87' lang='lat' dir='ltr'>solemnitatis</span> <span class='ocrx_word' id='word_1_427' title='bbox 2455 2708 2767 2778; x_wconf 55' lang='lat' dir='ltr'>hodierna,</span> <span class='ocrx_word' id='word_1_428' title='bbox 2808 2727 2922 2783; x_wconf 89' lang='lat' dir='ltr'>qua</span> <span class='ocrx_word' id='word_1_429' title='bbox 2964 2712 3112 2768; x_wconf 90' lang='lat' dir='ltr'>beati</span> <span class='ocrx_word' id='word_1_430' title='bbox 3155 2715 3410 2786; x_wconf 81' lang='lat' dir='ltr'>Martyris</span> <span class='ocrx_word' id='word_1_431' title='bbox 3449 2717 3531 2771; x_wconf 90' lang='lat' dir='ltr'>tui</span> 
     </span>
    </p>
   </div>
   <div class='ocr_carea' id='block_1_73' title="bbox 1891 2797 3533 2878">
    <p class='ocr_par' dir='ltr' id='par_1_73' title="bbox 1891 2797 3533 2878">
     <span class='ocr_line' id='line_1_74' title="bbox 1891 2797 3533 2878; baseline 0.007 -27"><span class='ocrx_word' id='word_1_432' title='bbox 1891 2797 2214 2868; x_wconf 87' lang='lat' dir='ltr'>passionem</span> <span class='ocrx_word' id='word_1_433' title='bbox 2259 2808 2653 2873; x_wconf 90' lang='lat' dir='ltr'>consumptam</span> <span class='ocrx_word' id='word_1_434' title='bbox 2698 2804 3021 2875; x_wconf 91' lang='lat' dir='ltr'>recolimus,</span> <span class='ocrx_word' id='word_1_435' title='bbox 3074 2822 3432 2878; x_wconf 89' lang='lat' dir='ltr'>veneramur,</span> <span class='ocrx_word' id='word_1_436' title='bbox 3477 2815 3533 2864; x_wconf 78' lang='lat' dir='ltr'>et</span> 
     </span>
    </p>
   </div>
   <div class='ocr_carea' id='block_1_74' title="bbox 1892 2890 3527 2971">
    <p class='ocr_par' dir='ltr' id='par_1_74' title="bbox 1892 2890 3527 2971">
     <span class='ocr_line' id='line_1_75' title="bbox 1892 2890 3527 2971; baseline 0.007 -26"><span class='ocrx_word' id='word_1_437' title='bbox 1892 2890 1963 2946; x_wconf 91' lang='lat' dir='ltr'>ad</span> <span class='ocrx_word' id='word_1_438' title='bbox 1988 2890 2227 2962; x_wconf 79' lang='lat' dir='ltr'>gloriam</span> <span class='ocrx_word' id='word_1_439' title='bbox 2260 2894 2508 2948; x_wconf 89' lang='lat' dir='ltr'>nominis</span> <span class='ocrx_word' id='word_1_440' title='bbox 2546 2896 2631 2951; x_wconf 89' lang='lat' dir='ltr'>tui</span> <span class='ocrx_word' id='word_1_441' title='bbox 2657 2896 2897 2951; x_wconf 89' lang='lat' dir='ltr'>nitimur</span> <span class='ocrx_word' id='word_1_442' title='bbox 2929 2899 3131 2953; x_wconf 86' lang='lat' dir='ltr'>debitis</span> <span class='ocrx_word' id='word_1_443' title='bbox 3155 2900 3527 2971; x_wconf 84' lang='lat' dir='ltr'>magniﬁcare</span> 
     </span>
    </p>
   </div>
   <div class='ocr_carea' id='block_1_75' title="bbox 1891 2985 2722 3059">
    <p class='ocr_par' dir='ltr' id='par_1_75' title="bbox 1891 2985 2722 3059">
     <span class='ocr_line' id='line_1_76' title="bbox 1891 2985 2722 3059; baseline 0.008 -21"><span class='ocrx_word' id='word_1_444' title='bbox 1891 2985 2210 3056; x_wconf 82' lang='lat' dir='ltr'>praeconiis.</span> <span class='ocrx_word' id='word_1_445' title='bbox 2240 2988 2345 3041; x_wconf 85' lang='lat' dir='ltr'>Per</span> <span class='ocrx_word' id='word_1_446' title='bbox 2368 3004 2539 3059; x_wconf 89' lang='lat' dir='ltr'>quem</span> <span class='ocrx_word' id='word_1_447' title='bbox 2569 2988 2722 3045; x_wconf 89' lang='lat' dir='ltr'>laud.</span> 
     </span>
    </p>
   </div>
   <div class='ocr_carea' id='block_1_76' title="bbox 1962 3078 3534 3156">
    <p class='ocr_par' dir='ltr' id='par_1_76' title="bbox 1962 3078 3534 3156">
     <span class='ocr_line' id='line_1_77' title="bbox 1962 3078 3534 3156; baseline 0.008 -24"><span class='ocrx_word' id='word_1_448' title='bbox 1962 3080 2112 3133; x_wconf 85' lang='lat' dir='ltr'>Hanc</span> <span class='ocrx_word' id='word_1_449' title='bbox 2153 3078 2331 3150; x_wconf 82' lang='lat' dir='ltr'>igitur</span> <span class='ocrx_word' id='word_1_450' title='bbox 2376 3080 2721 3138; x_wconf 90' lang='lat' dir='ltr'>oblationem</span> <span class='ocrx_word' id='word_1_451' title='bbox 2769 3083 3054 3139; x_wconf 88' lang='lat' dir='ltr'>servitutis</span> <span class='ocrx_word' id='word_1_452' title='bbox 3091 3091 3320 3156; x_wconf 76' lang='lat' dir='ltr'>nostrae,</span> <span class='ocrx_word' id='word_1_453' title='bbox 3349 3088 3448 3144; x_wconf 91' lang='lat' dir='ltr'>sed</span> <span class='ocrx_word' id='word_1_454' title='bbox 3478 3095 3534 3146; x_wconf 89' lang='lat' dir='ltr'>et</span> 
     </span>
    </p>
   </div>
   <div class='ocr_carea' id='block_1_77' title="bbox 1811 3172 3526 3291">
    <p class='ocr_par' dir='ltr' id='par_1_77' title="bbox 1811 3172 3526 3291">
     <span class='ocr_line' id='line_1_78' title="bbox 1811 3172 3526 3291; baseline 0.009 -66"><span class='ocrx_word' id='word_1_455' title='bbox 1811 3216 1868 3291; x_wconf 64' lang='grc' dir='ltr'>Ο</span> <span class='ocrx_word' id='word_1_456' title='bbox 1891 3176 2109 3227; x_wconf 74' lang='lat' dir='ltr'>cunctze</span> <span class='ocrx_word' id='word_1_457' title='bbox 2137 3172 2367 3229; x_wconf 66' lang='lat' dir='ltr'>familias</span> <span class='ocrx_word' id='word_1_458' title='bbox 2402 3180 2537 3245; x_wconf 65' lang='lat' dir='ltr'>tuae,</span> <span class='ocrx_word' id='word_1_459' title='bbox 2569 3194 2743 3249; x_wconf 89' lang='lat' dir='ltr'>quam</span> <span class='ocrx_word' id='word_1_460' title='bbox 2776 3178 2878 3233; x_wconf 91' lang='lat' dir='ltr'>tibi</span> <span class='ocrx_word' id='word_1_461' title='bbox 2918 3177 3211 3235; x_wconf 80' lang='lat' dir='ltr'>offerimus</span> <span class='ocrx_word' id='word_1_462' title='bbox 3243 3181 3305 3236; x_wconf 91' lang='lat' dir='ltr'>in</span> <span class='ocrx_word' id='word_1_463' title='bbox 3340 3182 3526 3240; x_wconf 83' lang='lat' dir='ltr'>hono-</span> 
     </span>
     <span class='ocr_line' id='line_1_79' title="bbox 1892 3266 2583 3291; baseline 0 0"><span class='ocrx_word' id='word_1_464' title='bbox 1892 3281 2008 3291; x_wconf 69' lang='grc' dir='ltr'>..η-ν.</span> <span class='ocrx_word' id='word_1_465' title='bbox 2038 3266 2185 3291; x_wconf 68' lang='grc' dir='ltr'>ι‹.ΑΑιζ</span> <span class='ocrx_word' id='word_1_466' title='bbox 2219 3268 2472 3291; x_wconf 69' lang='grc' dir='ltr'>ιι-..ι..-.;..</span> <span class='ocrx_word' id='word_1_467' title='bbox 2502 3269 2583 3291; x_wconf 64' lang='grc' dir='ltr'>Ληζ</span> 
     </span>
    </p>
   </div>
   <div class='ocr_carea' id='block_1_78' title="bbox 1890 3266 2607 3339">
    <p class='ocr_par' dir='ltr' id='par_1_78' title="bbox 1890 3266 2607 3339">
     <span class='ocr_line' id='line_1_80' title="bbox 1890 3266 2607 3339; baseline 0.007 -20"><span class='ocrx_word' id='word_1_468' title='bbox 1890 3281 2011 3321; x_wconf 91' lang='lat' dir='ltr'>rem</span> <span class='ocrx_word' id='word_1_469' title='bbox 2038 3266 2189 3321; x_wconf 88' lang='lat' dir='ltr'>beati</span> <span class='ocrx_word' id='word_1_470' title='bbox 2219 3268 2474 3339; x_wconf 78' lang='lat' dir='ltr'>Martyris</span> <span class='ocrx_word' id='word_1_471' title='bbox 2502 3269 2607 3325; x_wconf 89' lang='lat' dir='ltr'>tui.</span> 
     </span>
    </p>
   </div>
   <div class='ocr_carea' id='block_1_79' title="bbox 2408 3362 2998 3414">
    <p class='ocr_par' dir='ltr' id='par_1_79' title="bbox 2408 3362 2998 3414">
     <span class='ocr_line' id='line_1_81' title="bbox 2408 3362 2998 3414; baseline 0.005 -3"><span class='ocrx_word' id='word_1_472' title='bbox 2408 3362 2530 3412; x_wconf 87' lang='lat' dir='ltr'>Post</span> <span class='ocrx_word' id='word_1_473' title='bbox 2555 3363 2998 3414; x_wconf 89' lang='lat' dir='ltr'>communionem.</span> 
     </span>
    </p>
   </div>
   <div class='ocr_carea' id='block_1_80' title="bbox 1959 3440 3525 3517">
    <p class='ocr_par' dir='ltr' id='par_1_80' title="bbox 1959 3440 3525 3517">
     <span class='ocr_line' id='line_1_82' title="bbox 1959 3440 3525 3517; baseline 0.009 -23"><span class='ocrx_word' id='word_1_474' title='bbox 1959 3440 2179 3495; x_wconf 66' lang='lat' dir='ltr'>Caelesti</span> <span class='ocrx_word' id='word_1_475' title='bbox 2212 3457 2448 3496; x_wconf 89' lang='lat' dir='ltr'>munere</span> <span class='ocrx_word' id='word_1_476' title='bbox 2488 3443 2694 3514; x_wconf 87' lang='lat' dir='ltr'>satiati,</span> <span class='ocrx_word' id='word_1_477' title='bbox 2725 3461 3070 3517; x_wconf 83' lang='lat' dir='ltr'>quaesumus,</span> <span class='ocrx_word' id='word_1_478' title='bbox 3103 3446 3346 3506; x_wconf 86' lang='lat' dir='ltr'>Domine</span> <span class='ocrx_word' id='word_1_479' title='bbox 3378 3452 3525 3508; x_wconf 86' lang='lat' dir='ltr'>Deus</span> 
     </span>
    </p>
   </div>
   <div class='ocr_carea' id='block_1_81' title="bbox 1888 3535 3527 3616">
    <p class='ocr_par' dir='ltr' id='par_1_81' title="bbox 1888 3535 3527 3616">
     <span class='ocr_line' id='line_1_83' title="bbox 1888 3535 3527 3616; baseline 0.009 -29"><span class='ocrx_word' id='word_1_480' title='bbox 1888 3537 2098 3605; x_wconf 89' lang='lat' dir='ltr'>noster,</span> <span class='ocrx_word' id='word_1_481' title='bbox 2127 3539 2193 3589; x_wconf 89' lang='lat' dir='ltr'>ut</span> <span class='ocrx_word' id='word_1_482' title='bbox 2219 3535 2341 3589; x_wconf 76' lang='lat' dir='ltr'>haec</span> <span class='ocrx_word' id='word_1_483' title='bbox 2367 3553 2470 3591; x_wconf 92' lang='lat' dir='ltr'>nos</span> <span class='ocrx_word' id='word_1_484' title='bbox 2502 3537 2671 3604; x_wconf 90' lang='lat' dir='ltr'>dona,</span> <span class='ocrx_word' id='word_1_485' title='bbox 2702 3539 2957 3610; x_wconf 75' lang='lat' dir='ltr'>Martyris</span> <span class='ocrx_word' id='word_1_486' title='bbox 3000 3540 3082 3594; x_wconf 89' lang='lat' dir='ltr'>tui</span> <span class='ocrx_word' id='word_1_487' title='bbox 3113 3540 3527 3616; x_wconf 90' lang='lat' dir='ltr'>deprecatione,</span> 
     </span>
    </p>
   </div>
   <div class='ocr_carea' id='block_1_82' title="bbox 1888 3628 2740 3687">
    <p class='ocr_par' dir='ltr' id='par_1_82' title="bbox 1888 3628 2740 3687">
     <span class='ocr_line' id='line_1_84' title="bbox 1888 3628 2740 3687; baseline 0.006 -5"><span class='ocrx_word' id='word_1_488' title='bbox 1888 3628 2256 3683; x_wconf 86' lang='lat' dir='ltr'>sanctiﬁcent.</span> <span class='ocrx_word' id='word_1_489' title='bbox 2284 3630 2390 3684; x_wconf 91' lang='lat' dir='ltr'>Per</span> <span class='ocrx_word' id='word_1_490' title='bbox 2415 3631 2740 3687; x_wconf 90' lang='lat' dir='ltr'>Dominum.</span> 
     </span>
    </p>
   </div>
   <div class='ocr_carea' id='block_1_83' title="bbox 1957 3721 3523 3805">
    <p class='ocr_par' dir='ltr' id='par_1_83' title="bbox 1957 3721 3523 3805">
     <span class='ocr_line' id='line_1_85' title="bbox 1957 3721 3523 3805; baseline 0.008 -30"><span class='ocrx_word' id='word_1_491' title='bbox 1957 3721 2238 3794; x_wconf 90' lang='lat' dir='ltr'>Libantes,</span> <span class='ocrx_word' id='word_1_492' title='bbox 2285 3724 2541 3793; x_wconf 89' lang='lat' dir='ltr'>Domine,</span> <span class='ocrx_word' id='word_1_493' title='bbox 2584 3741 2794 3780; x_wconf 70' lang='lat' dir='ltr'>mensa:</span> <span class='ocrx_word' id='word_1_494' title='bbox 2837 3730 2950 3781; x_wconf 75' lang='lat' dir='ltr'>tuas</span> <span class='ocrx_word' id='word_1_495' title='bbox 2998 3727 3177 3783; x_wconf 69' lang='lat' dir='ltr'>beatae</span> <span class='ocrx_word' id='word_1_496' title='bbox 3228 3732 3523 3805; x_wconf 87' lang='lat' dir='ltr'>mysteria,</span> 
     </span>
    </p>
   </div>
   <div class='ocr_carea' id='block_1_84' title="bbox 1886 3818 3521 3894">
    <p class='ocr_par' dir='ltr' id='par_1_84' title="bbox 1886 3818 3521 3894">
     <span class='ocr_line' id='line_1_86' title="bbox 1886 3818 3521 3894; baseline 0.007 -24"><span class='ocrx_word' id='word_1_497' title='bbox 1886 3832 2213 3888; x_wconf 72' lang='lat' dir='ltr'>quaesumus</span> <span class='ocrx_word' id='word_1_498' title='bbox 2247 3822 2312 3872; x_wconf 91' lang='lat' dir='ltr'>ut</span> <span class='ocrx_word' id='word_1_499' title='bbox 2348 3818 2525 3875; x_wconf 88' lang='lat' dir='ltr'>sancti</span> <span class='ocrx_word' id='word_1_500' title='bbox 2564 3819 2820 3890; x_wconf 85' lang='lat' dir='ltr'>Martyris</span> <span class='ocrx_word' id='word_1_501' title='bbox 2861 3820 2943 3875; x_wconf 92' lang='lat' dir='ltr'>tui</span> <span class='ocrx_word' id='word_1_502' title='bbox 2991 3820 3521 3894; x_wconf 87' lang='lat' dir='ltr'>interventionibus,</span> 
     </span>
    </p>
   </div>
   <div class='ocr_carea' id='block_1_85' title="bbox 1884 3910 3522 3984">
    <p class='ocr_par' dir='ltr' id='par_1_85' title="bbox 1884 3910 3522 3984">
     <span class='ocr_line' id='line_1_87' title="bbox 1884 3910 3522 3984; baseline 0.006 -19"><span class='ocrx_word' id='word_1_503' title='bbox 1884 3910 2259 3983; x_wconf 88' lang='lat' dir='ltr'>temporalem</span> <span class='ocrx_word' id='word_1_504' title='bbox 2290 3916 2345 3967; x_wconf 90' lang='lat' dir='ltr'>et</span> <span class='ocrx_word' id='word_1_505' title='bbox 2359 3918 2704 3984; x_wconf 78' lang='lat' dir='ltr'>praesentem</span> <span class='ocrx_word' id='word_1_506' title='bbox 2728 3913 2891 3968; x_wconf 89' lang='lat' dir='ltr'>nobis</span> <span class='ocrx_word' id='word_1_507' title='bbox 2916 3914 3361 3972; x_wconf 89' lang='lat' dir='ltr'>misericordiam</span> <span class='ocrx_word' id='word_1_508' title='bbox 3386 3936 3522 3975; x_wconf 88' lang='lat' dir='ltr'>con-</span> 
     </span>
    </p>
   </div>
   <div class='ocr_carea' id='block_1_86' title="bbox 1872 4003 2628 4062">
    <p class='ocr_par' dir='ltr' id='par_1_86' title="bbox 1872 4003 2628 4062">
     <span class='ocr_line' id='line_1_88' title="bbox 1872 4003 2628 4062; baseline 0.003 -3"><span class='ocrx_word' id='word_1_509' title='bbox 1872 4003 2069 4061; x_wconf 76' lang='lat' dir='ltr'>ferant</span> <span class='ocrx_word' id='word_1_510' title='bbox 2095 4009 2152 4060; x_wconf 89' lang='lat' dir='ltr'>et</span> <span class='ocrx_word' id='word_1_511' title='bbox 2179 4010 2473 4061; x_wconf 82' lang='lat' dir='ltr'>aeternam.</span> <span class='ocrx_word' id='word_1_512' title='bbox 2503 4008 2628 4062; x_wconf 89' lang='lat' dir='ltr'>Per.</span> 
     </span>
    </p>
   </div>
   <div class='ocr_carea' id='block_1_87' title="bbox 2258 4116 3162 4175">
    <p class='ocr_par' dir='ltr' id='par_1_87' title="bbox 2258 4116 3162 4175">
     <span class='ocr_line' id='line_1_89' title="bbox 2258 4116 3162 4175; baseline 0.004 -4"><span class='ocrx_word' id='word_1_513' title='bbox 2258 4116 2436 4172; x_wconf 85' lang='lat' dir='ltr'><strong>XVIII.</strong></span> <span class='ocrx_word' id='word_1_514' title='bbox 2480 4132 2536 4172; x_wconf 84' lang='lat' dir='ltr'>nv</span> <span class='ocrx_word' id='word_1_515' title='bbox 2575 4132 2784 4172; x_wconf 63' lang='lat' dir='ltr'>unus</span> <span class='ocrx_word' id='word_1_516' title='bbox 2824 4132 3162 4175; x_wconf 66' lang='lat' dir='ltr'>sancroaun.</span> 
     </span>
    </p>
   </div>
   <div class='ocr_carea' id='block_1_88' title="bbox 1956 4214 3522 4287">
    <p class='ocr_par' dir='ltr' id='par_1_88' title="bbox 1956 4214 3522 4287">
     <span class='ocr_line' id='line_1_90' title="bbox 1956 4214 3522 4287; baseline 0.005 -18"><span class='ocrx_word' id='word_1_517' title='bbox 1956 4214 2123 4282; x_wconf 89' lang='lat' dir='ltr'>Deus,</span> <span class='ocrx_word' id='word_1_518' title='bbox 2156 4215 2254 4287; x_wconf 89' lang='lat' dir='ltr'>qui</span> <span class='ocrx_word' id='word_1_519' title='bbox 2289 4232 2392 4269; x_wconf 92' lang='lat' dir='ltr'>nos</span> <span class='ocrx_word' id='word_1_520' title='bbox 2429 4220 2753 4271; x_wconf 89' lang='lat' dir='ltr'>sanctorum</span> <span class='ocrx_word' id='word_1_521' title='bbox 2795 4220 3026 4271; x_wconf 90' lang='lat' dir='ltr'>tuorum</span> <span class='ocrx_word' id='word_1_522' title='bbox 3077 4218 3522 4277; x_wconf 88' lang='lat' dir='ltr'>confessionibus</span> 
     </span>
    </p>
   </div>
   <div class='ocr_carea' id='block_1_89' title="bbox 1886 4307 3518 4381">
    <p class='ocr_par' dir='ltr' id='par_1_89' title="bbox 1886 4307 3518 4381">
     <span class='ocr_line' id='line_1_91' title="bbox 1886 4307 3518 4381; baseline 0.006 -20"><span class='ocrx_word' id='word_1_523' title='bbox 1886 4307 2141 4380; x_wconf 81' lang='lat' dir='ltr'>gloriosis</span> <span class='ocrx_word' id='word_1_524' title='bbox 2179 4308 2494 4365; x_wconf 88' lang='lat' dir='ltr'>circumdas</span> <span class='ocrx_word' id='word_1_525' title='bbox 2535 4314 2592 4365; x_wconf 90' lang='lat' dir='ltr'>et</span> <span class='ocrx_word' id='word_1_526' title='bbox 2619 4310 2888 4381; x_wconf 88' lang='lat' dir='ltr'>protegis,</span> <span class='ocrx_word' id='word_1_527' title='bbox 2920 4311 2990 4365; x_wconf 91' lang='lat' dir='ltr'>da</span> <span class='ocrx_word' id='word_1_528' title='bbox 3038 4312 3203 4367; x_wconf 91' lang='lat' dir='ltr'>nobis</span> <span class='ocrx_word' id='word_1_529' title='bbox 3241 4319 3298 4369; x_wconf 90' lang='lat' dir='ltr'>et</span> <span class='ocrx_word' id='word_1_530' title='bbox 3330 4314 3518 4371; x_wconf 85' lang='lat' dir='ltr'>imita-</span> 
     </span>
    </p>
   </div>
   <div class='ocr_carea' id='block_1_90' title="bbox 1881 4402 3206 4473">
    <p class='ocr_par' dir='ltr' id='par_1_90' title="bbox 1881 4402 3206 4473">
     <span class='ocr_line' id='line_1_92' title="bbox 1881 4402 3206 4473; baseline 0.002 -17"><span class='ocrx_word' id='word_1_531' title='bbox 1881 4402 2034 4456; x_wconf 90' lang='lat' dir='ltr'>tione</span> <span class='ocrx_word' id='word_1_532' title='bbox 2058 4402 2352 4473; x_wconf 84' lang='lat' dir='ltr'>proficcre,</span> <span class='ocrx_word' id='word_1_533' title='bbox 2387 4409 2439 4459; x_wconf 91' lang='lat' dir='ltr'>et</span> <span class='ocrx_word' id='word_1_534' title='bbox 2468 4404 2818 4458; x_wconf 88' lang='lat' dir='ltr'>orationibus</span> <span class='ocrx_word' id='word_1_535' title='bbox 2843 4404 3048 4459; x_wconf 90' lang='lat' dir='ltr'>fulciri.</span> <span class='ocrx_word' id='word_1_536' title='bbox 3082 4407 3206 4460; x_wconf 90' lang='lat' dir='ltr'>Per.</span> 
     </span>
    </p>
   </div>
   <div class='ocr_carea' id='block_1_91' title="bbox 1952 4495 3514 4569">
    <p class='ocr_par' dir='ltr' id='par_1_91' title="bbox 1952 4495 3514 4569">
     <span class='ocr_line' id='line_1_93' title="bbox 1952 4495 3514 4569; baseline 0.004 -20"><span class='ocrx_word' id='word_1_537' title='bbox 1952 4495 2173 4550; x_wconf 90' lang='lat' dir='ltr'>Prosint</span> <span class='ocrx_word' id='word_1_538' title='bbox 2209 4497 2389 4566; x_wconf 90' lang='lat' dir='ltr'>nobis,</span> <span class='ocrx_word' id='word_1_539' title='bbox 2418 4498 2676 4567; x_wconf 90' lang='lat' dir='ltr'>Domine,</span> <span class='ocrx_word' id='word_1_540' title='bbox 2710 4514 3055 4569; x_wconf 68' lang='lat' dir='ltr'>quaesumus,</span> <span class='ocrx_word' id='word_1_541' title='bbox 3095 4502 3326 4553; x_wconf 92' lang='lat' dir='ltr'>tuorum</span> <span class='ocrx_word' id='word_1_542' title='bbox 3360 4516 3514 4556; x_wconf 89' lang='lat' dir='ltr'>mar-</span> 
     </span>
    </p>
   </div>
   <div class='ocr_carea' id='block_1_92' title="bbox 194 4559 3515 4668">
    <p class='ocr_par' dir='ltr' id='par_1_92' title="bbox 194 4559 3515 4668">
     <span class='ocr_line' id='line_1_94' title="bbox 194 4559 3515 4668; baseline 0.009 -49"><span class='ocrx_word' id='word_1_543' title='bbox 194 4559 254 4663; x_wconf 61' lang='lat' dir='ltr'>tia</span> <span class='ocrx_word' id='word_1_544' title='bbox 284 4580 383 4621; x_wconf 88' lang='lat' dir='ltr'>non</span> <span class='ocrx_word' id='word_1_545' title='bbox 416 4569 677 4642; x_wconf 84' lang='lat' dir='ltr'>habebat,</span> <span class='ocrx_word' id='word_1_546' title='bbox 724 4560 1050 4630; x_wconf 85' lang='lat' dir='ltr'>intercessio</span> <span class='ocrx_word' id='word_1_547' title='bbox 1088 4580 1434 4651; x_wconf 87' lang='lat' dir='ltr'>supplicaret</span> <span class='ocrx_word' id='word_1_548' title='bbox 1469 4582 1573 4636; x_wconf 88' lang='lat' dir='ltr'>tibi</span> <span class='ocrx_word' id='word_1_549' title='bbox 1618 4589 1858 4668; x_wconf 87' lang='lat' dir='ltr'>grataD</span> <span class='ocrx_word' id='word_1_550' title='bbox 1880 4592 2070 4660; x_wconf 84' lang='lat' dir='ltr'>tyrum</span> <span class='ocrx_word' id='word_1_551' title='bbox 2112 4559 2386 4661; x_wconf 74' lang='lat' dir='ltr'>suffragia</span> <span class='ocrx_word' id='word_1_552' title='bbox 2419 4592 2642 4645; x_wconf 88' lang='lat' dir='ltr'>conlata</span> <span class='ocrx_word' id='word_1_553' title='bbox 2664 4559 3127 4659; x_wconf 30' lang='lat' dir='ltr'>Isanctorum,’ut</span> <span class='ocrx_word' id='word_1_554' title='bbox 3151 4608 3281 4663; x_wconf 81' lang='lat' dir='ltr'>quae</span> <span class='ocrx_word' id='word_1_555' title='bbox 3306 4595 3515 4650; x_wconf 77' lang='lat' dir='ltr'>nostris</span> 
     </span>
    </p>
   </div>
   <div class='ocr_carea' id='block_1_93' title="bbox 188 4651 1777 4745">
    <p class='ocr_par' dir='ltr' id='par_1_93' title="bbox 188 4651 1777 4745">
     <span class='ocr_line' id='line_1_95' title="bbox 188 4651 1777 4745; baseline 0.014 -34"><span class='ocrx_word' id='word_1_556' title='bbox 188 4651 445 4723; x_wconf 72' lang='lat' dir='ltr'>iustorum.</span> <span class='ocrx_word' id='word_1_557' title='bbox 474 4665 579 4729; x_wconf 89' lang='lat' dir='ltr'>Qui</span> <span class='ocrx_word' id='word_1_558' title='bbox 610 4667 930 4723; x_wconf 88' lang='lat' dir='ltr'>humanum</span> <span class='ocrx_word' id='word_1_559' title='bbox 958 4686 1138 4740; x_wconf 87' lang='lat' dir='ltr'>genus</span> <span class='ocrx_word' id='word_1_560' title='bbox 1168 4673 1235 4728; x_wconf 91' lang='lat' dir='ltr'>de</span> <span class='ocrx_word' id='word_1_561' title='bbox 1264 4675 1544 4745; x_wconf 90' lang='lat' dir='ltr'>profundo</span> <span class='ocrx_word' id='word_1_562' title='bbox 1572 4651 1777 4734; x_wconf 39' lang='lat' dir='ltr'>m&#39;ortis</span> 
     </span>
    </p>
   </div>
   <div class='ocr_carea' id='block_1_94' title="bbox 193 4748 1776 4830">
    <p class='ocr_par' dir='ltr' id='par_1_94' title="bbox 193 4748 1776 4830">
     <span class='ocr_line' id='line_1_96' title="bbox 193 4748 1776 4830; baseline 0.016 -27"><span class='ocrx_word' id='word_1_563' title='bbox 193 4748 413 4824; x_wconf 85' lang='lat' dir='ltr'>eripiens,</span> <span class='ocrx_word' id='word_1_564' title='bbox 443 4759 823 4830; x_wconf 83' lang='lat' dir='ltr'>captivitatem</span> <span class='ocrx_word' id='word_1_565' title='bbox 852 4768 1107 4819; x_wconf 90' lang='lat' dir='ltr'>nostram</span> <span class='ocrx_word' id='word_1_566' title='bbox 1132 4766 1262 4821; x_wconf 87' lang='lat' dir='ltr'>Jesu</span> <span class='ocrx_word' id='word_1_567' title='bbox 1306 4769 1513 4825; x_wconf 90' lang='lat' dir='ltr'>Christi</span> <span class='ocrx_word' id='word_1_568' title='bbox 1540 4772 1664 4825; x_wconf 86' lang='lat' dir='ltr'>Filii</span> <span class='ocrx_word' id='word_1_569' title='bbox 1692 4774 1776 4827; x_wconf 90' lang='lat' dir='ltr'>tui</span> 
     </span>
    </p>
   </div>
   <div class='ocr_carea' id='block_1_95' title="bbox 193 4838 1777 4933">
    <p class='ocr_par' dir='ltr' id='par_1_95' title="bbox 193 4838 1777 4933">
     <span class='ocr_line' id='line_1_97' title="bbox 193 4838 1777 4933; baseline 0.017 -39"><span class='ocrx_word' id='word_1_570' title='bbox 193 4838 377 4901; x_wconf 89' lang='lat' dir='ltr'>Domini</span> <span class='ocrx_word' id='word_1_571' title='bbox 403 4853 576 4907; x_wconf 88' lang='lat' dir='ltr'>nostri</span> <span class='ocrx_word' id='word_1_572' title='bbox 603 4854 862 4925; x_wconf 88' lang='lat' dir='ltr'>passione</span> <span class='ocrx_word' id='word_1_573' title='bbox 892 4856 1124 4913; x_wconf 88' lang='lat' dir='ltr'>solvisti.</span> <span class='ocrx_word' id='word_1_574' title='bbox 1154 4861 1259 4915; x_wconf 90' lang='lat' dir='ltr'>Per</span> <span class='ocrx_word' id='word_1_575' title='bbox 1285 4878 1457 4933; x_wconf 86' lang='lat' dir='ltr'>quem</span> <span class='ocrx_word' id='word_1_576' title='bbox 1477 4863 1557 4918; x_wconf 90' lang='lat' dir='ltr'>ita</span> <span class='ocrx_word' id='word_1_577' title='bbox 1600 4865 1777 4921; x_wconf 88' lang='lat' dir='ltr'>virtus</span> 
     </span>
    </p>
   </div>
   <div class='ocr_carea' id='block_1_96' title="bbox 192 4936 1775 5031">
    <p class='ocr_par' dir='ltr' id='par_1_96' title="bbox 192 4936 1775 5031">
     <span class='ocr_line' id='line_1_98' title="bbox 192 4936 1775 5031; baseline 0.016 -42"><span class='ocrx_word' id='word_1_578' title='bbox 192 4936 374 5009; x_wconf 78' lang='lat' dir='ltr'>antiqui</span> <span class='ocrx_word' id='word_1_579' title='bbox 407 4942 578 4999; x_wconf 89' lang='lat' dir='ltr'>hostis</span> <span class='ocrx_word' id='word_1_580' title='bbox 614 4946 749 5001; x_wconf 88' lang='lat' dir='ltr'>elisa</span> <span class='ocrx_word' id='word_1_581' title='bbox 787 4953 890 5019; x_wconf 89' lang='lat' dir='ltr'>est,</span> <span class='ocrx_word' id='word_1_582' title='bbox 924 4955 986 5006; x_wconf 92' lang='lat' dir='ltr'>ut</span> <span class='ocrx_word' id='word_1_583' title='bbox 1021 4951 1162 5023; x_wconf 91' lang='lat' dir='ltr'>ejus,</span> <span class='ocrx_word' id='word_1_584' title='bbox 1192 4970 1364 5026; x_wconf 91' lang='lat' dir='ltr'>quem</span> <span class='ocrx_word' id='word_1_585' title='bbox 1393 4956 1513 5028; x_wconf 91' lang='lat' dir='ltr'>ipse</span> <span class='ocrx_word' id='word_1_586' title='bbox 1541 4975 1775 5031; x_wconf 88' lang='lat' dir='ltr'>supera-</span> 
     </span>
    </p>
   </div>
   <div class='ocr_carea' id='block_1_97' title="bbox 192 5035 1772 5123">
    <p class='ocr_par' dir='ltr' id='par_1_97' title="bbox 192 5035 1772 5123">
     <span class='ocr_line' id='line_1_99' title="bbox 192 5035 1772 5123; baseline 0.018 -42"><span class='ocrx_word' id='word_1_587' title='bbox 192 5035 331 5101; x_wconf 76' lang='lat' dir='ltr'>verat,</span> <span class='ocrx_word' id='word_1_588' title='bbox 357 5036 517 5092; x_wconf 89' lang='lat' dir='ltr'>etiam</span> <span class='ocrx_word' id='word_1_589' title='bbox 542 5039 774 5095; x_wconf 88' lang='lat' dir='ltr'>beatum</span> <span class='ocrx_word' id='word_1_590' title='bbox 802 5043 1104 5116; x_wconf 72' lang='lat' dir='ltr'>Martyrem</span> <span class='ocrx_word' id='word_1_591' title='bbox 1131 5064 1298 5103; x_wconf 89' lang='lat' dir='ltr'>suum</span> <span class='ocrx_word' id='word_1_592' title='bbox 1322 5066 1594 5123; x_wconf 85' lang='lat' dir='ltr'>magnum</span> <span class='ocrx_word' id='word_1_593' title='bbox 1621 5053 1772 5110; x_wconf 82' lang='lat' dir='ltr'>face-</span> 
     </span>
    </p>
   </div>
   <div class='ocr_carea' id='block_1_98' title="bbox 193 5126 1775 5220">
    <p class='ocr_par' dir='ltr' id='par_1_98' title="bbox 193 5126 1775 5220">
     <span class='ocr_line' id='line_1_100' title="bbox 193 5126 1775 5220; baseline 0.017 -43"><span class='ocrx_word' id='word_1_594' title='bbox 193 5126 257 5177; x_wconf 78' lang='lat' dir='ltr'>ret</span> <span class='ocrx_word' id='word_1_595' title='bbox 292 5141 395 5183; x_wconf 86' lang='lat' dir='ltr'>esse</span> <span class='ocrx_word' id='word_1_596' title='bbox 434 5131 722 5190; x_wconf 79' lang='lat' dir='ltr'>victorem.</span> <span class='ocrx_word' id='word_1_597' title='bbox 766 5136 940 5208; x_wconf 78' lang='lat' dir='ltr'>Cujus</span> <span class='ocrx_word' id='word_1_598' title='bbox 976 5139 1333 5213; x_wconf 87' lang='lat' dir='ltr'>triumphum</span> <span class='ocrx_word' id='word_1_599' title='bbox 1373 5144 1433 5199; x_wconf 91' lang='lat' dir='ltr'>in</span> <span class='ocrx_word' id='word_1_600' title='bbox 1473 5146 1563 5201; x_wconf 90' lang='lat' dir='ltr'>die</span> <span class='ocrx_word' id='word_1_601' title='bbox 1604 5165 1775 5220; x_wconf 88' lang='lat' dir='ltr'>quem</span> 
     </span>
    </p>
   </div>
   <div class='ocr_carea' id='block_1_99' title="bbox 193 5219 1776 5312">
    <p class='ocr_par' dir='ltr' id='par_1_99' title="bbox 193 5219 1776 5312">
     <span class='ocr_line' id='line_1_101' title="bbox 193 5219 1776 5312; baseline 0.018 -43"><span class='ocrx_word' id='word_1_602' title='bbox 193 5219 422 5288; x_wconf 77' lang='lat' dir='ltr'>sanguine</span> <span class='ocrx_word' id='word_1_603' title='bbox 459 5241 557 5281; x_wconf 90' lang='lat' dir='ltr'>suo</span> <span class='ocrx_word' id='word_1_604' title='bbox 593 5228 978 5301; x_wconf 83' lang='lat' dir='ltr'>sanctiﬁcavit,</span> <span class='ocrx_word' id='word_1_605' title='bbox 1031 5234 1295 5305; x_wconf 86' lang='lat' dir='ltr'>colentes,</span> <span class='ocrx_word' id='word_1_606' title='bbox 1339 5236 1400 5293; x_wconf 93' lang='lat' dir='ltr'>in</span> <span class='ocrx_word' id='word_1_607' title='bbox 1453 5243 1552 5296; x_wconf 88' lang='lat' dir='ltr'>tua</span> <span class='ocrx_word' id='word_1_608' title='bbox 1597 5243 1776 5312; x_wconf 85' lang='lat' dir='ltr'>gloria</span> 
     </span>
    </p>
   </div>
   <div class='ocr_carea' id='block_1_100' title="bbox 194 5311 830 5395">
    <p class='ocr_par' dir='ltr' id='par_1_100' title="bbox 194 5311 830 5395">
     <span class='ocr_line' id='line_1_102' title="bbox 194 5311 830 5395; baseline 0.028 -34"><span class='ocrx_word' id='word_1_609' title='bbox 194 5311 483 5373; x_wconf 81' lang='lat' dir='ltr'>exultamus.</span> <span class='ocrx_word' id='word_1_610' title='bbox 509 5322 616 5376; x_wconf 90' lang='lat' dir='ltr'>Per</span> <span class='ocrx_word' id='word_1_611' title='bbox 638 5338 830 5395; x_wconf 89' lang='lat' dir='ltr'>quem.</span> 
     </span>
    </p>
   </div>
   <div class='ocr_carea' id='block_1_101' title="bbox 669 5416 1264 5476">
    <p class='ocr_par' dir='ltr' id='par_1_101' title="bbox 669 5416 1264 5476">
     <span class='ocr_line' id='line_1_103' title="bbox 669 5416 1264 5476; baseline 0.013 -7"><span class='ocrx_word' id='word_1_612' title='bbox 669 5416 793 5469; x_wconf 83' lang='lat' dir='ltr'>Post</span> <span class='ocrx_word' id='word_1_613' title='bbox 816 5420 1264 5476; x_wconf 86' lang='lat' dir='ltr'>communionem.</span> 
     </span>
    </p>
   </div>
   <div class='ocr_carea' id='block_1_102' title="bbox 247 5476 1772 5573">
    <p class='ocr_par' dir='ltr' id='par_1_102' title="bbox 247 5476 1772 5573">
     <span class='ocr_line' id='line_1_104' title="bbox 247 5476 1772 5573; baseline 0.018 -37"><span class='ocrx_word' id='word_1_614' title='bbox 247 5476 484 5559; x_wconf 88' lang='lat' dir='ltr'>Sumptis,</span> <span class='ocrx_word' id='word_1_615' title='bbox 513 5489 766 5564; x_wconf 90' lang='lat' dir='ltr'>Domine,</span> <span class='ocrx_word' id='word_1_616' title='bbox 797 5494 1190 5571; x_wconf 87' lang='lat' dir='ltr'>Sacramentis,</span> <span class='ocrx_word' id='word_1_617' title='bbox 1215 5518 1546 5573; x_wconf 82' lang='lat' dir='ltr'>quaesumus</span> <span class='ocrx_word' id='word_1_618' title='bbox 1585 5510 1648 5560; x_wconf 88' lang='lat' dir='ltr'>ut</span> <span class='ocrx_word' id='word_1_619' title='bbox 1681 5506 1772 5562; x_wconf 92' lang='lat' dir='ltr'>in-</span> 
     </span>
    </p>
   </div>
   <div class='ocr_carea' id='block_1_103' title="bbox 196 5571 1775 5670">
    <p class='ocr_par' dir='ltr' id='par_1_103' title="bbox 196 5571 1775 5670">
     <span class='ocr_line' id='line_1_105' title="bbox 196 5571 1775 5670; baseline 0.017 -39"><span class='ocrx_word' id='word_1_620' title='bbox 196 5571 468 5638; x_wconf 66' lang='lat' dir='ltr'>tercedente</span> <span class='ocrx_word' id='word_1_621' title='bbox 490 5584 652 5642; x_wconf 89' lang='lat' dir='ltr'>beato</span> <span class='ocrx_word' id='word_1_622' title='bbox 678 5588 921 5661; x_wconf 82' lang='lat' dir='ltr'>Martyre</span> <span class='ocrx_word' id='word_1_623' title='bbox 945 5595 1068 5664; x_wconf 89' lang='lat' dir='ltr'>tuo,</span> <span class='ocrx_word' id='word_1_624' title='bbox 1096 5594 1169 5650; x_wconf 90' lang='lat' dir='ltr'>ad</span> <span class='ocrx_word' id='word_1_625' title='bbox 1194 5571 1600 5670; x_wconf 74' lang='lat' dir='ltr'>redemptionis</span> <span class='ocrx_word' id='word_1_626' title='bbox 1617 5605 1775 5657; x_wconf 72' lang='lat' dir='ltr'>teter-</span> 
     </span>
    </p>
   </div>
   <div class='ocr_carea' id='block_1_104' title="bbox 195 5673 1190 5756">
    <p class='ocr_par' dir='ltr' id='par_1_104' title="bbox 195 5673 1190 5756">
     <span class='ocr_line' id='line_1_106' title="bbox 195 5673 1190 5756; baseline 0.027 -36"><span class='ocrx_word' id='word_1_627' title='bbox 195 5677 265 5720; x_wconf 71' lang='lat' dir='ltr'>nte</span> <span class='ocrx_word' id='word_1_628' title='bbox 286 5673 617 5741; x_wconf 87' lang='lat' dir='ltr'>proﬁciamus</span> <span class='ocrx_word' id='word_1_629' title='bbox 639 5689 1036 5756; x_wconf 77' lang='lat' dir='ltr'>augmentum.</span> <span class='ocrx_word' id='word_1_630' title='bbox 1064 5690 1190 5747; x_wconf 90' lang='lat' dir='ltr'>Per.</span> 
     </span>
    </p>
   </div>
   <div class='ocr_carea' id='block_1_105' title="bbox 250 5759 1775 5863">
    <p class='ocr_par' dir='ltr' id='par_1_105' title="bbox 250 5759 1775 5863">
     <span class='ocr_line' id='line_1_107' title="bbox 250 5759 1775 5863; baseline 0.017 -41"><span class='ocrx_word' id='word_1_631' title='bbox 250 5759 510 5829; x_wconf 78' lang='lat' dir='ltr'>Sumentes</span> <span class='ocrx_word' id='word_1_632' title='bbox 553 5777 762 5849; x_wconf 83' lang='lat' dir='ltr'>gaudia</span> <span class='ocrx_word' id='word_1_633' title='bbox 816 5782 1161 5854; x_wconf 87' lang='lat' dir='ltr'>sempiterna</span> <span class='ocrx_word' id='word_1_634' title='bbox 1211 5786 1284 5842; x_wconf 87' lang='lat' dir='ltr'>de</span> <span class='ocrx_word' id='word_1_635' title='bbox 1342 5788 1775 5863; x_wconf 88' lang='lat' dir='ltr'>participatione</span> 
     </span>
    </p>
   </div>
   <div class='ocr_carea' id='block_1_106' title="bbox 199 5847 1773 5959">
    <p class='ocr_par' dir='ltr' id='par_1_106' title="bbox 199 5847 1773 5959">
     <span class='ocr_line' id='line_1_108' title="bbox 199 5847 1773 5959; baseline 0.018 -43"><span class='ocrx_word' id='word_1_636' title='bbox 199 5847 521 5940; x_wconf 69' lang='lat' dir='ltr'>Socramenti,</span> <span class='ocrx_word' id='word_1_637' title='bbox 551 5847 607 5927; x_wconf 79' lang='lat' dir='ltr'>et</span> <span class='ocrx_word' id='word_1_638' title='bbox 628 5847 1112 5935; x_wconf 50' lang='lat' dir='ltr'>festivitate-beati</span> <span class='ocrx_word' id='word_1_639' title='bbox 1136 5847 1395 5955; x_wconf 82' lang='lat' dir='ltr'>Martyris</span> <span class='ocrx_word' id='word_1_640' title='bbox 1419 5884 1524 5956; x_wconf 92' lang='lat' dir='ltr'>tui,</span> <span class='ocrx_word' id='word_1_641' title='bbox 1548 5847 1773 5959; x_wconf 71' lang='lat' dir='ltr'>suppli-</span> 
     </span>
    </p>
   </div>
   <div class='ocr_carea' id='block_1_107' title="bbox 1876 4684 3517 4756">
    <p class='ocr_par' dir='ltr' id='par_1_107' title="bbox 1876 4684 3517 4756">
     <span class='ocr_line' id='line_1_109' title="bbox 1876 4684 3517 4756; baseline 0.004 -20"><span class='ocrx_word' id='word_1_642' title='bbox 1876 4699 1992 4736; x_wconf 91' lang='lat' dir='ltr'>non</span> <span class='ocrx_word' id='word_1_643' title='bbox 2020 4699 2319 4754; x_wconf 89' lang='lat' dir='ltr'>possumus</span> <span class='ocrx_word' id='word_1_644' title='bbox 2349 4684 2701 4738; x_wconf 87' lang='lat' dir='ltr'>orationibus</span> <span class='ocrx_word' id='word_1_645' title='bbox 2730 4684 3007 4755; x_wconf 89' lang='lat' dir='ltr'>obtinere,</span> <span class='ocrx_word' id='word_1_646' title='bbox 3040 4684 3386 4756; x_wconf 87' lang='lat' dir='ltr'>placentium</span> <span class='ocrx_word' id='word_1_647' title='bbox 3410 4688 3517 4743; x_wconf 88' lang='lat' dir='ltr'>tibi</span> 
     </span>
    </p>
   </div>
   <div class='ocr_carea' id='block_1_108' title="bbox 1876 4775 2719 4848">
    <p class='ocr_par' dir='ltr' id='par_1_108' title="bbox 1876 4775 2719 4848">
     <span class='ocr_line' id='line_1_110' title="bbox 1876 4775 2719 4848; baseline 0.005 -19"><span class='ocrx_word' id='word_1_648' title='bbox 1876 4775 2139 4848; x_wconf 89' lang='lat' dir='ltr'>precibus</span> <span class='ocrx_word' id='word_1_649' title='bbox 2166 4776 2567 4848; x_wconf 89' lang='lat' dir='ltr'>adsequamur.</span> <span class='ocrx_word' id='word_1_650' title='bbox 2594 4779 2719 4833; x_wconf 89' lang='lat' dir='ltr'>Per.</span> 
     </span>
    </p>
   </div>
   <div class='ocr_carea' id='block_1_109' title="bbox 2494 4870 2875 4934">
    <p class='ocr_par' dir='ltr' id='par_1_109' title="bbox 2494 4870 2875 4934">
     <span class='ocr_line' id='line_1_111' title="bbox 2494 4870 2875 4934; baseline 0 -14"><span class='ocrx_word' id='word_1_651' title='bbox 2494 4871 2663 4934; x_wconf 86' lang='lat' dir='ltr'>Super</span> <span class='ocrx_word' id='word_1_652' title='bbox 2687 4870 2875 4921; x_wconf 88' lang='lat' dir='ltr'>oblata.</span> 
     </span>
    </p>
   </div>
   <div class='ocr_carea' id='block_1_110' title="bbox 1950 4949 3516 5029">
    <p class='ocr_par' dir='ltr' id='par_1_110' title="bbox 1950 4949 3516 5029">
     <span class='ocr_line' id='line_1_112' title="bbox 1950 4949 3516 5029; baseline 0.007 -24"><span class='ocrx_word' id='word_1_653' title='bbox 1950 4949 2268 5020; x_wconf 80' lang='lat' dir='ltr'>Oﬂ‘erimus,</span> <span class='ocrx_word' id='word_1_654' title='bbox 2298 4951 2555 5019; x_wconf 91' lang='lat' dir='ltr'>Domine,</span> <span class='ocrx_word' id='word_1_655' title='bbox 2586 4967 2800 5023; x_wconf 70' lang='lat' dir='ltr'>przeces</span> <span class='ocrx_word' id='word_1_656' title='bbox 2825 4956 2882 5007; x_wconf 90' lang='lat' dir='ltr'>et</span> <span class='ocrx_word' id='word_1_657' title='bbox 2921 4967 3161 5029; x_wconf 79' lang='lat' dir='ltr'>munera</span> <span class='ocrx_word' id='word_1_658' title='bbox 3203 4955 3263 5011; x_wconf 89' lang='lat' dir='ltr'>in</span> <span class='ocrx_word' id='word_1_659' title='bbox 3299 4957 3516 5016; x_wconf 87' lang='lat' dir='ltr'>honore</span> 
     </span>
    </p>
   </div>
   <div class='ocr_carea' id='block_1_111' title="bbox 1876 5046 3512 5123">
    <p class='ocr_par' dir='ltr' id='par_1_111' title="bbox 1876 5046 3512 5123">
     <span class='ocr_line' id='line_1_113' title="bbox 1876 5046 3512 5123; baseline 0.005 -24"><span class='ocrx_word' id='word_1_660' title='bbox 1876 5050 2199 5100; x_wconf 88' lang='lat' dir='ltr'>sanctorum</span> <span class='ocrx_word' id='word_1_661' title='bbox 2236 5050 2467 5101; x_wconf 90' lang='lat' dir='ltr'>tuorum</span> <span class='ocrx_word' id='word_1_662' title='bbox 2506 5046 2813 5117; x_wconf 82' lang='lat' dir='ltr'>gaudentes</span> <span class='ocrx_word' id='word_1_663' title='bbox 2845 5065 2858 5101; x_wconf 91' lang='lat'><strong>:</strong></span> <span class='ocrx_word' id='word_1_664' title='bbox 2895 5052 3123 5119; x_wconf 79' lang='lat' dir='ltr'>praesta,</span> <span class='ocrx_word' id='word_1_665' title='bbox 3163 5064 3512 5123; x_wconf 58' lang='lat' dir='ltr'>quaesumus,</span> 
     </span>
    </p>
   </div>
   <div class='ocr_carea' id='block_1_112' title="bbox 1876 5140 3513 5218">
    <p class='ocr_par' dir='ltr' id='par_1_112' title="bbox 1876 5140 3513 5218">
     <span class='ocr_line' id='line_1_114' title="bbox 1876 5140 3513 5218; baseline 0.004 -24"><span class='ocrx_word' id='word_1_666' title='bbox 1876 5142 1942 5194; x_wconf 88' lang='lat' dir='ltr'>ut</span> <span class='ocrx_word' id='word_1_667' title='bbox 1964 5144 2021 5194; x_wconf 89' lang='lat' dir='ltr'>et</span> <span class='ocrx_word' id='word_1_668' title='bbox 2048 5140 2445 5196; x_wconf 87' lang='lat' dir='ltr'>convenienter</span> <span class='ocrx_word' id='word_1_669' title='bbox 2465 5141 2588 5195; x_wconf 83' lang='lat' dir='ltr'>haec</span> <span class='ocrx_word' id='word_1_670' title='bbox 2614 5157 2803 5213; x_wconf 88' lang='lat' dir='ltr'>agere,</span> <span class='ocrx_word' id='word_1_671' title='bbox 2823 5145 2880 5197; x_wconf 89' lang='lat' dir='ltr'>et</span> <span class='ocrx_word' id='word_1_672' title='bbox 2898 5144 3151 5201; x_wconf 90' lang='lat' dir='ltr'>remedia</span> <span class='ocrx_word' id='word_1_673' title='bbox 3170 5146 3513 5218; x_wconf 88' lang='lat' dir='ltr'>sempiterna</span> 
     </span>
    </p>
   </div>
   <div class='ocr_carea' id='block_1_113' title="bbox 1876 5233 2994 5306">
    <p class='ocr_par' dir='ltr' id='par_1_113' title="bbox 1876 5233 2994 5306">
     <span class='ocr_line' id='line_1_115' title="bbox 1876 5233 2994 5306; baseline 0.004 -18"><span class='ocrx_word' id='word_1_674' title='bbox 1876 5233 2162 5289; x_wconf 87' lang='lat' dir='ltr'>valeamus</span> <span class='ocrx_word' id='word_1_675' title='bbox 2189 5234 2508 5306; x_wconf 87' lang='lat' dir='ltr'>adquirere.</span> <span class='ocrx_word' id='word_1_676' title='bbox 2538 5236 2644 5291; x_wconf 91' lang='lat' dir='ltr'>Per</span> <span class='ocrx_word' id='word_1_677' title='bbox 2668 5235 2994 5293; x_wconf 90' lang='lat' dir='ltr'>Dominum.</span> 
     </span>
    </p>
   </div>
   <div class='ocr_carea' id='block_1_114' title="bbox 1947 5328 3507 5401">
    <p class='ocr_par' dir='ltr' id='par_1_114' title="bbox 1947 5328 3507 5401">
     <span class='ocr_line' id='line_1_116' title="bbox 1947 5328 3507 5401; baseline 0.003 -18"><span class='ocrx_word' id='word_1_678' title='bbox 1947 5328 2197 5399; x_wconf 88' lang='lat' dir='ltr'>Suscipe,</span> <span class='ocrx_word' id='word_1_679' title='bbox 2230 5329 2487 5397; x_wconf 90' lang='lat' dir='ltr'>Domine,</span> <span class='ocrx_word' id='word_1_680' title='bbox 2510 5329 2845 5385; x_wconf 84' lang='lat' dir='ltr'>sacriﬁcium</span> <span class='ocrx_word' id='word_1_681' title='bbox 2875 5329 3201 5401; x_wconf 85' lang='lat' dir='ltr'>placationis</span> <span class='ocrx_word' id='word_1_682' title='bbox 3227 5335 3284 5386; x_wconf 88' lang='lat' dir='ltr'>et</span> <span class='ocrx_word' id='word_1_683' title='bbox 3308 5332 3507 5401; x_wconf 89' lang='lat' dir='ltr'>laudis,</span> 
     </span>
    </p>
   </div>
   <div class='ocr_carea' id='block_1_115' title="bbox 1874 5421 3512 5495">
    <p class='ocr_par' dir='ltr' id='par_1_115' title="bbox 1874 5421 3512 5495">
     <span class='ocr_line' id='line_1_117' title="bbox 1874 5421 3512 5495; baseline 0.003 -19"><span class='ocrx_word' id='word_1_684' title='bbox 1874 5426 1940 5476; x_wconf 88' lang='lat' dir='ltr'>ut</span> <span class='ocrx_word' id='word_1_685' title='bbox 1977 5421 2293 5477; x_wconf 89' lang='lat' dir='ltr'>benedictio</span> <span class='ocrx_word' id='word_1_686' title='bbox 2332 5427 2431 5478; x_wconf 86' lang='lat' dir='ltr'>tua</span> <span class='ocrx_word' id='word_1_687' title='bbox 2467 5424 2626 5495; x_wconf 88' lang='lat' dir='ltr'>larga</span> <span class='ocrx_word' id='word_1_688' title='bbox 2654 5423 2975 5493; x_wconf 88' lang='lat' dir='ltr'>descendat,</span> <span class='ocrx_word' id='word_1_689' title='bbox 3007 5438 3135 5494; x_wconf 84' lang='lat' dir='ltr'>quae</span> <span class='ocrx_word' id='word_1_690' title='bbox 3174 5428 3232 5478; x_wconf 91' lang='lat' dir='ltr'>et</span> <span class='ocrx_word' id='word_1_691' title='bbox 3272 5440 3512 5481; x_wconf 88' lang='lat' dir='ltr'>munera</span> 
     </span>
    </p>
   </div>
   <div class='ocr_carea' id='block_1_116' title="bbox 1874 5516 3505 5591">
    <p class='ocr_par' dir='ltr' id='par_1_116' title="bbox 1874 5516 3505 5591">
     <span class='ocr_line' id='line_1_118' title="bbox 1874 5516 3505 5591; baseline 0.003 -21"><span class='ocrx_word' id='word_1_692' title='bbox 1874 5519 2093 5586; x_wconf 88' lang='lat' dir='ltr'>nostra,</span> <span class='ocrx_word' id='word_1_693' title='bbox 2108 5517 2313 5571; x_wconf 87' lang='lat' dir='ltr'>sanctis</span> <span class='ocrx_word' id='word_1_694' title='bbox 2329 5517 2441 5572; x_wconf 92' lang='lat' dir='ltr'>tuis</span> <span class='ocrx_word' id='word_1_695' title='bbox 2460 5517 2913 5590; x_wconf 85' lang='lat' dir='ltr'>deprecantibus,</span> <span class='ocrx_word' id='word_1_696' title='bbox 2931 5516 3031 5570; x_wconf 90' lang='lat' dir='ltr'>tibi</span> <span class='ocrx_word' id='word_1_697' title='bbox 3048 5516 3248 5572; x_wconf 89' lang='lat' dir='ltr'>reddat</span> <span class='ocrx_word' id='word_1_698' title='bbox 3262 5523 3505 5591; x_wconf 85' lang='lat' dir='ltr'>accepta,</span> 
     </span>
    </p>
   </div>
   <div class='ocr_carea' id='block_1_117' title="bbox 1877 5608 3409 5683">
    <p class='ocr_par' dir='ltr' id='par_1_117' title="bbox 1877 5608 3409 5683">
     <span class='ocr_line' id='line_1_119' title="bbox 1877 5608 3409 5683; baseline 0.001 -17"><span class='ocrx_word' id='word_1_699' title='bbox 1877 5613 1934 5667; x_wconf 85' lang='lat' dir='ltr'>et</span> <span class='ocrx_word' id='word_1_700' title='bbox 1954 5610 2118 5665; x_wconf 89' lang='lat' dir='ltr'>nobis</span> <span class='ocrx_word' id='word_1_701' title='bbox 2143 5616 2560 5667; x_wconf 87' lang='lat' dir='ltr'>sacramentum</span> <span class='ocrx_word' id='word_1_702' title='bbox 2591 5609 2998 5683; x_wconf 90' lang='lat' dir='ltr'>redemptionis</span> <span class='ocrx_word' id='word_1_703' title='bbox 3024 5608 3251 5666; x_wconf 80' lang='lat' dir='ltr'>efficiat.</span> <span class='ocrx_word' id='word_1_704' title='bbox 3285 5612 3409 5667; x_wconf 91' lang='lat' dir='ltr'>Per.</span> 
     </span>
    </p>
   </div>
   <div class='ocr_carea' id='block_1_118' title="bbox 1948 5704 3503 5777">
    <p class='ocr_par' dir='ltr' id='par_1_118' title="bbox 1948 5704 3503 5777">
     <span class='ocr_line' id='line_1_120' title="bbox 1948 5704 3503 5777; baseline -0.003 -17"><span class='ocrx_word' id='word_1_705' title='bbox 1948 5705 2087 5761; x_wconf 88' lang='lat' dir='ltr'>Vere</span> <span class='ocrx_word' id='word_1_706' title='bbox 2118 5704 2358 5777; x_wconf 89' lang='lat' dir='ltr'>dignum</span> <span class='ocrx_word' id='word_1_707' title='bbox 2402 5710 2459 5761; x_wconf 89' lang='lat' dir='ltr'>et</span> <span class='ocrx_word' id='word_1_708' title='bbox 2490 5705 2713 5776; x_wconf 89' lang='lat' dir='ltr'>justum</span> <span class='ocrx_word' id='word_1_709' title='bbox 2756 5708 2859 5773; x_wconf 90' lang='lat' dir='ltr'>est,</span> <span class='ocrx_word' id='word_1_710' title='bbox 2890 5720 3119 5776; x_wconf 78' lang='lat' dir='ltr'>aequum</span> <span class='ocrx_word' id='word_1_711' title='bbox 3148 5708 3205 5760; x_wconf 88' lang='lat' dir='ltr'>et</span> <span class='ocrx_word' id='word_1_712' title='bbox 3243 5704 3503 5758; x_wconf 82' lang='lat' dir='ltr'>salutare.</span> 
     </span>
    </p>
   </div>
   <div class='ocr_carea' id='block_1_119' title="bbox 1874 5792 3506 5869">
    <p class='ocr_par' dir='ltr' id='par_1_119' title="bbox 1874 5792 3506 5869">
     <span class='ocr_line' id='line_1_121' title="bbox 1874 5792 3506 5869; baseline -0.005 -15"><span class='ocrx_word' id='word_1_713' title='bbox 1874 5798 2260 5855; x_wconf 85' lang='lat' dir='ltr'>Conﬁteantur</span> <span class='ocrx_word' id='word_1_714' title='bbox 2284 5799 2407 5868; x_wconf 87' lang='lat' dir='ltr'>tibi,</span> <span class='ocrx_word' id='word_1_715' title='bbox 2428 5797 2686 5866; x_wconf 90' lang='lat' dir='ltr'>Domine,</span> <span class='ocrx_word' id='word_1_716' title='bbox 2714 5798 2904 5853; x_wconf 90' lang='lat' dir='ltr'>omnia</span> <span class='ocrx_word' id='word_1_717' title='bbox 2926 5813 3098 5869; x_wconf 84' lang='lat' dir='ltr'>Opera</span> <span class='ocrx_word' id='word_1_718' title='bbox 3117 5801 3232 5863; x_wconf 89' lang='lat' dir='ltr'>tua,</span> <span class='ocrx_word' id='word_1_719' title='bbox 3256 5799 3310 5849; x_wconf 89' lang='lat' dir='ltr'>et</span> <span class='ocrx_word' id='word_1_720' title='bbox 3329 5792 3506 5848; x_wconf 84' lang='lat' dir='ltr'>sancti</span> 
     </span>
    </p>
   </div>
   <div class='ocr_carea' id='block_1_120' title="bbox 1874 5887 3506 5964">
    <p class='ocr_par' dir='ltr' id='par_1_120' title="bbox 1874 5887 3506 5964">
     <span class='ocr_line' id='line_1_122' title="bbox 1874 5887 3506 5964; baseline -0.008 -13"><span class='ocrx_word' id='word_1_721' title='bbox 1874 5892 1960 5950; x_wconf 85' lang='lat' dir='ltr'>tui</span> <span class='ocrx_word' id='word_1_722' title='bbox 1984 5892 2321 5951; x_wconf 86' lang='lat' dir='ltr'>benedicant</span> <span class='ocrx_word' id='word_1_723' title='bbox 2345 5896 2401 5949; x_wconf 88' lang='lat' dir='ltr'>te</span> <span class='ocrx_word' id='word_1_724' title='bbox 2425 5908 2440 5947; x_wconf 90' lang='lat'><strong>:</strong></span> <span class='ocrx_word' id='word_1_725' title='bbox 2469 5890 2739 5963; x_wconf 87' lang='lat' dir='ltr'>quoniam</span> <span class='ocrx_word' id='word_1_726' title='bbox 2767 5889 2948 5964; x_wconf 79' lang='lat' dir='ltr'>gloria</span> <span class='ocrx_word' id='word_1_727' title='bbox 2972 5887 3194 5944; x_wconf 87' lang='lat' dir='ltr'>virtutis</span> <span class='ocrx_word' id='word_1_728' title='bbox 3220 5900 3415 5943; x_wconf 88' lang='lat' dir='ltr'>eorum</span> <span class='ocrx_word' id='word_1_729' title='bbox 3444 5888 3506 5940; x_wconf 88' lang='lat' dir='ltr'>tu</span> 
     </span>
    </p>
   </div>
  </div>
