3968 6224
453 337 554 394 310

915 444 999 503 IV.
1032 463 1307 504 PRAEFATIO
1345 461 1622 503 LECTORIS.

521 539 752 614 Eligunt
790 545 845 596 te
885 543 1090 596 fratres
1130 542 1232 608 tui,
1269 543 1331 595 ut
1362 541 1438 594 sis
1464 541 1644 595 lector
1691 539 1750 594 in
1780 540 1952 595 domo
1985 540 2085 596 Dei

450 637 564 703 tui;
597 640 655 692 et
701 653 978 708 agnosces
1023 635 1276 689 ofﬁcium
1327 639 1510 702 tuum,
1545 638 1604 688 ut
1635 634 1874 706 impleas
1916 634 2084 701 illud;

449 733 655 803 potens
688 733 773 785 est
804 729 958 784 enim
989 731 1137 784 Deus
1168 732 1230 782 ut
1263 732 1473 799 augeat
1505 728 1605 783 tibi
1657 729 1926 800 gratiam.
1958 731 2083 784 Per.

1001 827 1297 878 Benedictio
1324 827 1551 877 lectoris.

524 910 767 966 Domine
797 911 1009 975 sancte,
1049 910 1219 963 Pater
1249 908 1640 979 omnipotens,
1669 910 1883 962 aeterne
1916 909 2083 976 Deus,

453 1001 795 1058 benedicere
851 1002 1106 1073 digneris
1159 1002 1443 1056 famulum
1499 1004 1663 1055 tuum
1711 1002 1865 1055 hunc
1925 1017 2082 1056 nom.

453 1095 615 1151 illum
643 1097 698 1150 in
742 1095 996 1150 ofﬁcium
1040 1096 1288 1162 lectoris,
1318 1099 1379 1150 ut
1407 1095 1739 1150 assiduitate
1775 1095 2086 1151 lectionum

452 1189 748 1244 distinctus
796 1193 967 1261 atque
1017 1190 1312 1245 ordinatus
1352 1189 1498 1244 curis
1538 1189 1806 1255 modulis,
1849 1188 2086 1260 spiritali

453 1282 754 1340 devotione
778 1284 976 1355 lingua
1002 1287 1235 1338 resonet
1256 1283 1537 1338 Ecclesiae.
2055 1293 2058 1296 ‘

884 1393 946 1444 V.
990 1406 1264 1446 primum
1305 1406 1632 1447 EXORCIST/B.

527 1493 708 1546 Deum
739 1492 967 1545 Patrem
1001 1490 1461 1561 omnipotentem
1499 1488 1782 1562 supplices
1814 1489 2087 1559 depreca-

455 1601 605 1650 mur,
629 1587 692 1638 ut
731 1585 882 1638 hunc
913 1584 1194 1638 famulum
1226 1601 1392 1638 suum
1418 1600 1576 1638 nom.
1614 1583 1692 1637 ill.
1744 1582 2087 1638 benedicere

458 1677 729 1748 dignetur
754 1677 812 1730 in
842 1677 1030 1732 ofﬁcio
1062 1677 1374 1745 exorcistae,
1401 1680 1461 1731 ut
1492 1677 1564 1731 sit
1606 1676 1876 1748 spiritalis
1905 1675 2087 1747 impe-

458 1774 614 1825 rator
639 1770 712 1824 ad
745 1770 1098 1841 abjiciendos
1126 1771 1417 1826 dmmones
1444 1771 1514 1825 de
1537 1769 1872 1841 corporibus
1904 1769 2091 1824 obses-

456 1863 530 1919 sis
552 1881 683 1919 cum
711 1865 869 1918 omni
897 1865 1154 1936 nequitia
1180 1882 1378 1919 eorum
1415 1864 1774 1920 multiformi.
1808 1864 1936 1917 Per.

959 1961 1258 2012 Benedictio
1308 1961 1596 2012 exorcistie.

532 2043 771 2099 Domine
802 2046 1016 2109 sancte,
1047 2045 1216 2098 Pater
1247 2043 1632 2114 omnipotens,
1660 2046 1873 2098 aeterne
1924 2044 2094 2110 Deus,

460 2137 802 2192 benedicere
840 2136 1094 2207 digneris
1128 2137 1410 2191 famulum
1451 2140 1611 2191 tuum
1652 2137 1803 2191 hunc
1827 2153 1985 2192 nom.
2014 2138 2092 2192 ill.

456 2231 515 2286 in
545 2230 733 2285 ofﬁcio
764 2230 1075 2298 exorcistze,
1111 2235 1171 2285 ut
1197 2248 1300 2302 per
1323 2230 1705 2302 impositiouis
1732 2247 2013 2286 manuum
2042 2235 2099 2285 et

463 2324 576 2380 oris
609 2324 862 2379 ofﬁcium
913 2341 1046 2378 eum
1093 2323 1308 2395 eligere
1341 2323 1631 2394 digneris;
1677 2328 1734 2378 et
1789 2324 2097 2396 imperium

462 2418 677 2472 habeat
710 2418 1012 2488 spirituum
1052 2416 1484 2472 immundorum
1515 2417 2007 2484 coercendorum;
2040 2421 2100 2472 et

462 2511 776 2582 probabilis
801 2510 873 2564 sit
894 2510 1152 2564 medicus
1179 2510 1443 2565 Ecclesiae
1471 2513 1602 2577 tuas,
1626 2511 1826 2581 gratiae
1857 2511 2099 2566 curatio-

464 2621 602 2658 num
630 2604 835 2657 virtute
858 2604 1247 2658 conﬁrmatus.

605 2713 689 2765 VI.
720 2727 1018 2768 ALLOCUTIO
1056 2729 1125 2766 AD
1166 2727 1544 2768 SUBDLACONUM
1583 2728 1951 2769 ORDINANDL'M.

535 2805 874 2860 Emhibeatur
897 2807 955 2858 in
993 2812 1275 2875 conspectu
1316 2808 1553 2877 episcopi
1572 2813 1778 2876 patena
1807 2818 1831 2846 ει
1863 2812 1913 2861 et
1955 2809 2102 2862 calin:

465 2915 690 2962 vacuus,
715 2905 764 2953 et
790 2899 936 2953 dicat
957 2900 1006 2952 ei
1027 2901 1306 2969 episcopus
1337 2916 1353 2951 :
1683 2959 1686 2962 ,

537 2992 675 3047 Vide
697 2992 858 3063 cujus
881 2992 1265 3047 ministerium
1290 2993 1392 3047 tibi
1415 2993 1678 3048 traditur.
1702 2996 1770 3048 Et
1788 2994 1917 3049 ideo
1941 2993 1984 3050 si
2008 3013 2096 3050 us-

468 3102 579 3157 que
601 3103 754 3140 nunc
779 3085 932 3140 fuisti
949 3086 1147 3139 tardus
1169 3087 1242 3140 ad
1268 3086 1598 3152 Ecclesiam,
1627 3088 1899 3142 ammodo
1927 3088 2100 3143 debes

468 3196 590 3233 esse
626 3179 902 3233 assiduus.
933 3179 990 3234 Si
1020 3196 1198 3250 usque
1231 3197 1382 3233 nunc
1411 3181 1806 3235 somnolentus
1828 3183 2099 3238 ammodo
2121 3193 2175 3266 ρ

466 3275 684 3344 vigiles.
719 3273 775 3328 Si
802 3291 981 3346 usque
1007 3291 1159 3328 nunc
1186 3273 1378 3348 303
1409 3276 1684 3342 ebriosus,
1712 3277 1987 3332 ammodo
2020 3295 2105 3333 so-

467 3367 642 3422 brius.
688 3367 746 3421 Si
787 3384 964 3437 usque
1002 3384 1152 3421 nunc
1198 3368 1555 3437 inhonestus,
1586 3371 1858 3426 ammodo
1895 3374 2100 3426 castus.

469 3459 820 3526 Oblationes,
865 3478 992 3531 quae
1039 3461 1277 3516 veniunt
1320 3462 1378 3516 in
1424 3463 1646 3530 altario,
1681 3481 1861 3535 panes
1901 3481 2103 3535 propo-

469 3553 690 3607 sitionis
726 3554 1107 3624 appellantur.
1149 3556 1226 3608 De
1267 3555 1405 3627 ipsis
1445 3557 1831 3612 oblationibus
1879 3561 2104 3612 tantum

469 3647 643 3701 debet
667 3647 724 3701 in
747 3647 950 3702 altario
972 3648 1129 3719 poni,
1153 3653 1432 3720 quantum
1450 3652 1663 3721 populo
1691 3649 1870 3722 possit
1887 3651 2106 3705 sufﬁce-

469 3757 551 3808 re,
583 3757 656 3794 ne
688 3741 904 3813 aliquid
927 3741 1234 3813 'putridum
1272 3743 1330 3797 in
1373 3744 1620 3798 sacrario
1653 3747 1905 3797 maneat.
1935 3745 2104 3798 Pallia

467 3851 602 3889 vero
631 3851 758 3906 quae
785 3837 918 3888 sunt
941 3835 1000 3888 iu
1025 3834 1052 3875 ι)
1083 3836 1478 3904 substraturio,
1511 3837 1567 3889 in
1597 3836 1708 3890 alio
1738 3853 1868 3890 vase
1893 3837 2107 3890 debent

471 3927 673 3982 lavari:
706 3927 763 3981 in
787 3927 898 3982 alio
930 3931 1257 4000 corporales
1287 3932 1473 4001 pallae.
1507 3928 1610 3983 Ubi
1641 3928 1812 3999 pallae
1840 3947 2105 4001 corpora-

470 4023 552 4076 les
587 4022 788 4075 lavatae
828 4021 1059 4090 fuerint,
1094 4024 1312 4077 nullum
1351 4023 1665 4077 linteamen
1697 4022 1914 4077 ibidem
1951 4024 2108 4077 aliud

472 4113 830 4168 debetlavari
851 4132 863 4169 ε
879 4114 1002 4186 ipsa
1015 4134 1166 4188 aqua
1178 4117 1235 4170 in
1251 4115 1587 4186 baptisteria
1605 4115 2106 4187 debetvergi.ldeo

473 4211 525 4261 te
553 4224 882 4275 ammoneo,
912 4213 973 4263 tu
997 4209 1076 4263 ita
1103 4211 1158 4262 te
1186 4208 1408 4274 exhibe,
1436 4209 1630 4262 utDeo
1655 4209 1879 4279 placere
1902 4209 2102 4280 possis.

540 4304 609 4358 Et
630 4303 812 4358 trades
842 4306 892 4358 ei
921 4304 1139 4358 calicem
1168 4307 1217 4357 et
1235 4307 1516 4371 patenum.

811 4400 1042 4451 Praefatio
1069 4397 1406 4449 ordinationis
1431 4399 1753 4449 subdiaconi.

542 4482 782 4538 Oremus
829 4482 1010 4535 Deum
1052 4483 1110 4533 et
1158 4480 1467 4534 Dominum
1515 4483 1796 4547 nostrum,
1830 4483 1892 4535 ut
1941 4497 2112 4552 super

469 4593 693 4631 servum
717 4591 884 4629 suum
905 4590 1062 4628 nom.
1092 4573 1192 4640 ill.,
1218 4589 1392 4643 quem
1425 4574 1497 4628 ad
1525 4573 1970 4630 subdiaconatus
1987 4575 2107 4630 ofﬁ-
2124 4563 2184 4636 D

469 4670 621 4724 cium
644 4683 882 4724 evocare
910 4666 1179 4736 dignatus
1206 4667 1310 4733 est,
1336 4665 1606 4723 infundat
1637 4668 2105 4724 benedictionem

469 4767 525 4818 et
551 4763 798 4834 gratiam
823 4775 1013 4825 suam;
1044 4763 1106 4814 ut
1143 4759 1202 4814 in
1234 4765 1542 4832 conspectu
1574 4779 1674 4817 suo
1716 4762 1963 4817 ﬁdeliter
1993 4779 2105 4817 ser-

466 4856 646 4920 viens,
689 4853 975 4907 destinata
1027 4855 1237 4910 sanctis
1285 4855 1522 4926 praemia
1563 4859 1965 4927 consequatur.
2000 4859 2106 4912 Per

471 4946 800 5003 Dominum.

963 5020 1261 5070 Benedictio
1280 5019 1603 5070 subdiaconi.

542 5098 783 5154 Domine
815 5103 1027 5168 sancte,
1055 5103 1226 5155 Pater
1257 5099 1644 5171 omnipotens,
1687 5105 1902 5157 aeterne
1935 5105 2104 5171 Deus,

470 5193 814 5249 benedicere
846 5193 1100 5265 digneris
1127 5195 1409 5248 famulum
1437 5197 1599 5249 tuum
1623 5196 1795 5263 hunc,
1821 5214 1977 5252 nom.
2003 5198 2106 5264 ill.,

470 5304 643 5360 quem
671 5287 744 5342 ad
769 5287 1216 5342 subdiaconatus
1239 5286 1493 5341 ofﬁcium
1515 5288 1729 5360 eligere
1759 5290 2028 5361 dignatus
2048 5308 2108 5344 es

472 5390 551 5444 uti
582 5389 737 5443 enim
760 5388 818 5443 in
852 5388 1098 5443 sacrario
1113 5391 1214 5443 tuo
1241 5391 1440 5443 saneto
1462 5392 1761 5445 strenuum
1784 5391 2110 5446 sollicitum-

472 5499 583 5553 que
612 5481 824 5536 cmlesti
856 5481 1074 5536 militia
1105 5481 1387 5549 instituas,
1419 5485 1481 5537 ut
1507 5484 1720 5538 sanctis
1753 5484 2028 5538 altaribus
2051 5485 2110 5538 ﬁ-

473 5575 678 5629 deliter
702 5575 1200 5631 subministretzet
1225 5576 1548 5647 requiescat
1577 5593 1750 5647 super
1775 5593 1907 5632 eum
1939 5577 2112 5650 Spiri-

475 5673 562 5723 tus
588 5667 886 5740 sapientiae
909 5672 966 5724 et
994 5669 1335 5737 intellectus,
1357 5669 1602 5741 Spiritus
1629 5671 1852 5725 consilii
1879 5675 1937 5726 et
1955 5672 2112 5728 forti-

547 5817 571 5845 δ
599 5805 718 5859 Huc
748 5806 967 5875 spectat
997 5822 1184 5861 canon
1211 5807 1244 5875 6
1275 5802 1502 5859 concilii
1530 5801 1788 5860 Toletani
1812 5821 1930 5860 vm.

546 5875 572 5916 δ
601 5875 665 5931 Id
695 5874 793 5931 est
807 5875 1013 5949 quibus
1043 5874 1321 5932 sternitur
1356 5875 1553 5932 altaris
1601 5875 1901 5948 planities;
1926 5893 2110 5950 corpo-

1250 295 1579 393 sPre-me
1617 337 1704 390 AD
1741 333 1962 390 orem
1999 328 2231 385 SANCTI
2269 329 2569 386 GERMANI
2607 331 3030 387 PARISIENSIS.

2110 449 2170 524 Α
2189 439 2424 508 tudinis,
2455 437 2696 511 Spiritus
2739 441 2990 496 scientiae
3035 442 3093 496 et
3137 436 3386 513 pietatis.
3418 438 3668 511 Repleas
3695 453 3836 494 eum

3729 333 3838 385 320

2191 533 2404 606 Spiritu
2453 533 2678 590 timoris
2724 535 2825 604 tui,
2871 537 2933 589 ut
2977 551 3111 590 eum
3160 534 3220 590 in
3265 533 3590 589 ministerio
3635 531 3838 588 divino

2189 630 2626 695 conﬁrmes;ut
2656 629 2933 684 obediens
2977 632 3148 701 atque
3196 628 3347 683 dicto
3391 644 3624 699 parens,
3667 631 3836 682 tuam

2191 723 2437 795 gratiam
2457 726 2861 795 consequatur.
2891 725 2999 778 Per
3023 723 3358 778 Dominum.

2327 842 2435 895 VII.
2477 855 2776 897 ALLOCUTIO
2814 857 2884 897 AD
2925 856 3179 896 POPULUM
3218 856 3271 897 IN
3312 854 3678 896 0RDINATIONE

2884 927 3122 967 DIACONI.
3325 938 3336 940 ‘

2261 1009 2617 1066 Dilectissimi
2643 1011 2869 1078 fratres,
2900 1008 3220 1081 quamlibet
3240 1008 3461 1080 possint
3488 1009 3563 1064 ad
3594 1007 3840 1063 ordina-

2189 1105 2410 1159 tionem
2451 1103 2812 1159 ecclesiastici
2851 1102 3156 1158 ministerii
3197 1102 3681 1173 promovendam,
3728 1101 3844 1156 sibi

2189 1198 2312 1270 ipsa
2343 1199 2602 1252 sufﬁcere
2634 1195 2932 1269 privilegia
2961 1196 3349 1264 sacerdotum,
3384 1198 3646 1251 attamen
3696 1195 3842 1266 quia

2190 1292 2540 1364 probabilior
2566 1294 2623 1346 et
2674 1293 2871 1346 nostra
2916 1290 3070 1362 apud
3118 1290 3428 1344 Dominum
3470 1289 3843 1344 conversatio

2191 1391 2294 1454 est,
2323 1390 2382 1440 et
2425 1403 2629 1441 eorum
2673 1402 2922 1457 quorum
2970 1385 3158 1440 honor
3205 1386 3468 1454 augetur,
3516 1383 3711 1454 major
3752 1385 3846 1438 est

2193 1480 2404 1552 gratia;
2429 1480 2474 1534 si
2495 1479 2552 1534 id
2572 1479 2727 1551 quod
2754 1478 2992 1534 arbitria
3015 1481 3209 1532 nostra
3230 1477 3470 1548 eligunt,
3510 1477 3690 1531 etiam
3711 1493 3842 1530 ves-

2193 1577 2294 1629 tra:
2329 1574 2634 1628 conﬁrmet
2668 1573 2999 1627 dilectionis
3045 1571 3340 1638 adsensus,
3384 1570 3597 1625 idcirco
3651 1570 3844 1624 ﬁlium

2193 1671 2452 1723 nostrum
2481 1667 2559 1721 ill.
2589 1666 2755 1737 cupio
2779 1667 2852 1720 ad
2872 1665 3126 1720 ofﬁcium
3152 1665 3487 1719 diaconatus
3508 1664 3566 1718 in
3597 1680 3843 1719 consor-

2192 1761 2336 1816 tium
2368 1764 2628 1816 nostrum
2650 1759 2961 1814 divinitatis
2978 1759 3185 1814 auxilio
3207 1774 3569 1830 promovere.
3589 1757 3680 1811 An
3705 1773 3846 1812 eum

2198 1856 2439 1927 dignum
2471 1855 2581 1909 hoc
2616 1853 2804 1908 ofﬁcio
2837 1853 3138 1920 censeatis,
3181 1852 3323 1908 scire
3371 1851 3674 1918 desidero;
3705 1854 3765 1905 et
3799 1850 3845 1904 si

2197 1952 2385 2003 vestra
2413 1948 2566 2020 apud
2597 1964 2792 2002 meam
2839 1946 3152 2001 concordat
3179 1945 3401 2012 electio,
3430 1944 3843 2000 testimonium

2199 2043 2353 2114 quod
2373 2042 2538 2097 vultis
2567 2041 2802 2097 vocibus
2833 2040 3170 2112 adprobate.
3201 2041 3310 2093 Per
3336 2039 3676 2094 Dominum.

2533 2147 2705 2198 Oratio
2731 2147 2795 2197 ad
2825 2147 3104 2196 diaconum
3132 2144 3500 2195 ordinandum.

2270 2238 2465 2312 304
2488 2239 2748 2304 Oremus,
2779 2236 3152 2304 dilectissimi,
3178 2237 3362 2290 Deum
3392 2236 3628 2289 Patrem
3659 2233 3849 2288 omni-

2199 2336 2519 2404 potentem,
2554 2335 2617 2385 ut
2636 2347 2808 2402 super
2835 2331 2987 2384 hunc
3016 2331 3301 2388 famulum
3338 2345 3524 2395 suum,
3555 2344 3737 2399 quem
3775 2327 3849 2382 ad

2200 2427 2453 2482 ofﬁcium
2475 2426 2811 2480 diaconatus
2835 2441 3038 2479 vocare
3060 2423 3352 2494 dignatur,
3371 2421 3850 2476 benedictionem

2200 2520 2401 2591 gratiae
2422 2521 2737 2574 clementer
2763 2518 3040 2585 effundat,
3062 2520 3119 2571 et
3139 2513 3589 2572 consecrationis
3621 2514 3852 2568 indulta

2200 2613 2479 2686 propitius
2515 2613 2668 2668 dona
2693 2614 3009 2679 conservet,
3033 2614 3096 2664 ut
3122 2627 3319 2682 preces
3347 2612 3571 2664 nostras
3594 2609 3854 2662 clemen-

2201 2711 2289 2762 ter
2323 2707 2617 2773 exaudiat;
2647 2709 2705 2764 et
2733 2722 2858 2777 qua:
2895 2708 3092 2759 nostro
3125 2707 3255 2758 sunt
3285 2703 3545 2774 gerenda
3588 2701 3849 2766 servitio,

2202 2818 2303 2855 suo
2321 2801 2574 2872 benigno
2592 2801 2974 2871 prosequatur
2995 2797 3231 2864 auxilio;
3261 2800 3318 2851 et
3339 2813 3512 2868 quem
3535 2795 3716 2850 sacris
3738 2795 3851 2848 mi-

2205 2894 2450 2950 nisteriis
2474 2892 2852 2964 exsequendis
2879 2909 2982 2963 pro
3014 2895 3212 2946 nostra
3239 2889 3626 2960 intelligentia
3660 2887 3854 2942 credi-

2203 3007 2331 3044 mus
2371 2987 2752 3054 oiferendum,
2811 3003 2913 3040 sua
2972 2986 3162 3057 potius
3214 2985 3495 3039 electione
3543 2982 3850 3054 justiﬁcet.

2203 3085 2310 3138 Per
2337 3081 2670 3137 Dominum.

2857 3149 3210 3200 Consecratio.

2274 3239 2508 3305 Adesto,
2543 3253 2890 3309 quaesumus,
2936 3235 3305 3307 omnipotens
3347 3235 3514 3302 Deus,
3553 3234 3856 3290 honorum

2206 3334 2390 3399 dator,
2408 3331 2675 3386 ordinum
2690 3330 3044 3396 distributor,
3060 3328 3501 3399 ofﬁciorumque
3517 3327 3856 3398 dispositor,

2206 3426 2302 3498 qui
2329 3426 2386 3480 in
2410 3428 2462 3479 te
2486 3441 2749 3489 manens,
2773 3422 3015 3477 innovas
3043 3423 3258 3489 omnia,
3282 3424 3339 3475 et
3361 3425 3565 3476 cuncta
3591 3418 3860 3493 disponis

2205 3536 2308 3591 per
2336 3517 2605 3582 Verbum,
2633 3516 2934 3583 Virtutem,
2960 3514 3437 3587 Sapientiamque
3468 3518 3629 3568 tuam
3652 3517 3856 3570 Jesum

2205 3613 2492 3670 Christum
2519 3609 2721 3664 Filium
2754 3612 2917 3663 tuum
2957 3609 3269 3663 Dominum
3315 3611 3597 3675 nostrum,
3638 3609 3856 3680 sempi-

2203 3712 2371 3762 terna
2389 3702 2750 3777 providentia
2769 3719 3080 3774 przeparas,
3107 3705 3165 3756 et
3186 3701 3244 3756 in
3268 3702 3505 3774 singulis
3527 3701 3860 3775 quibusque

2209 3799 2563 3872 temporibus
2589 3798 2842 3870 aptanda
2872 3797 3187 3869 dispensas.
3221 3797 3395 3868 Cujus
3419 3813 3626 3868 corpus
3657 3798 3859 3852 Eccle-

2207 3894 2351 3949 siam
2398 3897 2578 3961 tuam,
2611 3892 2927 3948 caelestium
2963 3891 3283 3962 gratiarum
3328 3891 3603 3945 varietate
3649 3891 3861 3946 distin—

2207 3990 2358 4042 ctam
2383 4002 2731 4057 suorumque
2760 4001 3020 4040 connexa
3051 3983 3396 4038 discretione
3426 3983 3859 4051 membrorum,

2207 4098 2310 4153 per
2330 4078 2706 4152 legemtotius
2728 4078 3008 4133 mirabilis
3030 4077 3327 4149 compagis
3351 4077 3597 4150 unitam,
3623 4077 3685 4132 in
3709 4077 3863 4150 :aug-

2211 4177 2475 4229 mentum
2503 4171 2703 4243 templi
2728 4172 2810 4226 tui
2833 4188 3087 4226 crescere
3121 4170 3461 4242 dilatarique
3491 4171 3744 4242 largiris,
3781 4189 3866 4226 sa-

2209 4269 2288 4323 cri
2313 4266 2571 4321 muneris
2598 4266 2944 4320 servientem
2964 4264 3131 4319 trinis
3161 4263 3433 4335 gradibus
3454 4264 3864 4320 ministrorum

2211 4360 2544 4416 nominituo
2564 4359 2816 4414 militare
2839 4359 3214 4426 constituens;
3245 4358 3438 4412 electis
3457 4357 3526 4411 ab
3540 4357 3706 4413 initio
3725 4359 3864 4414 Levi

2211 4455 2360 4523 ﬁliis,
2378 4453 2473 4526 qui
2495 4453 2750 4525 mysticis
2769 4452 3201 4524 operationibus
3225 4451 3430 4506 domus
3453 4454 3564 4505 tua:
3589 4451 3865 4507 ﬁdelibus
3891 4456 3899 4462 '

2209 4548 2456 4605 excubiis
2509 4550 2938 4619 permanentes,
2990 4545 3375 4600 hereditatem
3428 4544 3860 4601 benedictionis

2206 4647 2436 4700 aeterna:
2466 4644 2617 4696 sorte
2645 4644 2924 4712 perpetua
2946 4639 3326 4710 possiderent.
3359 4638 3542 4709 Super
3573 4638 3732 4692 hunc
3781 4641 3868 4695 fa-

2207 4739 2629 4802 mulumtuum,
2656 4750 3005 4806 quaesumus,
3027 4731 3292 4798 Domine,
3312 4732 3566 4803 placatus
3589 4730 3863 4801 intende,

2207 4829 2506 4903 quemtuis
2537 4828 2712 4883 sacris
2729 4827 3096 4894 serviturum,
3119 4827 3177 4880 in
3201 4824 3457 4880 ofﬁcium
3477 4824 3706 4878 diaconi
3730 4843 3867 4898 sup-

2205 4925 2429 4997 pliciter
2456 4922 2807 4977 dedicamus.
2839 4921 2907 4973 Et
2935 4936 3040 4974 nos
3075 4919 3334 4990 quidem,
3366 4920 3648 4988 tanquam
3674 4918 3870 4974 homi-

2208 5036 2329 5085 nes,
2365 5016 2542 5072 divini
2573 5031 2770 5069 sensus
2798 5016 2855 5067 et
2887 5029 3130 5066 summae
3160 5011 3399 5067 rationis
3441 5010 3652 5082 ignari,
3689 5013 3869 5084 hujus

2207 5111 2405 5177 vitam,
2449 5111 2734 5181 quantum
2759 5123 3082 5178 possumus,
3118 5106 3492 5162 aestimamus.
3519 5106 3595 5159 Te
3631 5109 3864 5175 autem,

2210 5204 2472 5268 Domine,
2525 5218 2652 5272 qua:
2682 5199 2847 5255 nobis
2887 5203 3020 5254 sunt
3051 5200 3247 5270 ignota
3279 5217 3395 5254 non
3426 5201 3771 5267 transeunt;
3808 5205 3867 5255 te

2210 5298 2429 5353 occulta
2459 5312 2576 5350 non
2608 5294 2834 5349 fallunt.
2863 5295 2943 5349 Tu
2965 5293 3230 5366 cognitor
3259 5297 3582 5364 pectorum,
3618 5296 3681 5347 tu
3711 5310 3871 5349 scru-

2210 5394 2362 5445 tator
2387 5407 2447 5443 es
2469 5387 2818 5443 animarum.
2842 5390 2922 5443 Tu
2947 5387 3227 5443 veraciter
3253 5386 3313 5441 in
3335 5404 3470 5442 eum
3499 5387 3727 5442 caeleste
3762 5405 3871 5459 po-

2211 5488 2296 5538 tes
2319 5483 2595 5538 adhibere
2612 5482 2917 5553 judicium,
2945 5485 3002 5536 et
3019 5482 3175 5535 velut
3199 5481 3453 5552 indignis
3481 5481 3702 5535 donare
3733 5497 3870 5552 qua:

2211 5577 2517 5650 poscimus.
2543 5576 2756 5630 Emitte
2789 5576 2848 5630 in
2881 5592 3036 5641 eum,
3061 5591 3409 5646 quaesumus,
3442 5573 3710 5642 Domine,
3735 5574 3873 5647 Spi-

2212 5671 2390 5727 ritum
2405 5673 2670 5726 sanctum
2691 5668 2750 5724 in
2777 5686 2919 5740 opus
2940 5668 3244 5724 ministerii
3267 5668 3517 5723 ﬁdeliter
3538 5684 3870 5740 exsequen-

2214 5809 2378 5872 rales,
2407 5823 2535 5880 quae
2563 5821 2769 5878 corpus
2789 5803 2996 5861 Christi
3018 5801 3276 5876 proxime
3297 5805 3563 5876 tangunt.
