3968 6224
511 323 612 378 323

496 430 586 484 his
609 428 902 484 institutus
932 428 1238 502 disciplinis
1265 445 1406 500 quas
1429 429 1551 482 Tito
1581 433 1637 481 et
1664 426 1958 481 Timotheo
1987 428 2134 480 Pau-
2160 439 2218 509 Α

499 523 587 578 lus
613 524 896 595 exposuit:
923 529 984 578 ut
1005 524 1064 578 in
1094 525 1216 595 lege
1240 526 1334 576 tua
1355 523 1442 576 die
1456 538 1519 575 ac
1535 526 1719 589 nocte,
1746 520 2136 592 Omnipotens,

499 618 799 685 meditans,
838 619 990 689 quod
1025 617 1226 687 legerit
1265 616 1474 684 credat,
1515 615 1667 686 quod
1703 614 2004 670 crediderit
2041 614 2137 667 do-

501 717 642 781 ceat,
673 712 824 783 quod
851 711 1102 765 docuerit
1123 711 1407 763 imitetnr:
1432 708 2138 779 justitiam,constantiam,

501 804 972 872 misericordiam,
1007 803 1400 857 fortitudinem
1437 803 1497 856 in
1526 819 1583 857 se
1619 803 1906 871 ostendat;
1955 818 2143 857 exem—

503 899 660 970 plum
691 898 920 969 probet;
954 895 1397 950 admonitionem
1443 896 1780 964 conﬁrmet;
1827 898 1892 949 ut
1932 912 2139 966 purum

501 997 669 1062 atque
696 989 1121 1044 immaculatum
1146 989 1446 1044 ministerii
1475 989 1558 1044 tui
1587 991 1800 1044 donum
1843 989 2139 1052 custodiat,

500 1089 557 1139 et
582 1100 683 1155 per
711 1083 1044 1154 obsequium
1066 1083 1246 1153 plebis
1271 1089 1380 1136 tua:
1397 1100 1603 1154 corpus
1621 1088 1677 1138 et
1695 1082 2033 1154 sanguinem
2056 1081 2141 1135 Fi-

499 1178 557 1231 lii
584 1177 668 1231 tui
695 1177 1060 1230 immaculata
1087 1177 1480 1231 benedictione
1519 1177 1913 1246 transformat;
1959 1179 2017 1230 et
2053 1175 2141 1229 in-

500 1270 747 1325 violabili
802 1270 1032 1325 caritate
1061 1270 1118 1324 in
1147 1271 1330 1324 virum
1358 1270 1695 1340 perfectum,
1725 1271 1785 1325 in
1815 1285 2144 1324 mensuram

496 1364 681 1418 zetatis
708 1364 1074 1435 plenitudinis
1101 1363 1327 1432 Christi,
1360 1363 1419 1417 in
1447 1364 1536 1418 die
1557 1364 1791 1434 justitize
1821 1364 2018 1418 zeterni
2043 1364 2142 1434 ju-

498 1457 647 1524 dicii,
706 1457 1045 1511 conscientia
1088 1474 1250 1528 pura,
1295 1456 1404 1511 ﬁde
1447 1458 1638 1528 plena,
1683 1457 1895 1528 Spiritu
1957 1462 2145 1513 sancto

499 1552 700 1621 plenus
720 1551 1022 1622 persolvat.
1056 1552 1160 1605 Per
1188 1551 1516 1605 Dominum.

1033 1642 1368 1692 Consecratio
1405 1657 1605 1692 manus.

575 1726 988 1778 Consecrentur
1043 1740 1243 1777 manus
1287 1723 1428 1792 istae,
1472 1728 1527 1777 et
1575 1722 1998 1776 sanctiﬁcentur
2047 1737 2150 1792 per

502 1817 1032 1885 istam-unctionem,
1052 1820 1108 1871 et
1134 1820 1390 1871 nostram
1412 1815 1886 1882 benedictionem,
1908 1817 1974 1868 ut
1993 1830 2145 1886 quae-

503 1927 748 1982 cumque
786 1911 1180 1965 benedixerint
1203 1910 1496 1964 benedicta
1520 1909 1651 1976 sint,
1682 1912 1738 1962 et
1770 1923 2143 1979 quaecumque

504 2004 974 2060 sanctiﬁcaverint
998 2004 1434 2058 sanctiﬁcentur.
1466 2005 1571 2058 Per
1597 2002 1923 2058 Dominum.

1183 2097 1314 2145 Item
1347 2097 1466 2146 alia.

576 2180 914 2249 Unguantur
938 2193 1140 2231 manus
1166 2177 1287 2230 istae
1320 2177 1386 2232 de
1417 2177 1542 2231 oleo
1566 2176 1910 2231 sanctificato
1936 2178 1992 2228 et
2021 2173 2144 2228 chi-

504 2275 682 2326 smate
709 2271 1200 2325 sanctiﬁcationis:
1234 2270 1376 2325 sicut
1404 2271 1566 2324 unxit
1611 2269 1836 2324 Samuel
1881 2269 2050 2323 David
2087 2268 2147 2322 in

501 2381 699 2437 regem
715 2370 770 2420 et
783 2365 1140 2436 prophetam,
1162 2365 1241 2418 ita
1264 2369 1598 2434 unguantur
1612 2369 1668 2418 et
1683 2366 2149 2418 consummentur

503 2460 564 2513 in
592 2459 825 2513 nomine
853 2458 948 2512 Dei
974 2458 1171 2524 Patris,
1207 2463 1262 2512 et
1292 2459 1329 2511 F
1333 2459 1437 2522 itii,
1471 2463 1528 2513 et
1553 2458 1792 2529 Spiritus
1834 2457 2032 2524 sancti,
2061 2456 2144 2509 fa-

505 2553 715 2607 cientes
753 2552 1066 2622 imaginem
1099 2555 1307 2606 sanctze
1345 2552 1526 2606 crucis
1580 2552 1877 2607 Salvatoris
1927 2549 2147 2604 Domini

505 2645 683 2699 nostri
707 2646 836 2700 Jesu
865 2645 1093 2714 Christi,
1122 2646 1219 2716 qui
1245 2663 1350 2700 nos
1377 2664 1410 2699 a
1443 2651 1626 2701 morte
1670 2645 1931 2713 redemit,
1975 2648 2031 2698 et.
2077 2643 2150 2698 ad

507 2755 685 2810 regna
735 2739 1002 2793 caelorum
1047 2740 1326 2810 perducit.
1382 2741 1598 2794 Exaudi
1634 2757 1768 2808 nos,
1814 2741 1908 2811 pie
1946 2739 2145 2802 Pater,

508 2833 892 2904 omnipotens,
922 2837 1132 2887 aeterne
1160 2834 1323 2904 Deus,
1362 2839 1417 2888 et
1453 2839 1654 2904 praesta
1696 2833 1849 2905 quod
1887 2837 1943 2886 te
1980 2846 2146 2901 roga-

506 2943 637 2983 mus
666 2931 722 2980 et
749 2930 1000 2981 oramus.
1024 2928 1150 2981 Per.

570 3026 652 3080 1X.
697 3039 1032 3080 EXHORTATIO
1070 3042 1138 3078 an
1181 3042 1445 3093 poruwu,
1483 3042 1587 3081 cun
1630 3041 1906 3080 EPISCOPUS
1945 3038 2090 3077 onm-

1230 3114 1428 3152 NATUR.

1296 319 1627 375 APPENDIX
1667 319 1754 373 AD
1790 317 2012 374 OPERA
2049 313 2281 371 SANCTI
2319 315 2615 372 GERMANI
2656 315 3080 371 PARISIENSIS.

3791 316 3888 368 3‘24

2457 425 2628 476 Oratio
2657 429 2708 474 et
2739 438 2924 489 preces
2949 424 3014 472 de
3042 422 3300 487 episcopis
3321 421 3647 472 ordinandis.

2310 512 2550 566 Oremus
2576 511 2623 577 δ,
2656 509 2998 565 dilectissimi
3027 509 3207 577 nobis,
3239 513 3299 563 ut
3326 508 3414 563 his
3447 507 3582 562 viris
3621 507 3697 561 ad
3731 506 3883 560 utili-

2239 609 2416 660 tatem
2445 604 2703 659 Ecclesiae
2733 603 3093 675 providendis
3123 603 3449 674 benignitas
3477 601 3887 672 omnipotentis

2242 699 2342 754 Dei
2369 699 2564 771 gratiae
2595 715 2709 752 suae
2737 698 2950 751 tribuat
2971 697 3313 768 largitatem.
3341 698 3446 750 Per
3475 694 3818 748 Dominum.

2313 793 2546 861 Exaudi,
2578 791 2835 861 Domine,
2869 791 3187 862 supplicum
3237 805 3452 861 preces,
3495 793 3561 842 ut
3593 787 3759 859 quod
3799 804 3888 842 no-

2243 893 2358 943 stro
2388 886 2700 958 gerendum
2727 890 2810 940 est
2833 883 3166 953 ministerio,
3196 888 3295 938 tua
3319 883 3507 954 potius
3532 883 3750 938 virtute
3795 881 3887 936 ﬁr-

2245 988 2452 1038 metur.
2481 984 2586 1036 Per
2609 979 2914 1034 Dominum
2942 982 3220 1032 nostrum.

2314 1076 2621 1147 Propitare,
2673 1071 2930 1141 Domine,
3005 1069 3502 1141 supplicationibus
3560 1069 3783 1124 nostris
3841 1073 3896 1122 et

2244 1171 2509 1225 inclinato
2538 1183 2708 1239 super
2736 1168 2839 1221 hos
2864 1165 3106 1220 famulos
3125 1170 3250 1218 tuos
3277 1180 3454 1218 cornu
3484 1163 3686 1235 gratiae
3716 1177 3892 1216 sacer-

2245 1265 2462 1333 dotalis,
2500 1260 2904 1316 benedictionis
2941 1263 3051 1313 tuaz
3094 1257 3154 1311 in
3191 1274 3288 1312 eos
3324 1257 3551 1311 effunde
3593 1256 3888 1311 virtutem.

2246 1364 2351 1416 Per
2377 1361 2704 1416 Dominum.

2796 1427 3046 1478 Collectio
3072 1426 3321 1490 sequitur.

2321 1515 2486 1581 Deus,
2515 1512 2687 1566 totius
2715 1509 3165 1564 sanctiﬁcationis
3207 1524 3271 1561 ac
3313 1507 3539 1579 pietatis
3571 1510 3886 1573 auctorem,

2247 1608 2346 1679 qui
2371 1605 2747 1678 placationem
2771 1619 2953 1670 suam,
2981 1607 3038 1656 et
3064 1600 3352 1668 sacriﬁcia,
3381 1604 3438 1656 et
3473 1617 3638 1655 sacra
3683 1599 3887 1654 consti-

2249 1701 2376 1769 tuit,
2405 1700 2607 1754 fratres
2648 1696 3011 1763 dilectissimi,
3055 1695 3445 1765 deprecemur,
3487 1695 3572 1748 uti
3615 1694 3777 1747 hunc
3811 1692 3886 1745 fa-

2164 1812 2221 1883 Β
2244 1796 2468 1850 mulum
2491 1808 2678 1860 suum,
2699 1805 2872 1861 quem
2886 1790 3133 1844 exaltare
3157 1787 3217 1841 in
3239 1787 3495 1856 Ecclesia,
3515 1791 3573 1842 et
3599 1786 3891 1841 seniorum

2246 1889 2509 1945 cathedra
2555 1884 2943 1957 (concordibus
2995 1898 3096 1936 sua
3134 1880 3501 1952 inspiratione
3533 1879 3796 1950 judiciis,
3841 1885 3891 1932 et

2247 1982 2436 2039 effusis
2462 1996 2632 2051 super
2648 1978 2874 2049 plebem
2902 1992 3060 2030 suam
3087 1974 3228 2028 votis
3271 1974 3531 2032 ﬁdelibUS
3578 1989 3646 2027 ac
3691 1988 3891 2026 vocum

2246 2073 2600 2143 testimoniis)
2621 2071 2796 2127 voluit
2812 2070 3047 2141 imponi,
3071 2070 3366 2123 conlocans
3388 2065 3580 2140 309
3603 2083 3744 2121 eum
3767 2083 3891 2120 cum

2246 2167 2596 2241 principibus
2622 2163 2815 2236 populi
2839 2163 2947 2232 sui,
2972 2163 3042 2216 ad
3070 2173 3266 2218 eerum
3294 2178 3444 2216 nunc
3483 2176 3719 2232 precem
3763 2159 3890 2213 uni-

2248 2278 2466 2317 versam
2510 2259 2774 2314 eumdem
2815 2273 3038 2311 summo
3083 2256 3390 2310 sacerdotio
3435 2255 3624 2310 debita
3661 2253 3890 2307 honoris

2247 2353 2618 2428 plenitudine,
2673 2351 3077 2406 charismatum
3130 2350 3328 2420 gratia,
3378 2347 3890 2402 sanctiﬁcationum

2246 2450 2527 2517 ubertate,
2555 2463 2618 2500 ac
2646 2444 2932 2517 praecipue
2961 2443 3297 2498 humilitatis
3321 2442 3527 2496 virtute
3553 2441 3889 2511 locupletet;

2252 2548 2312 2598 ut
2335 2547 2518 2597 rector
2547 2539 2734 2612 potius
2763 2555 2878 2593 non
2906 2537 3229 2607 extollatur,
3259 2537 3356 2590 sed
3400 2536 3462 2589 in
3495 2534 3771 2589 omnibus
3813 2550 3886 2600 se,

2249 2639 2529 2709 quantum
2550 2639 2632 2689 est
2659 2633 2862 2704 major,
2879 2631 3212 2701 humilians,
3241 2630 3312 2684 sit
3328 2630 3386 2683 in
3411 2629 3548 2700 ipsis
3562 2629 3730 2700 quasi
3750 2644 3891 2682 unus

2250 2748 2320 2786 ex
2346 2729 2459 2784 illis
2490 2744 2504 2782 :
2537 2727 2727 2782 omnia
2748 2725 2947 2796 judicii
2968 2724 3192 2779 Domini
3220 2723 3398 2778 nostri
3426 2740 3541 2778 non
3561 2739 3669 2793 pro
3688 2739 3748 2776 se
3779 2726 3889 2775 tan-

2250 2829 2394 2893 tum,
2425 2822 2522 2877 sed
2553 2826 2606 2876 et
2630 2838 2734 2892 pro
2755 2820 2914 2874 omni
2938 2819 3173 2890 populo,
3216 2817 3315 2889 qui
3360 2816 3732 2872 sollicitudini
3779 2832 3887 2870 sua!

2251 2917 2519 2987 creditur,
2551 2915 2992 2970 contremiscens
3023 2973 3026 2976 ,
3060 2917 3127 2966 ut
3165 2911 3265 2984 qui
3291 2911 3622 2966 meminerit
3668 2910 3739 2964 de
3777 2927 3889 2981 spe-

2251 3013 2565 3066 culatorum
2586 3009 2850 3064 manibus
2860 3006 3120 3061 omnium
3136 3007 3350 3060 animas
3369 3004 3766 3076 requirendas,
3793 3020 3888 3076 pro

2254 3105 2514 3159 omnium
2543 3104 2720 3158 salute
2737 3099 3054 3173 pervigilet,
3082 3100 3349 3171 pastorali
3375 3115 3512 3169 erga
3524 3097 3769 3151 creditas
3794 3096 3888 3150 sibi

581 3185 864 3241 Servanda
901 3190 1005 3250 est,
1047 3185 1390 3241 dilectissimi
1415 3186 1638 3254 fratres,
1692 3186 1750 3238 in
1790 3199 2022 3238 excessu
2061 3199 2148 3237 sa-
2173 3183 2227 3256 ρ
2255 3215 2384 3253 oves
2411 3197 2640 3252 Domini
2668 3195 2979 3268 diligentiae
3013 3194 3134 3264 ejus
3160 3210 3382 3264 semper
3427 3209 3483 3247 se
3519 3190 3887 3262 ﬂagrmussi-

509 3279 805 3333 cerdotum
822 3278 914 3332 lex
939 3279 1185 3350 antiquas
1208 3280 1490 3349 Ecclesia,
1518 3285 1585 3333 ut
1599 3277 2001 3332 decedentibus
2030 3277 2152 3330 aliis

508 3371 738 3442 quidem
765 3371 1085 3442 dignissimi
1113 3373 1516 3444 subrogentur,
1546 3388 1649 3441 per
1667 3387 1913 3442 quorum
1941 3371 2147 3424 doctri-

507 3481 642 3518 nam
672 3464 809 3519 ﬁdcs
849 3466 1122 3520 catholica
1147 3472 1203 3522 et
1231 3467 1432 3537 religio
1457 3463 1651 3537 308
1677 3464 1989 3518 Christiana
2014 3464 2147 3518 sub-

506 3558 697 3628 sistat;
728 3575 799 3614 ne
827 3559 955 3614 ovili
985 3561 1209 3614 Domini
1229 3560 1420 3631 praedo
1450 3559 1727 3613 violentus
1753 3559 2063 3629 inrumpat.
2095 3563 2152 3612 et

507 3651 785 3722 dispersas
809 3653 1020 3725 absque
1048 3656 1273 3708 Pastcire
1303 3670 1432 3708 oves
1451 3654 1544 3706 fur
1563 3658 1876 3708 nocturnus
1901 3651 2146 3706 invadat.

507 3747 751 3816 Recepto
785 3747 979 3819 itaque
1019 3747 1431 3820 dispensatione
1475 3747 1574 3802 Dei
1615 3747 1899 3802 sacerdote
1941 3751 2146 3817 vestro,

507 3839 741 3895 sollicite
762 3841 921 3896 vobis
947 3842 1236 3913 agendum
1262 3846 1344 3895 est
1367 3846 1432 3896 ut
1455 3841 1515 3896 in
1555 3842 1742 3896 locum
1773 3842 2021 3897 defuncti
2063 3847 2148 3896 ta-

507 3933 576 3987 lis
627 3951 910 3990 successor
947 3922 1299 4007 praeparetur
1355 3936 1632 4006 Ecclesiae,
1692 3937 1854 4007 cujus
1891 3935 2153 4007 pervigili

506 4044 643 4081 cura
669 4034 725 4084 et
753 4029 984 4085 instanti
1009 4028 1379 4084 sollicitudine
1407 4031 1545 4085 ordo
1573 4031 1820 4086 ecclesiae
1836 4035 1892 4084 et
1915 4030 2148 4084 creden-

504 4122 650 4176 tium
697 4123 837 4177 ﬁdes
879 4123 939 4176 iu
983 4123 1083 4176 Dei
1131 4122 1333 4176 timore
1377 4125 1578 4178 melius
1615 4126 1980 4178 convalescat.
2023 4123 2148 4191 Qui,

505 4216 869 4288 praecipiente
890 4217 1180 4288 Apostolo,
1204 4216 1263 4270 in
1293 4218 1447 4271 omni
1474 4218 1730 4272 doctrina
1755 4218 1999 4272 formam
2017 4217 2151 4271 boni

507 4311 693 4381 operis
718 4311 839 4383 ipse
860 4311 1143 4382 praebeat;
1175 4313 1380 4384 cuique
1406 4311 1652 4381 habitus,
1694 4329 1900 4379 sermo,
1940 4311 2146 4381 vultus,

504 4405 774 4473 incessus,
806 4404 1080 4474 doctrina,
1110 4405 1289 4460 virtus
1319 4406 1419 4473 sit;
1449 4405 1546 4475 qui
1576 4421 1674 4459 vos
1711 4411 1774 4459 ut
1811 4408 2003 4460 Pastor
2046 4406 2146 4460 bo-

506 4515 614 4572 nus
641 4498 750 4553 ﬁde
773 4498 1032 4567 instruat,
1057 4500 1381 4570 exemplum
1403 4498 1686 4570 patientiae
1703 4499 1922 4572 doceat,
1948 4500 2151 4555 doctri-

503 4607 640 4647 nam
665 4591 956 4663 religionis
995 4591 1273 4662 instituat,
1303 4593 1362 4646 in
1384 4592 1543 4646 omni
1570 4609 1740 4664 opere
1765 4595 1913 4649 bono
1942 4595 2146 4648 conﬁr-
2168 4559 2227 4632 D

507 4691 627 4740 met
653 4685 900 4739 caritatis
944 4685 1225 4756 exemplo.
1267 4686 1588 4741 Secundum
1628 4689 1974 4744 voluntatem
2013 4705 2151 4760 ergo

509 4778 737 4834 Domini
764 4778 826 4832 in
856 4779 1045 4834 locum
1073 4785 1281 4834 sanctae
1307 4782 1594 4837 memoria:
1643 4783 1720 4840 ill.
1767 4800 1923 4838 nom.
1966 4783 2152 4837 virum

506 4872 889 4927 venerabilem
916 4873 996 4928 ill.
1037 4874 1359 4929 testimonio
1383 4878 1846 4950 presbyterorum
1891 4881 1947 4930 et
1981 4877 2152 4929 totius

507 4966 663 5033 cleri,
697 4970 753 5019 et
773 4967 1001 5022 consilio
1029 4967 1236 5022 civium
1266 4987 1330 5023 ac
1369 4972 1817 5040 cousistentium,
1871 4969 2152 5024 credimus

509 5059 856 5130 eligendum,
887 5062 1071 5116 virum
1101 5063 1183 5131 (ut
1212 5064 1402 5136 nostis)
1430 5067 1708 5121 natalibus
1739 5064 2011 5134 nobilem,
2035 5081 2154 5118 mo-

509 5153 664 5208 ribus
693 5154 929 5226 clarum,
953 5157 1223 5229 religione
1249 5159 1511 5230 probum,
1543 5159 1653 5214 ﬁde
1679 5159 1954 5228 stabilem,
1987 5159 2154 5213 mise-

471 5317 473 5320 ι
508 5249 748 5304 ricordia
773 5250 1178 5322 abundantem,
1207 5252 1506 5318 humilem,
1545 5253 1786 5322 justum,
1831 5251 2148 5324 pacificum,

505 5343 840 5416 patientem,
884 5345 1174 5400 caritatem
1214 5346 1544 5412 habentem,
1594 5349 1867 5416 tenacem,
1915 5348 2152 5402 cunctis-

508 5436 658 5507 quc'
685 5438 944 5493 sacerdos
969 5440 1228 5510 eligenda
1249 5443 1400 5504 sunt,
1425 5438 1590 5492 bonis
1637 5440 1904 5494 omnibus
1947 5442 2152 5497 exube-

507 5535 748 5585 rantem.
783 5533 940 5588 Hunc
991 5550 1150 5603 ergo,
1193 5531 1539 5586 dilectissimi
1582 5534 1804 5604 fratres,
1847 5535 2149 5590 testimonii

509 5621 642 5676 boni
672 5626 854 5696 operis
904 5627 1168 5695 electum,
1189 5624 1590 5697 dignissimum
1616 5629 1924 5684 sacerdotio
1961 5645 2153 5686 conso-

508 5722 705 5774 nantes
733 5720 996 5775 laudibus
1025 5719 1262 5775 clamate
1291 5725 1346 5776 et
1373 5720 1572 5780 dicite:
1606 5722 1822 5796 Dignus
1849 5728 1950 5780 est.

579 5859 602 5886 ι
634 5847 817 5911 Forte,
851 5847 906 5898 in
932 5849 1134 5901 cunctis
1163 5865 1281 5918 quae
1313 5851 1373 5904 in
1409 5851 1678 5905 sacerdote
1714 5852 1979 5918 erigenda
2005 5857 2149 5908 sunt.

2252 3310 2412 3348 mum
2431 3291 2770 3363 adprobans.
2790 3291 2863 3344 Te
2883 3288 3218 3342 delictorum
3240 3285 3492 3357 adigitur
3517 3286 3885 3356 praefuturus,

2252 3404 2321 3441 ex
2347 3386 2612 3440 omnibus
2640 3384 2868 3451 electus,
2900 3371 2968 3436 ex
2999 3381 3262 3435 omnibus
3290 3379 3566 3434 universis
3604 3379 3782 3433 sacris
3819 3395 3888 3432 sa-

2251 3481 2588 3551 crandisque
2611 3479 2847 3534 idoneus
2871 3477 2971 3531 ﬁat
2995 3476 3098 3529 sub
3125 3476 3227 3528 hac
3253 3491 3381 3545 qua:
3411 3480 3495 3528 est
3531 3474 3762 3528 homini
3796 3489 3890 3545 per

2251 3575 2542 3629 hominem
2592 3578 2874 3643 postrema
2922 3569 3236 3625 benedictio
3288 3572 3685 3623 consummata
3730 3573 3886 3638 atque

2251 3670 2497 3740 perfecta
2542 3683 2658 3720 suae
2705 3664 3158 3731 consecrationis,
3207 3667 3414 3718 nostra:
3469 3661 3889 3733 supplicationis

2250 3761 2636 3817 attentissimae
2692 3759 3252 3829 concordissimisque
3316 3756 3576 3812 omnium
3632 3757 3888 3829 precibus

2251 3857 2618 3926 adjuvemur;
2651 3854 2911 3908 omnium
2941 3870 3043 3924 pro
3069 3853 3189 3923 ipso
3217 3852 3396 3906 oratio
3439 3851 3760 3922 incumbat,
3806 3851 3891 3904 cui

2253 3951 2522 4007 exorandi
2549 3966 2653 4021 pro
2669 3948 2933 4002 omnibus
2948 3947 3171 4018 pondus
3188 3947 3526 4019 imponitur.
3557 3948 3832 4017 Impetret
3844 3945 3891 3999 ei

2251 4046 2479 4101 affectus
2503 4044 2673 4098 totius
2700 4043 2960 4097 Ecclesiae
2990 4042 3276 4112 virtutem,
3307 4040 3616 4112 pietatem,“
3644 4040 3888 4094 sanctiﬁ-

2252 4139 2552 4209 cationcm,
2581 4141 2637 4192 et
2663 4141 2877 4192 ceteras
2925 4135 3134 4190 summi
3178 4135 3471 4189 sacerdotii
3512 4151 3699 4189 sacras
3741 4135 3890 4188 dotes

2251 4234 2528 4289 universae
2567 4231 2826 4286 Ecclesia:
2867 4230 3214 4302 profuturas,
3265 4229 3506 4283 Domino
3544 4230 3660 4284 Deo
3701 4233 3892 4284 nostro

2253 4328 2370 4400 (qui
2406 4342 2692 4382 sacrorum
2721 4340 3026 4380 munerum
3056 4324 3310 4396 profluus
3352 4324 3477 4378 fons
3511 4329 3616 4393 est,
3660 4324 3767 4394 qui
3806 4323 3892 4377 dat

2251 4423 2514 4477 omnibus
2535 4421 2870 4493 adﬂuenter)
2895 4422 3044 4492 quod
3061 4419 3348 4476 sacerdoti
3357 4418 3451 4489 pio
3476 4417 3683 4472 aﬁ‘ectu
3719 4416 3893 4488 posci-

2249 4521 2344 4572 tur
2370 4517 2440 4571 ad
2467 4517 2864 4571 exundandam
2881 4516 2943 4570 in
2960 4515 3222 4570 omnibus
3247 4512 3750 4568 sanctiﬁcationem
3767 4528 3891 4566 suo-
3945 4563 3947 4576 η

2252 4626 2383 4664 rum
2433 4611 2711 4678 omnium,
2753 4609 3174 4681 promptissime
3204 4625 3268 4662 ac
3318 4607 3648 4679 plenissime
3705 4605 3891 4661 confeo

2252 4708 2433 4759 rente.
2465 4705 2571 4759 Per
2600 4705 2907 4760 Dominum
2931 4709 3192 4759 nostrum
3219 4704 3428 4758 Iesum.

2892 4793 3243 4842 Consecratio.

2324 4875 2469 4929 Deus
2497 4875 2783 4930 honorum
2804 4873 3081 4942 omnium,
3104 4875 3252 4928 Deus
3273 4873 3533 4927 omnium
3551 4871 3890 4944 dignitatum

2252 4983 2378 5037 quae
2406 4969 2601 5039 glorias
2628 4973 2739 5022 tuae
2766 4968 2936 5022 sacris
2973 4969 3321 5022 famulantur
3354 4966 3684 5034 ordinibus;
3717 4967 3887 5031 Deus,

2253 5061 2351 5132 qui
2387 5063 2609 5133 Moysen
2636 5063 2917 5116 famulum
2947 5066 3110 5116 tuum
3135 5061 3336 5116 secreti
3367 5060 3662 5114 familiaris
3698 5061 3887 5115 affectu

2253 5154 2403 5210 inter
2427 5161 2611 5210 cetera
2645 5156 2861 5210 celestis
2901 5156 3242 5210 documenta
3285 5155 3545 5223 culturae,
3598 5154 3669 5209 de
3703 5154 3888 5209 habitu

2252 5265 2479 5321 quoque
2517 5249 2839 5304 indumenti
2891 5251 3249 5306 sacerdotalis
3284 5249 3606 5318 instituens,
3656 5249 3886 5303 electum

2253 5348 2437 5398 Aaron
2488 5345 2722 5415 mystico
2753 5345 2965 5400 amictu
3002 5345 3207 5400 vestire
3251 5344 3400 5398 inter
3438 5359 3597 5397 sacra
3642 5340 3883 5413 jussisti;

2253 5443 2317 5492 ut
2341 5438 2730 5511 intelligentia:
2749 5455 2977 5494 sensum
3004 5439 3073 5495 de
3094 5437 3368 5509 exemplis
3394 5437 3658 5508 priorum
3673 5438 3886 5507 caperet

2251 5539 2509 5588 secutura
2553 5534 2867 5605 posteritas,
2919 5550 2992 5588 ne
3040 5533 3284 5587 eruditio
3322 5531 3597 5586 doctrina:
3642 5536 3758 5585 tum
3798 5530 3891 5584 ulli

2253 5627 2471 5684 deesset
2520 5628 2689 5696 aetati,
2749 5643 2879 5682 cum
2933 5632 2989 5681 et
3034 5627 3186 5699 apud
3230 5631 3446 5681 veteres
3516 5625 3885 5680 reverentiam

2252 5723 2375 5796 ipsa
2401 5722 2878 5795 signiﬁcationum
2909 5720 3118 5794 species
3159 5719 3460 5789 obtineret,
3491 5726 3550 5776 et
3597 5721 3753 5793 apud
3791 5733 3884 5773 nos

2324 5851 2350 5892 δ
2377 5853 2502 5906 Hac
2529 5855 2586 5905 et
2608 5849 2777 5904 tertia
2809 5847 2987 5902 oratio
3013 5853 3097 5904 est
3123 5847 3182 5902 in
3209 5847 3406 5903 ordine
3435 5848 3714 5902 Romano.
