  <div class='ocr_page' id='page_1' title='image "/cluster/home/n/w/nwhite01/storage/ocr_20150623/72/uva.x000827084/198.png"; bbox 0 0 3968 6224; ppageno 0'>
   <div class='ocr_carea' id='block_1_1' title="bbox 146 320 238 380">
    <p class='ocr_par' dir='ltr' id='par_1_1' title="bbox 146 320 238 380">
     <span class='ocr_line' id='line_1_1' title="bbox 146 320 238 380; baseline 0 -1"><span class='ocrx_word' id='word_1_1' title='bbox 146 320 238 380; x_wconf 79' lang='lat'>325</span> 
     </span>
    </p>
   </div>
   <div class='ocr_carea' id='block_1_2' title="bbox 1205 319 2417 384">
    <p class='ocr_par' dir='ltr' id='par_1_2' title="bbox 1205 319 2417 384">
     <span class='ocr_line' id='line_1_2' title="bbox 1205 319 2417 384; baseline -0.001 -5"><span class='ocrx_word' id='word_1_2' title='bbox 1205 320 1292 381; x_wconf 84' lang='lat' dir='ltr'>DE</span> <span class='ocrx_word' id='word_1_3' title='bbox 1331 326 1643 383; x_wconf 81' lang='lat' dir='ltr'><strong>LITURGIA</strong></span> <span class='ocrx_word' id='word_1_4' title='bbox 1679 325 2052 384; x_wconf 77' lang='lat' dir='ltr'>GALLICANA</span> <span class='ocrx_word' id='word_1_5' title='bbox 2090 320 2289 381; x_wconf 81' lang='lat' dir='ltr'>LIBER</span> <span class='ocrx_word' id='word_1_6' title='bbox 2328 319 2417 380; x_wconf 88' lang='grc' dir='ltr'>ΙΙΙ.</span> 
     </span>
    </p>
   </div>
   <div class='ocr_carea' id='block_1_3' title="bbox 3397 326 3498 380">
    <p class='ocr_par' dir='ltr' id='par_1_3' title="bbox 3397 326 3498 380">
     <span class='ocr_line' id='line_1_3' title="bbox 3397 326 3498 380; baseline -0.01 0"><span class='ocrx_word' id='word_1_7' title='bbox 3397 326 3498 380; x_wconf 85' lang='lat'>326</span> 
     </span>
    </p>
   </div>
   <div class='ocr_carea' id='block_1_4' title="bbox 147 429 3510 521">
    <p class='ocr_par' dir='ltr' id='par_1_4' title="bbox 147 429 3510 521">
     <span class='ocr_line' id='line_1_4' title="bbox 147 429 3510 521; baseline -0 -36"><span class='ocrx_word' id='word_1_8' title='bbox 147 429 373 485; x_wconf 81' lang='lat' dir='ltr'>certiora</span> <span class='ocrx_word' id='word_1_9' title='bbox 391 430 992 503; x_wconf 85' lang='lat' dir='ltr'>essentexperimenta</span> <span class='ocrx_word' id='word_1_10' title='bbox 1017 446 1232 501; x_wconf 91' lang='lat' dir='ltr'>rerum,</span> <span class='ocrx_word' id='word_1_11' title='bbox 1256 450 1433 505; x_wconf 91' lang='lat' dir='ltr'>quam</span> <span class='ocrx_word' id='word_1_12' title='bbox 1454 435 1767 506; x_wconf 89' lang='lat' dir='ltr'>anigmata</span> <span class='ocrx_word' id='word_1_13' title='bbox 1787 450 1846 521; x_wconf 78' lang='grc' dir='ltr'>Α</span> <span class='ocrx_word' id='word_1_14' title='bbox 1868 450 2099 489; x_wconf 88' lang='lat' dir='ltr'>movere</span> <span class='ocrx_word' id='word_1_15' title='bbox 2138 434 2410 503; x_wconf 86' lang='lat' dir='ltr'>dignatus</span> <span class='ocrx_word' id='word_1_16' title='bbox 2456 447 2536 499; x_wconf 91' lang='lat' dir='ltr'>es,</span> <span class='ocrx_word' id='word_1_17' title='bbox 2571 446 2919 502; x_wconf 87' lang='lat' dir='ltr'>quasumus,</span> <span class='ocrx_word' id='word_1_18' title='bbox 2951 429 3214 497; x_wconf 87' lang='lat' dir='ltr'>Domine,</span> <span class='ocrx_word' id='word_1_19' title='bbox 3254 431 3510 502; x_wconf 82' lang='lat' dir='ltr'>placatus</span> 
     </span>
    </p>
   </div>
   <div class='ocr_carea' id='block_1_5' title="bbox 148 525 1766 598">
    <p class='ocr_par' dir='ltr' id='par_1_5' title="bbox 148 525 1766 598">
     <span class='ocr_line' id='line_1_5' title="bbox 148 525 1766 598; baseline 0.003 -19"><span class='ocrx_word' id='word_1_20' title='bbox 148 526 462 595; x_wconf 84' lang='lat' dir='ltr'>ﬁgurarum.</span> <span class='ocrx_word' id='word_1_21' title='bbox 486 525 641 581; x_wconf 83' lang='lat' dir='ltr'>Illius</span> <span class='ocrx_word' id='word_1_22' title='bbox 667 542 921 598; x_wconf 85' lang='lat' dir='ltr'>namque</span> <span class='ocrx_word' id='word_1_23' title='bbox 942 527 1249 583; x_wconf 78' lang='lat' dir='ltr'>sacerdotii</span> <span class='ocrx_word' id='word_1_24' title='bbox 1278 529 1585 584; x_wconf 88' lang='lat' dir='ltr'>anterioris</span> <span class='ocrx_word' id='word_1_25' title='bbox 1610 529 1766 583; x_wconf 90' lang='lat' dir='ltr'>habi-</span> 
     </span>
    </p>
   </div>
   <div class='ocr_carea' id='block_1_6' title="bbox 146 620 1765 696">
    <p class='ocr_par' dir='ltr' id='par_1_6' title="bbox 146 620 1765 696">
     <span class='ocr_line' id='line_1_6' title="bbox 146 620 1765 696; baseline 0.004 -24"><span class='ocrx_word' id='word_1_26' title='bbox 146 623 227 672; x_wconf 89' lang='lat' dir='ltr'>tus</span> <span class='ocrx_word' id='word_1_27' title='bbox 243 621 444 673; x_wconf 89' lang='lat' dir='ltr'>nostra</span> <span class='ocrx_word' id='word_1_28' title='bbox 468 620 682 674; x_wconf 89' lang='lat' dir='ltr'>mentis</span> <span class='ocrx_word' id='word_1_29' title='bbox 706 624 944 676; x_wconf 90' lang='lat' dir='ltr'>ornatus</span> <span class='ocrx_word' id='word_1_30' title='bbox 965 624 1079 687; x_wconf 90' lang='lat' dir='ltr'>est;</span> <span class='ocrx_word' id='word_1_31' title='bbox 1114 624 1173 676; x_wconf 91' lang='lat' dir='ltr'>et</span> <span class='ocrx_word' id='word_1_32' title='bbox 1201 623 1547 694; x_wconf 89' lang='lat' dir='ltr'>pontiﬁcalis</span> <span class='ocrx_word' id='word_1_33' title='bbox 1580 622 1765 696; x_wconf 91' lang='lat' dir='ltr'>gloria</span> 
     </span>
    </p>
   </div>
   <div class='ocr_carea' id='block_1_7' title="bbox 152 712 1765 785">
    <p class='ocr_par' dir='ltr' id='par_1_7' title="bbox 152 712 1765 785">
     <span class='ocr_line' id='line_1_7' title="bbox 152 712 1765 785; baseline 0.003 -19"><span class='ocrx_word' id='word_1_34' title='bbox 152 729 253 767; x_wconf 90' lang='lat' dir='ltr'>non</span> <span class='ocrx_word' id='word_1_35' title='bbox 273 713 388 783; x_wconf 89' lang='lat' dir='ltr'>jam</span> <span class='ocrx_word' id='word_1_36' title='bbox 426 712 597 768; x_wconf 90' lang='lat' dir='ltr'>nobis</span> <span class='ocrx_word' id='word_1_37' title='bbox 634 714 919 768; x_wconf 86' lang='lat' dir='ltr'>honorem</span> <span class='ocrx_word' id='word_1_38' title='bbox 955 716 1329 770; x_wconf 84' lang='lat' dir='ltr'>commendat</span> <span class='ocrx_word' id='word_1_39' title='bbox 1366 717 1630 785; x_wconf 89' lang='lat' dir='ltr'>vestium,</span> <span class='ocrx_word' id='word_1_40' title='bbox 1663 716 1765 771; x_wconf 91' lang='lat' dir='ltr'>sed</span> 
     </span>
    </p>
   </div>
   <div class='ocr_carea' id='block_1_8' title="bbox 150 806 1765 881">
    <p class='ocr_par' dir='ltr' id='par_1_8' title="bbox 150 806 1765 881">
     <span class='ocr_line' id='line_1_8' title="bbox 150 806 1765 881; baseline 0.004 -23"><span class='ocrx_word' id='word_1_41' title='bbox 150 806 493 877; x_wconf 84' lang='lat' dir='ltr'>splendorem</span> <span class='ocrx_word' id='word_1_42' title='bbox 542 808 889 862; x_wconf 90' lang='lat' dir='ltr'>animarum.</span> <span class='ocrx_word' id='word_1_43' title='bbox 949 808 1095 873; x_wconf 83' lang='lat' dir='ltr'>Quia</span> <span class='ocrx_word' id='word_1_44' title='bbox 1153 812 1210 863; x_wconf 91' lang='lat' dir='ltr'>et</span> <span class='ocrx_word' id='word_1_45' title='bbox 1268 810 1387 875; x_wconf 86' lang='lat' dir='ltr'>illa,</span> <span class='ocrx_word' id='word_1_46' title='bbox 1453 827 1581 881; x_wconf 89' lang='lat' dir='ltr'>qua</span> <span class='ocrx_word' id='word_1_47' title='bbox 1626 813 1765 864; x_wconf 91' lang='lat' dir='ltr'>tunc</span> 
     </span>
    </p>
   </div>
   <div class='ocr_carea' id='block_1_9' title="bbox 149 900 1764 976">
    <p class='ocr_par' dir='ltr' id='par_1_9' title="bbox 149 900 1764 976">
     <span class='ocr_line' id='line_1_9' title="bbox 149 900 1764 976; baseline 0.002 -21"><span class='ocrx_word' id='word_1_48' title='bbox 149 900 449 955; x_wconf 82' lang='lat' dir='ltr'>carnalibus</span> <span class='ocrx_word' id='word_1_49' title='bbox 462 900 918 956; x_wconf 83' lang='lat' dir='ltr'>blandiebantur</span> <span class='ocrx_word' id='word_1_50' title='bbox 943 901 1255 971; x_wconf 78' lang='lat' dir='ltr'>obtutibus,</span> <span class='ocrx_word' id='word_1_51' title='bbox 1270 903 1460 974; x_wconf 84' lang='lat' dir='ltr'>potius</span> <span class='ocrx_word' id='word_1_52' title='bbox 1476 920 1604 975; x_wconf 90' lang='lat' dir='ltr'>qua</span> <span class='ocrx_word' id='word_1_53' title='bbox 1629 904 1764 976; x_wconf 87' lang='lat' dir='ltr'>ipsis</span> 
     </span>
    </p>
   </div>
   <div class='ocr_carea' id='block_1_10' title="bbox 149 992 1764 1066">
    <p class='ocr_par' dir='ltr' id='par_1_10' title="bbox 149 992 1764 1066">
     <span class='ocr_line' id='line_1_10' title="bbox 149 992 1764 1066; baseline 0.002 -18"><span class='ocrx_word' id='word_1_54' title='bbox 149 997 294 1048; x_wconf 87' lang='lat' dir='ltr'>erant</span> <span class='ocrx_word' id='word_1_55' title='bbox 333 992 716 1066; x_wconf 89' lang='lat' dir='ltr'>intelligenda</span> <span class='ocrx_word' id='word_1_56' title='bbox 764 996 1095 1066; x_wconf 90' lang='lat' dir='ltr'>poscebant.</span> <span class='ocrx_word' id='word_1_57' title='bbox 1154 998 1224 1052; x_wconf 88' lang='lat' dir='ltr'>Et</span> <span class='ocrx_word' id='word_1_58' title='bbox 1264 997 1475 1053; x_wconf 90' lang='lat' dir='ltr'>idcirco</span> <span class='ocrx_word' id='word_1_59' title='bbox 1535 998 1764 1053; x_wconf 84' lang='lat' dir='ltr'>famulis</span> 
     </span>
    </p>
   </div>
   <div class='ocr_carea' id='block_1_11' title="bbox 148 1087 1761 1163">
    <p class='ocr_par' dir='ltr' id='par_1_11' title="bbox 148 1087 1761 1163">
     <span class='ocr_line' id='line_1_11' title="bbox 148 1087 1761 1163; baseline 0.004 -22"><span class='ocrx_word' id='word_1_60' title='bbox 148 1088 261 1154; x_wconf 90' lang='lat' dir='ltr'>tuis,</span> <span class='ocrx_word' id='word_1_61' title='bbox 292 1103 432 1159; x_wconf 86' lang='lat' dir='ltr'>quos</span> <span class='ocrx_word' id='word_1_62' title='bbox 451 1087 527 1142; x_wconf 90' lang='lat' dir='ltr'>ad</span> <span class='ocrx_word' id='word_1_63' title='bbox 550 1089 762 1143; x_wconf 91' lang='lat' dir='ltr'>summi</span> <span class='ocrx_word' id='word_1_64' title='bbox 789 1090 1093 1145; x_wconf 86' lang='lat' dir='ltr'>sacerdotii</span> <span class='ocrx_word' id='word_1_65' title='bbox 1110 1091 1494 1147; x_wconf 82' lang='lat' dir='ltr'>ministerium</span> <span class='ocrx_word' id='word_1_66' title='bbox 1520 1092 1761 1163; x_wconf 90' lang='lat' dir='ltr'>elegisti,</span> 
     </span>
    </p>
   </div>
   <div class='ocr_carea' id='block_1_12' title="bbox 145 1181 1761 1258">
    <p class='ocr_par' dir='ltr' id='par_1_12' title="bbox 145 1181 1761 1258">
     <span class='ocr_line' id='line_1_12' title="bbox 145 1181 1761 1258; baseline 0.003 -24"><span class='ocrx_word' id='word_1_67' title='bbox 145 1181 295 1247; x_wconf 84' lang='lat' dir='ltr'>hanc,</span> <span class='ocrx_word' id='word_1_68' title='bbox 325 1198 678 1252; x_wconf 85' lang='lat' dir='ltr'>quasumus,</span> <span class='ocrx_word' id='word_1_69' title='bbox 709 1182 954 1238; x_wconf 89' lang='lat' dir='ltr'>Domine</span> <span class='ocrx_word' id='word_1_70' title='bbox 986 1182 1179 1258; x_wconf 84' lang='lat'>310</span> <span class='ocrx_word' id='word_1_71' title='bbox 1201 1187 1449 1256; x_wconf 85' lang='lat' dir='ltr'>gratiam</span> <span class='ocrx_word' id='word_1_72' title='bbox 1479 1186 1761 1257; x_wconf 89' lang='lat' dir='ltr'>largiaris;</span> 
     </span>
    </p>
   </div>
   <div class='ocr_carea' id='block_1_13' title="bbox 147 1274 1762 1348">
    <p class='ocr_par' dir='ltr' id='par_1_13' title="bbox 147 1274 1762 1348">
     <span class='ocr_line' id='line_1_13' title="bbox 147 1274 1762 1348; baseline 0.004 -21"><span class='ocrx_word' id='word_1_73' title='bbox 147 1278 200 1327; x_wconf 89' lang='lat' dir='ltr'>ut</span> <span class='ocrx_word' id='word_1_74' title='bbox 225 1274 486 1346; x_wconf 87' lang='lat' dir='ltr'>quicquid</span> <span class='ocrx_word' id='word_1_75' title='bbox 523 1274 622 1329; x_wconf 92' lang='lat' dir='ltr'>illa</span> <span class='ocrx_word' id='word_1_76' title='bbox 652 1276 940 1331; x_wconf 87' lang='lat' dir='ltr'>velamina</span> <span class='ocrx_word' id='word_1_77' title='bbox 966 1277 1027 1331; x_wconf 91' lang='lat' dir='ltr'>in</span> <span class='ocrx_word' id='word_1_78' title='bbox 1058 1278 1282 1348; x_wconf 82' lang='lat' dir='ltr'>fulgore</span> <span class='ocrx_word' id='word_1_79' title='bbox 1313 1279 1457 1346; x_wconf 88' lang='lat' dir='ltr'>auri,</span> <span class='ocrx_word' id='word_1_80' title='bbox 1491 1279 1549 1333; x_wconf 91' lang='lat' dir='ltr'>in</span> <span class='ocrx_word' id='word_1_81' title='bbox 1579 1280 1762 1334; x_wconf 88' lang='lat' dir='ltr'>nitore</span> 
     </span>
    </p>
   </div>
   <div class='ocr_carea' id='block_1_14' title="bbox 145 1369 1761 1443">
    <p class='ocr_par' dir='ltr' id='par_1_14' title="bbox 145 1369 1761 1443">
     <span class='ocr_line' id='line_1_14' title="bbox 145 1369 1761 1443; baseline 0.004 -23"><span class='ocrx_word' id='word_1_82' title='bbox 145 1383 493 1437; x_wconf 88' lang='lat' dir='ltr'>gemmarum</span> <span class='ocrx_word' id='word_1_83' title='bbox 509 1372 588 1436; x_wconf 88' lang='lat' dir='ltr'>et,</span> <span class='ocrx_word' id='word_1_84' title='bbox 603 1369 932 1425; x_wconf 88' lang='lat' dir='ltr'>multimodi</span> <span class='ocrx_word' id='word_1_85' title='bbox 945 1370 1134 1443; x_wconf 88' lang='lat' dir='ltr'>operis</span> <span class='ocrx_word' id='word_1_86' title='bbox 1146 1372 1420 1427; x_wconf 80' lang='lat' dir='ltr'>varietate</span> <span class='ocrx_word' id='word_1_87' title='bbox 1434 1372 1761 1443; x_wconf 88' lang='lat' dir='ltr'>signabant,</span> 
     </span>
    </p>
   </div>
   <div class='ocr_carea' id='block_1_15' title="bbox 145 1459 1761 1536">
    <p class='ocr_par' dir='ltr' id='par_1_15' title="bbox 145 1459 1761 1536">
     <span class='ocr_line' id='line_1_15' title="bbox 145 1459 1761 1536; baseline 0.004 -21"><span class='ocrx_word' id='word_1_88' title='bbox 145 1459 238 1516; x_wconf 88' lang='lat' dir='ltr'>hoc</span> <span class='ocrx_word' id='word_1_89' title='bbox 267 1460 323 1515; x_wconf 93' lang='lat' dir='ltr'>in</span> <span class='ocrx_word' id='word_1_90' title='bbox 353 1461 566 1517; x_wconf 90' lang='lat' dir='ltr'>horum</span> <span class='ocrx_word' id='word_1_91' title='bbox 596 1463 854 1518; x_wconf 89' lang='lat' dir='ltr'>moribus</span> <span class='ocrx_word' id='word_1_92' title='bbox 884 1465 1219 1536; x_wconf 89' lang='lat' dir='ltr'>actibusque</span> <span class='ocrx_word' id='word_1_93' title='bbox 1262 1466 1557 1521; x_wconf 87' lang='lat' dir='ltr'>clarescat.</span> <span class='ocrx_word' id='word_1_94' title='bbox 1594 1467 1761 1521; x_wconf 88' lang='lat' dir='ltr'>Com-</span> 
     </span>
    </p>
   </div>
   <div class='ocr_carea' id='block_1_16' title="bbox 145 1555 1763 1631">
    <p class='ocr_par' dir='ltr' id='par_1_16' title="bbox 145 1555 1763 1631">
     <span class='ocr_line' id='line_1_16' title="bbox 145 1555 1763 1631; baseline 0.003 -22"><span class='ocrx_word' id='word_1_95' title='bbox 145 1556 244 1627; x_wconf 90' lang='lat' dir='ltr'>ple,</span> <span class='ocrx_word' id='word_1_96' title='bbox 274 1555 535 1624; x_wconf 90' lang='lat' dir='ltr'>Domine,</span> <span class='ocrx_word' id='word_1_97' title='bbox 561 1556 620 1610; x_wconf 93' lang='lat' dir='ltr'>in</span> <span class='ocrx_word' id='word_1_98' title='bbox 641 1558 1041 1613; x_wconf 86' lang='lat' dir='ltr'>sacerdotibus</span> <span class='ocrx_word' id='word_1_99' title='bbox 1068 1558 1180 1612; x_wconf 89' lang='lat' dir='ltr'>tuis</span> <span class='ocrx_word' id='word_1_100' title='bbox 1210 1560 1468 1631; x_wconf 84' lang='lat' dir='ltr'>mysterii</span> <span class='ocrx_word' id='word_1_101' title='bbox 1502 1560 1583 1614; x_wconf 92' lang='lat' dir='ltr'>tui</span> <span class='ocrx_word' id='word_1_102' title='bbox 1611 1576 1763 1614; x_wconf 89' lang='lat' dir='ltr'>sum-</span> 
     </span>
    </p>
   </div>
   <div class='ocr_carea' id='block_1_17' title="bbox 146 1651 1766 1722">
    <p class='ocr_par' dir='ltr' id='par_1_17' title="bbox 146 1651 1766 1722">
     <span class='ocr_line' id='line_1_17' title="bbox 146 1651 1766 1722; baseline 0.002 -19"><span class='ocrx_word' id='word_1_103' title='bbox 146 1664 304 1716; x_wconf 88' lang='lat' dir='ltr'>mam,</span> <span class='ocrx_word' id='word_1_104' title='bbox 332 1653 387 1703; x_wconf 87' lang='lat' dir='ltr'>et</span> <span class='ocrx_word' id='word_1_105' title='bbox 417 1651 782 1705; x_wconf 87' lang='lat' dir='ltr'>ornamentis</span> <span class='ocrx_word' id='word_1_106' title='bbox 808 1651 982 1706; x_wconf 88' lang='lat' dir='ltr'>totius</span> <span class='ocrx_word' id='word_1_107' title='bbox 1001 1652 1436 1722; x_wconf 84' lang='lat' dir='ltr'>gloriﬁcationis</span> <span class='ocrx_word' id='word_1_108' title='bbox 1460 1653 1766 1708; x_wconf 88' lang='lat' dir='ltr'>instructos</span> 
     </span>
    </p>
   </div>
   <div class='ocr_carea' id='block_1_18' title="bbox 145 1742 1762 1814">
    <p class='ocr_par' dir='ltr' id='par_1_18' title="bbox 145 1742 1762 1814">
     <span class='ocr_line' id='line_1_18' title="bbox 145 1742 1762 1814; baseline 0.004 -19"><span class='ocrx_word' id='word_1_109' title='bbox 145 1742 362 1796; x_wconf 84' lang='lat' dir='ltr'>calestis</span> <span class='ocrx_word' id='word_1_110' title='bbox 409 1744 694 1813; x_wconf 81' lang='lat' dir='ltr'>unguenti</span> <span class='ocrx_word' id='word_1_111' title='bbox 738 1743 879 1799; x_wconf 91' lang='lat' dir='ltr'>ﬂore</span> <span class='ocrx_word' id='word_1_112' title='bbox 926 1745 1281 1800; x_wconf 81' lang='lat' dir='ltr'>sanctiﬁca&#39;.</span> <span class='ocrx_word' id='word_1_113' title='bbox 1333 1747 1467 1814; x_wconf 82' lang='lat' dir='ltr'>Hoc,</span> <span class='ocrx_word' id='word_1_114' title='bbox 1498 1747 1762 1814; x_wconf 89' lang='lat' dir='ltr'>Domine,</span> 
     </span>
    </p>
   </div>
   <div class='ocr_carea' id='block_1_19' title="bbox 1866 524 3511 599">
    <p class='ocr_par' dir='ltr' id='par_1_19' title="bbox 1866 524 3511 599">
     <span class='ocr_line' id='line_1_19' title="bbox 1866 524 3511 599; baseline -0.001 -17"><span class='ocrx_word' id='word_1_115' title='bbox 1866 528 2131 599; x_wconf 89' lang='lat' dir='ltr'>accipias,</span> <span class='ocrx_word' id='word_1_116' title='bbox 2154 530 2218 581; x_wconf 93' lang='lat' dir='ltr'>ut</span> <span class='ocrx_word' id='word_1_117' title='bbox 2244 526 2399 598; x_wconf 91' lang='lat' dir='ltr'>quod</span> <span class='ocrx_word' id='word_1_118' title='bbox 2426 524 2618 581; x_wconf 89' lang='lat' dir='ltr'>divino</span> <span class='ocrx_word' id='word_1_119' title='bbox 2643 540 2884 579; x_wconf 90' lang='lat' dir='ltr'>munere</span> <span class='ocrx_word' id='word_1_120' title='bbox 2909 528 3250 579; x_wconf 86' lang='lat' dir='ltr'>consecutus</span> <span class='ocrx_word' id='word_1_121' title='bbox 3273 528 3377 593; x_wconf 90' lang='lat' dir='ltr'>est,</span> <span class='ocrx_word' id='word_1_122' title='bbox 3410 527 3511 580; x_wconf 90' lang='lat' dir='ltr'>tua</span> 
     </span>
    </p>
   </div>
   <div class='ocr_carea' id='block_1_20' title="bbox 1866 619 3503 693">
    <p class='ocr_par' dir='ltr' id='par_1_20' title="bbox 1866 619 3503 693">
     <span class='ocr_line' id='line_1_20' title="bbox 1866 619 3503 693; baseline -0.001 -16"><span class='ocrx_word' id='word_1_123' title='bbox 1866 623 1928 677; x_wconf 89' lang='lat' dir='ltr'>in</span> <span class='ocrx_word' id='word_1_124' title='bbox 1958 639 2026 677; x_wconf 92' lang='lat' dir='ltr'>eo</span> <span class='ocrx_word' id='word_1_125' title='bbox 2058 621 2419 693; x_wconf 83' lang='lat' dir='ltr'>pr’otectione</span> <span class='ocrx_word' id='word_1_126' title='bbox 2450 620 2730 674; x_wconf 90' lang='lat' dir='ltr'>ﬁrmetur.</span> <span class='ocrx_word' id='word_1_127' title='bbox 2756 620 2864 674; x_wconf 90' lang='lat' dir='ltr'>Per</span> <span class='ocrx_word' id='word_1_128' title='bbox 2887 619 3197 674; x_wconf 89' lang='lat' dir='ltr'>Dominum</span> <span class='ocrx_word' id='word_1_129' title='bbox 3224 622 3503 675; x_wconf 89' lang='lat' dir='ltr'>nostrum.</span> 
     </span>
    </p>
   </div>
   <div class='ocr_carea' id='block_1_21' title="bbox 1937 713 3507 786">
    <p class='ocr_par' dir='ltr' id='par_1_21' title="bbox 1937 713 3507 786">
     <span class='ocr_line' id='line_1_21' title="bbox 1937 713 3507 786; baseline -0.001 -16"><span class='ocrx_word' id='word_1_130' title='bbox 1937 716 2173 784; x_wconf 80' lang='lat' dir='ltr'>Adesto,</span> <span class='ocrx_word' id='word_1_131' title='bbox 2202 715 2529 769; x_wconf 89' lang='lat' dir='ltr'>misericors</span> <span class='ocrx_word' id='word_1_132' title='bbox 2554 715 2722 780; x_wconf 89' lang='lat' dir='ltr'>Deus,</span> <span class='ocrx_word' id='word_1_133' title='bbox 2753 719 2816 768; x_wconf 91' lang='lat' dir='ltr'>ut</span> <span class='ocrx_word' id='word_1_134' title='bbox 2844 713 2999 786; x_wconf 91' lang='lat' dir='ltr'>quod</span> <span class='ocrx_word' id='word_1_135' title='bbox 3031 717 3224 768; x_wconf 91' lang='lat' dir='ltr'>actum</span> <span class='ocrx_word' id='word_1_136' title='bbox 3258 717 3345 768; x_wconf 91' lang='lat' dir='ltr'>est</span> <span class='ocrx_word' id='word_1_137' title='bbox 3374 730 3507 768; x_wconf 91' lang='lat' dir='ltr'>nos-</span> 
     </span>
    </p>
   </div>
   <div class='ocr_carea' id='block_1_22' title="bbox 1872 807 3504 875">
    <p class='ocr_par' dir='ltr' id='par_1_22' title="bbox 1872 807 3504 875">
     <span class='ocr_line' id='line_1_22' title="bbox 1872 807 3504 875; baseline -0.001 -12"><span class='ocrx_word' id='word_1_138' title='bbox 1872 814 1975 864; x_wconf 88' lang='lat' dir='ltr'>tra</span> <span class='ocrx_word' id='word_1_139' title='bbox 1994 809 2284 864; x_wconf 86' lang='lat' dir='ltr'>servitutis</span> <span class='ocrx_word' id='word_1_140' title='bbox 2302 808 2514 875; x_wconf 83' lang='lat' dir='ltr'>ofﬁcio,</span> <span class='ocrx_word' id='word_1_141' title='bbox 2538 811 2635 862; x_wconf 90' lang='lat' dir='ltr'>tua</span> <span class='ocrx_word' id='word_1_142' title='bbox 2647 807 3054 863; x_wconf 88' lang='lat' dir='ltr'>benedictione</span> <span class='ocrx_word' id='word_1_143' title='bbox 3075 808 3355 862; x_wconf 90' lang='lat' dir='ltr'>ﬁrmetur.</span> <span class='ocrx_word' id='word_1_144' title='bbox 3377 809 3504 863; x_wconf 90' lang='lat' dir='ltr'>Per.</span> 
     </span>
    </p>
   </div>
   <div class='ocr_carea' id='block_1_23' title="bbox 2552 900 2820 951">
    <p class='ocr_par' dir='ltr' id='par_1_23' title="bbox 2552 900 2820 951">
     <span class='ocr_line' id='line_1_23' title="bbox 2552 900 2820 951; baseline 0 -2"><span class='ocrx_word' id='word_1_145' title='bbox 2552 902 2681 951; x_wconf 88' lang='lat' dir='ltr'>Item</span> <span class='ocrx_word' id='word_1_146' title='bbox 2702 900 2820 950; x_wconf 85' lang='lat' dir='ltr'>alia.</span> 
     </span>
    </p>
   </div>
   <div class='ocr_carea' id='block_1_24' title="bbox 1942 970 3512 1043">
    <p class='ocr_par' dir='ltr' id='par_1_24' title="bbox 1942 970 3512 1043">
     <span class='ocr_line' id='line_1_24' title="bbox 1942 970 3512 1043; baseline -0.002 -15"><span class='ocrx_word' id='word_1_147' title='bbox 1942 972 2252 1028; x_wconf 89' lang='lat' dir='ltr'>Ecclesiam</span> <span class='ocrx_word' id='word_1_148' title='bbox 2286 975 2466 1037; x_wconf 92' lang='lat' dir='ltr'>tuam,</span> <span class='ocrx_word' id='word_1_149' title='bbox 2490 972 2757 1039; x_wconf 90' lang='lat' dir='ltr'>Domine,</span> <span class='ocrx_word' id='word_1_150' title='bbox 2796 970 3085 1043; x_wconf 88' lang='lat' dir='ltr'>benignus</span> <span class='ocrx_word' id='word_1_151' title='bbox 3109 971 3415 1040; x_wconf 87' lang='lat' dir='ltr'>inlumina,</span> <span class='ocrx_word' id='word_1_152' title='bbox 3448 973 3512 1025; x_wconf 86' lang='lat' dir='ltr'>ut</span> 
     </span>
    </p>
   </div>
   <div class='ocr_carea' id='block_1_25' title="bbox 1868 1065 3513 1138">
    <p class='ocr_par' dir='ltr' id='par_1_25' title="bbox 1868 1065 3513 1138">
     <span class='ocr_line' id='line_1_25' title="bbox 1868 1065 3513 1138; baseline -0.001 -17"><span class='ocrx_word' id='word_1_153' title='bbox 1868 1071 1925 1121; x_wconf 90' lang='lat' dir='ltr'>et</span> <span class='ocrx_word' id='word_1_154' title='bbox 1948 1071 2147 1138; x_wconf 88' lang='lat' dir='ltr'>gratus</span> <span class='ocrx_word' id='word_1_155' title='bbox 2166 1066 2249 1120; x_wconf 90' lang='lat' dir='ltr'>tui</span> <span class='ocrx_word' id='word_1_156' title='bbox 2270 1065 2533 1137; x_wconf 86' lang='lat' dir='ltr'>proficiat</span> <span class='ocrx_word' id='word_1_157' title='bbox 2552 1065 2762 1137; x_wconf 91' lang='lat' dir='ltr'>ubique</span> <span class='ocrx_word' id='word_1_158' title='bbox 2786 1082 3096 1134; x_wconf 91' lang='lat' dir='ltr'>successus,</span> <span class='ocrx_word' id='word_1_159' title='bbox 3120 1069 3180 1120; x_wconf 90' lang='lat' dir='ltr'>et</span> <span class='ocrx_word' id='word_1_160' title='bbox 3200 1066 3347 1138; x_wconf 87' lang='lat' dir='ltr'>grati</span> <span class='ocrx_word' id='word_1_161' title='bbox 3368 1066 3513 1120; x_wconf 84' lang='lat' dir='ltr'>ﬂant</span> 
     </span>
    </p>
   </div>
   <div class='ocr_carea' id='block_1_26' title="bbox 1868 1159 3505 1231">
    <p class='ocr_par' dir='ltr' id='par_1_26' title="bbox 1868 1159 3505 1231">
     <span class='ocr_line' id='line_1_26' title="bbox 1868 1159 3505 1231; baseline -0.001 -16"><span class='ocrx_word' id='word_1_162' title='bbox 1868 1160 2220 1227; x_wconf 91' lang='lat' dir='ltr'>nominituo,</span> <span class='ocrx_word' id='word_1_163' title='bbox 2238 1163 2294 1214; x_wconf 90' lang='lat' dir='ltr'>te</span> <span class='ocrx_word' id='word_1_164' title='bbox 2321 1160 2707 1231; x_wconf 88' lang='lat' dir='ltr'>gubernante,</span> <span class='ocrx_word' id='word_1_165' title='bbox 2735 1162 3015 1214; x_wconf 89' lang='lat' dir='ltr'>Pastores.</span> <span class='ocrx_word' id='word_1_166' title='bbox 3042 1161 3151 1213; x_wconf 92' lang='lat' dir='ltr'>Per</span> <span class='ocrx_word' id='word_1_167' title='bbox 3172 1159 3505 1215; x_wconf 88' lang='lat' dir='ltr'>Dominum.</span> 
     </span>
    </p>
   </div>
   <div class='ocr_carea' id='block_1_27' title="bbox 2223 1252 3148 1310">
    <p class='ocr_par' dir='ltr' id='par_1_27' title="bbox 2223 1252 3148 1310">
     <span class='ocr_line' id='line_1_27' title="bbox 2223 1252 3148 1310; baseline -0.001 -1"><span class='ocrx_word' id='word_1_168' title='bbox 2223 1256 2282 1309; x_wconf 88' lang='grc' dir='ltr'><strong>Χ.</strong></span> <span class='ocrx_word' id='word_1_169' title='bbox 2316 1269 2635 1309; x_wconf 73' lang='lat' dir='ltr'>BBNEDICTIO</span> <span class='ocrx_word' id='word_1_170' title='bbox 2668 1269 2838 1309; x_wconf 75' lang='lat' dir='ltr'>suran</span> <span class='ocrx_word' id='word_1_171' title='bbox 2874 1252 3148 1310; x_wconf 74' lang='lat' dir='ltr'>vmdmss.</span> 
     </span>
    </p>
   </div>
   <div class='ocr_carea' id='block_1_28' title="bbox 1938 1346 3506 1419">
    <p class='ocr_par' dir='ltr' id='par_1_28' title="bbox 1938 1346 3506 1419">
     <span class='ocr_line' id='line_1_28' title="bbox 1938 1346 3506 1419; baseline -0.003 -15"><span class='ocrx_word' id='word_1_172' title='bbox 1938 1348 2320 1419; x_wconf 87' lang='lat' dir='ltr'>Omnipotens</span> <span class='ocrx_word' id='word_1_173' title='bbox 2345 1347 2697 1418; x_wconf 90' lang='lat' dir='ltr'>sempiterne</span> <span class='ocrx_word' id='word_1_174' title='bbox 2726 1348 2894 1414; x_wconf 91' lang='lat' dir='ltr'>Deus,</span> <span class='ocrx_word' id='word_1_175' title='bbox 2924 1348 3133 1418; x_wconf 88' lang='lat' dir='ltr'>adjuva</span> <span class='ocrx_word' id='word_1_176' title='bbox 3160 1363 3303 1419; x_wconf 86' lang='lat' dir='ltr'>quas</span> <span class='ocrx_word' id='word_1_177' title='bbox 3334 1346 3506 1417; x_wconf 87' lang='lat' dir='ltr'>virgi-</span> 
     </span>
    </p>
   </div>
   <div class='ocr_carea' id='block_1_29' title="bbox 1868 1440 3507 1512">
    <p class='ocr_par' dir='ltr' id='par_1_29' title="bbox 1868 1440 3507 1512">
     <span class='ocr_line' id='line_1_29' title="bbox 1868 1440 3507 1512; baseline -0.001 -16"><span class='ocrx_word' id='word_1_178' title='bbox 1868 1441 2061 1496; x_wconf 91' lang='lat' dir='ltr'>nitatis</span> <span class='ocrx_word' id='word_1_179' title='bbox 2103 1443 2324 1498; x_wconf 88' lang='lat' dir='ltr'>honore</span> <span class='ocrx_word' id='word_1_180' title='bbox 2359 1440 2629 1512; x_wconf 88' lang='lat' dir='ltr'>dignatus</span> <span class='ocrx_word' id='word_1_181' title='bbox 2674 1458 2734 1493; x_wconf 91' lang='lat' dir='ltr'>es</span> <span class='ocrx_word' id='word_1_182' title='bbox 2761 1440 3059 1496; x_wconf 88' lang='lat' dir='ltr'>decorare.</span> <span class='ocrx_word' id='word_1_183' title='bbox 3093 1441 3392 1495; x_wconf 81' lang='lat' dir='ltr'>Perferant</span> <span class='ocrx_word' id='word_1_184' title='bbox 3420 1440 3507 1494; x_wconf 82' lang='lat' dir='ltr'>in-</span> 
     </span>
    </p>
   </div>
   <div class='ocr_carea' id='block_1_30' title="bbox 1865 1535 3510 1607">
    <p class='ocr_par' dir='ltr' id='par_1_30' title="bbox 1865 1535 3510 1607">
     <span class='ocr_line' id='line_1_30' title="bbox 1865 1535 3510 1607; baseline -0.002 -17"><span class='ocrx_word' id='word_1_185' title='bbox 1865 1536 2055 1591; x_wconf 89' lang='lat' dir='ltr'>choati</span> <span class='ocrx_word' id='word_1_186' title='bbox 2104 1536 2295 1607; x_wconf 90' lang='lat' dir='ltr'>operis</span> <span class='ocrx_word' id='word_1_187' title='bbox 2340 1538 2807 1590; x_wconf 91' lang='lat' dir='ltr'>consummatum</span> <span class='ocrx_word' id='word_1_188' title='bbox 2839 1535 3129 1601; x_wconf 83' lang='lat' dir='ltr'>affectum,</span> <span class='ocrx_word' id='word_1_189' title='bbox 3161 1537 3218 1588; x_wconf 90' lang='lat' dir='ltr'>et</span> <span class='ocrx_word' id='word_1_190' title='bbox 3244 1536 3510 1587; x_wconf 90' lang='lat' dir='ltr'>votorum</span> 
     </span>
    </p>
   </div>
   <div class='ocr_carea' id='block_1_31' title="bbox 1869 1626 3514 1701">
    <p class='ocr_par' dir='ltr' id='par_1_31' title="bbox 1869 1626 3514 1701">
     <span class='ocr_line' id='line_1_31' title="bbox 1869 1626 3514 1701; baseline -0.002 -17"><span class='ocrx_word' id='word_1_191' title='bbox 1869 1646 2104 1684; x_wconf 89' lang='lat' dir='ltr'>suorum</span> <span class='ocrx_word' id='word_1_192' title='bbox 2134 1628 2445 1701; x_wconf 82' lang='lat' dir='ltr'>expediant</span> <span class='ocrx_word' id='word_1_193' title='bbox 2473 1628 2804 1683; x_wconf 89' lang='lat' dir='ltr'>institutum</span> <span class='ocrx_word' id='word_1_194' title='bbox 2833 1645 2845 1683; x_wconf 88' lang='lat'>:</span> <span class='ocrx_word' id='word_1_195' title='bbox 2870 1626 3135 1699; x_wconf 86' lang='lat' dir='ltr'>virginali</span> <span class='ocrx_word' id='word_1_196' title='bbox 3166 1626 3367 1680; x_wconf 88' lang='lat' dir='ltr'>habitu</span> <span class='ocrx_word' id='word_1_197' title='bbox 3387 1641 3514 1697; x_wconf 84' lang='lat' dir='ltr'>per-</span> 
     </span>
    </p>
   </div>
   <div class='ocr_carea' id='block_1_32' title="bbox 1865 1720 3514 1793">
    <p class='ocr_par' dir='ltr' id='par_1_32' title="bbox 1865 1720 3514 1793">
     <span class='ocr_line' id='line_1_32' title="bbox 1865 1720 3514 1793; baseline -0.002 -15"><span class='ocrx_word' id='word_1_198' title='bbox 1865 1724 2079 1778; x_wconf 84' lang='lat' dir='ltr'>fectam</span> <span class='ocrx_word' id='word_1_199' title='bbox 2104 1723 2208 1779; x_wconf 87' lang='lat' dir='ltr'>tibi</span> <span class='ocrx_word' id='word_1_200' title='bbox 2236 1722 2484 1777; x_wconf 75' lang='lat' dir='ltr'>offerant</span> <span class='ocrx_word' id='word_1_201' title='bbox 2508 1721 2956 1793; x_wconf 89' lang='lat' dir='ltr'>plenitudinem,</span> <span class='ocrx_word' id='word_1_202' title='bbox 2984 1724 3043 1775; x_wconf 88' lang='lat' dir='ltr'>et</span> <span class='ocrx_word' id='word_1_203' title='bbox 3065 1720 3232 1775; x_wconf 90' lang='lat' dir='ltr'>initia</span> <span class='ocrx_word' id='word_1_204' title='bbox 3257 1735 3361 1775; x_wconf 90' lang='lat' dir='ltr'>sua</span> <span class='ocrx_word' id='word_1_205' title='bbox 3388 1736 3514 1792; x_wconf 89' lang='lat' dir='ltr'>per-</span> 
     </span>
    </p>
   </div>
   <div class='ocr_carea' id='block_1_33' title="bbox 146 1815 3511 1911">
    <p class='ocr_par' dir='ltr' id='par_1_33' title="bbox 146 1815 3511 1911">
     <span class='ocr_line' id='line_1_33' title="bbox 146 1815 3511 1911; baseline 0.001 -22"><span class='ocrx_word' id='word_1_206' title='bbox 146 1835 351 1907; x_wconf 84' lang='lat' dir='ltr'>copiose</span> <span class='ocrx_word' id='word_1_207' title='bbox 374 1835 433 1890; x_wconf 91' lang='lat' dir='ltr'>in</span> <span class='ocrx_word' id='word_1_208' title='bbox 460 1853 667 1891; x_wconf 91' lang='lat' dir='ltr'>eorum</span> <span class='ocrx_word' id='word_1_209' title='bbox 692 1841 866 1909; x_wconf 88' lang='lat' dir='ltr'>caput</span> <span class='ocrx_word' id='word_1_210' title='bbox 888 1838 1109 1906; x_wconf 89' lang='lat' dir='ltr'>inﬂuat,</span> <span class='ocrx_word' id='word_1_211' title='bbox 1139 1840 1248 1894; x_wconf 93' lang='lat' dir='ltr'>hoc</span> <span class='ocrx_word' id='word_1_212' title='bbox 1281 1839 1339 1893; x_wconf 91' lang='lat' dir='ltr'>in</span> <span class='ocrx_word' id='word_1_213' title='bbox 1371 1840 1484 1895; x_wconf 91' lang='lat' dir='ltr'>oris</span> <span class='ocrx_word' id='word_1_214' title='bbox 1510 1840 1766 1911; x_wconf 89' lang='lat' dir='ltr'>subjecta</span> <span class='ocrx_word' id='word_1_215' title='bbox 1785 1820 1842 1892; x_wconf 83' lang='grc' dir='ltr'>Β</span> <span class='ocrx_word' id='word_1_216' title='bbox 1867 1816 2075 1911; x_wconf 55' lang='lat' dir='ltr'>ducere</span> <span class='ocrx_word' id='word_1_217' title='bbox 2125 1820 2466 1871; x_wconf 56' lang='lat' dir='ltr'>mereantur</span> <span class='ocrx_word' id='word_1_218' title='bbox 2495 1815 2570 1911; x_wconf 64' lang='grc' dir='ltr'>ξείά</span> <span class='ocrx_word' id='word_1_219' title='bbox 2599 1816 2799 1884; x_wconf 64' lang='grc' dir='ltr'>Πυθίην</span> <span class='ocrx_word' id='word_1_220' title='bbox 2832 1819 2895 1870; x_wconf 61' lang='lat' dir='ltr'>ut</span> <span class='ocrx_word' id='word_1_221' title='bbox 2933 1817 3163 1911; x_wconf 36' lang='lat' dir='ltr'>manu“</span> <span class='ocrx_word' id='word_1_222' title='bbox 3201 1817 3511 1911; x_wconf 34' lang='lat' dir='ltr'>Sancum?</span> 
     </span>
    </p>
   </div>
   <div class='ocr_carea' id='block_1_34' title="bbox 148 1928 1762 2003">
    <p class='ocr_par' dir='ltr' id='par_1_34' title="bbox 148 1928 1762 2003">
     <span class='ocr_line' id='line_1_34' title="bbox 148 1928 1762 2003; baseline 0.004 -20"><span class='ocrx_word' id='word_1_223' title='bbox 148 1928 410 1997; x_wconf 89' lang='lat' dir='ltr'>decurrat,</span> <span class='ocrx_word' id='word_1_224' title='bbox 444 1930 557 1985; x_wconf 90' lang='lat' dir='ltr'>hoc</span> <span class='ocrx_word' id='word_1_225' title='bbox 581 1930 643 1985; x_wconf 91' lang='lat' dir='ltr'>in</span> <span class='ocrx_word' id='word_1_226' title='bbox 662 1931 837 1987; x_wconf 85' lang='lat' dir='ltr'>totius</span> <span class='ocrx_word' id='word_1_227' title='bbox 863 1933 1120 2003; x_wconf 90' lang='lat' dir='ltr'>corporis</span> <span class='ocrx_word' id='word_1_228' title='bbox 1143 1936 1402 1989; x_wconf 80' lang='lat' dir='ltr'>extrema</span> <span class='ocrx_word' id='word_1_229' title='bbox 1430 1934 1762 2002; x_wconf 90' lang='lat' dir='ltr'>descendat,</span> 
     </span>
    </p>
   </div>
   <div class='ocr_carea' id='block_1_35' title="bbox 146 2023 1769 2099">
    <p class='ocr_par' dir='ltr' id='par_1_35' title="bbox 146 2023 1769 2099">
     <span class='ocr_line' id='line_1_35' title="bbox 146 2023 1769 2099; baseline 0.004 -22"><span class='ocrx_word' id='word_1_230' title='bbox 146 2026 199 2077; x_wconf 91' lang='lat' dir='ltr'>ut</span> <span class='ocrx_word' id='word_1_231' title='bbox 222 2024 295 2077; x_wconf 91' lang='lat' dir='ltr'>tui</span> <span class='ocrx_word' id='word_1_232' title='bbox 326 2023 572 2095; x_wconf 87' lang='lat' dir='ltr'>Spiritus</span> <span class='ocrx_word' id='word_1_233' title='bbox 604 2025 783 2080; x_wconf 91' lang='lat' dir='ltr'>virtus</span> <span class='ocrx_word' id='word_1_234' title='bbox 829 2029 885 2081; x_wconf 89' lang='lat' dir='ltr'>et</span> <span class='ocrx_word' id='word_1_235' title='bbox 918 2025 1261 2082; x_wconf 89' lang='lat' dir='ltr'>interiorum</span> <span class='ocrx_word' id='word_1_236' title='bbox 1302 2044 1404 2083; x_wconf 90' lang='lat' dir='ltr'>ora</span> <span class='ocrx_word' id='word_1_237' title='bbox 1435 2029 1676 2099; x_wconf 88' lang='lat' dir='ltr'>repleat,</span> <span class='ocrx_word' id='word_1_238' title='bbox 1710 2032 1769 2084; x_wconf 93' lang='lat' dir='ltr'>et</span> 
     </span>
    </p>
   </div>
   <div class='ocr_carea' id='block_1_36' title="bbox 148 2118 1763 2193">
    <p class='ocr_par' dir='ltr' id='par_1_36' title="bbox 148 2118 1763 2193">
     <span class='ocr_line' id='line_1_36' title="bbox 148 2118 1763 2193; baseline 0.004 -23"><span class='ocrx_word' id='word_1_239' title='bbox 148 2118 408 2172; x_wconf 81' lang='lat' dir='ltr'>exteriora</span> <span class='ocrx_word' id='word_1_240' title='bbox 432 2118 837 2190; x_wconf 85' lang='lat' dir='ltr'>circumtegat.</span> <span class='ocrx_word' id='word_1_241' title='bbox 868 2120 1141 2174; x_wconf 76' lang='lat' dir='ltr'>Abundet</span> <span class='ocrx_word' id='word_1_242' title='bbox 1166 2121 1225 2175; x_wconf 91' lang='lat' dir='ltr'>in</span> <span class='ocrx_word' id='word_1_243' title='bbox 1256 2121 1347 2176; x_wconf 92' lang='lat' dir='ltr'>his</span> <span class='ocrx_word' id='word_1_244' title='bbox 1380 2122 1763 2193; x_wconf 89' lang='lat' dir='ltr'>(eo)constan-</span> 
     </span>
    </p>
   </div>
   <div class='ocr_carea' id='block_1_37' title="bbox 148 2209 1770 2286">
    <p class='ocr_par' dir='ltr' id='par_1_37' title="bbox 148 2209 1770 2286">
     <span class='ocr_line' id='line_1_37' title="bbox 148 2209 1770 2286; baseline 0.004 -22"><span class='ocrx_word' id='word_1_245' title='bbox 148 2209 217 2264; x_wconf 89' lang='lat' dir='ltr'>tia</span> <span class='ocrx_word' id='word_1_246' title='bbox 252 2210 401 2279; x_wconf 91' lang='lat' dir='ltr'>ﬁdei,</span> <span class='ocrx_word' id='word_1_247' title='bbox 430 2213 653 2283; x_wconf 90' lang='lat' dir='ltr'>puritas</span> <span class='ocrx_word' id='word_1_248' title='bbox 697 2212 1039 2281; x_wconf 88' lang='lat' dir='ltr'>dilectionis,</span> <span class='ocrx_word' id='word_1_249' title='bbox 1080 2214 1377 2270; x_wconf 88' lang='lat' dir='ltr'>sinceritas</span> <span class='ocrx_word' id='word_1_250' title='bbox 1415 2216 1591 2286; x_wconf 89' lang='lat' dir='ltr'>pacis.</span> <span class='ocrx_word' id='word_1_251' title='bbox 1642 2217 1770 2272; x_wconf 89' lang='lat' dir='ltr'>Sint</span> 
     </span>
    </p>
   </div>
   <div class='ocr_carea' id='block_1_38' title="bbox 150 2305 1764 2381">
    <p class='ocr_par' dir='ltr' id='par_1_38' title="bbox 150 2305 1764 2381">
     <span class='ocr_line' id='line_1_38' title="bbox 150 2305 1764 2381; baseline 0.004 -23"><span class='ocrx_word' id='word_1_252' title='bbox 150 2305 364 2375; x_wconf 86' lang='lat' dir='ltr'>speciosi</span> <span class='ocrx_word' id='word_1_253' title='bbox 393 2322 642 2361; x_wconf 90' lang='lat' dir='ltr'>munere</span> <span class='ocrx_word' id='word_1_254' title='bbox 670 2309 772 2361; x_wconf 88' lang='lat' dir='ltr'>tuo</span> <span class='ocrx_word' id='word_1_255' title='bbox 798 2307 975 2378; x_wconf 88' lang='lat' dir='ltr'>pedes</span> <span class='ocrx_word' id='word_1_256' title='bbox 1007 2308 1218 2363; x_wconf 90' lang='lat' dir='ltr'>horum</span> <span class='ocrx_word' id='word_1_257' title='bbox 1248 2309 1322 2363; x_wconf 91' lang='lat' dir='ltr'>ad</span> <span class='ocrx_word' id='word_1_258' title='bbox 1367 2310 1764 2381; x_wconf 80' lang='lat' dir='ltr'>evangelizan-</span> 
     </span>
    </p>
   </div>
   <div class='ocr_carea' id='block_1_39' title="bbox 151 2396 1766 2472">
    <p class='ocr_par' dir='ltr' id='par_1_39' title="bbox 151 2396 1766 2472">
     <span class='ocr_line' id='line_1_39' title="bbox 151 2396 1766 2472; baseline 0.004 -21"><span class='ocrx_word' id='word_1_259' title='bbox 151 2396 270 2452; x_wconf 87' lang='lat' dir='ltr'>dum</span> <span class='ocrx_word' id='word_1_260' title='bbox 298 2415 519 2470; x_wconf 90' lang='lat' dir='ltr'>pacem,</span> <span class='ocrx_word' id='word_1_261' title='bbox 555 2399 632 2454; x_wconf 91' lang='lat' dir='ltr'>ad</span> <span class='ocrx_word' id='word_1_262' title='bbox 663 2399 1179 2472; x_wconf 87' lang='lat' dir='ltr'>evangelizandum</span> <span class='ocrx_word' id='word_1_263' title='bbox 1208 2402 1363 2458; x_wconf 89' lang='lat' dir='ltr'>bona</span> <span class='ocrx_word' id='word_1_264' title='bbox 1392 2406 1509 2458; x_wconf 92' lang='lat' dir='ltr'>tua.</span> <span class='ocrx_word' id='word_1_265' title='bbox 1538 2404 1622 2458; x_wconf 92' lang='lat' dir='ltr'>Da</span> <span class='ocrx_word' id='word_1_266' title='bbox 1664 2404 1766 2471; x_wconf 90' lang='lat' dir='ltr'>eis,</span> 
     </span>
    </p>
   </div>
   <div class='ocr_carea' id='block_1_40' title="bbox 150 2491 1767 2565">
    <p class='ocr_par' dir='ltr' id='par_1_40' title="bbox 150 2491 1767 2565">
     <span class='ocr_line' id='line_1_40' title="bbox 150 2491 1767 2565; baseline 0.003 -19"><span class='ocrx_word' id='word_1_267' title='bbox 150 2491 386 2560; x_wconf 88' lang='lat' dir='ltr'>Domine,</span> <span class='ocrx_word' id='word_1_268' title='bbox 406 2492 797 2548; x_wconf 88' lang='lat' dir='ltr'>ministerium</span> <span class='ocrx_word' id='word_1_269' title='bbox 813 2494 1300 2551; x_wconf 82' lang='lat' dir='ltr'>reconciliationis</span> <span class='ocrx_word' id='word_1_270' title='bbox 1320 2496 1380 2551; x_wconf 91' lang='lat' dir='ltr'>in</span> <span class='ocrx_word' id='word_1_271' title='bbox 1409 2497 1605 2565; x_wconf 91' lang='lat' dir='ltr'>verbo,</span> <span class='ocrx_word' id='word_1_272' title='bbox 1627 2502 1683 2552; x_wconf 90' lang='lat' dir='ltr'>et</span> <span class='ocrx_word' id='word_1_273' title='bbox 1708 2497 1767 2551; x_wconf 91' lang='lat' dir='ltr'>in</span> 
     </span>
    </p>
   </div>
   <div class='ocr_carea' id='block_1_41' title="bbox 152 2584 1766 2662">
    <p class='ocr_par' dir='ltr' id='par_1_41' title="bbox 152 2584 1766 2662">
     <span class='ocr_line' id='line_1_41' title="bbox 152 2584 1766 2662; baseline 0.004 -23"><span class='ocrx_word' id='word_1_274' title='bbox 152 2584 311 2651; x_wconf 83' lang='lat' dir='ltr'>factis,</span> <span class='ocrx_word' id='word_1_275' title='bbox 339 2589 396 2640; x_wconf 89' lang='lat' dir='ltr'>et</span> <span class='ocrx_word' id='word_1_276' title='bbox 434 2586 495 2640; x_wconf 91' lang='lat' dir='ltr'>in</span> <span class='ocrx_word' id='word_1_277' title='bbox 536 2586 746 2641; x_wconf 88' lang='lat' dir='ltr'>virtute</span> <span class='ocrx_word' id='word_1_278' title='bbox 795 2590 853 2641; x_wconf 91' lang='lat' dir='ltr'>et</span> <span class='ocrx_word' id='word_1_279' title='bbox 897 2588 1197 2658; x_wconf 86' lang='lat' dir='ltr'>signorum</span> <span class='ocrx_word' id='word_1_280' title='bbox 1245 2593 1304 2644; x_wconf 91' lang='lat' dir='ltr'>et</span> <span class='ocrx_word' id='word_1_281' title='bbox 1346 2590 1766 2662; x_wconf 87' lang='lat' dir='ltr'>prodigiorum.</span> 
     </span>
    </p>
   </div>
   <div class='ocr_carea' id='block_1_42' title="bbox 151 2678 1771 2755">
    <p class='ocr_par' dir='ltr' id='par_1_42' title="bbox 151 2678 1771 2755">
     <span class='ocr_line' id='line_1_42' title="bbox 151 2678 1771 2755; baseline 0.004 -23"><span class='ocrx_word' id='word_1_282' title='bbox 151 2678 222 2733; x_wconf 89' lang='lat' dir='ltr'>Sit</span> <span class='ocrx_word' id='word_1_283' title='bbox 242 2695 422 2735; x_wconf 89' lang='lat' dir='ltr'>sermo</span> <span class='ocrx_word' id='word_1_284' title='bbox 444 2697 651 2736; x_wconf 91' lang='lat' dir='ltr'>eorum</span> <span class='ocrx_word' id='word_1_285' title='bbox 670 2680 836 2753; x_wconf 89' lang='lat' dir='ltr'>(ejus)</span> <span class='ocrx_word' id='word_1_286' title='bbox 866 2684 923 2735; x_wconf 90' lang='lat' dir='ltr'>et</span> <span class='ocrx_word' id='word_1_287' title='bbox 942 2681 1301 2753; x_wconf 87' lang='lat' dir='ltr'>pradicatio,</span> <span class='ocrx_word' id='word_1_288' title='bbox 1321 2700 1437 2739; x_wconf 91' lang='lat' dir='ltr'>non</span> <span class='ocrx_word' id='word_1_289' title='bbox 1460 2683 1520 2738; x_wconf 93' lang='lat' dir='ltr'>in</span> <span class='ocrx_word' id='word_1_290' title='bbox 1542 2700 1771 2755; x_wconf 85' lang='lat' dir='ltr'>persua-</span> 
     </span>
    </p>
   </div>
   <div class='ocr_carea' id='block_1_43' title="bbox 151 2771 1769 2846">
    <p class='ocr_par' dir='ltr' id='par_1_43' title="bbox 151 2771 1769 2846">
     <span class='ocr_line' id='line_1_43' title="bbox 151 2771 1769 2846; baseline 0.004 -20"><span class='ocrx_word' id='word_1_291' title='bbox 151 2771 382 2827; x_wconf 83' lang='lat' dir='ltr'>sibilibus</span> <span class='ocrx_word' id='word_1_292' title='bbox 402 2775 679 2829; x_wconf 87' lang='lat' dir='ltr'>humana</span> <span class='ocrx_word' id='word_1_293' title='bbox 698 2774 994 2846; x_wconf 87' lang='lat' dir='ltr'>sapientia</span> <span class='ocrx_word' id='word_1_294' title='bbox 1012 2776 1218 2844; x_wconf 88' lang='lat' dir='ltr'>verbis,</span> <span class='ocrx_word' id='word_1_295' title='bbox 1242 2776 1344 2832; x_wconf 89' lang='lat' dir='ltr'>sed</span> <span class='ocrx_word' id='word_1_296' title='bbox 1363 2777 1421 2831; x_wconf 92' lang='lat' dir='ltr'>in</span> <span class='ocrx_word' id='word_1_297' title='bbox 1441 2777 1769 2833; x_wconf 89' lang='lat' dir='ltr'>ostensione</span> 
     </span>
    </p>
   </div>
   <div class='ocr_carea' id='block_1_44' title="bbox 152 2866 1770 2943">
    <p class='ocr_par' dir='ltr' id='par_1_44' title="bbox 152 2866 1770 2943">
     <span class='ocr_line' id='line_1_44' title="bbox 152 2866 1770 2943; baseline 0.003 -22"><span class='ocrx_word' id='word_1_298' title='bbox 152 2866 357 2938; x_wconf 78' lang='lat' dir='ltr'>spiritus</span> <span class='ocrx_word' id='word_1_299' title='bbox 394 2872 451 2923; x_wconf 88' lang='lat' dir='ltr'>et</span> <span class='ocrx_word' id='word_1_300' title='bbox 483 2868 730 2924; x_wconf 84' lang='lat' dir='ltr'>virtutis.</span> <span class='ocrx_word' id='word_1_301' title='bbox 776 2870 861 2924; x_wconf 93' lang='lat' dir='ltr'>Da</span> <span class='ocrx_word' id='word_1_302' title='bbox 903 2868 1004 2937; x_wconf 89' lang='lat' dir='ltr'>eis,</span> <span class='ocrx_word' id='word_1_303' title='bbox 1057 2870 1327 2937; x_wconf 89' lang='lat' dir='ltr'>Domine,</span> <span class='ocrx_word' id='word_1_304' title='bbox 1378 2872 1564 2926; x_wconf 88' lang='lat' dir='ltr'>claves</span> <span class='ocrx_word' id='word_1_305' title='bbox 1605 2872 1770 2943; x_wconf 85' lang='lat' dir='ltr'>regni</span> 
     </span>
    </p>
   </div>
   <div class='ocr_carea' id='block_1_45' title="bbox 149 2961 1770 3036">
    <p class='ocr_par' dir='ltr' id='par_1_45' title="bbox 149 2961 1770 3036">
     <span class='ocr_line' id='line_1_45' title="bbox 149 2961 1770 3036; baseline 0.003 -21"><span class='ocrx_word' id='word_1_306' title='bbox 149 2961 393 3017; x_wconf 84' lang='lat' dir='ltr'>calorum</span> <span class='ocrx_word' id='word_1_307' title='bbox 424 2978 437 3017; x_wconf 92' lang='lat'>:</span> <span class='ocrx_word' id='word_1_308' title='bbox 463 2966 723 3029; x_wconf 79' lang='lat' dir='ltr'>utantur,</span> <span class='ocrx_word' id='word_1_309' title='bbox 753 2980 858 3017; x_wconf 91' lang='lat' dir='ltr'>nec</span> <span class='ocrx_word' id='word_1_310' title='bbox 902 2963 1224 3034; x_wconf 89' lang='lat' dir='ltr'>glorientur</span> <span class='ocrx_word' id='word_1_311' title='bbox 1254 2968 1554 3036; x_wconf 86' lang='lat' dir='ltr'>potestate,</span> <span class='ocrx_word' id='word_1_312' title='bbox 1596 2983 1770 3036; x_wconf 92' lang='lat' dir='ltr'>quam</span> 
     </span>
    </p>
   </div>
   <div class='ocr_carea' id='block_1_46' title="bbox 151 3053 1769 3123">
    <p class='ocr_par' dir='ltr' id='par_1_46' title="bbox 151 3053 1769 3123">
     <span class='ocr_line' id='line_1_46' title="bbox 151 3053 1769 3123; baseline 0.002 -15"><span class='ocrx_word' id='word_1_313' title='bbox 151 3053 329 3109; x_wconf 87' lang='lat' dir='ltr'>tribuis</span> <span class='ocrx_word' id='word_1_314' title='bbox 382 3055 439 3110; x_wconf 89' lang='lat' dir='ltr'>in</span> <span class='ocrx_word' id='word_1_315' title='bbox 491 3055 964 3123; x_wconf 85' lang='lat' dir='ltr'>adiﬁcationem,</span> <span class='ocrx_word' id='word_1_316' title='bbox 1009 3074 1127 3112; x_wconf 92' lang='lat' dir='ltr'>non</span> <span class='ocrx_word' id='word_1_317' title='bbox 1184 3057 1244 3112; x_wconf 88' lang='lat' dir='ltr'>in</span> <span class='ocrx_word' id='word_1_318' title='bbox 1301 3058 1769 3114; x_wconf 88' lang='lat' dir='ltr'>destructionem.</span> 
     </span>
    </p>
   </div>
   <div class='ocr_carea' id='block_1_47' title="bbox 151 3147 1772 3224">
    <p class='ocr_par' dir='ltr' id='par_1_47' title="bbox 151 3147 1772 3224">
     <span class='ocr_line' id='line_1_47' title="bbox 151 3147 1772 3224; baseline 0.002 -22"><span class='ocrx_word' id='word_1_319' title='bbox 151 3147 541 3221; x_wconf 86' lang='lat' dir='ltr'>Quodcumque</span> <span class='ocrx_word' id='word_1_320' title='bbox 556 3150 865 3221; x_wconf 88' lang='lat' dir='ltr'>ligaverint</span> <span class='ocrx_word' id='word_1_321' title='bbox 885 3167 1058 3222; x_wconf 87' lang='lat' dir='ltr'>super</span> <span class='ocrx_word' id='word_1_322' title='bbox 1076 3155 1289 3206; x_wconf 91' lang='lat' dir='ltr'>terram</span> <span class='ocrx_word' id='word_1_323' title='bbox 1305 3152 1629 3224; x_wconf 85' lang='lat' dir='ltr'>sitligatum</span> <span class='ocrx_word' id='word_1_324' title='bbox 1643 3156 1700 3207; x_wconf 91' lang='lat' dir='ltr'>et</span> <span class='ocrx_word' id='word_1_325' title='bbox 1715 3152 1772 3206; x_wconf 91' lang='lat' dir='ltr'>in</span> 
     </span>
    </p>
   </div>
   <div class='ocr_carea' id='block_1_48' title="bbox 151 3242 1773 3317">
    <p class='ocr_par' dir='ltr' id='par_1_48' title="bbox 151 3242 1773 3317">
     <span class='ocr_line' id='line_1_48' title="bbox 151 3242 1773 3317; baseline 0.002 -20"><span class='ocrx_word' id='word_1_326' title='bbox 151 3242 283 3297; x_wconf 82' lang='lat' dir='ltr'>calis</span> <span class='ocrx_word' id='word_1_327' title='bbox 296 3260 309 3298; x_wconf 90' lang='lat'><strong>:</strong></span> <span class='ocrx_word' id='word_1_328' title='bbox 323 3247 380 3297; x_wconf 92' lang='lat' dir='ltr'>et</span> <span class='ocrx_word' id='word_1_329' title='bbox 398 3243 809 3314; x_wconf 88' lang='lat' dir='ltr'>quodcumque</span> <span class='ocrx_word' id='word_1_330' title='bbox 834 3245 1107 3299; x_wconf 88' lang='lat' dir='ltr'>solverint</span> <span class='ocrx_word' id='word_1_331' title='bbox 1127 3262 1301 3317; x_wconf 90' lang='lat' dir='ltr'>super</span> <span class='ocrx_word' id='word_1_332' title='bbox 1318 3249 1533 3301; x_wconf 91' lang='lat' dir='ltr'>terram</span> <span class='ocrx_word' id='word_1_333' title='bbox 1547 3246 1773 3301; x_wconf 88' lang='lat' dir='ltr'>sitsolu—</span> 
     </span>
    </p>
   </div>
   <div class='ocr_carea' id='block_1_49' title="bbox 150 3337 1774 3411">
    <p class='ocr_par' dir='ltr' id='par_1_49' title="bbox 150 3337 1774 3411">
     <span class='ocr_line' id='line_1_49' title="bbox 150 3337 1774 3411; baseline 0.004 -22"><span class='ocrx_word' id='word_1_334' title='bbox 150 3338 257 3390; x_wconf 88' lang='lat' dir='ltr'>tum</span> <span class='ocrx_word' id='word_1_335' title='bbox 273 3340 327 3391; x_wconf 91' lang='lat' dir='ltr'>et</span> <span class='ocrx_word' id='word_1_336' title='bbox 342 3337 397 3391; x_wconf 91' lang='lat' dir='ltr'>in</span> <span class='ocrx_word' id='word_1_337' title='bbox 417 3338 595 3392; x_wconf 87' lang='lat' dir='ltr'>calis.</span> <span class='ocrx_word' id='word_1_338' title='bbox 622 3338 876 3402; x_wconf 87' lang='lat' dir='ltr'>Quorum</span> <span class='ocrx_word' id='word_1_339' title='bbox 891 3338 1248 3396; x_wconf 90' lang='lat' dir='ltr'>detinuerint</span> <span class='ocrx_word' id='word_1_340' title='bbox 1269 3343 1522 3411; x_wconf 90' lang='lat' dir='ltr'>peccata,</span> <span class='ocrx_word' id='word_1_341' title='bbox 1539 3340 1774 3395; x_wconf 90' lang='lat' dir='ltr'>detenta</span> 
     </span>
    </p>
   </div>
   <div class='ocr_carea' id='block_1_50' title="bbox 152 3426 1774 3502">
    <p class='ocr_par' dir='ltr' id='par_1_50' title="bbox 152 3426 1774 3502">
     <span class='ocr_line' id='line_1_50' title="bbox 152 3426 1774 3502; baseline 0.003 -19"><span class='ocrx_word' id='word_1_342' title='bbox 152 3426 265 3494; x_wconf 77' lang='lat' dir='ltr'>sint;</span> <span class='ocrx_word' id='word_1_343' title='bbox 280 3432 335 3484; x_wconf 89' lang='lat' dir='ltr'>et</span> <span class='ocrx_word' id='word_1_344' title='bbox 346 3447 599 3502; x_wconf 88' lang='lat' dir='ltr'>quorum</span> <span class='ocrx_word' id='word_1_345' title='bbox 614 3430 955 3499; x_wconf 88' lang='lat' dir='ltr'>dimiserint,</span> <span class='ocrx_word' id='word_1_346' title='bbox 971 3435 1033 3486; x_wconf 89' lang='lat' dir='ltr'>tu</span> <span class='ocrx_word' id='word_1_347' title='bbox 1055 3432 1332 3488; x_wconf 89' lang='lat' dir='ltr'>dimittas.</span> <span class='ocrx_word' id='word_1_348' title='bbox 1349 3432 1458 3498; x_wconf 81' lang='lat' dir='ltr'>Qui</span> <span class='ocrx_word' id='word_1_349' title='bbox 1470 3433 1774 3488; x_wconf 86' lang='lat' dir='ltr'>benedixe-</span> 
     </span>
    </p>
   </div>
   <div class='ocr_carea' id='block_1_51' title="bbox 150 3522 1771 3596">
    <p class='ocr_par' dir='ltr' id='par_1_51' title="bbox 150 3522 1771 3596">
     <span class='ocr_line' id='line_1_51' title="bbox 150 3522 1771 3596; baseline 0.002 -19"><span class='ocrx_word' id='word_1_350' title='bbox 150 3522 212 3577; x_wconf 88' lang='lat' dir='ltr'>rit</span> <span class='ocrx_word' id='word_1_351' title='bbox 236 3523 329 3591; x_wconf 90' lang='lat' dir='ltr'>eis,</span> <span class='ocrx_word' id='word_1_352' title='bbox 352 3524 423 3578; x_wconf 90' lang='lat' dir='ltr'>sit</span> <span class='ocrx_word' id='word_1_353' title='bbox 440 3524 783 3579; x_wconf 88' lang='lat' dir='ltr'>benedictus</span> <span class='ocrx_word' id='word_1_354' title='bbox 807 3542 821 3591; x_wconf 86' lang='lat'><strong>;</strong></span> <span class='ocrx_word' id='word_1_355' title='bbox 846 3528 905 3579; x_wconf 92' lang='lat' dir='ltr'>et</span> <span class='ocrx_word' id='word_1_356' title='bbox 934 3525 1031 3596; x_wconf 91' lang='lat' dir='ltr'>qui</span> <span class='ocrx_word' id='word_1_357' title='bbox 1068 3527 1434 3581; x_wconf 83' lang='lat' dir='ltr'>maledixerit</span> <span class='ocrx_word' id='word_1_358' title='bbox 1464 3527 1564 3594; x_wconf 91' lang='lat' dir='ltr'>eis,</span> <span class='ocrx_word' id='word_1_359' title='bbox 1590 3528 1771 3581; x_wconf 91' lang='lat' dir='ltr'>male-</span> 
     </span>
    </p>
   </div>
   <div class='ocr_carea' id='block_1_52' title="bbox 153 3615 1771 3691">
    <p class='ocr_par' dir='ltr' id='par_1_52' title="bbox 153 3615 1771 3691">
     <span class='ocr_line' id='line_1_52' title="bbox 153 3615 1771 3691; baseline 0.002 -21"><span class='ocrx_word' id='word_1_360' title='bbox 153 3615 472 3673; x_wconf 89' lang='lat' dir='ltr'>dictionibus</span> <span class='ocrx_word' id='word_1_361' title='bbox 490 3619 806 3689; x_wconf 89' lang='lat' dir='ltr'>repleatur.</span> <span class='ocrx_word' id='word_1_362' title='bbox 828 3618 955 3674; x_wconf 91' lang='lat' dir='ltr'>Sint</span> <span class='ocrx_word' id='word_1_363' title='bbox 972 3619 1119 3673; x_wconf 91' lang='lat' dir='ltr'>servi</span> <span class='ocrx_word' id='word_1_364' title='bbox 1144 3619 1345 3675; x_wconf 87' lang='lat' dir='ltr'>ﬁdeles</span> <span class='ocrx_word' id='word_1_365' title='bbox 1365 3622 1424 3675; x_wconf 90' lang='lat' dir='ltr'>et</span> <span class='ocrx_word' id='word_1_366' title='bbox 1438 3620 1771 3691; x_wconf 89' lang='lat' dir='ltr'>prudentes,</span> 
     </span>
    </p>
   </div>
   <div class='ocr_carea' id='block_1_53' title="bbox 154 3712 1776 3784">
    <p class='ocr_par' dir='ltr' id='par_1_53' title="bbox 154 3712 1776 3784">
     <span class='ocr_line' id='line_1_53' title="bbox 154 3712 1776 3784; baseline 0.001 -18"><span class='ocrx_word' id='word_1_367' title='bbox 154 3713 601 3782; x_wconf 87' lang='lat' dir='ltr'>quosconstituas</span> <span class='ocrx_word' id='word_1_368' title='bbox 615 3715 697 3780; x_wconf 91' lang='lat' dir='ltr'>tu,</span> <span class='ocrx_word' id='word_1_369' title='bbox 722 3712 986 3779; x_wconf 90' lang='lat' dir='ltr'>Domine,</span> <span class='ocrx_word' id='word_1_370' title='bbox 1011 3730 1183 3784; x_wconf 92' lang='lat' dir='ltr'>super</span> <span class='ocrx_word' id='word_1_371' title='bbox 1203 3713 1483 3769; x_wconf 90' lang='lat' dir='ltr'>familiam</span> <span class='ocrx_word' id='word_1_372' title='bbox 1504 3716 1667 3768; x_wconf 90' lang='lat' dir='ltr'>tuam</span> <span class='ocrx_word' id='word_1_373' title='bbox 1684 3731 1698 3780; x_wconf 93' lang='lat'><strong>;</strong></span> <span class='ocrx_word' id='word_1_374' title='bbox 1715 3717 1776 3767; x_wconf 92' lang='lat' dir='ltr'>ut</span> 
     </span>
    </p>
   </div>
   <div class='ocr_carea' id='block_1_54' title="bbox 155 3803 1777 3878">
    <p class='ocr_par' dir='ltr' id='par_1_54' title="bbox 155 3803 1777 3878">
     <span class='ocr_line' id='line_1_54' title="bbox 155 3803 1777 3878; baseline 0.001 -20"><span class='ocrx_word' id='word_1_375' title='bbox 155 3803 273 3860; x_wconf 87' lang='lat' dir='ltr'>dent</span> <span class='ocrx_word' id='word_1_376' title='bbox 296 3805 399 3861; x_wconf 90' lang='lat' dir='ltr'>illis</span> <span class='ocrx_word' id='word_1_377' title='bbox 418 3806 616 3861; x_wconf 89' lang='lat' dir='ltr'>cibum</span> <span class='ocrx_word' id='word_1_378' title='bbox 636 3806 696 3860; x_wconf 89' lang='lat' dir='ltr'>in</span> <span class='ocrx_word' id='word_1_379' title='bbox 716 3810 977 3878; x_wconf 88' lang='lat' dir='ltr'>tempore</span> <span class='ocrx_word' id='word_1_380' title='bbox 998 3808 1344 3875; x_wconf 89' lang='lat' dir='ltr'>necessario,</span> <span class='ocrx_word' id='word_1_381' title='bbox 1372 3812 1436 3861; x_wconf 90' lang='lat' dir='ltr'>ut</span> <span class='ocrx_word' id='word_1_382' title='bbox 1468 3808 1777 3862; x_wconf 82' lang='lat' dir='ltr'>exhibeant</span> 
     </span>
    </p>
   </div>
   <div class='ocr_carea' id='block_1_55' title="bbox 156 3900 1775 3972">
    <p class='ocr_par' dir='ltr' id='par_1_55' title="bbox 156 3900 1775 3972">
     <span class='ocr_line' id='line_1_55' title="bbox 156 3900 1775 3972; baseline 0.001 -19"><span class='ocrx_word' id='word_1_383' title='bbox 156 3912 365 3954; x_wconf 88' lang='lat' dir='ltr'>omnem</span> <span class='ocrx_word' id='word_1_384' title='bbox 395 3900 701 3956; x_wconf 88' lang='lat' dir='ltr'>hominem</span> <span class='ocrx_word' id='word_1_385' title='bbox 728 3901 1074 3972; x_wconf 89' lang='lat' dir='ltr'>perfectum.</span> <span class='ocrx_word' id='word_1_386' title='bbox 1110 3901 1237 3956; x_wconf 91' lang='lat' dir='ltr'>Sint</span> <span class='ocrx_word' id='word_1_387' title='bbox 1266 3901 1646 3956; x_wconf 90' lang='lat' dir='ltr'>sollicitudine</span> <span class='ocrx_word' id='word_1_388' title='bbox 1667 3901 1775 3955; x_wconf 85' lang='lat' dir='ltr'>im-</span> 
     </span>
    </p>
   </div>
   <div class='ocr_carea' id='block_1_56' title="bbox 159 3991 1774 4067">
    <p class='ocr_par' dir='ltr' id='par_1_56' title="bbox 159 3991 1774 4067">
     <span class='ocr_line' id='line_1_56' title="bbox 159 3991 1774 4067; baseline 0.002 -22"><span class='ocrx_word' id='word_1_389' title='bbox 159 3991 306 4064; x_wconf 90' lang='lat' dir='ltr'>pigri,</span> <span class='ocrx_word' id='word_1_390' title='bbox 364 3994 476 4049; x_wconf 91' lang='lat' dir='ltr'>sint</span> <span class='ocrx_word' id='word_1_391' title='bbox 526 3994 729 4066; x_wconf 88' lang='lat' dir='ltr'>spiritu</span> <span class='ocrx_word' id='word_1_392' title='bbox 771 3995 1097 4062; x_wconf 82' lang='lat' dir='ltr'>ferventes;</span> <span class='ocrx_word' id='word_1_393' title='bbox 1147 3995 1377 4050; x_wconf 89' lang='lat' dir='ltr'>oderint</span> <span class='ocrx_word' id='word_1_394' title='bbox 1424 3994 1774 4067; x_wconf 90' lang='lat' dir='ltr'>superbiam,</span> 
     </span>
    </p>
   </div>
   <div class='ocr_carea' id='block_1_57' title="bbox 162 4083 1783 4161">
    <p class='ocr_par' dir='ltr' id='par_1_57' title="bbox 162 4083 1783 4161">
     <span class='ocr_line' id='line_1_57' title="bbox 162 4083 1783 4161; baseline 0.003 -23"><span class='ocrx_word' id='word_1_395' title='bbox 162 4083 382 4157; x_wconf 87' lang='lat' dir='ltr'>diligant</span> <span class='ocrx_word' id='word_1_396' title='bbox 400 4088 727 4157; x_wconf 88' lang='lat' dir='ltr'>veritatem,</span> <span class='ocrx_word' id='word_1_397' title='bbox 761 4104 867 4143; x_wconf 91' lang='lat' dir='ltr'>nec</span> <span class='ocrx_word' id='word_1_398' title='bbox 898 4105 1027 4143; x_wconf 91' lang='lat' dir='ltr'>eam</span> <span class='ocrx_word' id='word_1_399' title='bbox 1056 4105 1336 4161; x_wconf 91' lang='lat' dir='ltr'>umquam</span> <span class='ocrx_word' id='word_1_400' title='bbox 1368 4088 1657 4155; x_wconf 91' lang='lat' dir='ltr'>deserant,</span> <span class='ocrx_word' id='word_1_401' title='bbox 1682 4092 1783 4143; x_wconf 92' lang='lat' dir='ltr'>aut</span> 
     </span>
    </p>
   </div>
   <div class='ocr_carea' id='block_1_58' title="bbox 160 4176 1777 4255">
    <p class='ocr_par' dir='ltr' id='par_1_58' title="bbox 160 4176 1777 4255">
     <span class='ocr_line' id='line_1_58' title="bbox 160 4176 1777 4255; baseline 0.002 -24"><span class='ocrx_word' id='word_1_402' title='bbox 160 4176 488 4250; x_wconf 86' lang='lat' dir='ltr'>lassitudine,</span> <span class='ocrx_word' id='word_1_403' title='bbox 524 4184 624 4236; x_wconf 91' lang='lat' dir='ltr'>aut</span> <span class='ocrx_word' id='word_1_404' title='bbox 661 4181 869 4237; x_wconf 91' lang='lat' dir='ltr'>timore</span> <span class='ocrx_word' id='word_1_405' title='bbox 900 4182 1172 4253; x_wconf 83' lang='lat' dir='ltr'>superati.</span> <span class='ocrx_word' id='word_1_406' title='bbox 1196 4184 1320 4237; x_wconf 90' lang='lat' dir='ltr'>Non</span> <span class='ocrx_word' id='word_1_407' title='bbox 1342 4186 1563 4255; x_wconf 92' lang='lat' dir='ltr'>ponant</span> <span class='ocrx_word' id='word_1_408' title='bbox 1590 4182 1777 4237; x_wconf 90' lang='lat' dir='ltr'>lucem</span> 
     </span>
    </p>
   </div>
   <div class='ocr_carea' id='block_1_59' title="bbox 162 4270 1779 4343">
    <p class='ocr_par' dir='ltr' id='par_1_59' title="bbox 162 4270 1779 4343">
     <span class='ocr_line' id='line_1_59' title="bbox 162 4270 1779 4343; baseline 0.003 -19"><span class='ocrx_word' id='word_1_409' title='bbox 162 4270 223 4325; x_wconf 91' lang='lat' dir='ltr'>ad</span> <span class='ocrx_word' id='word_1_410' title='bbox 242 4275 521 4343; x_wconf 88' lang='lat' dir='ltr'>tenebras,</span> <span class='ocrx_word' id='word_1_411' title='bbox 545 4291 651 4330; x_wconf 91' lang='lat' dir='ltr'>nec</span> <span class='ocrx_word' id='word_1_412' title='bbox 673 4275 942 4330; x_wconf 91' lang='lat' dir='ltr'>tenebras</span> <span class='ocrx_word' id='word_1_413' title='bbox 962 4277 1170 4331; x_wconf 89' lang='lat' dir='ltr'>lucem.</span> <span class='ocrx_word' id='word_1_414' title='bbox 1195 4278 1320 4332; x_wconf 90' lang='lat' dir='ltr'>Non</span> <span class='ocrx_word' id='word_1_415' title='bbox 1348 4276 1543 4332; x_wconf 89' lang='lat' dir='ltr'>dicant</span> <span class='ocrx_word' id='word_1_416' title='bbox 1561 4276 1779 4331; x_wconf 91' lang='lat' dir='ltr'>malum</span> 
     </span>
    </p>
   </div>
   <div class='ocr_carea' id='block_1_60' title="bbox 158 4360 1778 4442">
    <p class='ocr_par' dir='ltr' id='par_1_60' title="bbox 158 4360 1778 4442">
     <span class='ocr_line' id='line_1_60' title="bbox 158 4360 1778 4442; baseline 0.003 -23"><span class='ocrx_word' id='word_1_417' title='bbox 158 4360 371 4435; x_wconf 85' lang='lat' dir='ltr'>bonum,</span> <span class='ocrx_word' id='word_1_418' title='bbox 400 4385 509 4424; x_wconf 90' lang='lat' dir='ltr'>nec</span> <span class='ocrx_word' id='word_1_419' title='bbox 537 4369 757 4424; x_wconf 90' lang='lat' dir='ltr'>bonum</span> <span class='ocrx_word' id='word_1_420' title='bbox 785 4369 1024 4424; x_wconf 91' lang='lat' dir='ltr'>malum.</span> <span class='ocrx_word' id='word_1_421' title='bbox 1056 4370 1183 4426; x_wconf 83' lang='lat' dir='ltr'>Sint</span> <span class='ocrx_word' id='word_1_422' title='bbox 1218 4371 1572 4442; x_wconf 90' lang='lat' dir='ltr'>sapientibus</span> <span class='ocrx_word' id='word_1_423' title='bbox 1601 4373 1660 4425; x_wconf 89' lang='lat' dir='ltr'>et</span> <span class='ocrx_word' id='word_1_424' title='bbox 1691 4370 1778 4423; x_wconf 88' lang='lat' dir='ltr'>in-</span> 
     </span>
    </p>
   </div>
   <div class='ocr_carea' id='block_1_61' title="bbox 163 4457 1779 4535">
    <p class='ocr_par' dir='ltr' id='par_1_61' title="bbox 163 4457 1779 4535">
     <span class='ocr_line' id='line_1_61' title="bbox 163 4457 1779 4535; baseline 0.004 -24"><span class='ocrx_word' id='word_1_425' title='bbox 163 4457 469 4530; x_wconf 86' lang='lat' dir='ltr'>sipientibus</span> <span class='ocrx_word' id='word_1_426' title='bbox 515 4462 807 4518; x_wconf 88' lang='lat' dir='ltr'>debitores</span> <span class='ocrx_word' id='word_1_427' title='bbox 836 4480 849 4517; x_wconf 91' lang='lat'><strong>:</strong></span> <span class='ocrx_word' id='word_1_428' title='bbox 880 4466 938 4517; x_wconf 90' lang='lat' dir='ltr'>et</span> <span class='ocrx_word' id='word_1_429' title='bbox 966 4463 1217 4519; x_wconf 89' lang='lat' dir='ltr'>fructum</span> <span class='ocrx_word' id='word_1_430' title='bbox 1251 4464 1322 4519; x_wconf 92' lang='lat' dir='ltr'>de</span> <span class='ocrx_word' id='word_1_431' title='bbox 1358 4464 1619 4535; x_wconf 90' lang='lat' dir='ltr'>profectu</span> <span class='ocrx_word' id='word_1_432' title='bbox 1654 4480 1779 4518; x_wconf 86' lang='lat' dir='ltr'>om-</span> 
     </span>
    </p>
   </div>
   <div class='ocr_carea' id='block_1_62' title="bbox 167 4550 1861 4639">
    <p class='ocr_par' dir='ltr' id='par_1_62' title="bbox 167 4550 1861 4639">
     <span class='ocr_line' id='line_1_62' title="bbox 167 4550 1861 4639; baseline 0.004 -33"><span class='ocrx_word' id='word_1_433' title='bbox 167 4550 307 4608; x_wconf 86' lang='lat' dir='ltr'>nium</span> <span class='ocrx_word' id='word_1_434' title='bbox 322 4560 765 4628; x_wconf 88' lang='lat' dir='ltr'>consequantur.</span> <span class='ocrx_word' id='word_1_435' title='bbox 780 4556 1025 4612; x_wconf 89' lang='lat' dir='ltr'>Tribuas</span> <span class='ocrx_word' id='word_1_436' title='bbox 1042 4558 1142 4625; x_wconf 91' lang='lat' dir='ltr'>eis,</span> <span class='ocrx_word' id='word_1_437' title='bbox 1162 4558 1426 4626; x_wconf 91' lang='lat' dir='ltr'>Domine,</span> <span class='ocrx_word' id='word_1_438' title='bbox 1446 4557 1783 4613; x_wconf 88' lang='lat' dir='ltr'>cathedram</span> <span class='ocrx_word' id='word_1_439' title='bbox 1801 4566 1861 4639; x_wconf 85' lang='lat' dir='ltr'><strong>D</strong></span> 
     </span>
    </p>
   </div>
   <div class='ocr_carea' id='block_1_63' title="bbox 170 4646 1784 4723">
    <p class='ocr_par' dir='ltr' id='par_1_63' title="bbox 170 4646 1784 4723">
     <span class='ocr_line' id='line_1_63' title="bbox 170 4646 1784 4723; baseline 0.004 -24"><span class='ocrx_word' id='word_1_440' title='bbox 170 4646 523 4720; x_wconf 86' lang='lat' dir='ltr'>episcopalem</span> <span class='ocrx_word' id='word_1_441' title='bbox 538 4649 613 4705; x_wconf 90' lang='lat' dir='ltr'>ad</span> <span class='ocrx_word' id='word_1_442' title='bbox 623 4650 945 4722; x_wconf 87' lang='lat' dir='ltr'>regendam</span> <span class='ocrx_word' id='word_1_443' title='bbox 967 4651 1278 4707; x_wconf 89' lang='lat' dir='ltr'>Ecclesiam</span> <span class='ocrx_word' id='word_1_444' title='bbox 1290 4655 1449 4708; x_wconf 91' lang='lat' dir='ltr'>tuam</span> <span class='ocrx_word' id='word_1_445' title='bbox 1478 4655 1535 4706; x_wconf 91' lang='lat' dir='ltr'>et</span> <span class='ocrx_word' id='word_1_446' title='bbox 1554 4651 1784 4723; x_wconf 90' lang='lat' dir='ltr'>plebem</span> 
     </span>
    </p>
   </div>
   <div class='ocr_carea' id='block_1_64' title="bbox 171 4739 1788 4817">
    <p class='ocr_par' dir='ltr' id='par_1_64' title="bbox 171 4739 1788 4817">
     <span class='ocr_line' id='line_1_64' title="bbox 171 4739 1788 4817; baseline 0.003 -24"><span class='ocrx_word' id='word_1_447' title='bbox 171 4739 489 4799; x_wconf 86' lang='lat' dir='ltr'>universam.</span> <span class='ocrx_word' id='word_1_448' title='bbox 522 4744 611 4800; x_wconf 90' lang='lat' dir='ltr'>Sis</span> <span class='ocrx_word' id='word_1_449' title='bbox 637 4744 719 4799; x_wconf 90' lang='lat' dir='ltr'>eis</span> <span class='ocrx_word' id='word_1_450' title='bbox 742 4744 1075 4812; x_wconf 88' lang='lat' dir='ltr'>auctoritas,</span> <span class='ocrx_word' id='word_1_451' title='bbox 1100 4745 1173 4800; x_wconf 91' lang='lat' dir='ltr'>sis</span> <span class='ocrx_word' id='word_1_452' title='bbox 1194 4746 1275 4801; x_wconf 90' lang='lat' dir='ltr'>eis</span> <span class='ocrx_word' id='word_1_453' title='bbox 1295 4749 1569 4817; x_wconf 89' lang='lat' dir='ltr'>potestas,</span> <span class='ocrx_word' id='word_1_454' title='bbox 1602 4746 1679 4799; x_wconf 89' lang='lat' dir='ltr'>sis</span> <span class='ocrx_word' id='word_1_455' title='bbox 1706 4744 1788 4799; x_wconf 91' lang='lat' dir='ltr'>eis</span> 
     </span>
    </p>
   </div>
   <div class='ocr_carea' id='block_1_65' title="bbox 172 4831 1790 4910">
    <p class='ocr_par' dir='ltr' id='par_1_65' title="bbox 172 4831 1790 4910">
     <span class='ocr_line' id='line_1_65' title="bbox 172 4831 1790 4910; baseline 0.004 -24"><span class='ocrx_word' id='word_1_456' title='bbox 172 4831 403 4891; x_wconf 86' lang='lat' dir='ltr'>firmitas.</span> <span class='ocrx_word' id='word_1_457' title='bbox 434 4838 784 4909; x_wconf 65' lang='lat' dir='ltr'>Multiplices</span> <span class='ocrx_word' id='word_1_458' title='bbox 832 4856 1004 4910; x_wconf 90' lang='lat' dir='ltr'>super</span> <span class='ocrx_word' id='word_1_459' title='bbox 1056 4855 1154 4893; x_wconf 90' lang='lat' dir='ltr'>eos</span> <span class='ocrx_word' id='word_1_460' title='bbox 1205 4839 1671 4894; x_wconf 89' lang='lat' dir='ltr'>benedictionem</span> <span class='ocrx_word' id='word_1_461' title='bbox 1731 4840 1790 4892; x_wconf 90' lang='lat' dir='ltr'>et</span> 
     </span>
    </p>
   </div>
   <div class='ocr_carea' id='block_1_66' title="bbox 175 4928 1788 5004">
    <p class='ocr_par' dir='ltr' id='par_1_66' title="bbox 175 4928 1788 5004">
     <span class='ocr_line' id='line_1_66' title="bbox 175 4928 1788 5004; baseline 0.002 -21"><span class='ocrx_word' id='word_1_462' title='bbox 175 4928 394 4997; x_wconf 78' lang='lat' dir='ltr'>gratiam</span> <span class='ocrx_word' id='word_1_463' title='bbox 421 4933 603 4998; x_wconf 90' lang='lat' dir='ltr'>tuam,</span> <span class='ocrx_word' id='word_1_464' title='bbox 638 4935 702 4986; x_wconf 91' lang='lat' dir='ltr'>ut</span> <span class='ocrx_word' id='word_1_465' title='bbox 726 4931 802 4986; x_wconf 92' lang='lat' dir='ltr'>ad</span> <span class='ocrx_word' id='word_1_466' title='bbox 824 4933 1179 4987; x_wconf 84' lang='lat' dir='ltr'>exorandum</span> <span class='ocrx_word' id='word_1_467' title='bbox 1209 4949 1439 5004; x_wconf 90' lang='lat' dir='ltr'>semper</span> <span class='ocrx_word' id='word_1_468' title='bbox 1463 4933 1788 4987; x_wconf 89' lang='lat' dir='ltr'>misericor-</span> 
     </span>
    </p>
   </div>
   <div class='ocr_carea' id='block_1_67' title="bbox 174 5016 1792 5099">
    <p class='ocr_par' dir='ltr' id='par_1_67' title="bbox 174 5016 1792 5099">
     <span class='ocr_line' id='line_1_67' title="bbox 174 5016 1792 5099; baseline 0.004 -26"><span class='ocrx_word' id='word_1_469' title='bbox 174 5016 308 5077; x_wconf 88' lang='lat' dir='ltr'>diam</span> <span class='ocrx_word' id='word_1_470' title='bbox 343 5026 499 5079; x_wconf 89' lang='lat' dir='ltr'>tuam</span> <span class='ocrx_word' id='word_1_471' title='bbox 545 5029 644 5081; x_wconf 91' lang='lat' dir='ltr'>tuo</span> <span class='ocrx_word' id='word_1_472' title='bbox 694 5042 936 5081; x_wconf 90' lang='lat' dir='ltr'>munere</span> <span class='ocrx_word' id='word_1_473' title='bbox 980 5026 1197 5097; x_wconf 90' lang='lat' dir='ltr'>idonei,</span> <span class='ocrx_word' id='word_1_474' title='bbox 1230 5031 1329 5082; x_wconf 89' lang='lat' dir='ltr'>tua</span> <span class='ocrx_word' id='word_1_475' title='bbox 1355 5026 1542 5098; x_wconf 88' lang='lat' dir='ltr'>gratia</span> <span class='ocrx_word' id='word_1_476' title='bbox 1570 5025 1792 5099; x_wconf 89' lang='lat' dir='ltr'>possint</span> 
     </span>
    </p>
   </div>
   <div class='ocr_carea' id='block_1_68' title="bbox 176 5117 1093 5176">
    <p class='ocr_par' dir='ltr' id='par_1_68' title="bbox 176 5117 1093 5176">
     <span class='ocr_line' id='line_1_68' title="bbox 176 5117 1093 5176; baseline 0.01 -10"><span class='ocrx_word' id='word_1_477' title='bbox 176 5128 279 5169; x_wconf 88' lang='lat' dir='ltr'>esse</span> <span class='ocrx_word' id='word_1_478' title='bbox 307 5117 510 5174; x_wconf 89' lang='lat' dir='ltr'>devoti.</span> <span class='ocrx_word' id='word_1_479' title='bbox 542 5120 652 5174; x_wconf 91' lang='lat' dir='ltr'>Per</span> <span class='ocrx_word' id='word_1_480' title='bbox 676 5120 1035 5176; x_wconf 83' lang='lat' dir='ltr'>Dominumb</span> <span class='ocrx_word' id='word_1_481' title='bbox 1080 5161 1093 5175; x_wconf 94' lang='lat'>.</span> 
     </span>
    </p>
   </div>
   <div class='ocr_carea' id='block_1_69' title="bbox 769 5200 1158 5264">
    <p class='ocr_par' dir='ltr' id='par_1_69' title="bbox 769 5200 1158 5264">
     <span class='ocr_line' id='line_1_69' title="bbox 769 5200 1158 5264; baseline 0.003 -14"><span class='ocrx_word' id='word_1_482' title='bbox 769 5201 935 5264; x_wconf 91' lang='lat' dir='ltr'>Super</span> <span class='ocrx_word' id='word_1_483' title='bbox 968 5200 1158 5251; x_wconf 85' lang='lat' dir='ltr'>oblata.</span> 
     </span>
    </p>
   </div>
   <div class='ocr_carea' id='block_1_70' title="bbox 239 5266 1791 5344">
    <p class='ocr_par' dir='ltr' id='par_1_70' title="bbox 239 5266 1791 5344">
     <span class='ocr_line' id='line_1_70' title="bbox 239 5266 1791 5344; baseline 0.001 -21"><span class='ocrx_word' id='word_1_484' title='bbox 239 5266 476 5342; x_wconf 89' lang='lat' dir='ltr'>Suscipe,</span> <span class='ocrx_word' id='word_1_485' title='bbox 507 5270 772 5340; x_wconf 90' lang='lat' dir='ltr'>Domine,</span> <span class='ocrx_word' id='word_1_486' title='bbox 808 5289 1054 5328; x_wconf 91' lang='lat' dir='ltr'>munera</span> <span class='ocrx_word' id='word_1_487' title='bbox 1084 5288 1212 5344; x_wconf 89' lang='lat' dir='ltr'>qua</span> <span class='ocrx_word' id='word_1_488' title='bbox 1238 5271 1341 5327; x_wconf 89' lang='lat' dir='ltr'>tibi</span> <span class='ocrx_word' id='word_1_489' title='bbox 1375 5271 1668 5327; x_wconf 79' lang='lat' dir='ltr'>oﬂ&#39;erimus</span> <span class='ocrx_word' id='word_1_490' title='bbox 1688 5287 1791 5343; x_wconf 92' lang='lat' dir='ltr'>pro</span> 
     </span>
    </p>
   </div>
   <div class='ocr_carea' id='block_1_71' title="bbox 182 5357 1794 5440">
    <p class='ocr_par' dir='ltr' id='par_1_71' title="bbox 182 5357 1794 5440">
     <span class='ocr_line' id='line_1_71' title="bbox 182 5357 1794 5440; baseline 0.003 -26"><span class='ocrx_word' id='word_1_491' title='bbox 182 5357 374 5419; x_wconf 79' lang='lat' dir='ltr'>famulo</span> <span class='ocrx_word' id='word_1_492' title='bbox 404 5367 500 5421; x_wconf 91' lang='lat' dir='ltr'>tuo</span> <span class='ocrx_word' id='word_1_493' title='bbox 538 5364 721 5440; x_wconf 87' lang='lat'><strong>311</strong></span> <span class='ocrx_word' id='word_1_494' title='bbox 769 5366 886 5434; x_wconf 88' lang='lat' dir='ltr'>illo,</span> <span class='ocrx_word' id='word_1_495' title='bbox 920 5370 979 5421; x_wconf 90' lang='lat' dir='ltr'>et</span> <span class='ocrx_word' id='word_1_496' title='bbox 1026 5366 1308 5439; x_wconf 88' lang='lat' dir='ltr'>pr0pitius</span> <span class='ocrx_word' id='word_1_497' title='bbox 1350 5366 1410 5422; x_wconf 91' lang='lat' dir='ltr'>in</span> <span class='ocrx_word' id='word_1_498' title='bbox 1456 5366 1665 5421; x_wconf 90' lang='lat' dir='ltr'>eodem</span> <span class='ocrx_word' id='word_1_499' title='bbox 1695 5368 1794 5419; x_wconf 89' lang='lat' dir='ltr'>tua</span> 
     </span>
    </p>
   </div>
   <div class='ocr_carea' id='block_1_72' title="bbox 183 5453 576 5515">
    <p class='ocr_par' dir='ltr' id='par_1_72' title="bbox 183 5453 576 5515">
     <span class='ocr_line' id='line_1_72' title="bbox 183 5453 576 5515; baseline 0.018 -7"><span class='ocrx_word' id='word_1_500' title='bbox 183 5453 316 5513; x_wconf 90' lang='lat' dir='ltr'>dona</span> <span class='ocrx_word' id='word_1_501' title='bbox 340 5459 576 5515; x_wconf 89' lang='lat' dir='ltr'>custodi.</span> 
     </span>
    </p>
   </div>
   <div class='ocr_carea' id='block_1_73' title="bbox 240 5550 1795 5625">
    <p class='ocr_par' dir='ltr' id='par_1_73' title="bbox 240 5550 1795 5625">
     <span class='ocr_line' id='line_1_73' title="bbox 240 5550 1795 5625; baseline 0 -19"><span class='ocrx_word' id='word_1_502' title='bbox 240 5550 382 5607; x_wconf 83' lang='lat' dir='ltr'>Hanc</span> <span class='ocrx_word' id='word_1_503' title='bbox 409 5552 582 5625; x_wconf 87' lang='lat' dir='ltr'>igitur</span> <span class='ocrx_word' id='word_1_504' title='bbox 611 5552 991 5621; x_wconf 89' lang='lat' dir='ltr'>oblationem,</span> <span class='ocrx_word' id='word_1_505' title='bbox 1026 5570 1203 5625; x_wconf 90' lang='lat' dir='ltr'>quam</span> <span class='ocrx_word' id='word_1_506' title='bbox 1238 5553 1338 5609; x_wconf 91' lang='lat' dir='ltr'>tibi</span> <span class='ocrx_word' id='word_1_507' title='bbox 1369 5552 1664 5608; x_wconf 82' lang='lat' dir='ltr'>oﬂ&#39;erimus</span> <span class='ocrx_word' id='word_1_508' title='bbox 1690 5569 1795 5623; x_wconf 87' lang='lat' dir='ltr'>pro</span> 
     </span>
    </p>
   </div>
   <div class='ocr_carea' id='block_1_74' title="bbox 184 5641 1799 5720">
    <p class='ocr_par' dir='ltr' id='par_1_74' title="bbox 184 5641 1799 5720">
     <span class='ocr_line' id='line_1_74' title="bbox 184 5641 1799 5720; baseline 0.004 -25"><span class='ocrx_word' id='word_1_509' title='bbox 184 5641 268 5699; x_wconf 91' lang='lat' dir='ltr'>illo</span> <span class='ocrx_word' id='word_1_510' title='bbox 292 5645 498 5703; x_wconf 86' lang='lat' dir='ltr'>famulo</span> <span class='ocrx_word' id='word_1_511' title='bbox 520 5650 639 5715; x_wconf 89' lang='lat' dir='ltr'>tuo,</span> <span class='ocrx_word' id='word_1_512' title='bbox 670 5664 844 5719; x_wconf 90' lang='lat' dir='ltr'>quem</span> <span class='ocrx_word' id='word_1_513' title='bbox 872 5649 946 5703; x_wconf 91' lang='lat' dir='ltr'>ad</span> <span class='ocrx_word' id='word_1_514' title='bbox 971 5648 1365 5720; x_wconf 86' lang='lat' dir='ltr'>pontiﬁcalem</span> <span class='ocrx_word' id='word_1_515' title='bbox 1396 5646 1643 5719; x_wconf 85' lang='lat' dir='ltr'>gloriam</span> <span class='ocrx_word' id='word_1_516' title='bbox 1671 5662 1799 5718; x_wconf 84' lang='lat' dir='ltr'>pro-</span> 
     </span>
    </p>
   </div>
   <div class='ocr_carea' id='block_1_75' title="bbox 245 5770 1794 5846">
    <p class='ocr_par' dir='ltr' id='par_1_75' title="bbox 245 5770 1794 5846">
     <span class='ocr_line' id='line_1_75' title="bbox 245 5770 1794 5846; baseline -0.001 -21"><span class='ocrx_word' id='word_1_517' title='bbox 245 5780 266 5809; x_wconf 77' lang='grc' dir='ltr'>ι</span> <span class='ocrx_word' id='word_1_518' title='bbox 290 5770 409 5827; x_wconf 83' lang='lat' dir='ltr'>Hac</span> <span class='ocrx_word' id='word_1_519' title='bbox 438 5776 495 5828; x_wconf 90' lang='lat' dir='ltr'>et</span> <span class='ocrx_word' id='word_1_520' title='bbox 530 5772 832 5846; x_wconf 89' lang='lat' dir='ltr'>sequentia</span> <span class='ocrx_word' id='word_1_521' title='bbox 853 5773 1028 5829; x_wconf 91' lang='lat' dir='ltr'>verba</span> <span class='ocrx_word' id='word_1_522' title='bbox 1057 5773 1417 5846; x_wconf 86' lang='lat' dir='ltr'>legunturin</span> <span class='ocrx_word' id='word_1_523' title='bbox 1440 5772 1654 5828; x_wconf 90' lang='lat' dir='ltr'>Ordine</span> <span class='ocrx_word' id='word_1_524' title='bbox 1684 5771 1794 5824; x_wconf 53' lang='lat' dir='ltr'>Ro.</span> 
     </span>
    </p>
   </div>
   <div class='ocr_carea' id='block_1_76' title="bbox 191 5845 1669 5928">
    <p class='ocr_par' dir='ltr' id='par_1_76' title="bbox 191 5845 1669 5928">
     <span class='ocr_line' id='line_1_76' title="bbox 191 5845 1669 5928; baseline -0.001 -29"><span class='ocrx_word' id='word_1_525' title='bbox 191 5853 374 5928; x_wconf 43' lang='lat' dir='ltr'>modo,</span> <span class='ocrx_word' id='word_1_526' title='bbox 391 5845 693 5928; x_wconf 68' lang='lat' dir='ltr'>postquam</span> <span class='ocrx_word' id='word_1_527' title='bbox 719 5849 957 5928; x_wconf 70' lang='lat' dir='ltr'>unctum</span> <span class='ocrx_word' id='word_1_528' title='bbox 988 5849 1075 5900; x_wconf 91' lang='lat' dir='ltr'>est</span> <span class='ocrx_word' id='word_1_529' title='bbox 1100 5845 1352 5918; x_wconf 90' lang='lat' dir='ltr'>episcopi</span> <span class='ocrx_word' id='word_1_530' title='bbox 1372 5847 1565 5928; x_wconf 75' lang='lat' dir='ltr'>caput.</span> <span class='ocrx_word' id='word_1_531' title='bbox 1658 5913 1669 5924; x_wconf 34' lang='grc' dir='ltr'><strong>θ</strong></span> 
     </span>
    </p>
   </div>
   <div class='ocr_carea' id='block_1_77' title="bbox 249 5911 1799 5986">
    <p class='ocr_par' dir='ltr' id='par_1_77' title="bbox 249 5911 1799 5986">
     <span class='ocr_line' id='line_1_77' title="bbox 249 5911 1799 5986; baseline 0 -18"><span class='ocrx_word' id='word_1_532' title='bbox 249 5911 275 5953; x_wconf 72' lang='grc' dir='ltr'>δ</span> <span class='ocrx_word' id='word_1_533' title='bbox 296 5911 436 5970; x_wconf 79' lang='lat' dir='ltr'>Nihil</span> <span class='ocrx_word' id='word_1_534' title='bbox 456 5911 554 5972; x_wconf 53' lang='lat' dir='ltr'>hic—</span> <span class='ocrx_word' id='word_1_535' title='bbox 561 5915 632 5971; x_wconf 92' lang='lat' dir='ltr'>de</span> <span class='ocrx_word' id='word_1_536' title='bbox 650 5915 1054 5974; x_wconf 83' lang='lat' dir='ltr'>benedictione</span> <span class='ocrx_word' id='word_1_537' title='bbox 1082 5911 1559 5974; x_wconf 73' lang='lat' dir='ltr'>ornamentorum</span> <span class='ocrx_word' id='word_1_538' title='bbox 1580 5913 1799 5986; x_wconf 83' lang='lat' dir='ltr'>episco-</span> 
     </span>
    </p>
   </div>
   <div class='ocr_carea' id='block_1_78' title="bbox 1869 1906 3508 1976">
    <p class='ocr_par' dir='ltr' id='par_1_78' title="bbox 1869 1906 3508 1976">
     <span class='ocr_line' id='line_1_78' title="bbox 1869 1906 3508 1976; baseline -0.001 -13"><span class='ocrx_word' id='word_1_539' title='bbox 1869 1910 1980 1964; x_wconf 90' lang='lat' dir='ltr'>nia</span> <span class='ocrx_word' id='word_1_540' title='bbox 2019 1912 2318 1965; x_wconf 89' lang='lat' dir='ltr'>cumulent</span> <span class='ocrx_word' id='word_1_541' title='bbox 2362 1908 2591 1976; x_wconf 88' lang='lat' dir='ltr'>merita,</span> <span class='ocrx_word' id='word_1_542' title='bbox 2642 1912 2701 1963; x_wconf 91' lang='lat' dir='ltr'>et</span> <span class='ocrx_word' id='word_1_543' title='bbox 2745 1908 3147 1963; x_wconf 87' lang='lat' dir='ltr'>centenarium</span> <span class='ocrx_word' id='word_1_544' title='bbox 3196 1924 3408 1963; x_wconf 90' lang='lat' dir='ltr'>munus</span> <span class='ocrx_word' id='word_1_545' title='bbox 3437 1906 3508 1962; x_wconf 85' lang='lat' dir='ltr'>de</span> 
     </span>
    </p>
   </div>
   <div class='ocr_carea' id='block_1_79' title="bbox 1869 2003 3044 2075">
    <p class='ocr_par' dir='ltr' id='par_1_79' title="bbox 1869 2003 3044 2075">
     <span class='ocr_line' id='line_1_79' title="bbox 1869 2003 3044 2075; baseline 0.001 -17"><span class='ocrx_word' id='word_1_546' title='bbox 1869 2004 2122 2075; x_wconf 89' lang='lat' dir='ltr'>perfecto</span> <span class='ocrx_word' id='word_1_547' title='bbox 2154 2020 2342 2074; x_wconf 90' lang='lat' dir='ltr'>agone</span> <span class='ocrx_word' id='word_1_548' title='bbox 2368 2003 2716 2075; x_wconf 89' lang='lat' dir='ltr'>virginitatis</span> <span class='ocrx_word' id='word_1_549' title='bbox 2743 2003 3044 2075; x_wconf 89' lang='lat' dir='ltr'>accipiant.</span> 
     </span>
    </p>
   </div>
   <div class='ocr_carea' id='block_1_80' title="bbox 2367 2091 3010 2151">
    <p class='ocr_par' dir='ltr' id='par_1_80' title="bbox 2367 2091 3010 2151">
     <span class='ocr_line' id='line_1_80' title="bbox 2367 2091 3010 2151; baseline -0.009 -8"><span class='ocrx_word' id='word_1_550' title='bbox 2367 2092 2704 2143; x_wconf 90' lang='lat' dir='ltr'>Consecratio</span> <span class='ocrx_word' id='word_1_551' title='bbox 2734 2091 3010 2151; x_wconf 73' lang='lat' dir='ltr'>virginum.</span> 
     </span>
    </p>
   </div>
   <div class='ocr_carea' id='block_1_81' title="bbox 1938 2160 3512 2233">
    <p class='ocr_par' dir='ltr' id='par_1_81' title="bbox 1938 2160 3512 2233">
     <span class='ocr_line' id='line_1_81' title="bbox 1938 2160 3512 2233; baseline -0.003 -14"><span class='ocrx_word' id='word_1_552' title='bbox 1938 2166 2170 2220; x_wconf 86' lang='lat' dir='ltr'>Castum</span> <span class='ocrx_word' id='word_1_553' title='bbox 2201 2163 2317 2218; x_wconf 91' lang='lat' dir='ltr'>veri</span> <span class='ocrx_word' id='word_1_554' title='bbox 2345 2164 2445 2218; x_wconf 91' lang='lat' dir='ltr'>Dei</span> <span class='ocrx_word' id='word_1_555' title='bbox 2475 2164 2689 2218; x_wconf 90' lang='lat' dir='ltr'>cultum</span> <span class='ocrx_word' id='word_1_556' title='bbox 2730 2162 3064 2233; x_wconf 90' lang='lat' dir='ltr'>incorrupta</span> <span class='ocrx_word' id='word_1_557' title='bbox 3106 2160 3388 2233; x_wconf 91' lang='lat' dir='ltr'>religione</span> <span class='ocrx_word' id='word_1_558' title='bbox 3420 2177 3512 2215; x_wconf 86' lang='lat' dir='ltr'>re-</span> 
     </span>
    </p>
   </div>
   <div class='ocr_carea' id='block_1_82' title="bbox 1869 2253 3515 2326">
    <p class='ocr_par' dir='ltr' id='par_1_82' title="bbox 1869 2253 3515 2326">
     <span class='ocr_line' id='line_1_82' title="bbox 1869 2253 3515 2326; baseline -0.002 -14"><span class='ocrx_word' id='word_1_559' title='bbox 1869 2257 2137 2325; x_wconf 87' lang='lat' dir='ltr'>tinentes,</span> <span class='ocrx_word' id='word_1_560' title='bbox 2184 2257 2528 2312; x_wconf 88' lang='lat' dir='ltr'>inviolabilis</span> <span class='ocrx_word' id='word_1_561' title='bbox 2569 2259 2789 2311; x_wconf 87' lang='lat' dir='ltr'>natura</span> <span class='ocrx_word' id='word_1_562' title='bbox 2826 2254 3139 2311; x_wconf 89' lang='lat' dir='ltr'>Dominum</span> <span class='ocrx_word' id='word_1_563' title='bbox 3182 2253 3515 2326; x_wconf 89' lang='lat' dir='ltr'>suppliciter</span> 
     </span>
    </p>
   </div>
   <div class='ocr_carea' id='block_1_83' title="bbox 1870 2348 3511 2420">
    <p class='ocr_par' dir='ltr' id='par_1_83' title="bbox 1870 2348 3511 2420">
     <span class='ocr_line' id='line_1_83' title="bbox 1870 2348 3511 2420; baseline -0.002 -14"><span class='ocrx_word' id='word_1_564' title='bbox 1870 2368 2121 2419; x_wconf 91' lang='lat' dir='ltr'>oremus,</span> <span class='ocrx_word' id='word_1_565' title='bbox 2173 2354 2235 2405; x_wconf 91' lang='lat' dir='ltr'>ut</span> <span class='ocrx_word' id='word_1_566' title='bbox 2270 2352 2421 2405; x_wconf 91' lang='lat' dir='ltr'>hanc</span> <span class='ocrx_word' id='word_1_567' title='bbox 2460 2351 2742 2405; x_wconf 90' lang='lat' dir='ltr'>famulam</span> <span class='ocrx_word' id='word_1_568' title='bbox 2793 2366 2956 2404; x_wconf 93' lang='lat' dir='ltr'>suam</span> <span class='ocrx_word' id='word_1_569' title='bbox 2998 2348 3351 2416; x_wconf 89' lang='lat' dir='ltr'>corroboret,</span> <span class='ocrx_word' id='word_1_570' title='bbox 3384 2364 3511 2420; x_wconf 85' lang='lat' dir='ltr'>qua</span> 
     </span>
    </p>
   </div>
   <div class='ocr_carea' id='block_1_84' title="bbox 1872 2440 3517 2515">
    <p class='ocr_par' dir='ltr' id='par_1_84' title="bbox 1872 2440 3517 2515">
     <span class='ocr_line' id='line_1_84' title="bbox 1872 2440 3517 2515; baseline -0.002 -16"><span class='ocrx_word' id='word_1_571' title='bbox 1872 2449 2130 2499; x_wconf 90' lang='lat' dir='ltr'>sanctam</span> <span class='ocrx_word' id='word_1_572' title='bbox 2172 2447 2229 2499; x_wconf 89' lang='lat' dir='ltr'>et</span> <span class='ocrx_word' id='word_1_573' title='bbox 2257 2444 2574 2499; x_wconf 85' lang='lat' dir='ltr'>maximam</span> <span class='ocrx_word' id='word_1_574' title='bbox 2617 2443 3035 2515; x_wconf 89' lang='lat' dir='ltr'>acceptabilem</span> <span class='ocrx_word' id='word_1_575' title='bbox 3065 2443 3183 2497; x_wconf 90' lang='lat' dir='ltr'>Deo</span> <span class='ocrx_word' id='word_1_576' title='bbox 3222 2440 3517 2512; x_wconf 85' lang='lat' dir='ltr'>virginita-</span> 
     </span>
    </p>
   </div>
   <div class='ocr_carea' id='block_1_85' title="bbox 1870 2535 3511 2610">
    <p class='ocr_par' dir='ltr' id='par_1_85' title="bbox 1870 2535 3511 2610">
     <span class='ocr_line' id='line_1_85' title="bbox 1870 2535 3511 2610; baseline -0.002 -17"><span class='ocrx_word' id='word_1_577' title='bbox 1870 2542 2011 2605; x_wconf 90' lang='lat' dir='ltr'>tem,</span> <span class='ocrx_word' id='word_1_578' title='bbox 2061 2538 2381 2610; x_wconf 87' lang='lat' dir='ltr'>adsumptis</span> <span class='ocrx_word' id='word_1_579' title='bbox 2430 2536 2773 2609; x_wconf 89' lang='lat' dir='ltr'>spiritalium</span> <span class='ocrx_word' id='word_1_580' title='bbox 2820 2536 3238 2608; x_wconf 89' lang='lat' dir='ltr'>cogitationum</span> <span class='ocrx_word' id='word_1_581' title='bbox 3278 2535 3511 2603; x_wconf 83' lang='lat' dir='ltr'>viribus,</span> 
     </span>
    </p>
   </div>
   <div class='ocr_carea' id='block_1_86' title="bbox 1872 2629 3513 2704">
    <p class='ocr_par' dir='ltr' id='par_1_86' title="bbox 1872 2629 3513 2704">
     <span class='ocr_line' id='line_1_86' title="bbox 1872 2629 3513 2704; baseline -0.002 -19"><span class='ocrx_word' id='word_1_582' title='bbox 1872 2632 2174 2699; x_wconf 89' lang='lat' dir='ltr'>dedicavit,</span> <span class='ocrx_word' id='word_1_583' title='bbox 2198 2632 2347 2686; x_wconf 92' lang='lat' dir='ltr'>bene</span> <span class='ocrx_word' id='word_1_584' title='bbox 2378 2636 2656 2704; x_wconf 90' lang='lat' dir='ltr'>concepto</span> <span class='ocrx_word' id='word_1_585' title='bbox 2690 2631 2902 2686; x_wconf 90' lang='lat' dir='ltr'>mentis</span> <span class='ocrx_word' id='word_1_586' title='bbox 2922 2629 3216 2702; x_wconf 89' lang='lat' dir='ltr'>pr0posito</span> <span class='ocrx_word' id='word_1_587' title='bbox 3248 2645 3513 2700; x_wconf 85' lang='lat' dir='ltr'>perseve-</span> 
     </span>
    </p>
   </div>
   <div class='ocr_carea' id='block_1_87' title="bbox 1871 2722 3510 2797">
    <p class='ocr_par' dir='ltr' id='par_1_87' title="bbox 1871 2722 3510 2797">
     <span class='ocr_line' id='line_1_87' title="bbox 1871 2722 3510 2797; baseline -0.002 -18"><span class='ocrx_word' id='word_1_588' title='bbox 1871 2729 1993 2791; x_wconf 86' lang='lat' dir='ltr'>ret;</span> <span class='ocrx_word' id='word_1_589' title='bbox 2031 2729 2094 2779; x_wconf 90' lang='lat' dir='ltr'>ut</span> <span class='ocrx_word' id='word_1_590' title='bbox 2121 2725 2441 2796; x_wconf 86' lang='lat' dir='ltr'>virginitas,</span> <span class='ocrx_word' id='word_1_591' title='bbox 2475 2743 2604 2797; x_wconf 88' lang='lat' dir='ltr'>qua</span> <span class='ocrx_word' id='word_1_592' title='bbox 2640 2725 2905 2779; x_wconf 87' lang='lat' dir='ltr'>Ecclesia</span> <span class='ocrx_word' id='word_1_593' title='bbox 2933 2726 3321 2795; x_wconf 89' lang='lat' dir='ltr'>comparatur,</span> <span class='ocrx_word' id='word_1_594' title='bbox 3351 2726 3409 2777; x_wconf 88' lang='lat' dir='ltr'>et</span> <span class='ocrx_word' id='word_1_595' title='bbox 3437 2722 3510 2776; x_wconf 90' lang='lat' dir='ltr'>si-</span> 
     </span>
    </p>
   </div>
   <div class='ocr_carea' id='block_1_88' title="bbox 1872 2815 3514 2887">
    <p class='ocr_par' dir='ltr' id='par_1_88' title="bbox 1872 2815 3514 2887">
     <span class='ocr_line' id='line_1_88' title="bbox 1872 2815 3514 2887; baseline -0.001 -16"><span class='ocrx_word' id='word_1_596' title='bbox 1872 2816 2185 2872; x_wconf 89' lang='lat' dir='ltr'>militudini</span> <span class='ocrx_word' id='word_1_597' title='bbox 2216 2818 2422 2872; x_wconf 89' lang='lat' dir='ltr'>divina</span> <span class='ocrx_word' id='word_1_598' title='bbox 2459 2818 2877 2872; x_wconf 87' lang='lat' dir='ltr'>immolationis</span> <span class='ocrx_word' id='word_1_599' title='bbox 2914 2816 3189 2884; x_wconf 90' lang='lat' dir='ltr'>induitur,</span> <span class='ocrx_word' id='word_1_600' title='bbox 3246 2815 3514 2887; x_wconf 90' lang='lat' dir='ltr'>perenni-</span> 
     </span>
    </p>
   </div>
   <div class='ocr_carea' id='block_1_89' title="bbox 1872 2911 3223 2983">
    <p class='ocr_par' dir='ltr' id='par_1_89' title="bbox 1872 2911 3223 2983">
     <span class='ocr_line' id='line_1_89' title="bbox 1872 2911 3223 2983; baseline -0.001 -17"><span class='ocrx_word' id='word_1_601' title='bbox 1872 2912 2004 2966; x_wconf 89' lang='lat' dir='ltr'>tatis</span> <span class='ocrx_word' id='word_1_602' title='bbox 2029 2912 2278 2982; x_wconf 91' lang='lat' dir='ltr'>gratiam</span> <span class='ocrx_word' id='word_1_603' title='bbox 2308 2915 2713 2983; x_wconf 80' lang='lat' dir='ltr'>consequatur.</span> <span class='ocrx_word' id='word_1_604' title='bbox 2746 2913 2857 2965; x_wconf 91' lang='lat' dir='ltr'>Per</span> <span class='ocrx_word' id='word_1_605' title='bbox 2887 2911 3223 2965; x_wconf 90' lang='lat' dir='ltr'>Dominum.</span> 
     </span>
    </p>
   </div>
   <div class='ocr_carea' id='block_1_90' title="bbox 1944 3002 3516 3076">
    <p class='ocr_par' dir='ltr' id='par_1_90' title="bbox 1944 3002 3516 3076">
     <span class='ocr_line' id='line_1_90' title="bbox 1944 3002 3516 3076; baseline -0.002 -16"><span class='ocrx_word' id='word_1_606' title='bbox 1944 3007 2094 3060; x_wconf 89' lang='lat' dir='ltr'>Deus</span> <span class='ocrx_word' id='word_1_607' title='bbox 2111 3018 2134 3046; x_wconf 75' lang='grc' dir='ltr'><strong><em>ε</em></strong></span> <span class='ocrx_word' id='word_1_608' title='bbox 2178 3008 2467 3060; x_wconf 90' lang='lat' dir='ltr'>castorum</span> <span class='ocrx_word' id='word_1_609' title='bbox 2481 3021 2793 3076; x_wconf 90' lang='lat' dir='ltr'>corporum</span> <span class='ocrx_word' id='word_1_610' title='bbox 2810 3003 3098 3075; x_wconf 91' lang='lat' dir='ltr'>benignus</span> <span class='ocrx_word' id='word_1_611' title='bbox 3113 3002 3422 3071; x_wconf 89' lang='lat' dir='ltr'>habitator,</span> <span class='ocrx_word' id='word_1_612' title='bbox 3458 3006 3516 3057; x_wconf 90' lang='lat' dir='ltr'>et</span> 
     </span>
    </p>
   </div>
   <div class='ocr_carea' id='block_1_91' title="bbox 1874 3095 3513 3171">
    <p class='ocr_par' dir='ltr' id='par_1_91' title="bbox 1874 3095 3513 3171">
     <span class='ocr_line' id='line_1_91' title="bbox 1874 3095 3513 3171; baseline -0.003 -17"><span class='ocrx_word' id='word_1_613' title='bbox 1874 3098 2337 3171; x_wconf 88' lang='lat' dir='ltr'>incorruptarum</span> <span class='ocrx_word' id='word_1_614' title='bbox 2384 3100 2533 3153; x_wconf 90' lang='lat' dir='ltr'>Deus</span> <span class='ocrx_word' id='word_1_615' title='bbox 2578 3101 2805 3153; x_wconf 91' lang='lat' dir='ltr'>amator</span> <span class='ocrx_word' id='word_1_616' title='bbox 2849 3097 3199 3163; x_wconf 90' lang='lat' dir='ltr'>animarum,</span> <span class='ocrx_word' id='word_1_617' title='bbox 3226 3097 3377 3151; x_wconf 91' lang='lat' dir='ltr'>Deus</span> <span class='ocrx_word' id='word_1_618' title='bbox 3416 3095 3513 3166; x_wconf 90' lang='lat' dir='ltr'>qui</span> 
     </span>
    </p>
   </div>
   <div class='ocr_carea' id='block_1_92' title="bbox 1794 3188 3510 3266">
    <p class='ocr_par' dir='ltr' id='par_1_92' title="bbox 1794 3188 3510 3266">
     <span class='ocr_line' id='line_1_92' title="bbox 1794 3188 3510 3266; baseline -0.002 -19"><span class='ocrx_word' id='word_1_619' title='bbox 1794 3192 1849 3266; x_wconf 83' lang='lat' dir='ltr'><strong><em>C</em></strong></span> <span class='ocrx_word' id='word_1_620' title='bbox 1874 3193 2193 3247; x_wconf 91' lang='lat' dir='ltr'>humanam</span> <span class='ocrx_word' id='word_1_621' title='bbox 2216 3193 2595 3248; x_wconf 90' lang='lat' dir='ltr'>substantiam</span> <span class='ocrx_word' id='word_1_622' title='bbox 2617 3192 2677 3247; x_wconf 91' lang='lat' dir='ltr'>in</span> <span class='ocrx_word' id='word_1_623' title='bbox 2703 3191 2902 3264; x_wconf 89' lang='lat' dir='ltr'>primis</span> <span class='ocrx_word' id='word_1_624' title='bbox 2918 3190 3250 3246; x_wconf 89' lang='lat' dir='ltr'>hominibus</span> <span class='ocrx_word' id='word_1_625' title='bbox 3271 3188 3510 3244; x_wconf 88' lang='lat' dir='ltr'>diaboli-</span> 
     </span>
    </p>
   </div>
   <div class='ocr_carea' id='block_1_93' title="bbox 1875 3282 3517 3356">
    <p class='ocr_par' dir='ltr' id='par_1_93' title="bbox 1875 3282 3517 3356">
     <span class='ocr_line' id='line_1_93' title="bbox 1875 3282 3517 3356; baseline -0.002 -15"><span class='ocrx_word' id='word_1_626' title='bbox 1875 3304 1940 3341; x_wconf 91' lang='lat' dir='ltr'>ca</span> <span class='ocrx_word' id='word_1_627' title='bbox 1961 3287 2162 3342; x_wconf 90' lang='lat' dir='ltr'>fraudc</span> <span class='ocrx_word' id='word_1_628' title='bbox 2185 3286 2464 3353; x_wconf 90' lang='lat' dir='ltr'>vitiatam,</span> <span class='ocrx_word' id='word_1_629' title='bbox 2488 3287 2569 3341; x_wconf 91' lang='lat' dir='ltr'>ita</span> <span class='ocrx_word' id='word_1_630' title='bbox 2591 3287 2651 3340; x_wconf 91' lang='lat' dir='ltr'>in</span> <span class='ocrx_word' id='word_1_631' title='bbox 2673 3287 2858 3342; x_wconf 91' lang='lat' dir='ltr'>Verbo</span> <span class='ocrx_word' id='word_1_632' title='bbox 2872 3288 2991 3353; x_wconf 92' lang='lat' dir='ltr'>tuo,</span> <span class='ocrx_word' id='word_1_633' title='bbox 3018 3302 3122 3356; x_wconf 90' lang='lat' dir='ltr'>per</span> <span class='ocrx_word' id='word_1_634' title='bbox 3144 3283 3300 3356; x_wconf 91' lang='lat' dir='ltr'>quod</span> <span class='ocrx_word' id='word_1_635' title='bbox 3317 3282 3517 3338; x_wconf 91' lang='lat' dir='ltr'>omnia</span> 
     </span>
    </p>
   </div>
   <div class='ocr_carea' id='block_1_94' title="bbox 1874 3377 3517 3452">
    <p class='ocr_par' dir='ltr' id='par_1_94' title="bbox 1874 3377 3517 3452">
     <span class='ocr_line' id='line_1_94' title="bbox 1874 3377 3517 3452; baseline -0.002 -17"><span class='ocrx_word' id='word_1_636' title='bbox 1874 3381 2028 3436; x_wconf 88' lang='lat' dir='ltr'>facta</span> <span class='ocrx_word' id='word_1_637' title='bbox 2053 3383 2205 3445; x_wconf 91' lang='lat' dir='ltr'>sunt,</span> <span class='ocrx_word' id='word_1_638' title='bbox 2240 3397 2496 3452; x_wconf 89' lang='lat' dir='ltr'>reparas,</span> <span class='ocrx_word' id='word_1_639' title='bbox 2540 3383 2603 3433; x_wconf 93' lang='lat' dir='ltr'>ut</span> <span class='ocrx_word' id='word_1_640' title='bbox 2644 3396 2775 3434; x_wconf 90' lang='lat' dir='ltr'>eam</span> <span class='ocrx_word' id='word_1_641' title='bbox 2822 3395 2938 3433; x_wconf 91' lang='lat' dir='ltr'>non</span> <span class='ocrx_word' id='word_1_642' title='bbox 2981 3379 3169 3434; x_wconf 93' lang='lat' dir='ltr'>solum</span> <span class='ocrx_word' id='word_1_643' title='bbox 3211 3377 3285 3432; x_wconf 93' lang='lat' dir='ltr'>ad</span> <span class='ocrx_word' id='word_1_644' title='bbox 3314 3377 3517 3449; x_wconf 81' lang='lat' dir='ltr'>prima</span> 
     </span>
    </p>
   </div>
   <div class='ocr_carea' id='block_1_95' title="bbox 1876 3470 3518 3546">
    <p class='ocr_par' dir='ltr' id='par_1_95' title="bbox 1876 3470 3518 3546">
     <span class='ocr_line' id='line_1_95' title="bbox 1876 3470 3518 3546; baseline -0.002 -18"><span class='ocrx_word' id='word_1_645' title='bbox 1876 3474 2115 3546; x_wconf 88' lang='lat' dir='ltr'>originis</span> <span class='ocrx_word' id='word_1_646' title='bbox 2156 3473 2551 3528; x_wconf 90' lang='lat' dir='ltr'>innocentiam</span> <span class='ocrx_word' id='word_1_647' title='bbox 2587 3490 2840 3545; x_wconf 83' lang='lat' dir='ltr'>revoces,</span> <span class='ocrx_word' id='word_1_648' title='bbox 2880 3472 2979 3526; x_wconf 90' lang='lat' dir='ltr'>sed</span> <span class='ocrx_word' id='word_1_649' title='bbox 3026 3473 3203 3527; x_wconf 90' lang='lat' dir='ltr'>etiam</span> <span class='ocrx_word' id='word_1_650' title='bbox 3242 3470 3316 3526; x_wconf 90' lang='lat' dir='ltr'>ad</span> <span class='ocrx_word' id='word_1_651' title='bbox 3354 3487 3518 3543; x_wconf 87' lang='lat' dir='ltr'>expe-</span> 
     </span>
    </p>
   </div>
   <div class='ocr_carea' id='block_1_96' title="bbox 1874 3565 3521 3638">
    <p class='ocr_par' dir='ltr' id='par_1_96' title="bbox 1874 3565 3521 3638">
     <span class='ocr_line' id='line_1_96' title="bbox 1874 3565 3521 3638; baseline -0.002 -14"><span class='ocrx_word' id='word_1_652' title='bbox 1874 3568 2147 3624; x_wconf 90' lang='lat' dir='ltr'>rientiam</span> <span class='ocrx_word' id='word_1_653' title='bbox 2177 3568 2485 3634; x_wconf 90' lang='lat' dir='ltr'>bonorum,</span> <span class='ocrx_word' id='word_1_654' title='bbox 2503 3584 2633 3638; x_wconf 84' lang='lat' dir='ltr'>qua</span> <span class='ocrx_word' id='word_1_655' title='bbox 2664 3567 2721 3621; x_wconf 90' lang='lat' dir='ltr'>in</span> <span class='ocrx_word' id='word_1_656' title='bbox 2747 3584 2895 3622; x_wconf 90' lang='lat' dir='ltr'>novo</span> <span class='ocrx_word' id='word_1_657' title='bbox 2917 3567 3124 3621; x_wconf 83' lang='lat' dir='ltr'>saculo</span> <span class='ocrx_word' id='word_1_658' title='bbox 3146 3569 3280 3621; x_wconf 87' lang='lat' dir='ltr'>sunt</span> <span class='ocrx_word' id='word_1_659' title='bbox 3304 3565 3521 3620; x_wconf 90' lang='lat' dir='ltr'>haben-</span> 
     </span>
    </p>
   </div>
   <div class='ocr_carea' id='block_1_97' title="bbox 1877 3658 3516 3734">
    <p class='ocr_par' dir='ltr' id='par_1_97' title="bbox 1877 3658 3516 3734">
     <span class='ocr_line' id='line_1_97' title="bbox 1877 3658 3516 3734; baseline -0.002 -16"><span class='ocrx_word' id='word_1_660' title='bbox 1877 3663 1969 3730; x_wconf 93' lang='lat' dir='ltr'>da,</span> <span class='ocrx_word' id='word_1_661' title='bbox 2004 3661 2305 3734; x_wconf 89' lang='lat' dir='ltr'>perducas,</span> <span class='ocrx_word' id='word_1_662' title='bbox 2336 3664 2393 3715; x_wconf 90' lang='lat' dir='ltr'>et</span> <span class='ocrx_word' id='word_1_663' title='bbox 2427 3660 2729 3715; x_wconf 89' lang='lat' dir='ltr'>obstrictos</span> <span class='ocrx_word' id='word_1_664' title='bbox 2771 3659 2959 3714; x_wconf 88' lang='lat' dir='ltr'>adhuc</span> <span class='ocrx_word' id='word_1_665' title='bbox 2985 3658 3316 3714; x_wconf 90' lang='lat' dir='ltr'>conditione</span> <span class='ocrx_word' id='word_1_666' title='bbox 3356 3676 3516 3714; x_wconf 87' lang='lat' dir='ltr'>mor-</span> 
     </span>
    </p>
   </div>
   <div class='ocr_carea' id='block_1_98' title="bbox 1877 3752 3515 3827">
    <p class='ocr_par' dir='ltr' id='par_1_98' title="bbox 1877 3752 3515 3827">
     <span class='ocr_line' id='line_1_98' title="bbox 1877 3752 3515 3827; baseline -0.002 -16"><span class='ocrx_word' id='word_1_667' title='bbox 1877 3756 2081 3811; x_wconf 88' lang='lat' dir='ltr'>talium</span> <span class='ocrx_word' id='word_1_668' title='bbox 2095 3756 2223 3827; x_wconf 88' lang='lat' dir='ltr'>jam</span> <span class='ocrx_word' id='word_1_669' title='bbox 2257 3755 2331 3809; x_wconf 91' lang='lat' dir='ltr'>ad</span> <span class='ocrx_word' id='word_1_670' title='bbox 2367 3753 2807 3823; x_wconf 83' lang='lat' dir='ltr'>similitudinem</span> <span class='ocrx_word' id='word_1_671' title='bbox 2838 3752 3120 3823; x_wconf 88' lang='lat' dir='ltr'>provehas</span> <span class='ocrx_word' id='word_1_672' title='bbox 3153 3754 3515 3823; x_wconf 88' lang='lat' dir='ltr'>angelorum,</span> 
     </span>
    </p>
   </div>
   <div class='ocr_carea' id='block_1_99' title="bbox 1878 3846 3517 3921">
    <p class='ocr_par' dir='ltr' id='par_1_99' title="bbox 1878 3846 3517 3921">
     <span class='ocr_line' id='line_1_99' title="bbox 1878 3846 3517 3921; baseline -0.002 -17"><span class='ocrx_word' id='word_1_673' title='bbox 1878 3850 2116 3921; x_wconf 88' lang='lat' dir='ltr'>respice,</span> <span class='ocrx_word' id='word_1_674' title='bbox 2150 3848 2416 3916; x_wconf 90' lang='lat' dir='ltr'>Domine,</span> <span class='ocrx_word' id='word_1_675' title='bbox 2455 3863 2627 3918; x_wconf 90' lang='lat' dir='ltr'>super</span> <span class='ocrx_word' id='word_1_676' title='bbox 2667 3846 2770 3900; x_wconf 90' lang='lat' dir='ltr'>has</span> <span class='ocrx_word' id='word_1_677' title='bbox 2816 3847 3063 3900; x_wconf 89' lang='lat' dir='ltr'>famulas</span> <span class='ocrx_word' id='word_1_678' title='bbox 3094 3849 3242 3913; x_wconf 88' lang='lat' dir='ltr'>tuas,</span> <span class='ocrx_word' id='word_1_679' title='bbox 3280 3862 3428 3917; x_wconf 88' lang='lat' dir='ltr'>qua,</span> <span class='ocrx_word' id='word_1_680' title='bbox 3457 3848 3517 3901; x_wconf 91' lang='lat' dir='ltr'>in</span> 
     </span>
    </p>
   </div>
   <div class='ocr_carea' id='block_1_100' title="bbox 1879 3939 3517 4011">
    <p class='ocr_par' dir='ltr' id='par_1_100' title="bbox 1879 3939 3517 4011">
     <span class='ocr_line' id='line_1_100' title="bbox 1879 3939 3517 4011; baseline -0.002 -13"><span class='ocrx_word' id='word_1_681' title='bbox 1879 3959 2057 3998; x_wconf 91' lang='lat' dir='ltr'>manu</span> <span class='ocrx_word' id='word_1_682' title='bbox 2085 3945 2182 3996; x_wconf 89' lang='lat' dir='ltr'>tua</span> <span class='ocrx_word' id='word_1_683' title='bbox 2205 3940 2578 3996; x_wconf 87' lang='lat' dir='ltr'>continentia</span> <span class='ocrx_word' id='word_1_684' title='bbox 2601 3957 2717 3994; x_wconf 78' lang='lat' dir='ltr'>sua</span> <span class='ocrx_word' id='word_1_685' title='bbox 2750 3939 3110 4011; x_wconf 90' lang='lat' dir='ltr'>propositum</span> <span class='ocrx_word' id='word_1_686' title='bbox 3130 3940 3517 4008; x_wconf 88' lang='lat' dir='ltr'>conlocantes,</span> 
     </span>
    </p>
   </div>
   <div class='ocr_carea' id='block_1_101' title="bbox 1880 4033 3523 4106">
    <p class='ocr_par' dir='ltr' id='par_1_101' title="bbox 1880 4033 3523 4106">
     <span class='ocr_line' id='line_1_101' title="bbox 1880 4033 3523 4106; baseline -0.002 -15"><span class='ocrx_word' id='word_1_687' title='bbox 1880 4037 1980 4091; x_wconf 90' lang='lat' dir='ltr'>tibi</span> <span class='ocrx_word' id='word_1_688' title='bbox 2002 4036 2371 4091; x_wconf 88' lang='lat' dir='ltr'>devotionem</span> <span class='ocrx_word' id='word_1_689' title='bbox 2386 4051 2547 4090; x_wconf 89' lang='lat' dir='ltr'>suam</span> <span class='ocrx_word' id='word_1_690' title='bbox 2568 4033 2838 4100; x_wconf 78' lang='lat' dir='ltr'>oﬂ&#39;erunt,</span> <span class='ocrx_word' id='word_1_691' title='bbox 2858 4050 2891 4087; x_wconf 92' lang='lat' dir='ltr'>a</span> <span class='ocrx_word' id='word_1_692' title='bbox 2912 4050 3026 4104; x_wconf 92' lang='lat' dir='ltr'>quo</span> <span class='ocrx_word' id='word_1_693' title='bbox 3048 4033 3171 4105; x_wconf 88' lang='lat' dir='ltr'>ipsa</span> <span class='ocrx_word' id='word_1_694' title='bbox 3185 4036 3318 4088; x_wconf 87' lang='lat' dir='ltr'>vota</span> <span class='ocrx_word' id='word_1_695' title='bbox 3332 4050 3523 4106; x_wconf 89' lang='lat' dir='ltr'>sump-</span> 
     </span>
    </p>
   </div>
   <div class='ocr_carea' id='block_1_102' title="bbox 1878 4125 3521 4200">
    <p class='ocr_par' dir='ltr' id='par_1_102' title="bbox 1878 4125 3521 4200">
     <span class='ocr_line' id='line_1_102' title="bbox 1878 4125 3521 4200; baseline -0.002 -14"><span class='ocrx_word' id='word_1_696' title='bbox 1878 4134 2096 4186; x_wconf 90' lang='lat' dir='ltr'>serunt.</span> <span class='ocrx_word' id='word_1_697' title='bbox 2123 4129 2426 4195; x_wconf 86' lang='lat' dir='ltr'>Quomodo</span> <span class='ocrx_word' id='word_1_698' title='bbox 2451 4128 2609 4183; x_wconf 90' lang='lat' dir='ltr'>enim</span> <span class='ocrx_word' id='word_1_699' title='bbox 2636 4128 2865 4182; x_wconf 89' lang='lat' dir='ltr'>animus</span> <span class='ocrx_word' id='word_1_700' title='bbox 2886 4125 3003 4200; x_wconf 85' lang='lat'><strong>31</strong></span> <span class='ocrx_word' id='word_1_701' title='bbox 3019 4126 3079 4199; x_wconf 83' lang='lat'><strong>2</strong></span> <span class='ocrx_word' id='word_1_702' title='bbox 3098 4127 3328 4182; x_wconf 88' lang='lat' dir='ltr'>mortali</span> <span class='ocrx_word' id='word_1_703' title='bbox 3349 4144 3521 4183; x_wconf 88' lang='lat' dir='ltr'>carne</span> 
     </span>
    </p>
   </div>
   <div class='ocr_carea' id='block_1_103' title="bbox 1879 4221 3520 4294">
    <p class='ocr_par' dir='ltr' id='par_1_103' title="bbox 1879 4221 3520 4294">
     <span class='ocr_line' id='line_1_103' title="bbox 1879 4221 3520 4294; baseline -0.002 -14"><span class='ocrx_word' id='word_1_704' title='bbox 1879 4224 2293 4290; x_wconf 89' lang='lat' dir='ltr'>circumdatus,</span> <span class='ocrx_word' id='word_1_705' title='bbox 2336 4224 2530 4294; x_wconf 92' lang='lat' dir='ltr'>legem</span> <span class='ocrx_word' id='word_1_706' title='bbox 2566 4226 2823 4291; x_wconf 88' lang='lat' dir='ltr'>natura,</span> <span class='ocrx_word' id='word_1_707' title='bbox 2872 4222 3199 4276; x_wconf 88' lang='lat' dir='ltr'>libertatem</span> <span class='ocrx_word' id='word_1_708' title='bbox 3239 4221 3520 4291; x_wconf 90' lang='lat' dir='ltr'>licentia,</span> 
     </span>
    </p>
   </div>
   <div class='ocr_carea' id='block_1_104' title="bbox 1878 4314 3525 4385">
    <p class='ocr_par' dir='ltr' id='par_1_104' title="bbox 1878 4314 3525 4385">
     <span class='ocr_line' id='line_1_104' title="bbox 1878 4314 3525 4385; baseline -0.001 -12"><span class='ocrx_word' id='word_1_709' title='bbox 1878 4319 1993 4373; x_wconf 89' lang='lat' dir='ltr'>vim</span> <span class='ocrx_word' id='word_1_710' title='bbox 2025 4317 2476 4385; x_wconf 88' lang='lat' dir='ltr'>consuetudinis,</span> <span class='ocrx_word' id='word_1_711' title='bbox 2502 4320 2560 4371; x_wconf 91' lang='lat' dir='ltr'>et</span> <span class='ocrx_word' id='word_1_712' title='bbox 2581 4316 2842 4371; x_wconf 91' lang='lat' dir='ltr'>stimulos</span> <span class='ocrx_word' id='word_1_713' title='bbox 2874 4314 3058 4369; x_wconf 88' lang='lat' dir='ltr'>atatis</span> <span class='ocrx_word' id='word_1_714' title='bbox 3076 4315 3379 4384; x_wconf 88' lang='lat' dir='ltr'>evinceret,</span> <span class='ocrx_word' id='word_1_715' title='bbox 3416 4315 3525 4371; x_wconf 92' lang='lat' dir='ltr'>nisi</span> 
     </span>
    </p>
   </div>
   <div class='ocr_carea' id='block_1_105' title="bbox 1880 4408 3525 4485">
    <p class='ocr_par' dir='ltr' id='par_1_105' title="bbox 1880 4408 3525 4485">
     <span class='ocr_line' id='line_1_105' title="bbox 1880 4408 3525 4485; baseline -0.003 -17"><span class='ocrx_word' id='word_1_716' title='bbox 1880 4416 1942 4468; x_wconf 93' lang='lat' dir='ltr'>tu</span> <span class='ocrx_word' id='word_1_717' title='bbox 1954 4430 2058 4485; x_wconf 91' lang='lat' dir='ltr'>per</span> <span class='ocrx_word' id='word_1_718' title='bbox 2081 4413 2331 4467; x_wconf 89' lang='lat' dir='ltr'>liberum</span> <span class='ocrx_word' id='word_1_719' title='bbox 2364 4410 2668 4466; x_wconf 89' lang='lat' dir='ltr'>arbitrium</span> <span class='ocrx_word' id='word_1_720' title='bbox 2704 4410 2856 4464; x_wconf 91' lang='lat' dir='ltr'>hunc</span> <span class='ocrx_word' id='word_1_721' title='bbox 2890 4424 3150 4463; x_wconf 90' lang='lat' dir='ltr'>amorem</span> <span class='ocrx_word' id='word_1_722' title='bbox 3183 4408 3525 4479; x_wconf 87' lang='lat' dir='ltr'>virginitatis</span> 
     </span>
    </p>
   </div>
   <div class='ocr_carea' id='block_1_106' title="bbox 1883 4501 3525 4573">
    <p class='ocr_par' dir='ltr' id='par_1_106' title="bbox 1883 4501 3525 4573">
     <span class='ocr_line' id='line_1_106' title="bbox 1883 4501 3525 4573; baseline -0.003 -10"><span class='ocrx_word' id='word_1_723' title='bbox 1883 4510 2202 4563; x_wconf 90' lang='lat' dir='ltr'>clementer</span> <span class='ocrx_word' id='word_1_724' title='bbox 2220 4505 2590 4571; x_wconf 88' lang='lat' dir='ltr'>accenderes,</span> <span class='ocrx_word' id='word_1_725' title='bbox 2607 4506 2667 4557; x_wconf 92' lang='lat' dir='ltr'>tu</span> <span class='ocrx_word' id='word_1_726' title='bbox 2694 4503 2843 4557; x_wconf 91' lang='lat' dir='ltr'>hanc</span> <span class='ocrx_word' id='word_1_727' title='bbox 2861 4501 3309 4573; x_wconf 88' lang='lat' dir='ltr'>cupiditatemin</span> <span class='ocrx_word' id='word_1_728' title='bbox 3322 4517 3525 4558; x_wconf 90' lang='lat' dir='ltr'>earum</span> 
     </span>
    </p>
   </div>
   <div class='ocr_carea' id='block_1_107' title="bbox 1885 4593 3527 4671">
    <p class='ocr_par' dir='ltr' id='par_1_107' title="bbox 1885 4593 3527 4671">
     <span class='ocr_line' id='line_1_107' title="bbox 1885 4593 3527 4671; baseline -0.004 -14"><span class='ocrx_word' id='word_1_729' title='bbox 1885 4601 2057 4657; x_wconf 91' lang='lat' dir='ltr'>corde</span> <span class='ocrx_word' id='word_1_730' title='bbox 2074 4600 2363 4671; x_wconf 88' lang='lat' dir='ltr'>benignus</span> <span class='ocrx_word' id='word_1_731' title='bbox 2395 4600 2600 4665; x_wconf 89' lang='lat' dir='ltr'>aleres,</span> <span class='ocrx_word' id='word_1_732' title='bbox 2628 4600 2690 4651; x_wconf 90' lang='lat' dir='ltr'>tu</span> <span class='ocrx_word' id='word_1_733' title='bbox 2710 4594 3111 4651; x_wconf 87' lang='lat' dir='ltr'>fortitudinem</span> <span class='ocrx_word' id='word_1_734' title='bbox 3129 4593 3527 4651; x_wconf 81' lang='lat' dir='ltr'>ministrares?</span> 
     </span>
    </p>
   </div>
   <div class='ocr_carea' id='block_1_108' title="bbox 1886 4688 3528 4765">
    <p class='ocr_par' dir='ltr' id='par_1_108' title="bbox 1886 4688 3528 4765">
     <span class='ocr_line' id='line_1_108' title="bbox 1886 4688 3528 4765; baseline -0.002 -15"><span class='ocrx_word' id='word_1_735' title='bbox 1886 4696 2076 4751; x_wconf 81' lang='lat' dir='ltr'>Effusa</span> <span class='ocrx_word' id='word_1_736' title='bbox 2099 4710 2354 4765; x_wconf 88' lang='lat' dir='ltr'>namque</span> <span class='ocrx_word' id='word_1_737' title='bbox 2379 4693 2437 4746; x_wconf 91' lang='lat' dir='ltr'>in</span> <span class='ocrx_word' id='word_1_738' title='bbox 2462 4707 2665 4747; x_wconf 90' lang='lat' dir='ltr'>omnes</span> <span class='ocrx_word' id='word_1_739' title='bbox 2693 4693 2896 4762; x_wconf 87' lang='lat' dir='ltr'>gentes</span> <span class='ocrx_word' id='word_1_740' title='bbox 2917 4688 3101 4760; x_wconf 81' lang='lat' dir='ltr'>gratia</span> <span class='ocrx_word' id='word_1_741' title='bbox 3129 4691 3248 4757; x_wconf 92' lang='lat' dir='ltr'>tua,</span> <span class='ocrx_word' id='word_1_742' title='bbox 3277 4706 3345 4745; x_wconf 83' lang='lat' dir='ltr'>ex</span> <span class='ocrx_word' id='word_1_743' title='bbox 3365 4688 3528 4746; x_wconf 88' lang='lat' dir='ltr'>omni</span> 
     </span>
    </p>
   </div>
   <div class='ocr_carea' id='block_1_109' title="bbox 1890 4782 3529 4859">
    <p class='ocr_par' dir='ltr' id='par_1_109' title="bbox 1890 4782 3529 4859">
     <span class='ocr_line' id='line_1_109' title="bbox 1890 4782 3529 4859; baseline -0.002 -15"><span class='ocrx_word' id='word_1_744' title='bbox 1890 4790 2123 4844; x_wconf 90' lang='lat' dir='ltr'>natione</span> <span class='ocrx_word' id='word_1_745' title='bbox 2138 4805 2263 4859; x_wconf 89' lang='lat' dir='ltr'>qua</span> <span class='ocrx_word' id='word_1_746' title='bbox 2280 4790 2364 4841; x_wconf 89' lang='lat' dir='ltr'>est</span> <span class='ocrx_word' id='word_1_747' title='bbox 2380 4786 2483 4841; x_wconf 89' lang='lat' dir='ltr'>sub</span> <span class='ocrx_word' id='word_1_748' title='bbox 2497 4784 2724 4853; x_wconf 88' lang='lat' dir='ltr'>calo,in</span> <span class='ocrx_word' id='word_1_749' title='bbox 2738 4784 3031 4839; x_wconf 89' lang='lat' dir='ltr'>stellarum</span> <span class='ocrx_word' id='word_1_750' title='bbox 3042 4782 3529 4840; x_wconf 90' lang='lat' dir='ltr'>innumerabilem</span> 
     </span>
    </p>
   </div>
   <div class='ocr_carea' id='block_1_110' title="bbox 1892 4876 3533 4949">
    <p class='ocr_par' dir='ltr' id='par_1_110' title="bbox 1892 4876 3533 4949">
     <span class='ocr_line' id='line_1_110' title="bbox 1892 4876 3533 4949; baseline -0.002 -12"><span class='ocrx_word' id='word_1_751' title='bbox 1892 4898 2201 4937; x_wconf 89' lang='lat' dir='ltr'>numerum</span> <span class='ocrx_word' id='word_1_752' title='bbox 2223 4880 2353 4935; x_wconf 92' lang='lat' dir='ltr'>novi</span> <span class='ocrx_word' id='word_1_753' title='bbox 2366 4878 2715 4935; x_wconf 88' lang='lat' dir='ltr'>Testamenti</span> <span class='ocrx_word' id='word_1_754' title='bbox 2738 4876 3047 4933; x_wconf 90' lang='lat' dir='ltr'>heredibus</span> <span class='ocrx_word' id='word_1_755' title='bbox 3059 4877 3366 4949; x_wconf 89' lang='lat' dir='ltr'>adoptatis,</span> <span class='ocrx_word' id='word_1_756' title='bbox 3380 4879 3533 4934; x_wconf 89' lang='lat' dir='ltr'>inter</span> 
     </span>
    </p>
   </div>
   <div class='ocr_carea' id='block_1_111' title="bbox 1890 4971 3532 5045">
    <p class='ocr_par' dir='ltr' id='par_1_111' title="bbox 1890 4971 3532 5045">
     <span class='ocr_line' id='line_1_111' title="bbox 1890 4971 3532 5045; baseline -0.003 -12"><span class='ocrx_word' id='word_1_757' title='bbox 1890 4980 2110 5033; x_wconf 90' lang='lat' dir='ltr'>ceteras</span> <span class='ocrx_word' id='word_1_758' title='bbox 2136 4975 2396 5039; x_wconf 89' lang='lat' dir='ltr'>virtutes,</span> <span class='ocrx_word' id='word_1_759' title='bbox 2430 4989 2573 5045; x_wconf 91' lang='lat' dir='ltr'>quas</span> <span class='ocrx_word' id='word_1_760' title='bbox 2606 4972 2735 5027; x_wconf 89' lang='lat' dir='ltr'>ﬁliis</span> <span class='ocrx_word' id='word_1_761' title='bbox 2761 4971 2874 5026; x_wconf 89' lang='lat' dir='ltr'>tuis</span> <span class='ocrx_word' id='word_1_762' title='bbox 2905 4988 3022 5026; x_wconf 91' lang='lat' dir='ltr'>non</span> <span class='ocrx_word' id='word_1_763' title='bbox 3061 4987 3129 5026; x_wconf 83' lang='lat' dir='ltr'>ex</span> <span class='ocrx_word' id='word_1_764' title='bbox 3156 4973 3532 5044; x_wconf 84' lang='lat' dir='ltr'>sanguinibus</span> 
     </span>
    </p>
   </div>
   <div class='ocr_carea' id='block_1_112' title="bbox 1892 5065 3560 5140">
    <p class='ocr_par' dir='ltr' id='par_1_112' title="bbox 1892 5065 3560 5140">
     <span class='ocr_line' id='line_1_112' title="bbox 1892 5065 3560 5140; baseline -0.006 -14"><span class='ocrx_word' id='word_1_765' title='bbox 1892 5087 1998 5127; x_wconf 89' lang='lat' dir='ltr'>nec</span> <span class='ocrx_word' id='word_1_766' title='bbox 2012 5071 2304 5140; x_wconf 89' lang='lat' dir='ltr'>voluptate</span> <span class='ocrx_word' id='word_1_767' title='bbox 2322 5067 2531 5135; x_wconf 91' lang='lat' dir='ltr'>carnis,</span> <span class='ocrx_word' id='word_1_768' title='bbox 2556 5066 2659 5121; x_wconf 91' lang='lat' dir='ltr'>sed</span> <span class='ocrx_word' id='word_1_769' title='bbox 2686 5065 2757 5120; x_wconf 92' lang='lat' dir='ltr'>de</span> <span class='ocrx_word' id='word_1_770' title='bbox 2778 5070 2879 5121; x_wconf 91' lang='lat' dir='ltr'>tuo</span> <span class='ocrx_word' id='word_1_771' title='bbox 2901 5065 3115 5138; x_wconf 89' lang='lat' dir='ltr'>Spiritu</span> <span class='ocrx_word' id='word_1_772' title='bbox 3136 5066 3348 5137; x_wconf 87' lang='lat' dir='ltr'>genitis</span> <span class='ocrx_word' id='word_1_773' title='bbox 3375 5066 3560 5122; x_wconf 84' lang='lat' dir='ltr'>inde—.</span> 
     </span>
    </p>
   </div>
   <div class='ocr_carea' id='block_1_113' title="bbox 1894 5157 3530 5232">
    <p class='ocr_par' dir='ltr' id='par_1_113' title="bbox 1894 5157 3530 5232">
     <span class='ocr_line' id='line_1_113' title="bbox 1894 5157 3530 5232; baseline -0.003 -12"><span class='ocrx_word' id='word_1_774' title='bbox 1894 5165 2045 5232; x_wconf 87' lang='lat' dir='ltr'>disti,</span> <span class='ocrx_word' id='word_1_775' title='bbox 2075 5164 2252 5218; x_wconf 89' lang='lat' dir='ltr'>etiam</span> <span class='ocrx_word' id='word_1_776' title='bbox 2278 5163 2386 5217; x_wconf 92' lang='lat' dir='ltr'>hoc</span> <span class='ocrx_word' id='word_1_777' title='bbox 2432 5160 2652 5216; x_wconf 91' lang='lat' dir='ltr'>donum</span> <span class='ocrx_word' id='word_1_778' title='bbox 2686 5157 2745 5214; x_wconf 90' lang='lat' dir='ltr'>in</span> <span class='ocrx_word' id='word_1_779' title='bbox 2786 5160 3178 5231; x_wconf 90' lang='lat' dir='ltr'>quurumdam</span> <span class='ocrx_word' id='word_1_780' title='bbox 3209 5165 3436 5215; x_wconf 90' lang='lat' dir='ltr'>mentes</span> <span class='ocrx_word' id='word_1_781' title='bbox 3461 5161 3530 5215; x_wconf 90' lang='lat' dir='ltr'>de</span> 
     </span>
    </p>
   </div>
   <div class='ocr_carea' id='block_1_114' title="bbox 1893 5258 3528 5333">
    <p class='ocr_par' dir='ltr' id='par_1_114' title="bbox 1893 5258 3528 5333">
     <span class='ocr_line' id='line_1_114' title="bbox 1893 5258 3528 5333; baseline -0.004 -16"><span class='ocrx_word' id='word_1_782' title='bbox 1893 5262 2176 5333; x_wconf 88' lang='lat' dir='ltr'>largitatis</span> <span class='ocrx_word' id='word_1_783' title='bbox 2204 5264 2317 5315; x_wconf 89' lang='lat' dir='ltr'>tua</span> <span class='ocrx_word' id='word_1_784' title='bbox 2351 5260 2513 5314; x_wconf 86' lang='lat' dir='ltr'>fonte</span> <span class='ocrx_word' id='word_1_785' title='bbox 2554 5258 2808 5326; x_wconf 86' lang='lat' dir='ltr'>deﬂuxit,</span> <span class='ocrx_word' id='word_1_786' title='bbox 2843 5262 2905 5313; x_wconf 89' lang='lat' dir='ltr'>ut</span> <span class='ocrx_word' id='word_1_787' title='bbox 2934 5275 3065 5313; x_wconf 91' lang='lat' dir='ltr'>cum</span> <span class='ocrx_word' id='word_1_788' title='bbox 3095 5258 3380 5313; x_wconf 90' lang='lat' dir='ltr'>honorem</span> <span class='ocrx_word' id='word_1_789' title='bbox 3424 5275 3528 5311; x_wconf 89' lang='lat' dir='ltr'>nu-</span> 
     </span>
    </p>
   </div>
   <div class='ocr_carea' id='block_1_115' title="bbox 1894 5351 3530 5429">
    <p class='ocr_par' dir='ltr' id='par_1_115' title="bbox 1894 5351 3530 5429">
     <span class='ocr_line' id='line_1_115' title="bbox 1894 5351 3530 5429; baseline -0.004 -18"><span class='ocrx_word' id='word_1_790' title='bbox 1894 5355 2145 5429; x_wconf 90' lang='lat' dir='ltr'>ptiarum</span> <span class='ocrx_word' id='word_1_791' title='bbox 2188 5355 2344 5409; x_wconf 90' lang='lat' dir='ltr'>nulla</span> <span class='ocrx_word' id='word_1_792' title='bbox 2384 5351 2692 5406; x_wconf 89' lang='lat' dir='ltr'>interdicta</span> <span class='ocrx_word' id='word_1_793' title='bbox 2731 5351 3094 5419; x_wconf 90' lang='lat' dir='ltr'>minuissent,</span> <span class='ocrx_word' id='word_1_794' title='bbox 3137 5367 3202 5405; x_wconf 90' lang='lat' dir='ltr'>ac</span> <span class='ocrx_word' id='word_1_795' title='bbox 3227 5368 3400 5423; x_wconf 91' lang='lat' dir='ltr'>super</span> <span class='ocrx_word' id='word_1_796' title='bbox 3441 5367 3530 5405; x_wconf 88' lang='lat' dir='ltr'>co-</span> 
     </span>
    </p>
   </div>
   <div class='ocr_carea' id='block_1_116' title="bbox 1895 5444 3529 5522">
    <p class='ocr_par' dir='ltr' id='par_1_116' title="bbox 1895 5444 3529 5522">
     <span class='ocr_line' id='line_1_116' title="bbox 1895 5444 3529 5522; baseline -0.004 -17"><span class='ocrx_word' id='word_1_797' title='bbox 1895 5452 2090 5522; x_wconf 90' lang='lat' dir='ltr'>pulam</span> <span class='ocrx_word' id='word_1_798' title='bbox 2112 5452 2211 5503; x_wconf 89' lang='lat' dir='ltr'>tua</span> <span class='ocrx_word' id='word_1_799' title='bbox 2231 5446 2557 5502; x_wconf 91' lang='lat' dir='ltr'>benedictio</span> <span class='ocrx_word' id='word_1_800' title='bbox 2584 5448 2974 5517; x_wconf 89' lang='lat' dir='ltr'>permaneret,</span> <span class='ocrx_word' id='word_1_801' title='bbox 3004 5444 3316 5500; x_wconf 86' lang='lat' dir='ltr'>existerent</span> <span class='ocrx_word' id='word_1_802' title='bbox 3333 5448 3529 5500; x_wconf 88' lang='lat' dir='ltr'>tamen</span> 
     </span>
    </p>
   </div>
   <div class='ocr_carea' id='block_1_117' title="bbox 1896 5536 3533 5611">
    <p class='ocr_par' dir='ltr' id='par_1_117' title="bbox 1896 5536 3533 5611">
     <span class='ocr_line' id='line_1_117' title="bbox 1896 5536 3533 5611; baseline -0.004 -12"><span class='ocrx_word' id='word_1_803' title='bbox 1896 5536 2262 5599; x_wconf 88' lang='lat' dir='ltr'>sublimiores</span> <span class='ocrx_word' id='word_1_804' title='bbox 2296 5541 2527 5610; x_wconf 86' lang='lat' dir='ltr'>anima,</span> <span class='ocrx_word' id='word_1_805' title='bbox 2572 5556 2701 5611; x_wconf 88' lang='lat' dir='ltr'>qua</span> <span class='ocrx_word' id='word_1_806' title='bbox 2746 5555 2861 5593; x_wconf 92' lang='lat' dir='ltr'>non</span> <span class='ocrx_word' id='word_1_807' title='bbox 2903 5539 3012 5592; x_wconf 92' lang='lat' dir='ltr'>hoc</span> <span class='ocrx_word' id='word_1_808' title='bbox 3062 5539 3533 5611; x_wconf 91' lang='lat' dir='ltr'>concupiscerent</span> 
     </span>
    </p>
   </div>
   <div class='ocr_carea' id='block_1_118' title="bbox 1898 5630 3534 5711">
    <p class='ocr_par' dir='ltr' id='par_1_118' title="bbox 1898 5630 3534 5711">
     <span class='ocr_line' id='line_1_118' title="bbox 1898 5630 3534 5711; baseline -0.006 -16"><span class='ocrx_word' id='word_1_809' title='bbox 1898 5639 2053 5711; x_wconf 92' lang='lat' dir='ltr'>quod</span> <span class='ocrx_word' id='word_1_810' title='bbox 2080 5638 2256 5693; x_wconf 89' lang='lat' dir='ltr'>habet</span> <span class='ocrx_word' id='word_1_811' title='bbox 2299 5636 2546 5691; x_wconf 91' lang='lat' dir='ltr'>mortale</span> <span class='ocrx_word' id='word_1_812' title='bbox 2588 5631 2937 5699; x_wconf 88' lang='lat' dir='ltr'>conubium;</span> <span class='ocrx_word' id='word_1_813' title='bbox 2966 5630 3070 5686; x_wconf 91' lang='lat' dir='ltr'>sed</span> <span class='ocrx_word' id='word_1_814' title='bbox 3102 5632 3212 5688; x_wconf 92' lang='lat' dir='ltr'>hoc</span> <span class='ocrx_word' id='word_1_815' title='bbox 3254 5634 3534 5705; x_wconf 88' lang='lat' dir='ltr'>eligerent</span> 
     </span>
    </p>
   </div>
   <div class='ocr_carea' id='block_1_119' title="bbox 1900 5766 3532 5963">
    <p class='ocr_par' dir='ltr' id='par_1_119' title="bbox 1900 5766 3532 5963">
     <span class='ocr_line' id='line_1_119' title="bbox 1900 5766 3532 5963; baseline -0.007 -74"><span class='ocrx_word' id='word_1_816' title='bbox 1900 5766 2153 5963; x_wconf 53' lang='lat' dir='ltr'>:all‘liigé</span> <span class='ocrx_word' id='word_1_817' title='bbox 2185 5834 2245 5890; x_wconf 90' lang='lat' dir='ltr'>in</span> <span class='ocrx_word' id='word_1_818' title='bbox 2294 5832 2507 5891; x_wconf 89' lang='lat' dir='ltr'>Ordine</span> <span class='ocrx_word' id='word_1_819' title='bbox 2558 5833 2840 5891; x_wconf 81' lang='lat' dir='ltr'>Romano.</span> <span class='ocrx_word' id='word_1_820' title='bbox 2886 5827 3013 5884; x_wconf 81' lang='lat' dir='ltr'>Alia</span> <span class='ocrx_word' id='word_1_821' title='bbox 3052 5827 3204 5885; x_wconf 82' lang='lat' dir='ltr'>infra</span> <span class='ocrx_word' id='word_1_822' title='bbox 3239 5828 3298 5884; x_wconf 89' lang='lat' dir='ltr'>in</span> <span class='ocrx_word' id='word_1_823' title='bbox 3327 5823 3532 5883; x_wconf 81' lang='lat' dir='ltr'>Missali</span> 
     </span>
     <span class='ocr_line' id='line_1_120' title="bbox 1947 5921 2213 5963; baseline 0.004 -1"><span class='ocrx_word' id='word_1_824' title='bbox 1947 5925 1981 5962; x_wconf 93' lang='lat' dir='ltr'>a</span> <span class='ocrx_word' id='word_1_825' title='bbox 2026 5921 2213 5963; x_wconf 78' lang='lat' dir='ltr'>icano.</span> 
     </span>
    </p>
   </div>
   <div class='ocr_carea' id='block_1_120' title="bbox 1947 5921 2213 5963">
    <p class='ocr_par' dir='ltr' id='par_1_120' title="bbox 1947 5921 2213 5963">
     <span class='ocr_line' id='line_1_121' title="bbox 1947 5921 2213 5963; baseline 0.004 -1"><span class='ocrx_word' id='word_1_826' title='bbox 1947 5921 2213 5963; x_wconf 69' lang='lat'>811108110.</span> 
     </span>
    </p>
   </div>
  </div>
