3968 6224
452 292 556 346 327

1232 286 1564 343 APPENDIX
1602 288 1688 341 AD
1727 286 1949 342 OPERA
1987 287 2221 343 SANCTI
2256 285 2559 344 GERMANI
2597 286 3027 343 PARISIENSIS.

3735 284 3848 339 328

453 397 609 470 quod
634 393 930 468 praemittit
956 393 1210 451 divinum
1242 396 1447 451 Christi
1484 395 1862 466 Ecclesiaeque
1897 412 2082 451 sacra-
2107 397 2568 481 Avoluptatum;
2613 397 2823 451 nesciat
2863 397 3034 452 etiam
3082 393 3360 450 incentiva
3413 392 3732 460 desideria;
3783 398 3851 446 ut

451 494 735 546 mentum.
758 490 1005 562 Agnovit
1024 493 1332 545 Auctorem
1359 505 1525 543 suum
1554 489 1725 544 beata
1753 488 2078 559 virginitas;

453 589 512 639 et
534 586 745 639 aemula
767 583 1113 654 integritatis
1142 582 1435 653 angelicae,
1459 581 1608 636 illius
1637 583 1913 650 thalamo,
1939 583 2086 637 illius

453 677 713 733 cubiculo
755 695 814 732 se
845 677 1098 741 devovit;
1135 676 1231 746 qui
1278 675 1355 729 sic
1405 679 1703 747 perpetuae
1745 676 2088 747 virginitatis

453 777 539 827 est
587 789 846 844 sponsus,
885 769 1377 840 quemadmodum
1416 773 1710 840 perpetuae
1745 769 2087 840 virginitatis

453 870 539 922 est
568 867 736 920 ﬁlius.
767 862 1210 934 Implorantibus
1249 878 1388 934 ergo
1433 863 1706 917 auxilium
1747 868 1933 929 tuum,
1977 866 2086 919 Do-

451 965 630 1031 mine,
660 967 717 1017 et
741 961 1071 1016 conﬁrmari
1103 977 1168 1015 ex
1189 961 1610 1016 benedictionis
1638 965 1751 1015 tum
1785 978 2082 1016 consecra-

452 1063 609 1116 tione
635 1059 992 1132 cupientibus
1029 1059 1102 1113 da
1127 1059 1498 1130 protectionis
1527 1063 1642 1113 tum
1663 1060 1986 1127 munimen,
2016 1077 2085 1113 ne

452 1155 630 1210 hostis
659 1153 948 1225 antiquus,
979 1154 1076 1225 qui
1112 1153 1517 1208 excellentiora
1546 1153 1734 1208 studia
1777 1152 2083 1208 subtiliori-

450 1248 556 1302 bus
586 1247 821 1302 infestat
847 1246 1086 1314 insidiis,
1112 1247 1184 1300 ad
1215 1247 1638 1302 obscurandam
1661 1248 1931 1318 perfectae
1958 1264 2088 1301 con-

453 1341 711 1395 tinentiae
739 1342 994 1413 palmam
1026 1357 1130 1411 per
1169 1339 1423 1409 aliquam
1453 1344 1645 1411 serpat
1691 1340 1902 1394 mentis
1927 1340 2082 1393 incu-

452 1426 599 1480 riam
633 1443 645 1479 :
677 1429 735 1478 et
755 1425 940 1496 rapiat
964 1424 1035 1477 de
1071 1423 1364 1494 proposito
1390 1423 1690 1494 Virginum
1722 1424 1878 1494 quod
1907 1423 2080 1477 etiam

452 1520 708 1574 moribus
734 1520 898 1572 decet
925 1519 1109 1572 inesse
1139 1517 1488 1588 nuptiarum.
1521 1517 1604 1571 Sit
1629 1517 1688 1571 in
1715 1518 1815 1583 eis,
1847 1517 2086 1572 Domine

452 1629 557 1684 per
579 1613 797 1667 donum
828 1611 1072 1683 Spiritus
1099 1610 1181 1664 tui
1213 1610 1465 1681 prudens
1491 1611 1802 1676 modestia;
1838 1615 1896 1664 et
1935 1610 2089 1680 quod

454 1708 587 1761 sunt
612 1706 883 1776 professae
913 1705 1259 1771 custodiant,
1296 1704 1599 1758 scrutatori
1643 1707 1940 1774 pectorum
1973 1720 2089 1757 non

454 1808 694 1870 corpore
725 1800 1038 1870 placitura,
1075 1798 1176 1852 sed
1206 1802 1420 1852 mente.
1453 1799 1768 1852 Transcant
1794 1798 1852 1852 in
1886 1812 2089 1851 nume-

453 1910 586 1948 rum
613 1893 960 1965 sapientium
999 1876 1344 1963 puellarum,
1379 1894 1441 1945 ut
1475 1892 1759 1946 caelestem
1805 1893 2088 1962 Sponsum

455 1985 708 2040 accensis
739 1983 1100 2054 lampadibus
1128 1999 1256 2036 cum
1297 1982 1424 2037 oleo
1452 1981 1888 2053 praeparationis
1919 1996 2088 2052 expe-

454 2083 643 2144 ctent;
674 2095 778 2132 nec
809 2077 1052 2131 turbatae
1079 2075 1372 2146 improvisi
1401 2075 1572 2147 Regis
1599 2075 1871 2142 adventu,
1927 2090 2090 2128 secu-

455 2176 597 2228 turae
628 2188 760 2226 cum
792 2170 1032 2238 lumine,
1068 2175 1130 2224 ut
1157 2169 1609 2241 praecedentium
1637 2169 1813 2224 choro
1835 2169 2090 2240 jungan-

451 2270 566 2334 tur,
595 2268 917 2333 occurrant,
951 2281 1055 2319 nec
1089 2265 1466 2319 excludantur
1502 2280 1633 2318 cum
1665 2263 1868 2317 stultis.
1903 2263 2089 2331 Rega-

455 2361 570 2415 lem
615 2360 856 2430 januam
902 2374 1031 2413 cum
1083 2358 1437 2429 sapientibus
1478 2357 1807 2427 Virginibus
1853 2355 2094 2409 licenter

452 2455 766 2519 introeant,
797 2456 854 2506 et
883 2452 942 2506 in
968 2452 1116 2522 Agni
1151 2451 1232 2505 tui
1262 2455 1541 2522 perpetuo
1576 2449 1854 2505 comitatu
1883 2447 2090 2520 proba-

454 2547 599 2602 biles
625 2562 900 2600 mansura
931 2545 1193 2599 castitate
1221 2547 1622 2615 permaneant.
1657 2545 1781 2598 Per.

526 2640 753 2711 Accipe,
791 2639 1000 2710 puella,
1039 2637 1297 2708 pallium,
1329 2637 1483 2708 quod
1515 2637 1772 2707 perferas
1816 2636 1937 2690 sine
1970 2653 2095 2690 ma-

457 2735 584 2788 cula
610 2736 742 2787 ante
791 2732 1041 2786 tribunal
1082 2730 1310 2784 Domini
1354 2729 1536 2784 nostri
1569 2732 1701 2784 Jesu
1741 2729 1970 2796 Christi,
2007 2728 2095 2783 cui

457 2826 636 2882 flectit
660 2843 834 2881 omne
857 2841 1012 2895 genu
1042 2824 1374 2891 caelestium,
1407 2827 1464 2877 et
1496 2823 1877 2891 terrestrium,
1923 2826 1979 2876 et
2009 2823 2093 2876 in-

455 2922 774 2976 fernorum.
827 2918 1136 2973 Benedicat
1187 2921 1242 2971 te
1303 2917 1568 2972 conditor
1625 2917 1746 2971 caeli
1796 2921 1852 2970 et
1903 2920 2094 2983 terrm,

2187 492 2288 546 soli
2317 490 2420 546 tibi
2446 491 2645 546 subdat
2671 490 2900 562 propria
2926 489 3100 559 colla;
3131 506 3244 561 quo
3274 487 3448 560 possit
3485 503 3591 558 pro
3632 486 3848 541 labori-

2186 585 2292 640 bus
2313 585 2480 640 tantis
2518 584 2936 656 sexagesimum
2974 583 3215 656 gradum
3265 581 3582 654 percipere,
3624 596 3848 635 munus

2187 678 2502 734 dilectabile
2532 677 2865 733 sanctitatis.
2895 680 3020 732 Per.

2865 792 2997 840 Item
3025 789 3141 839 alia.

2260 883 2494 938 Domine
2551 883 2698 938 Deus
2730 883 3004 939 virtutum
3067 881 3382 937 caelestium
3445 883 3683 946 aeterne,
3738 880 3849 935 tibi

2187 977 2464 1048 supplices
2491 977 2783 1032 fundimus
2826 993 3038 1048 preces,
3077 981 3143 1030 ut
3178 976 3323 1030 hanc
3364 975 3639 1029 famulam
3680 978 3849 1028 tuam

2189 1087 2510 1125 consecrare
2537 1070 2810 1142 digneris,
2839 1087 3013 1142 quam
3043 1069 3111 1125 de
3141 1068 3381 1141 pristina
3409 1068 3848 1122 conversatione

2187 1164 2258 1218 ad
2304 1165 2609 1219 novitatem
2660 1165 2808 1231 vitae,
2861 1164 3175 1235 exspolians
3226 1167 3474 1218 veterem
3516 1161 3844 1228 hominem,

2188 1261 2245 1312 et
2271 1257 2512 1313 induens
2540 1275 2771 1326 novum,
2802 1263 3126 1312 convertere
3152 1256 3352 1325 fecisti,
3386 1261 3446 1310 ut
3490 1256 3637 1310 sicut
3678 1259 3846 1308 Anna

2187 1352 2544 1423 prOphetissa
2600 1351 2792 1406 multis
2843 1356 3171 1423 temporum
3224 1349 3539 1418 curriculis,
3593 1347 3847 1402 vestibus

2188 1444 2472 1499 viduitatis
2497 1445 2714 1514 induta,
2747 1446 2806 1499 in
2834 1446 3048 1516 templo
3079 1444 3274 1516 gloriae
3305 1448 3418 1498 tua:
3447 1442 3504 1496 in
3518 1441 3761 1514 jejuniis
3789 1444 3846 1495 et

2187 1538 2534 1593 orationibus
2561 1538 2804 1593 fideliter
2829 1538 3134 1606 serviebat,
3164 1537 3240 1591 sic
3267 1540 3323 1592 et
3348 1537 3467 1591 haec
3498 1535 3717 1590 famula
3744 1540 3848 1589 tua

2187 1631 2290 1685 tibi
2317 1631 2418 1685 soli
2445 1632 2558 1686 Deo
2599 1632 2657 1685 in
2702 1632 2946 1686 Ecclesia
2987 1637 3083 1686 tua
3131 1631 3326 1685 devota
3371 1633 3563 1685 mente
3611 1628 3840 1683 serviat.

2190 1726 2297 1780 Per
2323 1725 2652 1780 Dominum.

2264 1818 2430 1888 Deus,
2453 1818 2552 1889 qui
2583 1821 2806 1873 Annam
2845 1817 3020 1872 ﬁliam
3058 1817 3338 1886 Fanuelis,
3388 1816 3481 1871 vix
3517 1832 3624 1888 per
3663 1830 3844 1869 annos

2189 1915 2404 1983 septem
2433 1913 2687 1966 sortitam
2723 1912 2854 1982 jura
2891 1911 3160 1982 conjugii,
3195 1910 3276 1965 ita
3314 1927 3444 1964 cum
3494 1909 3663 1964 annis
3697 1912 3844 1963 octo-

2192 2006 2347 2076 ginta
2373 2009 2614 2076 quatuor
2639 2006 2698 2059 in
2739 2009 2931 2060 sancta
2959 2009 3015 2059 et
3041 2005 3100 2058 in
3132 2003 3394 2058 timorata
3435 2003 3690 2058 castitate
3732 2018 3847 2057 ser-

2189 2098 2349 2167 vasti,
2407 2103 2470 2152 ut
2513 2097 2770 2153 noctibus
2813 2114 2876 2151 ac
2925 2096 3124 2152 diebus
3182 2097 3462 2151 orationes
3505 2095 3842 2166 jejuniaque

2191 2190 2578 2261 miscentibus,
2606 2208 2735 2262 quae
2763 2191 2834 2245 ad
2854 2190 3172 2261 prophetiae
3199 2190 3441 2261 gratiam
3467 2190 3574 2244 sub
3601 2189 3843 2243 circum-

2192 2286 2402 2340 cisione
2449 2285 2654 2339 Christi
2708 2285 2792 2339 tui
2839 2284 3029 2355 justus
3075 2287 3472 2338 remunerator
3517 2281 3839 2350 adducaris,

2193 2379 2404 2450 quique
2427 2377 2687 2448 deinceps
2704 2375 2820 2449 31
2837 2377 2897 2448 4
2915 2394 3020 2449 per
3033 2377 3398 2448 apostolicam
3424 2376 3844 2430 institutionem

2194 2477 2517 2526 sanctarum
2547 2471 2717 2541 hujus
2742 2471 2957 2525 ordinis
2999 2471 3260 2525 manibus
3297 2470 3643 2525 feminarum
3677 2485 3843 2524 sexus

2195 2565 2369 2638 ipsius
2394 2564 2838 2620 adolescentulos
2868 2563 3124 2634 juniores
3162 2564 3450 2633 instruxit,
3493 2580 3628 2618 cum
3668 2563 3842 2617 sancti

2196 2659 2548 2713 charismatis
2587 2657 2978 2712 benedictione
3035 2657 3249 2712 visitari
3302 2655 3573 2711 laudabili
3618 2656 3842 2727 dispen-

2195 2752 2406 2807 satione
2433 2751 2688 2821 voluisti;
2717 2751 2994 2822 suscipere
3009 2751 3264 2822 dignare,
3293 2749 3841 2820 omnipotentissime

2197 2862 2390 2900 rerum
2436 2845 2693 2900 omnium
2753 2846 2921 2914 Deus,
2970 2845 3142 2915 hujus
3180 2860 3463 2898 conservae
3497 2849 3712 2898 nostrae
3763 2859 3844 2896 ar-

2197 2939 2376 2994 duum
2411 2943 2467 2994 et
2491 2938 2860 3005 laboriosum,
2893 2954 2997 2993 nec
3023 2938 3156 2992 satis
3184 2938 3506 3008 discrepans
3529 2937 3842 3008 aper-fectu:

457 3015 608 3070 Deus
663 3015 832 3069 Pater
882 3012 1268 3084 omnipotens,
1323 3012 1418 3083 qui
1473 3015 1525 3065 te
1579 3012 1792 3082 eligere
1832 3010 2099 3104 dignatus
2197 3033 2536 3101 virginitatis
2567 3032 2876 3104 proposito,
2907 3031 3041 3103 quia
3066 3037 3129 3087 tu
3156 3036 3553 3087 creaturarum
3581 3031 3842 3086 omnium

459 3113 545 3165 est
582 3109 654 3163 ad
703 3108 885 3162 instar
921 3109 1133 3161 sanctae
1167 3105 1355 3159 Mariae
1400 3105 1600 3159 matris
1651 3104 1880 3159 Domini
1917 3103 2097 3159 nostri

455 3203 586 3259 Jesu
611 3201 818 3258 Christi
849 3201 923 3255 ad
952 3201 1240 3270 integram
1273 3203 1330 3253 et
1355 3199 1788 3253 immaculatam
1807 3197 2096 3268 virginita-

457 3300 600 3363 tem,
629 3311 806 3366 quam
833 3295 1093 3365 professa
1125 3309 1184 3346 es
1211 3309 1407 3348 coram
1437 3291 1630 3365 313
1656 3293 1773 3346 Deo
1797 3295 1854 3346 et
1875 3291 2094 3361 angelis

458 3389 687 3444 sanctis.
712 3388 925 3442 Idcirco
957 3404 1119 3441 serva
1148 3387 1526 3458 propositum,
1573 3403 1735 3441 serva
1773 3385 2092 3440 castitatem

459 3498 564 3556 per
611 3481 968 3553 patientiam,
1009 3485 1071 3534 ut
1115 3497 1390 3535 coronam
1429 3479 1769 3551 virginitatis
1813 3483 1925 3533 tua:
1954 3478 2096 3533 acci-

458 3593 595 3649 pere
617 3575 913 3630 merearis.
938 3576 1096 3629 Nunc
1115 3591 1285 3630 exoro
1313 3574 1540 3629 Domini
1569 3573 1889 3628 nostriJesu
1912 3573 2094 3629 Chris-

457 3671 499 3725 ti
529 3670 780 3724 divinam
811 3668 1288 3735 misericordiam,
1323 3671 1384 3722 ut
1414 3668 1562 3722 hanc
1590 3667 1876 3738 virginem
1901 3683 2094 3722 conse-

457 3781 618 3820 crare
643 3780 707 3818 ac
729 3763 1081 3818 sanctificare
1113 3762 1386 3834 dignetur
1411 3778 1588 3832 usque
1619 3761 1676 3815 in
1718 3761 1916 3816 ﬁnem.
1964 3763 2088 3816 Per.

531 3857 838 3913 Benedicat
892 3860 946 3911 te
1001 3858 1149 3911 Deus
1192 3857 1380 3923 Pater,
1426 3859 1483 3908 et
1529 3855 1719 3921 Filius,
1768 3859 1826 3908 et
1852 3854 2092 3926 Spiritus

459 3955 688 4007 sanctus
714 3950 874 4005 omni
901 3949 1305 4004 benedictione
1334 3947 1592 4019 spiritali,
1617 3951 1680 4002 ut
1705 3964 1944 4002 maneas
1970 3947 2091 4002 sine

455 4045 685 4100 macula
710 4044 812 4098 sub
827 4043 1171 4098 vestimento
1193 4045 1402 4097 sanctae
1427 4040 1616 4095 Mariae
1643 4041 1844 4095 matris
1861 4040 2092 4095 Domini

459 4139 640 4194 nostri
689 4140 820 4193 Jesu
859 4137 1086 4192 Christi.
1121 4135 1229 4200 Qui
1277 4140 1470 4189 tecum
1506 4134 1642 4188 vivit
1680 4137 1738 4188 et
1781 4137 1986 4204 regnat
2031 4135 2088 4188 in

457 4233 665 4288 smcula
689 4232 1049 4287 saeculorum.

813 4345 1128 4385 BENEDICTIO
1169 4341 1612 4382 VESTIMENTORUM
1653 4342 1847 4381 VIDUAZ.

527 4423 845 4479 Visibilium
869 4423 893 4451 ⁸
919 4427 976 4478 et
1001 4419 1370 4476 invisibilium
1422 4436 1618 4473 rerum
1647 4423 1889 4488 creator,
1919 4421 2087 4487 Deus,

2119 3152 2172 3226 Ο
2199 3126 2472 3226 conditor,
2490 3126 2694 3196 probas
2721 3125 3039 3226 mundiales
3064 3125 3378 3226 inlecebras
3404 3124 3694 3226 difﬁcilius
3714 3128 3844 3226 post

2197 3220 2652 3291 experimentum
2683 3236 2844 3291 posse
2871 3218 3058 3288 vitari,
3089 3220 3186 3274 sed
3232 3235 3364 3273 cum
3397 3219 3468 3273 ad
3501 3223 3556 3273 te
3594 3218 3841 3286 venitur,

2193 3314 2364 3385 idque
2389 3330 2492 3384 per
2518 3319 2592 3382 te,
2622 3329 2938 3384 numquam
2959 3313 3177 3367 animas
3204 3313 3378 3367 semel
3401 3311 3507 3366 tibi
3535 3312 3751 3367 dicatas
3762 3310 3843 3366 vel

2193 3407 2446 3462 terribile
2483 3407 2808 3478 passionum
2848 3407 2936 3462 vel
2962 3407 3288 3461 divitiarum
3313 3405 3705 3461 blandimenta
3745 3406 3845 3460 sol-

2193 3500 2424 3556 licitant.
2465 3501 2604 3554 Nam
2632 3500 2888 3555 sensibus
2916 3500 3139 3572 (quibus
3161 3501 3283 3571 ipse
3310 3499 3561 3571 dignaris
3599 3499 3841 3570 infundi)

2191 3595 2336 3650 nihil
2377 3599 2460 3649 est
2497 3594 2921 3650 desiderabilius
2961 3610 3136 3665 quam
3180 3610 3427 3665 regnum
3469 3597 3658 3662 tuum,
3700 3593 3841 3648 nihil

2191 3687 2498 3743 terribilius
2536 3704 2707 3759 quam
2725 3688 3008 3759 judicium
3032 3692 3217 3742 tuum.
3266 3689 3345 3741 Da
3391 3703 3548 3759 ergo,
3578 3688 3838 3756 Domine,

2192 3783 2263 3837 ad
2287 3781 2619 3853 petitionem
2639 3781 2901 3836 maximae
2924 3782 3004 3836 rei
3027 3786 3139 3836 tuae
3183 3781 3634 3836 misericordiam
3654 3786 3836 3851 tuam;

2193 3881 2249 3931 et
2275 3875 2460 3931 tribue
2498 3880 2562 3930 ut
2603 3875 2727 3930 haec
2752 3875 2964 3930 famula
3009 3880 3106 3930 tua
3149 3875 3208 3929 in
3247 3875 3527 3946 adgressae
3570 3875 3840 3930 castitatis

2193 3969 2576 4026 observatione
2606 3969 2940 4041 perdurans,
2968 3968 3119 4024 inter
3137 3969 3467 4039 conjugatas
3486 3969 3591 4023 uni
3618 3974 3840 4024 tantum

2191 4064 2311 4119 viro
2344 4064 2604 4134 feminas,
2647 4064 2897 4118 fructum
2937 4063 3292 4118 tricesimum
3336 4063 3625 4117 sortiatur.
3666 4063 3752 4118 Sit
3785 4063 3841 4116 in

2190 4157 2283 4212 illa
2308 4173 2440 4212 cum
2466 4157 2850 4212 misericordia
2877 4156 3161 4226 discretio,
3193 4172 3326 4210 cum
3352 4155 3709 4211 humanitate
3749 4173 3837 4210 so-

2190 4251 2417 4306 brietas.
2449 4251 2602 4322 Opus
2631 4254 2797 4304 tuum
2823 4251 2914 4305 die
2939 4267 3003 4304 ac
3041 4255 3203 4305 nocte
3243 4249 3593 4318 meditetur;
3643 4254 3700 4304 et
3738 4267 3839 4322 pro

2191 4362 2257 4400 eo
2283 4347 2434 4416 quod
2459 4344 2647 4399 amisit
2693 4345 2951 4417 conjugis
2985 4345 3242 4399 solatium
3279 4344 3611 4414 temporale,
3641 4349 3718 4413 te,
3743 4346 3840 4415 qui

2190 4455 2386 4494 rerum
2412 4440 2671 4494 omnium
2694 4439 2918 4511 requies
2933 4455 3012 4509 es,
3037 4441 3339 4510 sequatur;
3362 4442 3417 4492 et
3443 4438 3572 4492 vitae
3589 4438 3840 4510 spatium

457 4515 656 4573 adesto
684 4516 984 4588 propitius,
1015 4517 1076 4568 ut
1102 4514 1224 4567 haec
1246 4512 1606 4581 indumenta,
1633 4513 1946 4569 sanctitatis
1977 4514 2095 4568 efﬁ-
2113 4525 2172 4598 D
2194 4531 2429 4604 spiritali
2455 4533 2828 4588 consolatione
2855 4548 3176 4603 compensa,
3206 4536 3270 4586 ut
3296 4531 3356 4585 in
3405 4531 3496 4586 die
3535 4531 3840 4587 vocationis

458 4611 616 4683 giem
674 4609 1057 4674 ostendentia,
1102 4607 1350 4678 desuper
1395 4607 1581 4678 gratia
1629 4610 1728 4662 tua
1783 4607 2090 4679 inrigante,

455 4701 799 4759 benedicere
828 4706 885 4755 et
915 4699 1272 4756 sanctiﬁcare
1300 4700 1494 4755 facias.
1524 4702 1632 4756 Per
1657 4701 1991 4756 Dominum.

963 4788 1295 4840 Consecratio
1324 4789 1568 4839 vestium.

523 4859 832 4929 Inlumina,
885 4877 1231 4932 quaesumus,
1272 4863 1465 4917 oculos
1508 4862 1828 4933 majestatis
1862 4867 1976 4917 tuae
2019 4863 2091 4916 ad

451 4955 914 5011 benedice‘ndam
944 4956 1096 5010 hunc
1121 4955 1415 5010 viduitatis
1433 4959 1670 5024 vestem,
1696 4959 1760 5010 ut
1785 4973 1912 5026 quae
1942 4956 2093 5010 inor-

414 5104 418 5108 .
456 5048 668 5105 dinatis
695 5049 946 5105 vestibus
973 5050 1077 5104 viri
1127 5049 1210 5104 sui
1257 5049 1468 5105 visibus
1506 5051 1738 5122 placuit,
1773 5049 1830 5102 in
1859 5049 2093 5104 sacratis

449 5142 807 5199 indumentis
863 5143 1284 5199 benedictionis
1332 5148 1447 5198 tuae
1503 5143 1716 5198 servire
1777 5145 2086 5198 mereatur.

452 5236 579 5293 Per.

544 5326 841 5378 Benedictio
870 5326 1057 5389 vidum,
1087 5340 1202 5390 quae
1239 5325 1395 5375 fuerit
1426 5325 1710 5376 castitatem
1745 5328 1995 5391 professa.

525 5409 854 5476 Consolare,
872 5407 1138 5474 Domine,
1159 5408 1310 5461 hanc
1326 5408 1605 5461 famulam
1623 5411 1784 5463 tuam
1803 5407 2092 5462 viduitatis

449 5497 825 5572 languoribus
845 5501 1237 5568 constrictam,
1266 5500 1409 5555 sicut
1430 5502 1714 5556 consolari
1741 5502 2010 5572 dignatus
2033 5518 2093 5554 es

451 5594 817 5666 Saraptinam
830 5595 1063 5650 viduam
1079 5611 1184 5666 per
1195 5595 1417 5650 Heliam
1429 5596 1775 5667 prophetam
1786 5637 1798 5650 .
1829 5595 2090 5650 Concede

453 5688 506 5744 ei
533 5687 824 5762 pudicitiae
854 5690 1103 5743 fructum
1136 5692 1198 5744 ut
1229 5689 1599 5762 antiquarum
1627 5706 1743 5745 non
1776 5689 2094 5745 memineat

521 5813 544 5842 '
574 5815 702 5868 Haec
729 5814 788 5867 in
817 5812 1030 5867 Ordine
1054 5815 1318 5876 Romano
1349 5820 1406 5869 et
1439 5817 1559 5871 fere
1592 5833 1720 5882 qua!
1753 5821 2089 5891 sequuntur.

2193 4642 2309 4680 suae
2335 4626 2460 4680 talis
2487 4627 2678 4682 venire
2709 4631 3015 4693 mereatur,
3064 4626 3249 4697 qualis
3295 4629 3459 4680 Anna
3496 4625 3667 4680 fuisse
3713 4641 3839 4680 con-

2193 4723 2320 4789 stat,
2351 4736 2521 4792 quam
2542 4737 2720 4793 usque
2745 4721 2817 4776 ad
2837 4719 3153 4792 prophetiae
3183 4718 3451 4792 spiritum
3478 4719 3835 4790 promovisti.

2193 4814 2318 4868 Per.

2621 4897 2732 4951 Xll.
2761 4911 3118 4950 CONSECRATIO
3156 4910 3398 4949 ALTARIS.

2264 5007 2493 5061 Creator
2519 5011 2575 5062 et
2598 5012 2953 5062 conservator
2975 5007 3211 5062 humani
3240 5006 3480 5079 generis,
3513 5007 3679 5062 dator
3704 5024 3830 5079 gra-

2192 5099 2305 5169 tiaa,
2334 5106 2391 5155 et
2416 5100 2681 5172 spiritalis
2705 5101 2944 5172 targitor
2970 5105 3198 5157 aeternae
3219 5101 3433 5170 salutis,
3472 5105 3538 5155 tu
3565 5101 3831 5173 permitte

2193 5193 2465 5264 Spiritum
2492 5200 2657 5250 tuum
2706 5210 2876 5266 super
2911 5195 3109 5250 vinum
3139 5212 3270 5250 cum
3296 5211 3442 5267 aqua
3471 5195 3741 5264 mixtum,
3769 5200 3829 5250 ut

2193 5293 2407 5342 armata
2452 5287 2658 5344 virtute
2697 5277 2929 5344 caelestis
2962 5289 3302 5344 defensionis
3338 5289 3409 5344 ad
3455 5290 3826 5348 consecratio-

2192 5397 2327 5436 nem
2352 5381 2525 5453 hujus
2547 5383 2791 5439 ecclesim
2817 5383 2905 5438 vel
2931 5384 3121 5438 altaris
3147 5383 3422 5455 proficiat.
3449 5384 3578 5440 Per.

2537 5505 2800 5571 Praefatio
2825 5505 3235 5559 consecrationis
3260 5503 3476 5558 altaris.

2264 5605 2424 5660 Panis
2460 5619 2621 5676 super
2653 5621 2852 5661 cornua
2890 5607 3086 5661 altaris
3123 5606 3295 5676 digito
3346 5609 3435 5660 tuo
3477 5607 3666 5662 vinum
3717 5622 3830 5662 cum

2193 5713 2341 5768 aqua
2368 5701 2618 5768 mixtum,
2652 5704 2704 5756 et
2731 5702 2973 5770 aspergis
3001 5699 3178 5756 altare
3200 5704 3400 5772 septem
3434 5701 3675 5770 vicibus;
3701 5699 3827 5758 reli-
