3968 6224
134 279 216 331 329

127 503 203 559 per
220 487 366 540 altare
386 484 589 539 odorem
619 486 1003 539 suauissﬁnum
1040 487 1290 541 Domino.

184 578 204 608 '
226 578 307 633 Dei
326 576 495 632 Patris
510 576 924 647 omnipotentis
945 577 1428 649 misericordiam,
1449 579 1689 635 dilectis-

132 673 232 728 simi
251 673 442 738 fratres,
471 670 863 741 deprecemur,
886 673 950 726 ut
968 672 1079 728 hoc
1104 673 1372 728 altarium
1401 673 1692 729 sacriﬁciis

130 764 410 837 spiritalibus
442 763 916 833 consecrandum,
940 765 1093 820 vocis
1134 769 1344 822 nostrae
1367 767 1692 823 exorandus

133 864 294 930 ofﬁcio,
330 862 581 934 praesenti
617 862 1020 919 benedictione
1063 866 1399 934 sanctiﬁcet,
1430 870 1492 920 ut
1524 866 1586 920 in
1623 882 1692 921 eo

131 972 311 1027 semper
343 955 648 1011 oblationes
680 956 1036 1012 famulorum
1076 975 1311 1014 suorum
1347 959 1537 1015 studio
1577 976 1694 1015 suae

131 1049 387 1106 devotionis
413 1048 703 1120 impositas
744 1050 1090 1106 benedicere
1127 1055 1186 1107 et
1218 1052 1576 1108 sanctiﬁcare
1615 1052 1696 1107 di-

131 1147 309 1215 gnetur,
329 1146 379 1196 et
390 1141 621 1213 spiritali
633 1144 890 1214 placatus
910 1143 1166 1213 incenso,
1185 1146 1447 1216 precanti
1460 1146 1696 1201 familiae

132 1253 218 1293 suae
238 1238 505 1308 promptus
533 1236 833 1292 exauditor
856 1237 1116 1294 adsistat.
1149 1240 1258 1294 Per
1289 1239 1623 1295 Dominum.

621 1325 922 1376 Benedictio
946 1326 1139 1377 altaris.

183 1394 340 1469 315
370 1397 508 1451 Deus
541 1398 929 1469 omnipotens,
960 1398 1021 1452 in
1052 1399 1213 1471 cujus
1237 1396 1521 1455 honorem
1556 1400 1696 1455 alta-

130 1490 242 1544 rium
272 1490 361 1544 sub
398 1489 753 1546 invocatione
782 1491 866 1546 tui
903 1508 1324 1562 consecremus,
1363 1494 1620 1549 clemens
1645 1496 1703 1548 et

130 1582 555 1655 propitiuspreces
569 1588 779 1639 nostrae
795 1586 1140 1641 humilitatis
1152 1586 1362 1642 exaudi
1379 1604 1393 1656 ;
1416 1590 1475 1643 et
1493 1590 1704 1659 praesta

130 1679 178 1729 ut
200 1676 247 1731 in
264 1677 356 1732 hac
380 1693 571 1733 mensa
600 1677 717 1732 sint
736 1678 839 1733 tibi
859 1678 1142 1735 libamina
1159 1684 1415 1752 accepta,
1444 1681 1560 1734 sint
1578 1696 1705 1751 gra-

1152 274 1238 329 DE
1278 274 1589 332 LITURGIA
1627 277 1999 333 GALLICANA
2040 278 2235 333 LIBER
2276 278 2364 332 Ill.

132 408 259 464 quum
281 395 439 445 autem
456 388 651 457 ftmdes
677 389 754 445 ad
774 389 974 460 basem,
999 397 1050 446 et
1072 391 1265 461 oﬂ'eres
1289 395 1572 450 incensum
1596 409 1689 449 su-
1715 409 1774 481 Α

3324 283 3426 333 330

2455 392 2534 443 Ad
2576 393 2769 443 omnia.

1864 466 2133 538 Dignare,
2165 465 2425 533 Domine,
2458 466 2604 520 Deus
2647 464 3021 535 omnipotens
3061 464 3175 519 Rex
3200 480 3427 536 regum,

1790 564 1848 615 et
1866 561 2144 615 Dominus
2164 558 2611 626 dominantium,
2636 558 2917 614 Sacerdos
2937 557 3219 627 omnium,
3244 560 3433 614 Ponti-

1788 654 1880 708 fex
1902 653 2321 719 universorum,
2350 668 2455 724 per
2480 668 2656 722 quem
2690 668 2809 706 una
2834 668 2964 706 cum
2989 653 3178 719 Patre,
3212 655 3434 708 sancto-

1790 763 1901 819 que
1924 745 2041 820 31
2057 745 2117 819 6
2139 746 2352 817 Spiritu
2378 747 2528 800 facta
2543 750 2678 800 sunt
2705 746 2992 812 universa,
3024 745 3248 800 Christe
3274 747 3430 813 Jesu,

1790 839 2156 907 benedicere,
2185 854 2542 906 consecrare,
2567 842 2627 893 et
2641 838 2999 893 sanctiﬁcare
3022 838 3279 909 digneris
3296 854 3432 893 vasa

1794 934 1917 988 haec
1945 949 2077 987 cum
2105 932 2213 987 hoc
2244 930 2471 1001 altario,
2494 930 2950 999 linteaminibus,
2980 931 3299 1003 ceterisque
3336 949 3432 986 va-

1795 1026 1905 1093 sis;
1934 1029 1992 1080 et
2019 1023 2518 1098 quemadmodum
2547 1024 2915 1080 sanctiﬁcasti
2940 1024 3131 1079 officia
3160 1025 3433 1080 taberna-

1797 1119 1907 1174 culi
1936 1117 2255 1174 testimonii
2288 1117 2427 1174 olim
2450 1134 2583 1172 cum
2607 1134 2760 1186 arca,
2785 1119 3040 1186 oraculo,
3063 1118 3302 1190 cyrubin
3324 1120 3439 1174 alo-

1799 1213 1892 1281 sis,
1915 1213 2071 1279 velis,
2103 1211 2406 1279 columnis,
2435 1210 2806 1277 candelabro,
2829 1211 3124 1279 altaribus,
3148 1213 3439 1283 argenteis

1795 1306 2049 1374 basibus,
2080 1305 2291 1361 tabulis
2330 1304 2642 1373 deauratis,
2673 1304 3039 1371 holocaustis,
3076 1322 3227 1361 aereo
3256 1307 3437 1361 altare

1798 1416 1930 1455 cum
1957 1399 2132 1454 mneis
2163 1400 2328 1467 vasis,
2362 1398 2648 1465 tentoriis,
2676 1397 2930 1466 funibus,
2966 1399 3092 1452 oleo
3128 1400 3435 1467 unctionis,

1800 1498 1859 1548 et
1883 1493 2087 1549 ceteris
2113 1492 2238 1547 aliis
2270 1493 2329 1547 in
2347 1493 2533 1564 ﬁgura
2556 1491 2735 1547 nostri
2758 1508 2862 1563 per
2882 1508 3088 1546 manus
3108 1496 3437 1547 sanctorum

1801 1587 2169 1643 sanctiﬁcasti
2200 1586 2589 1652 sacerdotum,
2619 1585 2699 1640 ita
2738 1602 2891 1640 nunc
2922 1601 3166 1641 manens
3190 1585 3248 1639 in
3281 1589 3442 1641 teter—

1802 1698 1964 1749 num,
1990 1697 2216 1757 summe
2239 1679 2521 1736 Sacerdos
2546 1678 2909 1734 sacerdotum
2942 1678 3258 1734 secundum
3285 1678 3437 1733 ordi-

130 1772 189 1837 ta,
210 1769 307 1823 sint
338 1770 582 1842 pinguia,
612 1773 672 1825 et
700 1771 945 1843 Spiritus
972 1773 1153 1827 sancti
1186 1774 1272 1828 tui
1316 1790 1544 1846 semper
1570 1780 1780 1852 roreB
1804 1791 1941 1830 nem
1970 1774 2381 1829 Melchisedech
2430 1773 2515 1845 (ut
2550 1772 2836 1844 diximus),
2874 1775 3150 1843 patenam
3194 1773 3342 1828 hanc
3385 1777 3443 1827 et

131 1862 342 1933 perfusa;
369 1866 425 1918 ut
455 1864 611 1919 omni
635 1868 903 1937 tempore
933 1866 994 1920 in
1034 1867 1146 1921 hoc
1178 1868 1305 1923 loco
1332 1866 1704 1940 supplicantis

131 1954 210 2009 tibi
226 1956 433 2012 familiie
458 1961 567 2013 tum
593 1958 913 2014 anxietates
938 1960 1178 2029 releves,
1211 1961 1585 2032 aegritudines
1615 1977 1705 2015 cu-

133 2065 216 2115 res,
242 2067 417 2121 preces
440 2051 729 2119 exaudias,
756 2056 891 2109 vota
915 2054 1207 2125 suscipias,
1232 2054 1558 2110 desiderata
1574 2071 1708 2109 con-

132 2141 300 2211 ﬁrmes,
327 2144 602 2215 postulata
630 2146 935 2202 concedas.
966 2149 1075 2203 Per
1104 2147 1414 2204 Dominum
1445 2151 1707 2204 nostrum

131 2235 279 2291 Iesum
303 2237 573 2293 Christum
602 2240 810 2295 Filium
849 2244 1033 2297 tuum.

554 2328 792 2378 Praefatio
826 2328 1205 2381 linteaminum.

185 2397 392 2456 Domine
420 2400 566 2456 Deus
583 2403 976 2475 omnipotens,
999 2404 1144 2459 sicut
1169 2404 1242 2460 ab
1263 2403 1429 2461 initio
1450 2404 1704 2461 homini-

134 2500 211 2555 bus
232 2503 404 2558 vitalia
427 2507 483 2559 et
511 2506 836 2560 necessaria
861 2507 1087 2575 creasti,
1111 2511 1169 2561 et
1207 2508 1707 2579 quemadmodum

134 2596 417 2652 vestimenta
443 2598 798 2670 pontiﬁcalia
820 2600 1234 2669 sacerdotibus,
1262 2607 1320 2657 et
1339 2602 1524 2657 levitis
1545 2618 1711 2658 orna-

135 2695 302 2758 menta,
323 2707 441 2762 quae
461 2695 517 2746 et
537 2692 882 2748 linteamina
901 2693 1028 2748 fieri
1048 2694 1267 2750 famulo
1290 2698 1387 2751 tuo
1406 2695 1582 2767 Moysi
1606 2711 1711 2767 per

135 2783 460 2856 quadraginta
495 2785 617 2841 dies
644 2786 905 2854 docuisti,
934 2785 1047 2842 sive
1078 2788 1259 2843 etiam
1283 2806 1353 2843 ea
1379 2805 1507 2860 quae
1533 2788 1710 2844 Maria

135 2876 271 2931 texuit
293 2881 346 2932 et
366 2879 494 2934 fecit
516 2880 577 2934 in
605 2896 774 2934 usum
804 2879 1110 2935 ministerii
1142 2882 1500 2938 tabernaculi
1530 2882 1706 2938 foede-

131 2968 205 3036 ris,
220 2971 565 3041 sanctiﬁcare,
588 2972 957 3042 benedicere,
980 2990 1435 3047 consecrareque
1454 2974 1711 3047 digneris

132 3060 226 3117 haec
250 3064 570 3122 linteamina
611 3066 672 3120 in
713 3083 880 3121 usum
917 3067 1114 3122 altaris
1158 3069 1244 3123 tui
1282 3068 1357 3123 ad
1394 3069 1711 3140 tegendum

1805 1868 2041 1923 calicem
2070 1868 2241 1935 hunc,
2284 1870 2342 1920 et
2381 1866 2577 1920 omnia
2614 1866 2999 1920 instrumenta
3048 1866 3243 1921 altaris
3272 1866 3443 1937 hujus

1805 1962 2056 2017 ecclesiae
2088 1976 2187 2015 seu
2216 1958 2484 2027 basilicae,
2510 1975 2636 2029 quae
2660 1958 2814 2013 inter
2843 1961 3068 2013 nostras
3090 1960 3315 2030 palmas
3334 1960 3439 2014 ha-

1804 2058 2035 2127 bentur,
2082 2058 2254 2113 corde
2300 2072 2623 2128 precamur,
2675 2059 2738 2110 ut
2773 2055 3103 2124 benedicas,
3152 2056 3438 2127 puriﬁces,

1806 2169 2125 2221 consecres,
2159 2155 2218 2206 et
2240 2166 2624 2218 consummes,
2653 2149 2858 2221 quibus
2878 2148 3032 2204 inter
3062 2166 3167 2205 nos
3194 2153 3253 2204 et
3273 2154 3439 2205 aeter-

1809 2264 1945 2303 nam
1969 2246 2249 2301 unitatem
2285 2244 2345 2299 in
2377 2260 2646 2315 supremo
2668 2247 2863 2299 meatu
2887 2243 3008 2298 sine
3036 2244 3150 2298 fine
3176 2247 3438 2299 constare

1812 2340 2121 2397 credimus.
2155 2341 2278 2394 Per.

2331 2409 2564 2460 Praefatio
2601 2407 2911 2459 chrismatis.

1879 2486 2141 2552 Oremus,
2182 2485 2387 2540 fratres
2429 2483 2772 2551 charissimi,
2804 2485 2867 2537 ut
2902 2484 3054 2538 Deus
3078 2483 3444 2555 omnipotens

1809 2580 1918 2634 hoc
1948 2578 2354 2647 ministerium,
2387 2577 2644 2650 corporis
2668 2577 2771 2631 ﬁlii
2804 2577 2889 2631 sui
2914 2577 3143 2633 Domini
3161 2579 3447 2635 nostriJe-

1810 2694 1875 2732 su
1919 2677 2128 2733 Christi
2173 2679 2456 2749 gerolum,
2503 2676 2929 2743 benedictione,
2977 2676 3445 2731 sanctificationis

1810 2771 2116 2839 tutamine,
2153 2770 2506 2826 defensionis
2548 2768 2947 2824 dominatione
2972 2769 3214 2840 implere
3247 2769 3444 2840 digne-

1811 2868 1923 2933 tur,
1954 2865 2248 2920 orantibus
2284 2865 2468 2920 nobis.
2495 2866 2621 2918 Per.

1883 2958 2261 3030 Omnipotens
2287 2961 2431 3014 Deus
2461 2956 2726 3025 Trinitas,
2749 2955 3018 3011 manibus
3043 2957 3253 3012 nostris
3272 2973 3445 3029 opem

1813 3056 1927 3107 tua:
1952 3052 2375 3107 benedictionis
2395 3051 2660 3119 infunde,
2691 3054 2754 3105 ut
2777 3067 2882 3122 per
2902 3054 3159 3105 nostram
3182 3051 3448 3106 benedic-

130 3154 603 3233 inmluendumque
632 3176 840 3232 corpus
869 3164 928 3215 ει
957 3162 1305 3233 sanguinem
1334 3162 1458 3217 Filii
1482 3163 1566 3217 ιιιί
1598 3164 1707 3218 D0-
1731 3152 1787 3228 Ο
1813 3146 2033 3202 tionem
2084 3147 2193 3201 hoc
2244 3147 2537 3201 vasculum
2592 3144 2999 3213 sanctificatur,
3072 3150 3130 3200 et
3190 3144 3448 3217 corporis

131 3249 245 3305 mini
280 3254 443 3309 nostri
480 3256 615 3311 Jesu
650 3253 874 3311 Christi.
915 3253 1023 3319 Qui
1051 3258 1243 3311 tecum
1264 3255 1401 3311 vivit
1425 3259 1485 3312 et
1505 3258 1714 3328 regnat

132 3342 263 3401 Deus.

185 3438 319 3495 Fiant
352 3443 541 3498 omnia
569 3443 689 3498 ista
723 3441 1082 3515 protectione
1111 3446 1209 3499 tua
1242 3446 1367 3499 tuta
1404 3447 1577 3519 atque
1614 3444 1712 3500 de-

133 3530 272 3603 fensa,
296 3538 489 3608 potens
513 3536 784 3607 Domine,
818 3554 970 3593 vasa.
998 3538 1108 3592 Per
1136 3538 1468 3594 Dominum.

480 3626 559 3678 Ad
602 3625 1014 3676 consecrandam
1046 3629 1310 3691 patenam.

186 3693 565 3753 Consecramus
607 3703 666 3753 et
700 3698 1124 3753 sanctificamus
1166 3698 1318 3752 hanc
1343 3700 1617 3769 patenam
1645 3697 1718 3753 ad

135 3788 502 3847 conficiendum
520 3791 582 3848 in
600 3807 669 3847 ea
686 3807 893 3863 corpus
907 3791 1139 3847 Domini
1162 3792 1345 3848 nostri
1358 3794 1385 3848 J
1391 3809 1491 3847 esu
1510 3791 1722 3849 Christi

135 3882 358 3951 patientis
396 3902 625 3942 crucem
664 3901 769 3957 pro
809 3886 988 3940 salute
1026 3889 1224 3942 nostra
1283 3886 1568 3942 omnium.
1614 3884 1719 3951 Qui

136 3981 303 4048 regnat
326 3978 382 4034 in
411 3981 637 4036 saecula.

757 4052 889 4100 Item
922 4050 1039 4101 alia.

190 4118 501 4179 Consecrare
515 4127 575 4178 et
594 4121 954 4177 sanctificare
983 4122 1263 4195 digneris,
1279 4122 1547 4193 Domine,
1566 4126 1722 4196 pate-

140 4227 245 4268 nam
272 4216 425 4284 hanc,
456 4234 558 4289 per
588 4217 763 4271 istam
790 4216 1126 4272 unctionem
1162 4221 1221 4272 et
1261 4221 1517 4273 nostram
1542 4218 1719 4274 bene-

139 4303 402 4365 dictionem
422 4310 478 4366 in
500 4310 727 4368 Christo
746 4313 877 4367 Iesu
912 4311 1162 4366 Domino
1194 4316 1412 4369 nostro.
1444 4312 1552 4377 Qui
1589 4311 1725 4367 vivit

140 4402 184 4453 et
197 4408 392 4474 regnat.

507 4474 586 4526 Ad
612 4473 830 4525 calicem
865 4476 1298 4527 consecrandum.

1813 3240 2021 3298 Christi
2048 3257 2256 3296 novum
2290 3240 2614 3313 sepulcrum
2637 3238 2881 3311 Spiritus
2908 3238 3089 3293 sancti
3118 3238 3305 3309 gratia
3325 3256 3451 3311 per-

1814 3335 2051 3390 ficiatur.
2083 3338 2192 3392 Per
2213 3335 2525 3391 Dominum
2552 3336 2811 3389 nostrum
2827 3334 3020 3389 Jesum
3041 3332 3332 3389 Christum
3361 3333 3449 3388 Fi-

1817 3429 1957 3484 lium
1988 3434 2170 3499 tuum,
2201 3430 2298 3502 qui
2323 3432 2515 3485 tecum
2549 3427 2701 3483 vivit.

1994 3544 2125 3597 XIII.
2167 3556 2463 3598 ORATIONES
2488 3539 2517 3581 δ
2542 3556 2605 3595 ar
2654 3555 2845 3594 pasces
2886 3556 2984 3594 eno
3023 3555 3267 3595 REGIBUS.

1890 3642 2056 3709 Deus,
2089 3639 2187 3711 qui
2211 3640 2413 3695 fideles
2438 3641 2568 3694 tuos
2594 3638 2667 3692 ad
2693 3638 2803 3693 hoc
2837 3636 3096 3707 corripis,
3144 3641 3207 3691 ut
3249 3651 3448 3692 emen-

1822 3733 1942 3803 des,
1965 3734 2242 3805 populum
2262 3736 2446 3800 tuum,
2472 3748 2817 3803 quaesumus,
2847 3747 2921 3784 ne
2944 3729 3225 3801 despicias
3245 3731 3456 3801 suppli-

1822 3831 2074 3895 cantem,
2108 3830 2171 3881 ut
2199 3829 2311 3881 tua:
2335 3825 2563 3881 virtutis
2586 3824 2816 3892 auxilio,
2841 3823 3001 3879 omni
3022 3823 3333 3878 hostilitate
3361 3824 3456 3878 de-

1822 3922 2005 3994 pulsa,
2047 3924 2105 3976 et
2148 3919 2449 3975 securitate
2508 3918 2710 3991 patriae
2758 3918 3000 3985 laetetur,
3056 3920 3115 3971 et
3174 3917 3455 3972 catholica

1823 4031 2055 4087 semper
2080 4015 2293 4069 exultet
2318 4012 2584 4068 Ecclesia.
2625 4014 2749 4067 Per.

1891 4183 2094 4256 Papuli
2130 4183 2233 4251 tui,
2265 4108 2626 4254 quaesuuitiis},1
2657 4105 3033 4253 Exhipotens
3058 4182 3224 4250 Deus,
3260 4182 3453 4255 pr0pi-

1823 4277 1969 4332 tiare
2001 4276 2269 4350 peccatis,
2299 4280 2359 4331 et
2386 4276 2560 4332 totius
2594 4274 2927 4331 hostilitatis
2957 4291 2991 4329 a
3032 4275 3198 4330 nobis
3233 4291 3458 4331 errores

1826 4375 2038 4440 averte,
2072 4375 2135 4425 ut
2150 4370 2316 4443 regni
2337 4371 2686 4425 Francorum
2713 4368 2966 4425 nominis
2990 4384 3190 4423 secura
3224 4368 3459 4424 libertas

1825 4466 1884 4521 in
1910 4470 2009 4521 tua
2036 4465 2341 4520 devotione
2369 4480 2598 4536 semper
2622 4463 2851 4530 exultet,
2884 4465 2942 4516 et
2978 4462 3049 4516 ab
3074 4461 3326 4516 hostium
3354 4480 3461 4518 nos

193 4548 421 4620 Οτθῐιιιιϐ,
471 4551 826 4607 dilectiSSiIni
880 4552 1107 4621 fratres,
1154 4526 1217 4608 tit
1265 4553 1540 4608 Dominus
1574 4526 1804 4609 DeuSD
1829 4560 2077 4616 defende
2093 4526 2697 4626 formidine;utomni
2716 4526 3150 4628 perturbatione
3170 4555 3456 4625 submota,

142 4646 301 4698 noster
330 4646 557 4701 calicem
596 4661 763 4700 suum
802 4644 862 4699 in
906 4644 1227 4702 ministerio
1266 4649 1722 4704 consecrandum

140 4737 341 4793 caelestis
364 4740 558 4810 gratiae
584 4738 973 4818 inspiratione
987 4740 1322 4809 sanctificet,
1346 4745 1408 4795 ut
1430 4741 1503 4797 ad
1527 4744 1726 4799 huma-

142 4844 250 4883 nam
291 4832 747 4890 benedictionem
794 4832 1219 4904 plenitudinem
1279 4834 1455 4889 divini
1517 4837 1727 4893 favoris

142 4928 512 4984 accommodet.
542 4930 654 4984 Per
678 4928 1013 4983 Dominum.

682 5017 813 5066 Item
875 5014 1135 5066 collectio.

196 5082 437 5157 Dignare,
465 5087 728 5155 Domine,
770 5087 1008 5142 calicem
1037 5086 1212 5142 istum
1244 5089 1303 5142 in
1336 5104 1504 5143 usum
1534 5088 1731 5144 minis-

146 5176 248 5231 terii
260 5180 332 5234 tui
350 5182 443 5253 pia
464 5181 669 5237 famuli
688 5181 773 5235 tui
793 5180 1098 5237 devotione
1121 5182 1455 5251 formatum,
1476 5200 1544 5238 ea
1565 5200 1726 5239 sanc-

143 5267 411 5330 tiﬁcatione
436 5275 801 5347 perfundere,
832 5291 947 5347 qua
969 5275 1385 5332 Melchisedech
1413 5277 1617 5333 famuli
1646 5278 1731 5333 tui

145 5365 387 5419 sacratum
414 5365 647 5420 calicem
674 5365 1015 5437 perfudisti;
1054 5371 1113 5422 et
1137 5367 1293 5440 quod
1322 5371 1445 5423 arte
1479 5370 1567 5424 vel
1606 5385 1728 5425 me-

145 5452 254 5509 talio
279 5457 419 5513 efﬁci
446 5476 563 5514 non
586 5461 780 5531 potest
802 5458 1079 5515 altaribus
1098 5462 1210 5516 tuis
1231 5461 1495 5533 dignum,
1514 5462 1616 5518 ﬂat
1635 5466 1733 5517 tua

145 5541 504 5609 benedictione
537 5552 872 5625 pretiosum.

150 5675 227 5791 ibi:
246 5667 360 5724 Haec
383 5675 441 5726 et
471 5672 773 5745 sequentia
796 5672 856 5728 in
890 5671 1105 5729 Ordine
1132 5674 1415 5743 Romano,
1449 5675 1548 5730 sed
1569 5675 1736 5747 plura

206 5807 229 5849 δ
247 5809 371 5869 Alia
391 5813 676 5871 orationes
695 5814 955 5889 aliusque
968 5816 1124 5889 regis
1134 5815 1516 5873 benedicendi
1529 5817 1735 5874 modus

434 5910 705 5983 ΡΑτιιοι..
753 5914 990 5981 LXXII.

1826 4655 2022 4710 liberis
2040 4655 2146 4711 tibi
2172 4652 2463 4709 mentibus
2494 4650 2827 4707 serviamus.

1900 4822 2279 4896 Omnipotens
2296 4744 2648 4893 sempitiatfrli:
2668 4743 2835 4886 3121‘s,
2854 4815 2953 4891 qui
2978 4816 3173 4891 regnis
3194 4816 3464 4877 omnibus

1829 4920 2047 4974 aeterno
2080 4915 2399 4972 dominaris
2429 4913 2697 4986 imperio,
2727 4912 2942 4967 inclina
2958 4911 3030 4967 ad
3052 4929 3253 4984 preces
3277 4915 3465 4971 humi-

1830 5010 2007 5066 litatis
2024 5013 2232 5065 nostra:
2254 5024 2422 5084 aures
2436 5007 2846 5063 misericordiae
2860 5004 2922 5080 3
2932 5003 2981 5079 1
2997 5005 3053 5078 7
3072 5011 3201 5076 tuae,
3225 5012 3283 5063 et
3295 5009 3465 5064 Fran-

1830 5120 2030 5161 corum
2045 5103 2212 5175 regni
2226 5102 2423 5158 adesto
2446 5098 2826 5173 principibus;
2849 5104 2915 5155 ut
2929 5103 3029 5156 tua
3048 5101 3463 5173 tranquillitate

1831 5200 2166 5265 clementes,
2195 5200 2293 5251 tua
2321 5212 2553 5268 semper
2582 5194 2696 5249 sint
2728 5193 2937 5248 virtute
2972 5195 3233 5252 victores.
3262 5197 3386 5249 Per.

2583 5287 2712 5339 Alia.

1902 5366 2283 5439 Omnipotens
2305 5370 2363 5422 et
2384 5364 2712 5420 misericors
2731 5365 2897 5431 Deus,
2918 5361 3079 5431 cujus
3108 5376 3354 5436 regnum
3380 5364 3465 5418 est

1832 5461 2094 5517 omnium
2115 5461 2474 5528 saeculorum,
2490 5456 2937 5533 supplicationes
2958 5459 3186 5511 nostras
3209 5457 3459 5512 clemen-

1833 5560 1921 5611 ter
1933 5554 2223 5624 exaudi,et
2233 5555 2583 5610 Francorum
2595 5566 2802 5623 regum
2811 5545 2913 5604 tibi
2924 5546 3223 5606 subditum
3232 5552 3466 5621 protege
3497 5570 3504 5576 ~

1834 5672 1893 5727 in
1915 5671 2129 5728 Ordine
2162 5671 2448 5736 Romano,
2478 5672 2537 5724 et
2566 5666 2719 5740 apud
2747 5660 3097 5723 Menardum
3122 5666 3182 5725 in
3202 5663 3467 5723 unctione

1832 5759 2039 5815 regum
2068 5743 2435 5797 Francorum.

3094 5912 3170 5974 11
