  <div class='ocr_page' id='page_1' title='image "/cluster/home/n/w/nwhite01/storage/ocr_20150623/72/uva.x000827084/201.png"; bbox 0 0 4014 6230; ppageno 0'>
   <div class='ocr_carea' id='block_1_1' title="bbox 475 258 2163 361">
    <p class='ocr_par' dir='ltr' id='par_1_1' title="bbox 475 275 2163 361">
     <span class='ocr_line' id='line_1_1' title="bbox 475 275 2163 361; baseline -0.018 -4"><span class='ocrx_word' id='word_1_1' title='bbox 475 308 567 361; x_wconf 75' lang='lat' dir='ltr'>33f</span> <span class='ocrx_word' id='word_1_2' title='bbox 1266 285 1594 345; x_wconf 61' lang='lat' dir='ltr'>APPENDIX</span> <span class='ocrx_word' id='word_1_3' title='bbox 1634 283 1721 336; x_wconf 69' lang='lat' dir='ltr'>AD</span> <span class='ocrx_word' id='word_1_4' title='bbox 1758 278 1979 333; x_wconf 75' lang='lat' dir='ltr'>OPERA</span> <span class='ocrx_word' id='word_1_5' title='bbox 2019 275 2163 329; x_wconf 70' lang='lat' dir='ltr'>SANt</span> 
     </span>
    </p>
   </div>
   <div class='ocr_carea' id='block_1_2' title="bbox 2278 258 3058 361">
    <p class='ocr_par' dir='ltr' id='par_1_2' title="bbox 2290 258 3058 324">
     <span class='ocr_line' id='line_1_2' title="bbox 2290 258 3058 324; baseline -0.022 1"><span class='ocrx_word' id='word_1_6' title='bbox 2290 267 2586 324; x_wconf 72' lang='lat' dir='ltr'>GERMANI</span> <span class='ocrx_word' id='word_1_7' title='bbox 2630 258 3058 319; x_wconf 76' lang='lat' dir='ltr'>PABISIENSIS.</span> 
     </span>
    </p>
   </div>
   <div class='ocr_carea' id='block_1_3' title="bbox 474 384 2197 486">
    <p class='ocr_par' dir='ltr' id='par_1_3' title="bbox 474 384 2197 486">
     <span class='ocr_line' id='line_1_3' title="bbox 474 384 2197 486; baseline -0.02 -19"><span class='ocrx_word' id='word_1_8' title='bbox 474 410 884 486; x_wconf 81' lang='lat' dir='ltr'>principatum,</span> <span class='ocrx_word' id='word_1_9' title='bbox 921 408 982 457; x_wconf 91' lang='lat' dir='ltr'>ut</span> <span class='ocrx_word' id='word_1_10' title='bbox 1024 402 1081 456; x_wconf 90' lang='lat' dir='ltr'>in</span> <span class='ocrx_word' id='word_1_11' title='bbox 1111 404 1210 455; x_wconf 90' lang='lat' dir='ltr'>tua</span> <span class='ocrx_word' id='word_1_12' title='bbox 1234 398 1441 453; x_wconf 73' lang='lat' dir='ltr'>virtute</span> <span class='ocrx_word' id='word_1_13' title='bbox 1465 392 1735 455; x_wconf 83' lang='lat' dir='ltr'>ﬁdentes,</span> <span class='ocrx_word' id='word_1_14' title='bbox 1765 390 1823 441; x_wconf 89' lang='lat' dir='ltr'>et</span> <span class='ocrx_word' id='word_1_15' title='bbox 1858 384 1961 438; x_wconf 94' lang='lat' dir='ltr'>tibi</span> <span class='ocrx_word' id='word_1_16' title='bbox 1991 384 2111 453; x_wconf 90' lang='lat' dir='ltr'>pla-</span> <span class='ocrx_word' id='word_1_17' title='bbox 2138 397 2197 469; x_wconf 76' lang='grc' dir='ltr'><strong>Α</strong></span> 
     </span>
    </p>
   </div>
   <div class='ocr_carea' id='block_1_4' title="bbox 477 483 1914 571">
    <p class='ocr_par' dir='ltr' id='par_1_4' title="bbox 477 483 1914 571">
     <span class='ocr_line' id='line_1_4' title="bbox 477 483 1914 571; baseline -0.021 -10"><span class='ocrx_word' id='word_1_18' title='bbox 477 507 664 571; x_wconf 89' lang='lat' dir='ltr'>ceant,</span> <span class='ocrx_word' id='word_1_19' title='bbox 696 505 753 556; x_wconf 91' lang='lat' dir='ltr'>et</span> <span class='ocrx_word' id='word_1_20' title='bbox 778 514 950 569; x_wconf 85' lang='lat' dir='ltr'>super</span> <span class='ocrx_word' id='word_1_21' title='bbox 974 495 1171 551; x_wconf 81' lang='lat' dir='ltr'>omnia</span> <span class='ocrx_word' id='word_1_22' title='bbox 1195 506 1375 561; x_wconf 89' lang='lat' dir='ltr'>regna</span> <span class='ocrx_word' id='word_1_23' title='bbox 1400 484 1753 558; x_wconf 62' lang='lat' dir='ltr'>praecellant.</span> <span class='ocrx_word' id='word_1_24' title='bbox 1788 483 1914 535; x_wconf 91' lang='lat' dir='ltr'>Per.</span> 
     </span>
    </p>
   </div>
   <div class='ocr_carea' id='block_1_5' title="bbox 1156 575 1436 630">
    <p class='ocr_par' dir='ltr' id='par_1_5' title="bbox 1156 575 1436 630">
     <span class='ocr_line' id='line_1_5' title="bbox 1156 575 1436 630; baseline -0.025 0"><span class='ocrx_word' id='word_1_25' title='bbox 1156 583 1285 630; x_wconf 85' lang='lat' dir='ltr'>Item</span> <span class='ocrx_word' id='word_1_26' title='bbox 1319 575 1436 626; x_wconf 88' lang='lat' dir='ltr'>alia.</span> 
     </span>
    </p>
   </div>
   <div class='ocr_carea' id='block_1_6' title="bbox 550 635 2120 733">
    <p class='ocr_par' dir='ltr' id='par_1_6' title="bbox 550 635 2120 733">
     <span class='ocr_line' id='line_1_6' title="bbox 550 635 2120 733; baseline -0.021 -12"><span class='ocrx_word' id='word_1_27' title='bbox 550 662 929 733; x_wconf 86' lang='lat' dir='ltr'>Omnipotens</span> <span class='ocrx_word' id='word_1_28' title='bbox 972 652 1323 724; x_wconf 89' lang='lat' dir='ltr'>sempiterne</span> <span class='ocrx_word' id='word_1_29' title='bbox 1362 650 1529 710; x_wconf 88' lang='lat' dir='ltr'>Deus,</span> <span class='ocrx_word' id='word_1_30' title='bbox 1572 644 1633 697; x_wconf 91' lang='lat' dir='ltr'>in</span> <span class='ocrx_word' id='word_1_31' title='bbox 1669 640 1831 711; x_wconf 85' lang='lat' dir='ltr'>cujus</span> <span class='ocrx_word' id='word_1_32' title='bbox 1883 635 2120 692; x_wconf 91' lang='lat' dir='ltr'>arbitrio</span> 
     </span>
    </p>
   </div>
   <div class='ocr_carea' id='block_1_7' title="bbox 480 737 2121 829">
    <p class='ocr_par' dir='ltr' id='par_1_7' title="bbox 480 737 2121 829">
     <span class='ocr_line' id='line_1_7' title="bbox 480 737 2121 829; baseline -0.021 -14"><span class='ocrx_word' id='word_1_33' title='bbox 480 771 798 829; x_wconf 86' lang='lat' dir='ltr'>regnorum</span> <span class='ocrx_word' id='word_1_34' title='bbox 834 750 1097 806; x_wconf 92' lang='lat' dir='ltr'>omnium</span> <span class='ocrx_word' id='word_1_35' title='bbox 1116 746 1250 816; x_wconf 85' lang='lat' dir='ltr'>jura</span> <span class='ocrx_word' id='word_1_36' title='bbox 1280 740 1620 801; x_wconf 89' lang='lat' dir='ltr'>consistunt,</span> <span class='ocrx_word' id='word_1_37' title='bbox 1652 737 1895 806; x_wconf 89' lang='lat' dir='ltr'>protege</span> <span class='ocrx_word' id='word_1_38' title='bbox 1917 745 2121 801; x_wconf 88' lang='lat' dir='ltr'>regum</span> 
     </span>
    </p>
   </div>
   <div class='ocr_carea' id='block_1_8' title="bbox 481 831 2124 907">
    <p class='ocr_par' dir='ltr' id='par_1_8' title="bbox 481 831 2124 907">
     <span class='ocr_line' id='line_1_8' title="bbox 481 831 2124 907; baseline -0.021 2"><span class='ocrx_word' id='word_1_39' title='bbox 481 855 834 907; x_wconf 80' lang='lat' dir='ltr'>Francorum</span> <span class='ocrx_word' id='word_1_40' title='bbox 868 840 1122 899; x_wconf 84' lang='lat' dir='ltr'>nominis</span> <span class='ocrx_word' id='word_1_41' title='bbox 1160 836 1372 907; x_wconf 89' lang='lat' dir='ltr'>ubique</span> <span class='ocrx_word' id='word_1_42' title='bbox 1404 835 1677 895; x_wconf 90' lang='lat' dir='ltr'>rectores,</span> <span class='ocrx_word' id='word_1_43' title='bbox 1712 831 1775 881; x_wconf 90' lang='lat' dir='ltr'>ut</span> <span class='ocrx_word' id='word_1_44' title='bbox 1801 841 2004 880; x_wconf 90' lang='lat' dir='ltr'>eorum</span> <span class='ocrx_word' id='word_1_45' title='bbox 2032 839 2124 877; x_wconf 87' lang='lat' dir='ltr'>vo-</span> 
     </span>
    </p>
   </div>
   <div class='ocr_carea' id='block_1_9' title="bbox 483 920 2119 1015">
    <p class='ocr_par' dir='ltr' id='par_1_9' title="bbox 483 920 2119 1015">
     <span class='ocr_line' id='line_1_9' title="bbox 483 920 2119 1015; baseline -0.019 -15"><span class='ocrx_word' id='word_1_46' title='bbox 483 947 598 1001; x_wconf 84' lang='lat' dir='ltr'>tiva</span> <span class='ocrx_word' id='word_1_47' title='bbox 623 939 972 1015; x_wconf 81' lang='lat' dir='ltr'>prosperitas</span> <span class='ocrx_word' id='word_1_48' title='bbox 996 952 1105 1006; x_wconf 91' lang='lat' dir='ltr'>pax</span> <span class='ocrx_word' id='word_1_49' title='bbox 1138 936 1371 987; x_wconf 88' lang='lat' dir='ltr'>tuorum</span> <span class='ocrx_word' id='word_1_50' title='bbox 1394 926 1576 999; x_wconf 81' lang='lat' dir='ltr'>possit</span> <span class='ocrx_word' id='word_1_51' title='bbox 1602 939 1724 976; x_wconf 88' lang='lat' dir='ltr'>esse</span> <span class='ocrx_word' id='word_1_52' title='bbox 1754 920 2119 991; x_wconf 85' lang='lat' dir='ltr'>p0pulorum.</span> 
     </span>
    </p>
   </div>
   <div class='ocr_carea' id='block_1_10' title="bbox 1107 1022 1499 1089">
    <p class='ocr_par' dir='ltr' id='par_1_10' title="bbox 1107 1022 1499 1089">
     <span class='ocr_line' id='line_1_10' title="bbox 1107 1022 1499 1089; baseline -0.02 -13"><span class='ocrx_word' id='word_1_53' title='bbox 1107 1027 1272 1089; x_wconf 83' lang='lat' dir='ltr'>Super</span> <span class='ocrx_word' id='word_1_54' title='bbox 1308 1022 1499 1073; x_wconf 83' lang='lat' dir='ltr'>oblata.</span> 
     </span>
    </p>
   </div>
   <div class='ocr_carea' id='block_1_11' title="bbox 560 1084 2123 1170">
    <p class='ocr_par' dir='ltr' id='par_1_11' title="bbox 560 1084 2123 1170">
     <span class='ocr_line' id='line_1_11' title="bbox 560 1084 2123 1170; baseline -0.019 -5"><span class='ocrx_word' id='word_1_55' title='bbox 560 1106 934 1170; x_wconf 89' lang='lat' dir='ltr'>Sacriﬁcium,</span> <span class='ocrx_word' id='word_1_56' title='bbox 968 1084 1229 1166; x_wconf 75' lang='lat' dir='ltr'>Domine,</span> <span class='ocrx_word' id='word_1_57' title='bbox 1260 1095 1417 1168; x_wconf 89' lang='lat' dir='ltr'>quod</span> <span class='ocrx_word' id='word_1_58' title='bbox 1450 1091 1840 1152; x_wconf 90' lang='lat' dir='ltr'>immolamus,</span> <span class='ocrx_word' id='word_1_59' title='bbox 1866 1084 2123 1145; x_wconf 81' lang='lat' dir='ltr'>intende,</span> 
     </span>
    </p>
   </div>
   <div class='ocr_carea' id='block_1_12' title="bbox 485 1179 2129 1259">
    <p class='ocr_par' dir='ltr' id='par_1_12' title="bbox 485 1179 2129 1259">
     <span class='ocr_line' id='line_1_12' title="bbox 485 1179 2129 1259; baseline -0.019 1"><span class='ocrx_word' id='word_1_60' title='bbox 485 1209 547 1259; x_wconf 91' lang='lat' dir='ltr'>ut</span> <span class='ocrx_word' id='word_1_61' title='bbox 574 1204 644 1258; x_wconf 90' lang='lat' dir='ltr'>ab</span> <span class='ocrx_word' id='word_1_62' title='bbox 677 1199 837 1257; x_wconf 90' lang='lat' dir='ltr'>omni</span> <span class='ocrx_word' id='word_1_63' title='bbox 869 1215 972 1253; x_wconf 92' lang='lat' dir='ltr'>nos</span> <span class='ocrx_word' id='word_1_64' title='bbox 1003 1197 1175 1249; x_wconf 81' lang='lat' dir='ltr'>exuat</span> <span class='ocrx_word' id='word_1_65' title='bbox 1208 1191 1494 1246; x_wconf 88' lang='lat' dir='ltr'>bellorum</span> <span class='ocrx_word' id='word_1_66' title='bbox 1524 1182 1805 1256; x_wconf 83' lang='lat' dir='ltr'>nequitia,</span> <span class='ocrx_word' id='word_1_67' title='bbox 1844 1183 1902 1233; x_wconf 88' lang='lat' dir='ltr'>et</span> <span class='ocrx_word' id='word_1_68' title='bbox 1931 1179 1992 1232; x_wconf 91' lang='lat' dir='ltr'>in</span> <span class='ocrx_word' id='word_1_69' title='bbox 2019 1181 2129 1230; x_wconf 82' lang='lat' dir='ltr'>tuae</span> 
     </span>
    </p>
   </div>
   <div class='ocr_carea' id='block_1_13' title="bbox 487 1269 2131 1371">
    <p class='ocr_par' dir='ltr' id='par_1_13' title="bbox 487 1269 2131 1371">
     <span class='ocr_line' id='line_1_13' title="bbox 487 1269 2131 1371; baseline -0.019 -17"><span class='ocrx_word' id='word_1_70' title='bbox 487 1295 861 1371; x_wconf 88' lang='lat' dir='ltr'>protectionis</span> <span class='ocrx_word' id='word_1_71' title='bbox 901 1289 1207 1345; x_wconf 90' lang='lat' dir='ltr'>securitate</span> <span class='ocrx_word' id='word_1_72' title='bbox 1259 1283 1588 1345; x_wconf 81' lang='lat' dir='ltr'>constituat,</span> <span class='ocrx_word' id='word_1_73' title='bbox 1629 1281 1692 1331; x_wconf 91' lang='lat' dir='ltr'>ut</span> <span class='ocrx_word' id='word_1_74' title='bbox 1738 1278 1796 1329; x_wconf 91' lang='lat' dir='ltr'>et</span> <span class='ocrx_word' id='word_1_75' title='bbox 1843 1291 1877 1327; x_wconf 90' lang='lat' dir='ltr'>a</span> <span class='ocrx_word' id='word_1_76' title='bbox 1920 1269 2131 1326; x_wconf 85' lang='lat' dir='ltr'>nostris</span> 
     </span>
    </p>
   </div>
   <div class='ocr_carea' id='block_1_14' title="bbox 488 1368 2133 1447">
    <p class='ocr_par' dir='ltr' id='par_1_14' title="bbox 488 1368 2133 1447">
     <span class='ocr_line' id='line_1_14' title="bbox 488 1368 2133 1447; baseline -0.019 1"><span class='ocrx_word' id='word_1_77' title='bbox 488 1391 844 1447; x_wconf 88' lang='lat' dir='ltr'>mundemur</span> <span class='ocrx_word' id='word_1_78' title='bbox 894 1382 1147 1447; x_wconf 84' lang='lat' dir='ltr'>occultis,</span> <span class='ocrx_word' id='word_1_79' title='bbox 1197 1383 1255 1432; x_wconf 86' lang='lat' dir='ltr'>et</span> <span class='ocrx_word' id='word_1_80' title='bbox 1293 1378 1364 1433; x_wconf 91' lang='lat' dir='ltr'>ab</span> <span class='ocrx_word' id='word_1_81' title='bbox 1406 1372 1779 1430; x_wconf 87' lang='lat' dir='ltr'>inimicorum</span> <span class='ocrx_word' id='word_1_82' title='bbox 1816 1368 2133 1421; x_wconf 85' lang='lat' dir='ltr'>liberemur</span> 
     </span>
    </p>
   </div>
   <div class='ocr_carea' id='block_1_15' title="bbox 491 1482 736 1540">
    <p class='ocr_par' dir='ltr' id='par_1_15' title="bbox 491 1482 736 1540">
     <span class='ocr_line' id='line_1_15' title="bbox 491 1482 736 1540; baseline -0.02 0"><span class='ocrx_word' id='word_1_83' title='bbox 491 1482 736 1540; x_wconf 86' lang='lat' dir='ltr'>insidiis.</span> 
     </span>
    </p>
   </div>
   <div class='ocr_carea' id='block_1_16' title="bbox 567 1551 2139 1646">
    <p class='ocr_par' dir='ltr' id='par_1_16' title="bbox 567 1551 2139 1646">
     <span class='ocr_line' id='line_1_16' title="bbox 567 1551 2139 1646; baseline -0.018 -14"><span class='ocrx_word' id='word_1_84' title='bbox 567 1575 801 1646; x_wconf 88' lang='lat' dir='ltr'>Suscipe</span> <span class='ocrx_word' id='word_1_85' title='bbox 832 1569 1114 1643; x_wconf 89' lang='lat' dir='ltr'>prepitius</span> <span class='ocrx_word' id='word_1_86' title='bbox 1142 1564 1358 1621; x_wconf 85' lang='lat' dir='ltr'>hostias</span> <span class='ocrx_word' id='word_1_87' title='bbox 1394 1560 1599 1634; x_wconf 87' lang='lat' dir='ltr'>quibus</span> <span class='ocrx_word' id='word_1_88' title='bbox 1625 1561 1683 1612; x_wconf 90' lang='lat' dir='ltr'>et</span> <span class='ocrx_word' id='word_1_89' title='bbox 1711 1560 1765 1610; x_wconf 92' lang='lat' dir='ltr'>te</span> <span class='ocrx_word' id='word_1_90' title='bbox 1806 1551 2021 1627; x_wconf 85' lang='lat' dir='ltr'>placari</span> <span class='ocrx_word' id='word_1_91' title='bbox 2047 1567 2139 1605; x_wconf 88' lang='lat' dir='ltr'>vo—</span> 
     </span>
    </p>
   </div>
   <div class='ocr_carea' id='block_1_17' title="bbox 494 1647 2135 1735">
    <p class='ocr_par' dir='ltr' id='par_1_17' title="bbox 494 1647 2135 1735">
     <span class='ocr_line' id='line_1_17' title="bbox 494 1647 2135 1735; baseline -0.019 -9"><span class='ocrx_word' id='word_1_92' title='bbox 494 1670 668 1735; x_wconf 88' lang='lat' dir='ltr'>luisti,</span> <span class='ocrx_word' id='word_1_93' title='bbox 700 1670 758 1722; x_wconf 87' lang='lat' dir='ltr'>et</span> <span class='ocrx_word' id='word_1_94' title='bbox 788 1665 953 1720; x_wconf 89' lang='lat' dir='ltr'>nobis</span> <span class='ocrx_word' id='word_1_95' title='bbox 974 1664 1220 1716; x_wconf 82' lang='lat' dir='ltr'>salutem</span> <span class='ocrx_word' id='word_1_96' title='bbox 1247 1656 1468 1729; x_wconf 87' lang='lat' dir='ltr'>potenti</span> <span class='ocrx_word' id='word_1_97' title='bbox 1493 1654 1706 1725; x_wconf 85' lang='lat' dir='ltr'>pietate</span> <span class='ocrx_word' id='word_1_98' title='bbox 1728 1648 1984 1703; x_wconf 85' lang='lat' dir='ltr'>restitue.</span> <span class='ocrx_word' id='word_1_99' title='bbox 2010 1647 2135 1700; x_wconf 91' lang='lat' dir='ltr'>Per.</span> 
     </span>
    </p>
   </div>
   <div class='ocr_carea' id='block_1_18' title="bbox 571 1740 2136 1831">
    <p class='ocr_par' dir='ltr' id='par_1_18' title="bbox 571 1740 2136 1831">
     <span class='ocr_line' id='line_1_18' title="bbox 571 1740 2136 1831; baseline -0.017 -16"><span class='ocrx_word' id='word_1_100' title='bbox 571 1765 713 1817; x_wconf 88' lang='lat' dir='ltr'>Vere</span> <span class='ocrx_word' id='word_1_101' title='bbox 742 1760 985 1831; x_wconf 84' lang='lat' dir='ltr'>dignum</span> <span class='ocrx_word' id='word_1_102' title='bbox 1027 1759 1083 1809; x_wconf 91' lang='lat' dir='ltr'>et</span> <span class='ocrx_word' id='word_1_103' title='bbox 1104 1755 1322 1825; x_wconf 90' lang='lat' dir='ltr'>justum</span> <span class='ocrx_word' id='word_1_104' title='bbox 1360 1753 1464 1816; x_wconf 90' lang='lat' dir='ltr'>est,</span> <span class='ocrx_word' id='word_1_105' title='bbox 1499 1761 1729 1817; x_wconf 64' lang='lat' dir='ltr'>aequum</span> <span class='ocrx_word' id='word_1_106' title='bbox 1764 1746 1822 1797; x_wconf 89' lang='lat' dir='ltr'>et</span> <span class='ocrx_word' id='word_1_107' title='bbox 1867 1740 2136 1794; x_wconf 88' lang='lat' dir='ltr'>salutare.</span> 
     </span>
    </p>
   </div>
   <div class='ocr_carea' id='block_1_19' title="bbox 499 1832 2141 1928">
    <p class='ocr_par' dir='ltr' id='par_1_19' title="bbox 499 1832 2141 1928">
     <span class='ocr_line' id='line_1_19' title="bbox 499 1832 2141 1928; baseline -0.018 -16"><span class='ocrx_word' id='word_1_108' title='bbox 499 1854 882 1928; x_wconf 77' lang='lat' dir='ltr'>Agnoscimus</span> <span class='ocrx_word' id='word_1_109' title='bbox 905 1846 1083 1916; x_wconf 62' lang='lat' dir='ltr'>enim,</span> <span class='ocrx_word' id='word_1_110' title='bbox 1104 1845 1343 1903; x_wconf 88' lang='lat' dir='ltr'>Domine</span> <span class='ocrx_word' id='word_1_111' title='bbox 1364 1846 1509 1899; x_wconf 92' lang='lat' dir='ltr'>Deus</span> <span class='ocrx_word' id='word_1_112' title='bbox 1532 1842 1748 1904; x_wconf 87' lang='lat' dir='ltr'>noster,</span> <span class='ocrx_word' id='word_1_113' title='bbox 1772 1832 2141 1905; x_wconf 80' lang='lat' dir='ltr'>agnoscimus</span> 
     </span>
    </p>
   </div>
   <div class='ocr_carea' id='block_1_20' title="bbox 503 1927 2147 2020">
    <p class='ocr_par' dir='ltr' id='par_1_20' title="bbox 503 1927 2147 2020">
     <span class='ocr_line' id='line_1_20' title="bbox 503 1927 2147 2020; baseline -0.018 -15"><span class='ocrx_word' id='word_1_114' title='bbox 503 1927 649 2005; x_wconf 83' lang='lat' dir='ltr'>sicut</span> <span class='ocrx_word' id='word_1_115' title='bbox 670 1945 1005 2020; x_wconf 87' lang='lat' dir='ltr'>prophetica</span> <span class='ocrx_word' id='word_1_116' title='bbox 1034 1940 1254 1995; x_wconf 88' lang='lat' dir='ltr'>dudum</span> <span class='ocrx_word' id='word_1_117' title='bbox 1277 1954 1416 1991; x_wconf 87' lang='lat' dir='ltr'>voce</span> <span class='ocrx_word' id='word_1_118' title='bbox 1440 1936 1680 1988; x_wconf 88' lang='lat' dir='ltr'>testatus</span> <span class='ocrx_word' id='word_1_119' title='bbox 1707 1946 1787 1997; x_wconf 92' lang='lat' dir='ltr'>es,</span> <span class='ocrx_word' id='word_1_120' title='bbox 1812 1927 1885 1982; x_wconf 77' lang='lat' dir='ltr'>a‘d</span> <span class='ocrx_word' id='word_1_121' title='bbox 1910 1942 2147 1997; x_wconf 90' lang='lat' dir='ltr'>peccan-</span> 
     </span>
    </p>
   </div>
   <div class='ocr_carea' id='block_1_21' title="bbox 504 2018 2145 2108">
    <p class='ocr_par' dir='ltr' id='par_1_21' title="bbox 504 2018 2145 2108">
     <span class='ocr_line' id='line_1_21' title="bbox 504 2018 2145 2108; baseline -0.018 -10"><span class='ocrx_word' id='word_1_122' title='bbox 504 2044 652 2098; x_wconf 89' lang='lat' dir='ltr'>tium</span> <span class='ocrx_word' id='word_1_123' title='bbox 676 2039 885 2095; x_wconf 90' lang='lat' dir='ltr'>merita</span> <span class='ocrx_word' id='word_1_124' title='bbox 910 2035 1225 2108; x_wconf 88' lang='lat' dir='ltr'>pertinere,</span> <span class='ocrx_word' id='word_1_125' title='bbox 1272 2032 1333 2084; x_wconf 86' lang='lat' dir='ltr'>ut</span> <span class='ocrx_word' id='word_1_126' title='bbox 1359 2042 1653 2083; x_wconf 90' lang='lat' dir='ltr'>servorum</span> <span class='ocrx_word' id='word_1_127' title='bbox 1684 2027 1915 2078; x_wconf 90' lang='lat' dir='ltr'>tuorum</span> <span class='ocrx_word' id='word_1_128' title='bbox 1952 2018 2145 2073; x_wconf 88' lang='lat' dir='ltr'>labore</span> 
     </span>
    </p>
   </div>
   <div class='ocr_carea' id='block_1_22' title="bbox 509 2113 2150 2210">
    <p class='ocr_par' dir='ltr' id='par_1_22' title="bbox 509 2113 2150 2210">
     <span class='ocr_line' id='line_1_22' title="bbox 509 2113 2150 2210; baseline -0.018 -18"><span class='ocrx_word' id='word_1_129' title='bbox 509 2136 766 2210; x_wconf 68' lang='lat' dir='ltr'>quaesita,</span> <span class='ocrx_word' id='word_1_130' title='bbox 797 2132 899 2187; x_wconf 85' lang='lat' dir='ltr'>sub</span> <span class='ocrx_word' id='word_1_131' title='bbox 944 2130 1255 2199; x_wconf 88' lang='lat' dir='ltr'>conspectu</span> <span class='ocrx_word' id='word_1_132' title='bbox 1282 2126 1478 2179; x_wconf 90' lang='lat' dir='ltr'>nostro</span> <span class='ocrx_word' id='word_1_133' title='bbox 1508 2118 1776 2175; x_wconf 89' lang='lat' dir='ltr'>manibus</span> <span class='ocrx_word' id='word_1_134' title='bbox 1804 2113 2150 2185; x_wconf 87' lang='lat' dir='ltr'>diripiantur</span> 
     </span>
    </p>
   </div>
   <div class='ocr_carea' id='block_1_23' title="bbox 510 2204 2148 2296">
    <p class='ocr_par' dir='ltr' id='par_1_23' title="bbox 510 2204 2148 2296">
     <span class='ocr_line' id='line_1_23' title="bbox 510 2204 2148 2296; baseline -0.018 -10"><span class='ocrx_word' id='word_1_135' title='bbox 510 2230 740 2291; x_wconf 79' lang='lat' dir='ltr'>alienis;</span> <span class='ocrx_word' id='word_1_136' title='bbox 772 2231 829 2280; x_wconf 90' lang='lat' dir='ltr'>et</span> <span class='ocrx_word' id='word_1_137' title='bbox 858 2240 985 2296; x_wconf 76' lang='lat' dir='ltr'>qum</span> <span class='ocrx_word' id='word_1_138' title='bbox 1019 2218 1435 2277; x_wconf 86' lang='lat' dir='ltr'>desudantibus</span> <span class='ocrx_word' id='word_1_139' title='bbox 1466 2213 1699 2270; x_wconf 88' lang='lat' dir='ltr'>famulis</span> <span class='ocrx_word' id='word_1_140' title='bbox 1744 2208 1900 2265; x_wconf 90' lang='lat' dir='ltr'>nasci</span> <span class='ocrx_word' id='word_1_141' title='bbox 1928 2204 2148 2270; x_wconf 85' lang='lat' dir='ltr'>tribuis,</span> 
     </span>
    </p>
   </div>
   <div class='ocr_carea' id='block_1_24' title="bbox 513 2297 2151 2389">
    <p class='ocr_par' dir='ltr' id='par_1_24' title="bbox 513 2297 2151 2389">
     <span class='ocr_line' id='line_1_24' title="bbox 513 2297 2151 2389; baseline -0.018 -10"><span class='ocrx_word' id='word_1_142' title='bbox 513 2325 583 2380; x_wconf 87' lang='lat' dir='ltr'>ab</span> <span class='ocrx_word' id='word_1_143' title='bbox 600 2322 860 2378; x_wconf 78' lang='lat' dir='ltr'>hostibus</span> <span class='ocrx_word' id='word_1_144' title='bbox 876 2315 1112 2389; x_wconf 90' lang='lat' dir='ltr'>patiaris</span> <span class='ocrx_word' id='word_1_145' title='bbox 1130 2311 1385 2377; x_wconf 85' lang='lat' dir='ltr'>absumi;</span> <span class='ocrx_word' id='word_1_146' title='bbox 1405 2312 1646 2378; x_wconf 89' lang='lat' dir='ltr'>totoque</span> <span class='ocrx_word' id='word_1_147' title='bbox 1671 2303 1842 2360; x_wconf 88' lang='lat' dir='ltr'>corde</span> <span class='ocrx_word' id='word_1_148' title='bbox 1860 2297 2151 2373; x_wconf 86' lang='lat' dir='ltr'>prostrati,</span> 
     </span>
    </p>
   </div>
   <div class='ocr_carea' id='block_1_25' title="bbox 514 2392 2157 2488">
    <p class='ocr_par' dir='ltr' id='par_1_25' title="bbox 514 2392 2157 2488">
     <span class='ocr_line' id='line_1_25' title="bbox 514 2392 2157 2488; baseline -0.017 -17"><span class='ocrx_word' id='word_1_149' title='bbox 514 2415 800 2488; x_wconf 86' lang='lat' dir='ltr'>supplices</span> <span class='ocrx_word' id='word_1_150' title='bbox 836 2424 1157 2473; x_wconf 83' lang='lat' dir='ltr'>exoramus,</span> <span class='ocrx_word' id='word_1_151' title='bbox 1202 2410 1265 2459; x_wconf 90' lang='lat' dir='ltr'>ut</span> <span class='ocrx_word' id='word_1_152' title='bbox 1312 2408 1371 2458; x_wconf 88' lang='lat' dir='ltr'>et</span> <span class='ocrx_word' id='word_1_153' title='bbox 1412 2400 1839 2473; x_wconf 64' lang='lat' dir='ltr'>praeteritorum</span> <span class='ocrx_word' id='word_1_154' title='bbox 1875 2392 2157 2449; x_wconf 89' lang='lat' dir='ltr'>concedas</span> 
     </span>
    </p>
   </div>
   <div class='ocr_carea' id='block_1_26' title="bbox 514 2484 2160 2565">
    <p class='ocr_par' dir='ltr' id='par_1_26' title="bbox 514 2484 2160 2565">
     <span class='ocr_line' id='line_1_26' title="bbox 514 2484 2160 2565; baseline -0.017 0"><span class='ocrx_word' id='word_1_155' title='bbox 514 2510 747 2565; x_wconf 85' lang='lat' dir='ltr'>veniam</span> <span class='ocrx_word' id='word_1_156' title='bbox 770 2505 1140 2565; x_wconf 84' lang='lat' dir='ltr'>delictorum;</span> <span class='ocrx_word' id='word_1_157' title='bbox 1161 2503 1219 2553; x_wconf 89' lang='lat' dir='ltr'>et</span> <span class='ocrx_word' id='word_1_158' title='bbox 1237 2500 1586 2552; x_wconf 85' lang='lat' dir='ltr'>Francorum</span> <span class='ocrx_word' id='word_1_159' title='bbox 1604 2490 1768 2563; x_wconf 83' lang='lat' dir='ltr'>regni</span> <span class='ocrx_word' id='word_1_160' title='bbox 1788 2487 2039 2544; x_wconf 90' lang='lat' dir='ltr'>nominis</span> <span class='ocrx_word' id='word_1_161' title='bbox 2056 2484 2160 2539; x_wconf 91' lang='lat' dir='ltr'>ini—</span> 
     </span>
    </p>
   </div>
   <div class='ocr_carea' id='block_1_27' title="bbox 519 2582 2159 2663">
    <p class='ocr_par' dir='ltr' id='par_1_27' title="bbox 519 2582 2159 2663">
     <span class='ocr_line' id='line_1_27' title="bbox 519 2582 2159 2663; baseline -0.017 -5"><span class='ocrx_word' id='word_1_162' title='bbox 519 2604 702 2658; x_wconf 90' lang='lat' dir='ltr'>micos</span> <span class='ocrx_word' id='word_1_163' title='bbox 721 2600 929 2653; x_wconf 89' lang='lat' dir='ltr'>virtute</span> <span class='ocrx_word' id='word_1_164' title='bbox 954 2600 1062 2651; x_wconf 77' lang='lat' dir='ltr'>tuae</span> <span class='ocrx_word' id='word_1_165' title='bbox 1096 2607 1439 2663; x_wconf 88' lang='lat' dir='ltr'>conpremas</span> <span class='ocrx_word' id='word_1_166' title='bbox 1464 2586 1783 2658; x_wconf 88' lang='lat' dir='ltr'>majestatis</span> <span class='ocrx_word' id='word_1_167' title='bbox 1815 2601 1827 2637; x_wconf 87' lang='lat'><strong>:</strong></span> <span class='ocrx_word' id='word_1_168' title='bbox 1859 2582 1995 2653; x_wconf 88' lang='lat' dir='ltr'>quia</span> <span class='ocrx_word' id='word_1_169' title='bbox 2026 2583 2159 2632; x_wconf 89' lang='lat' dir='ltr'>tunc</span> 
     </span>
    </p>
   </div>
   <div class='ocr_carea' id='block_1_28' title="bbox 522 2680 2159 2752">
    <p class='ocr_par' dir='ltr' id='par_1_28' title="bbox 522 2680 2159 2752">
     <span class='ocr_line' id='line_1_28' title="bbox 522 2680 2159 2752; baseline -0.016 0"><span class='ocrx_word' id='word_1_170' title='bbox 522 2694 923 2752; x_wconf 89' lang='lat' dir='ltr'>defensionem</span> <span class='ocrx_word' id='word_1_171' title='bbox 956 2693 1115 2744; x_wconf 88' lang='lat' dir='ltr'>tuam</span> <span class='ocrx_word' id='word_1_172' title='bbox 1151 2703 1269 2741; x_wconf 90' lang='lat' dir='ltr'>non</span> <span class='ocrx_word' id='word_1_173' title='bbox 1306 2683 1622 2739; x_wconf 88' lang='lat' dir='ltr'>difﬁdimus</span> <span class='ocrx_word' id='word_1_174' title='bbox 1650 2680 1998 2741; x_wconf 84' lang='lat' dir='ltr'>adfuturam,</span> <span class='ocrx_word' id='word_1_175' title='bbox 2032 2686 2159 2726; x_wconf 80' lang='lat' dir='ltr'>eiun</span> 
     </span>
    </p>
   </div>
   <div class='ocr_carea' id='block_1_29' title="bbox 522 2763 2165 2851">
    <p class='ocr_par' dir='ltr' id='par_1_29' title="bbox 522 2763 2165 2851">
     <span class='ocr_line' id='line_1_29' title="bbox 522 2763 2165 2851; baseline -0.018 -9"><span class='ocrx_word' id='word_1_176' title='bbox 522 2805 557 2841; x_wconf 91' lang='lat' dir='ltr'>a</span> <span class='ocrx_word' id='word_1_177' title='bbox 577 2785 742 2841; x_wconf 90' lang='lat' dir='ltr'>nobis</span> <span class='ocrx_word' id='word_1_178' title='bbox 763 2800 832 2838; x_wconf 91' lang='lat' dir='ltr'>ea</span> <span class='ocrx_word' id='word_1_179' title='bbox 853 2780 1060 2851; x_wconf 83' lang='lat' dir='ltr'>quibus</span> <span class='ocrx_word' id='word_1_180' title='bbox 1082 2775 1429 2831; x_wconf 78' lang='lat' dir='ltr'>offendimus</span> <span class='ocrx_word' id='word_1_181' title='bbox 1450 2771 1761 2841; x_wconf 88' lang='lat' dir='ltr'>dignanter</span> <span class='ocrx_word' id='word_1_182' title='bbox 1780 2763 2082 2837; x_wconf 78' lang='lat' dir='ltr'>expuleris;</span> <span class='ocrx_word' id='word_1_183' title='bbox 2102 2763 2165 2813; x_wconf 91' lang='lat' dir='ltr'>ut</span> 
     </span>
    </p>
   </div>
   <div class='ocr_carea' id='block_1_30' title="bbox 523 2862 2164 2952">
    <p class='ocr_par' dir='ltr' id='par_1_30' title="bbox 523 2862 2164 2952">
     <span class='ocr_line' id='line_1_30' title="bbox 523 2862 2164 2952; baseline -0.016 -17"><span class='ocrx_word' id='word_1_184' title='bbox 523 2880 769 2952; x_wconf 88' lang='lat' dir='ltr'>populus</span> <span class='ocrx_word' id='word_1_185' title='bbox 799 2879 929 2929; x_wconf 90' lang='lat' dir='ltr'>tuus</span> <span class='ocrx_word' id='word_1_186' title='bbox 958 2871 1093 2927; x_wconf 91' lang='lat' dir='ltr'>ﬁdei</span> <span class='ocrx_word' id='word_1_187' title='bbox 1118 2868 1451 2937; x_wconf 80' lang='lat' dir='ltr'>integritate</span> <span class='ocrx_word' id='word_1_188' title='bbox 1474 2866 1718 2929; x_wconf 70' lang='lat' dir='ltr'>laetetur,</span> <span class='ocrx_word' id='word_1_189' title='bbox 1746 2863 1805 2914; x_wconf 92' lang='lat' dir='ltr'>et</span> <span class='ocrx_word' id='word_1_190' title='bbox 1834 2862 2164 2929; x_wconf 88' lang='lat' dir='ltr'>temporum</span> 
     </span>
    </p>
   </div>
   <div class='ocr_carea' id='block_1_31' title="bbox 523 2952 2160 3043">
    <p class='ocr_par' dir='ltr' id='par_1_31' title="bbox 523 2952 2160 3043">
     <span class='ocr_line' id='line_1_31' title="bbox 523 2952 2160 3043; baseline -0.017 -15"><span class='ocrx_word' id='word_1_191' title='bbox 523 2970 944 3043; x_wconf 88' lang='lat' dir='ltr'>tranquillitate</span> <span class='ocrx_word' id='word_1_192' title='bbox 969 2980 1200 3034; x_wconf 88' lang='lat' dir='ltr'>semper</span> <span class='ocrx_word' id='word_1_193' title='bbox 1213 2962 1444 3015; x_wconf 89' lang='lat' dir='ltr'>exultet.</span> <span class='ocrx_word' id='word_1_194' title='bbox 1469 2961 1574 3013; x_wconf 90' lang='lat' dir='ltr'>Per</span> <span class='ocrx_word' id='word_1_195' title='bbox 1599 2971 1773 3026; x_wconf 89' lang='lat' dir='ltr'>quem</span> <span class='ocrx_word' id='word_1_196' title='bbox 1788 2952 2160 3021; x_wconf 82' lang='lat' dir='ltr'>Majestatcm.</span> 
     </span>
    </p>
   </div>
   <div class='ocr_carea' id='block_1_32' title="bbox 598 3049 2166 3133">
    <p class='ocr_par' dir='ltr' id='par_1_32' title="bbox 598 3049 2166 3133">
     <span class='ocr_line' id='line_1_32' title="bbox 598 3049 2166 3133; baseline -0.017 -12"><span class='ocrx_word' id='word_1_197' title='bbox 598 3069 754 3121; x_wconf 84' lang='lat' dir='ltr'>Hanc</span> <span class='ocrx_word' id='word_1_198' title='bbox 792 3062 967 3133; x_wconf 87' lang='lat' dir='ltr'>igitur</span> <span class='ocrx_word' id='word_1_199' title='bbox 1005 3057 1362 3114; x_wconf 86' lang='lat' dir='ltr'>oblationem</span> <span class='ocrx_word' id='word_1_200' title='bbox 1404 3049 1689 3106; x_wconf 84' lang='lat' dir='ltr'>servitutis</span> <span class='ocrx_word' id='word_1_201' title='bbox 1730 3049 1959 3110; x_wconf 88' lang='lat' dir='ltr'>nostrae,</span> <span class='ocrx_word' id='word_1_202' title='bbox 1991 3056 2166 3113; x_wconf 90' lang='lat' dir='ltr'>quam</span> 
     </span>
    </p>
   </div>
   <div class='ocr_carea' id='block_1_33' title="bbox 3766 242 3869 291">
    <p class='ocr_par' dir='ltr' id='par_1_33' title="bbox 3766 242 3869 291">
     <span class='ocr_line' id='line_1_33' title="bbox 3766 242 3869 291; baseline 0.029 -4"><span class='ocrx_word' id='word_1_203' title='bbox 3766 242 3869 291; x_wconf 72' lang='lat'>332</span> 
     </span>
    </p>
   </div>
   <div class='ocr_carea' id='block_1_34' title="bbox 2219 346 3872 434">
    <p class='ocr_par' dir='ltr' id='par_1_34' title="bbox 2219 346 3872 434">
     <span class='ocr_line' id='line_1_34' title="bbox 2219 346 3872 434; baseline -0.022 0"><span class='ocrx_word' id='word_1_204' title='bbox 2219 375 2561 434; x_wconf 84' lang='lat' dir='ltr'>confessoris</span> <span class='ocrx_word' id='word_1_205' title='bbox 2590 373 2670 427; x_wconf 90' lang='lat' dir='ltr'>tui</span> <span class='ocrx_word' id='word_1_206' title='bbox 2712 368 2919 425; x_wconf 87' lang='lat' dir='ltr'>Helarii</span> <span class='ocrx_word' id='word_1_207' title='bbox 2949 368 3123 434; x_wconf 90' lang='lat' dir='ltr'>atque</span> <span class='ocrx_word' id='word_1_208' title='bbox 3153 354 3439 431; x_wconf 87' lang='lat' dir='ltr'>pontiﬁcis</span> <span class='ocrx_word' id='word_1_209' title='bbox 3461 346 3872 407; x_wconf 86' lang='lat' dir='ltr'>sollemnitate</span> 
     </span>
    </p>
   </div>
   <div class='ocr_carea' id='block_1_35' title="bbox 2220 441 3875 537">
    <p class='ocr_par' dir='ltr' id='par_1_35' title="bbox 2220 441 3875 537">
     <span class='ocr_line' id='line_1_35' title="bbox 2220 441 3875 537; baseline -0.022 -9"><span class='ocrx_word' id='word_1_210' title='bbox 2220 472 2553 533; x_wconf 82' lang='lat' dir='ltr'>deferimus,</span> <span class='ocrx_word' id='word_1_211' title='bbox 2583 470 2646 520; x_wconf 92' lang='lat' dir='ltr'>ut</span> <span class='ocrx_word' id='word_1_212' title='bbox 2676 464 2773 537; x_wconf 90' lang='lat' dir='ltr'>qui</span> <span class='ocrx_word' id='word_1_213' title='bbox 2803 460 2906 516; x_wconf 86' lang='lat' dir='ltr'>tibi</span> <span class='ocrx_word' id='word_1_214' title='bbox 2946 459 3121 529; x_wconf 83' lang='lat' dir='ltr'>digne</span> <span class='ocrx_word' id='word_1_215' title='bbox 3171 450 3386 509; x_wconf 88' lang='lat' dir='ltr'>meruit</span> <span class='ocrx_word' id='word_1_216' title='bbox 3417 442 3718 509; x_wconf 87' lang='lat' dir='ltr'>famulari,</span> <span class='ocrx_word' id='word_1_217' title='bbox 3750 441 3875 510; x_wconf 85' lang='lat' dir='ltr'>ejus</span> 
     </span>
    </p>
   </div>
   <div class='ocr_carea' id='block_1_36' title="bbox 2219 539 3875 621">
    <p class='ocr_par' dir='ltr' id='par_1_36' title="bbox 2219 539 3875 621">
     <span class='ocr_line' id='line_1_36' title="bbox 2219 539 3875 621; baseline -0.022 1"><span class='ocrx_word' id='word_1_218' title='bbox 2219 561 2709 621; x_wconf 86' lang='lat' dir='ltr'>intercedentibus</span> <span class='ocrx_word' id='word_1_219' title='bbox 2727 556 2949 612; x_wconf 86' lang='lat' dir='ltr'>meritis</span> <span class='ocrx_word' id='word_1_220' title='bbox 2968 553 3038 607; x_wconf 89' lang='lat' dir='ltr'>ab</span> <span class='ocrx_word' id='word_1_221' title='bbox 3059 548 3328 605; x_wconf 86' lang='lat' dir='ltr'>omnibus</span> <span class='ocrx_word' id='word_1_222' title='bbox 3349 560 3453 599; x_wconf 90' lang='lat' dir='ltr'>nos</span> <span class='ocrx_word' id='word_1_223' title='bbox 3475 539 3717 595; x_wconf 84' lang='lat' dir='ltr'>absolve</span> <span class='ocrx_word' id='word_1_224' title='bbox 3747 552 3875 606; x_wconf 85' lang='lat' dir='ltr'>pec-</span> 
     </span>
    </p>
   </div>
   <div class='ocr_carea' id='block_1_37' title="bbox 2222 632 3873 728">
    <p class='ocr_par' dir='ltr' id='par_1_37' title="bbox 2222 632 3873 728">
     <span class='ocr_line' id='line_1_37' title="bbox 2222 632 3873 728; baseline -0.023 -11"><span class='ocrx_word' id='word_1_225' title='bbox 2222 661 2361 717; x_wconf 90' lang='lat' dir='ltr'>catis</span> <span class='ocrx_word' id='word_1_226' title='bbox 2389 677 2402 714; x_wconf 89' lang='lat'><strong>:</strong></span> <span class='ocrx_word' id='word_1_227' title='bbox 2434 661 2493 712; x_wconf 91' lang='lat' dir='ltr'>et</span> <span class='ocrx_word' id='word_1_228' title='bbox 2524 657 2757 728; x_wconf 77' lang='lat' dir='ltr'>praesta,</span> <span class='ocrx_word' id='word_1_229' title='bbox 2803 661 3150 722; x_wconf 77' lang='lat' dir='ltr'>quaesumus,</span> <span class='ocrx_word' id='word_1_230' title='bbox 3195 639 3564 709; x_wconf 91' lang='lat' dir='ltr'>omnipotens</span> <span class='ocrx_word' id='word_1_231' title='bbox 3602 635 3785 693; x_wconf 89' lang='lat' dir='ltr'>Deus,</span> <span class='ocrx_word' id='word_1_232' title='bbox 3818 632 3873 680; x_wconf 90' lang='lat' dir='ltr'>ut</span> 
     </span>
    </p>
   </div>
   <div class='ocr_carea' id='block_1_38' title="bbox 2224 724 3880 828">
    <p class='ocr_par' dir='ltr' id='par_1_38' title="bbox 2224 724 3880 828">
     <span class='ocr_line' id='line_1_38' title="bbox 2224 724 3880 828; baseline -0.024 -16"><span class='ocrx_word' id='word_1_233' title='bbox 2224 755 2361 828; x_wconf 87' lang='lat' dir='ltr'>quia</span> <span class='ocrx_word' id='word_1_234' title='bbox 2379 769 2485 808; x_wconf 92' lang='lat' dir='ltr'>nos</span> <span class='ocrx_word' id='word_1_235' title='bbox 2514 752 2708 805; x_wconf 88' lang='lat' dir='ltr'>reatus</span> <span class='ocrx_word' id='word_1_236' title='bbox 2731 747 2942 799; x_wconf 63' lang='lat' dir='ltr'>nostrae</span> <span class='ocrx_word' id='word_1_237' title='bbox 2971 737 3212 795; x_wconf 90' lang='lat' dir='ltr'>actionis</span> <span class='ocrx_word' id='word_1_238' title='bbox 3235 735 3452 805; x_wconf 83' lang='lat' dir='ltr'>gravat,</span> <span class='ocrx_word' id='word_1_239' title='bbox 3483 726 3639 799; x_wconf 91' lang='lat' dir='ltr'>apud</span> <span class='ocrx_word' id='word_1_240' title='bbox 3676 724 3880 779; x_wconf 80' lang='lat' dir='ltr'>ineffa-</span> 
     </span>
    </p>
   </div>
   <div class='ocr_carea' id='block_1_39' title="bbox 2224 817 3879 905">
    <p class='ocr_par' dir='ltr' id='par_1_39' title="bbox 2224 817 3879 905">
     <span class='ocr_line' id='line_1_39' title="bbox 2224 817 3879 905; baseline -0.024 1"><span class='ocrx_word' id='word_1_241' title='bbox 2224 851 2401 905; x_wconf 90' lang='lat' dir='ltr'>bilem</span> <span class='ocrx_word' id='word_1_242' title='bbox 2427 840 2885 900; x_wconf 89' lang='lat' dir='ltr'>misericordiam</span> <span class='ocrx_word' id='word_1_243' title='bbox 2917 838 3076 889; x_wconf 89' lang='lat' dir='ltr'>tuam</span> <span class='ocrx_word' id='word_1_244' title='bbox 3097 830 3253 887; x_wconf 86' lang='lat' dir='ltr'>beati</span> <span class='ocrx_word' id='word_1_245' title='bbox 3280 824 3491 882; x_wconf 88' lang='lat' dir='ltr'>Helarii</span> <span class='ocrx_word' id='word_1_246' title='bbox 3518 817 3879 876; x_wconf 78' lang='lat' dir='ltr'>confessoris</span> 
     </span>
    </p>
   </div>
   <div class='ocr_carea' id='block_1_40' title="bbox 2226 912 3876 1011">
    <p class='ocr_par' dir='ltr' id='par_1_40' title="bbox 2226 912 3876 1011">
     <span class='ocr_line' id='line_1_40' title="bbox 2226 912 3876 1011; baseline -0.023 -11"><span class='ocrx_word' id='word_1_247' title='bbox 2226 944 2311 999; x_wconf 88' lang='lat' dir='ltr'>tui</span> <span class='ocrx_word' id='word_1_248' title='bbox 2327 946 2501 1011; x_wconf 87' lang='lat' dir='ltr'>atque</span> <span class='ocrx_word' id='word_1_249' title='bbox 2516 934 2804 1009; x_wconf 90' lang='lat' dir='ltr'>pontificis</span> <span class='ocrx_word' id='word_1_250' title='bbox 2821 925 3153 985; x_wconf 86' lang='lat' dir='ltr'>intercessio</span> <span class='ocrx_word' id='word_1_251' title='bbox 3177 940 3281 977; x_wconf 91' lang='lat' dir='ltr'>nos</span> <span class='ocrx_word' id='word_1_252' title='bbox 3303 918 3553 992; x_wconf 87' lang='lat' dir='ltr'>gloriosa</span> <span class='ocrx_word' id='word_1_253' title='bbox 3575 912 3876 985; x_wconf 85' lang='lat' dir='ltr'>protegat.</span> 
     </span>
    </p>
   </div>
   <div class='ocr_carea' id='block_1_41' title="bbox 2847 1008 3245 1075">
    <p class='ocr_par' dir='ltr' id='par_1_41' title="bbox 2847 1008 3245 1075">
     <span class='ocr_line' id='line_1_41' title="bbox 2847 1008 3245 1075; baseline -0.025 -12"><span class='ocrx_word' id='word_1_254' title='bbox 2847 1014 3015 1075; x_wconf 84' lang='lat' dir='ltr'>Super</span> <span class='ocrx_word' id='word_1_255' title='bbox 3055 1008 3245 1058; x_wconf 83' lang='lat' dir='ltr'>oblata.</span> 
     </span>
    </p>
   </div>
   <div class='ocr_carea' id='block_1_42' title="bbox 2300 1072 3877 1152">
    <p class='ocr_par' dir='ltr' id='par_1_42' title="bbox 2300 1072 3877 1152">
     <span class='ocr_line' id='line_1_42' title="bbox 2300 1072 3877 1152; baseline -0.023 0"><span class='ocrx_word' id='word_1_256' title='bbox 2300 1094 2493 1152; x_wconf 89' lang='lat' dir='ltr'>Sancti</span> <span class='ocrx_word' id='word_1_257' title='bbox 2521 1072 2959 1147; x_wconf 78' lang='lat' dir='ltr'>confessoristui</span> <span class='ocrx_word' id='word_1_258' title='bbox 2992 1084 3163 1151; x_wconf 88' lang='lat' dir='ltr'>atque</span> <span class='ocrx_word' id='word_1_259' title='bbox 3186 1072 3493 1148; x_wconf 85' lang='lat' dir='ltr'>pontiﬁcis,</span> <span class='ocrx_word' id='word_1_260' title='bbox 3518 1080 3877 1139; x_wconf 66' lang='lat' dir='ltr'>quaesumus.</span> 
     </span>
    </p>
   </div>
   <div class='ocr_carea' id='block_1_43' title="bbox 2229 1157 3880 1255">
    <p class='ocr_par' dir='ltr' id='par_1_43' title="bbox 2229 1157 3880 1255">
     <span class='ocr_line' id='line_1_43' title="bbox 2229 1157 3880 1255; baseline -0.024 -8"><span class='ocrx_word' id='word_1_261' title='bbox 2229 1190 2490 1255; x_wconf 90' lang='lat' dir='ltr'>Domine,</span> <span class='ocrx_word' id='word_1_262' title='bbox 2522 1200 2717 1239; x_wconf 91' lang='lat' dir='ltr'>annua</span> <span class='ocrx_word' id='word_1_263' title='bbox 2755 1175 3110 1234; x_wconf 90' lang='lat' dir='ltr'>sollemnitas</span> <span class='ocrx_word' id='word_1_264' title='bbox 3146 1168 3343 1241; x_wconf 89' lang='lat' dir='ltr'>pietati</span> <span class='ocrx_word' id='word_1_265' title='bbox 3382 1170 3491 1220; x_wconf 65' lang='lat' dir='ltr'>tua}</span> <span class='ocrx_word' id='word_1_266' title='bbox 3527 1178 3635 1217; x_wconf 90' lang='lat' dir='ltr'>nos</span> <span class='ocrx_word' id='word_1_267' title='bbox 3669 1157 3880 1213; x_wconf 86' lang='lat' dir='ltr'>reddat</span> 
     </span>
    </p>
   </div>
   <div class='ocr_carea' id='block_1_44' title="bbox 2232 1251 3877 1354">
    <p class='ocr_par' dir='ltr' id='par_1_44' title="bbox 2232 1251 3877 1354">
     <span class='ocr_line' id='line_1_44' title="bbox 2232 1251 3877 1354; baseline -0.024 -14"><span class='ocrx_word' id='word_1_268' title='bbox 2232 1251 2515 1354; x_wconf 88' lang='lat' dir='ltr'>acceptos,</span> <span class='ocrx_word' id='word_1_269' title='bbox 2548 1281 2611 1331; x_wconf 89' lang='lat' dir='ltr'>ut</span> <span class='ocrx_word' id='word_1_270' title='bbox 2634 1292 2736 1347; x_wconf 90' lang='lat' dir='ltr'>per</span> <span class='ocrx_word' id='word_1_271' title='bbox 2763 1275 2885 1327; x_wconf 75' lang='lat' dir='ltr'>haec</span> <span class='ocrx_word' id='word_1_272' title='bbox 2914 1270 3021 1341; x_wconf 82' lang='lat' dir='ltr'>piae</span> <span class='ocrx_word' id='word_1_273' title='bbox 3049 1261 3357 1321; x_wconf 88' lang='lat' dir='ltr'>oblationis</span> <span class='ocrx_word' id='word_1_274' title='bbox 3389 1257 3602 1322; x_wconf 88' lang='lat' dir='ltr'>ofﬁcia,</span> <span class='ocrx_word' id='word_1_275' title='bbox 3634 1256 3696 1306; x_wconf 90' lang='lat' dir='ltr'>et</span> <span class='ocrx_word' id='word_1_276' title='bbox 3718 1251 3877 1305; x_wconf 88' lang='lat' dir='ltr'>illum</span> 
     </span>
    </p>
   </div>
   <div class='ocr_carea' id='block_1_45' title="bbox 2232 1344 3883 1434">
    <p class='ocr_par' dir='ltr' id='par_1_45' title="bbox 2232 1344 3883 1434">
     <span class='ocr_line' id='line_1_45' title="bbox 2232 1344 3883 1434; baseline -0.024 0"><span class='ocrx_word' id='word_1_277' title='bbox 2232 1344 2404 1434; x_wconf 75' lang='lat' dir='ltr'>beata</span> <span class='ocrx_word' id='word_1_278' title='bbox 2420 1344 2722 1429; x_wconf 77' lang='lat' dir='ltr'>retributio</span> <span class='ocrx_word' id='word_1_279' title='bbox 2746 1365 3075 1426; x_wconf 87' lang='lat' dir='ltr'>comitetur,</span> <span class='ocrx_word' id='word_1_280' title='bbox 3101 1362 3158 1413; x_wconf 91' lang='lat' dir='ltr'>et</span> <span class='ocrx_word' id='word_1_281' title='bbox 3178 1355 3345 1412; x_wconf 91' lang='lat' dir='ltr'>nobis</span> <span class='ocrx_word' id='word_1_282' title='bbox 3364 1351 3568 1424; x_wconf 76' lang='lat' dir='ltr'>gratiae</span> <span class='ocrx_word' id='word_1_283' title='bbox 3590 1352 3709 1402; x_wconf 77' lang='lat' dir='ltr'>tuae</span> <span class='ocrx_word' id='word_1_284' title='bbox 3730 1344 3883 1397; x_wconf 87' lang='lat' dir='ltr'>dona</span> 
     </span>
    </p>
   </div>
   <div class='ocr_carea' id='block_1_46' title="bbox 2236 1468 2689 1528">
    <p class='ocr_par' dir='ltr' id='par_1_46' title="bbox 2236 1468 2689 1528">
     <span class='ocr_line' id='line_1_46' title="bbox 2236 1468 2689 1528; baseline -0.026 1"><span class='ocrx_word' id='word_1_285' title='bbox 2236 1470 2521 1528; x_wconf 87' lang='lat' dir='ltr'>conciliet.</span> <span class='ocrx_word' id='word_1_286' title='bbox 2565 1468 2689 1521; x_wconf 89' lang='lat' dir='ltr'>Per.</span> 
     </span>
    </p>
   </div>
   <div class='ocr_carea' id='block_1_47' title="bbox 2309 1533 3883 1624">
    <p class='ocr_par' dir='ltr' id='par_1_47' title="bbox 2309 1533 3883 1624">
     <span class='ocr_line' id='line_1_47' title="bbox 2309 1533 3883 1624; baseline -0.024 -4"><span class='ocrx_word' id='word_1_287' title='bbox 2309 1561 2681 1624; x_wconf 87' lang='lat' dir='ltr'>Sacriﬁcium,</span> <span class='ocrx_word' id='word_1_288' title='bbox 2704 1554 2967 1618; x_wconf 90' lang='lat' dir='ltr'>Domine,</span> <span class='ocrx_word' id='word_1_289' title='bbox 2992 1546 3148 1620; x_wconf 90' lang='lat' dir='ltr'>quod</span> <span class='ocrx_word' id='word_1_290' title='bbox 3165 1543 3565 1600; x_wconf 89' lang='lat' dir='ltr'>desideranter</span> <span class='ocrx_word' id='word_1_291' title='bbox 3581 1533 3883 1591; x_wconf 79' lang='lat' dir='ltr'>offerimus</span> 
     </span>
    </p>
   </div>
   <div class='ocr_carea' id='block_1_48' title="bbox 2242 1627 3883 1732">
    <p class='ocr_par' dir='ltr' id='par_1_48' title="bbox 2242 1627 3883 1732">
     <span class='ocr_line' id='line_1_48' title="bbox 2242 1627 3883 1732; baseline -0.024 -17"><span class='ocrx_word' id='word_1_292' title='bbox 2242 1662 2472 1732; x_wconf 89' lang='lat' dir='ltr'>gratum</span> <span class='ocrx_word' id='word_1_293' title='bbox 2501 1652 2606 1707; x_wconf 89' lang='lat' dir='ltr'>tibi</span> <span class='ocrx_word' id='word_1_294' title='bbox 2640 1652 2843 1705; x_wconf 87' lang='lat' dir='ltr'>beatus</span> <span class='ocrx_word' id='word_1_295' title='bbox 2887 1642 3146 1699; x_wconf 85' lang='lat' dir='ltr'>Helarius</span> <span class='ocrx_word' id='word_1_296' title='bbox 3176 1637 3523 1705; x_wconf 80' lang='lat' dir='ltr'>suffragator</span> <span class='ocrx_word' id='word_1_297' title='bbox 3552 1627 3793 1691; x_wconf 80' lang='lat' dir='ltr'>efficiat,</span> <span class='ocrx_word' id='word_1_298' title='bbox 3827 1628 3883 1676; x_wconf 87' lang='lat' dir='ltr'>ut</span> 
     </span>
    </p>
   </div>
   <div class='ocr_carea' id='block_1_49' title="bbox 2242 1717 3882 1809">
    <p class='ocr_par' dir='ltr' id='par_1_49' title="bbox 2242 1717 3882 1809">
     <span class='ocr_line' id='line_1_49' title="bbox 2242 1717 3882 1809; baseline -0.024 -1"><span class='ocrx_word' id='word_1_299' title='bbox 2242 1752 2414 1808; x_wconf 89' lang='lat' dir='ltr'>sacris</span> <span class='ocrx_word' id='word_1_300' title='bbox 2437 1746 2730 1809; x_wconf 85' lang='lat' dir='ltr'>altaribus,</span> <span class='ocrx_word' id='word_1_301' title='bbox 2753 1739 3013 1803; x_wconf 90' lang='lat' dir='ltr'>Domine,</span> <span class='ocrx_word' id='word_1_302' title='bbox 3041 1736 3145 1789; x_wconf 90' lang='lat' dir='ltr'>has</span> <span class='ocrx_word' id='word_1_303' title='bbox 3164 1730 3379 1787; x_wconf 88' lang='lat' dir='ltr'>hostias</span> <span class='ocrx_word' id='word_1_304' title='bbox 3402 1721 3799 1797; x_wconf 87' lang='lat' dir='ltr'>superpositas</span> <span class='ocrx_word' id='word_1_305' title='bbox 3828 1717 3882 1769; x_wconf 89' lang='lat' dir='ltr'>in</span> 
     </span>
    </p>
   </div>
   <div class='ocr_carea' id='block_1_50' title="bbox 2244 1827 3346 1907">
    <p class='ocr_par' dir='ltr' id='par_1_50' title="bbox 2244 1827 3346 1907">
     <span class='ocr_line' id='line_1_50' title="bbox 2244 1827 3346 1907; baseline -0.024 -4"><span class='ocrx_word' id='word_1_306' title='bbox 2244 1848 2487 1902; x_wconf 86' lang='lat' dir='ltr'>salutem</span> <span class='ocrx_word' id='word_1_307' title='bbox 2520 1839 2685 1896; x_wconf 90' lang='lat' dir='ltr'>nobis</span> <span class='ocrx_word' id='word_1_308' title='bbox 2715 1832 3018 1907; x_wconf 84' lang='lat' dir='ltr'>provenire</span> <span class='ocrx_word' id='word_1_309' title='bbox 3059 1827 3346 1899; x_wconf 88' lang='lat' dir='ltr'>deposcat.</span> 
     </span>
    </p>
   </div>
   <div class='ocr_carea' id='block_1_51' title="bbox 2315 1910 3881 2000">
    <p class='ocr_par' dir='ltr' id='par_1_51' title="bbox 2315 1910 3881 2000">
     <span class='ocr_line' id='line_1_51' title="bbox 2315 1910 3881 2000; baseline -0.024 -5"><span class='ocrx_word' id='word_1_310' title='bbox 2315 1943 2388 1995; x_wconf 87' lang='lat' dir='ltr'>Ut</span> <span class='ocrx_word' id='word_1_311' title='bbox 2432 1936 2617 2000; x_wconf 88' lang='lat' dir='ltr'>nobis,</span> <span class='ocrx_word' id='word_1_312' title='bbox 2660 1929 2921 1993; x_wconf 89' lang='lat' dir='ltr'>Domine,</span> <span class='ocrx_word' id='word_1_313' title='bbox 2963 1928 3063 1979; x_wconf 89' lang='lat' dir='ltr'>tua</span> <span class='ocrx_word' id='word_1_314' title='bbox 3098 1917 3375 1976; x_wconf 89' lang='lat' dir='ltr'>sacriﬁcia</span> <span class='ocrx_word' id='word_1_315' title='bbox 3422 1914 3565 1968; x_wconf 91' lang='lat' dir='ltr'>dent</span> <span class='ocrx_word' id='word_1_316' title='bbox 3610 1910 3881 1964; x_wconf 83' lang='lat' dir='ltr'>salutem;</span> 
     </span>
    </p>
   </div>
   <div class='ocr_carea' id='block_1_52' title="bbox 2247 2000 3881 2107">
    <p class='ocr_par' dir='ltr' id='par_1_52' title="bbox 2247 2000 3881 2107">
     <span class='ocr_line' id='line_1_52' title="bbox 2247 2000 3881 2107; baseline -0.024 -17"><span class='ocrx_word' id='word_1_317' title='bbox 2247 2047 2574 2107; x_wconf 74' lang='lat' dir='ltr'>quaesumus</span> <span class='ocrx_word' id='word_1_318' title='bbox 2598 2028 2800 2082; x_wconf 87' lang='lat' dir='ltr'>beatus</span> <span class='ocrx_word' id='word_1_319' title='bbox 2832 2020 3138 2077; x_wconf 87' lang='lat' dir='ltr'>Confessor</span> <span class='ocrx_word' id='word_1_320' title='bbox 3167 2018 3299 2068; x_wconf 88' lang='lat' dir='ltr'>tuus</span> <span class='ocrx_word' id='word_1_321' title='bbox 3328 2011 3597 2081; x_wconf 90' lang='lat' dir='ltr'>precator</span> <span class='ocrx_word' id='word_1_322' title='bbox 3632 2000 3881 2057; x_wconf 86' lang='lat' dir='ltr'>accedat.</span> 
     </span>
    </p>
   </div>
   <div class='ocr_carea' id='block_1_53' title="bbox 2248 2121 2884 2187">
    <p class='ocr_par' dir='ltr' id='par_1_53' title="bbox 2248 2121 2884 2187">
     <span class='ocr_line' id='line_1_53' title="bbox 2248 2121 2884 2187; baseline -0.025 -1"><span class='ocrx_word' id='word_1_323' title='bbox 2248 2133 2373 2187; x_wconf 89' lang='lat' dir='ltr'>Per.</span> <span class='ocrx_word' id='word_1_324' title='bbox 2407 2130 2521 2183; x_wconf 86' lang='lat' dir='ltr'>Pax</span> <span class='ocrx_word' id='word_1_325' title='bbox 2544 2122 2643 2176; x_wconf 88' lang='lat' dir='ltr'>ﬁdi</span> <span class='ocrx_word' id='word_1_326' title='bbox 2662 2121 2884 2173; x_wconf 87' lang='lat' dir='ltr'>sancta.</span> 
     </span>
    </p>
   </div>
   <div class='ocr_carea' id='block_1_54' title="bbox 2324 2191 3883 2287">
    <p class='ocr_par' dir='ltr' id='par_1_54' title="bbox 2324 2191 3883 2287">
     <span class='ocr_line' id='line_1_54' title="bbox 2324 2191 3883 2287; baseline -0.024 -11"><span class='ocrx_word' id='word_1_327' title='bbox 2324 2225 2465 2275; x_wconf 81' lang='lat' dir='ltr'>Vere</span> <span class='ocrx_word' id='word_1_328' title='bbox 2508 2218 2749 2287; x_wconf 83' lang='lat' dir='ltr'>dignum</span> <span class='ocrx_word' id='word_1_329' title='bbox 2787 2215 2844 2265; x_wconf 90' lang='lat' dir='ltr'>et</span> <span class='ocrx_word' id='word_1_330' title='bbox 2871 2209 3093 2279; x_wconf 87' lang='lat' dir='ltr'>justum</span> <span class='ocrx_word' id='word_1_331' title='bbox 3132 2204 3237 2267; x_wconf 88' lang='lat' dir='ltr'>est,</span> <span class='ocrx_word' id='word_1_332' title='bbox 3276 2212 3507 2269; x_wconf 69' lang='lat' dir='ltr'>{equum</span> <span class='ocrx_word' id='word_1_333' title='bbox 3532 2197 3592 2248; x_wconf 89' lang='lat' dir='ltr'>et</span> <span class='ocrx_word' id='word_1_334' title='bbox 3624 2191 3883 2245; x_wconf 87' lang='lat' dir='ltr'>salutare.</span> 
     </span>
    </p>
   </div>
   <div class='ocr_carea' id='block_1_55' title="bbox 2257 2285 3886 2381">
    <p class='ocr_par' dir='ltr' id='par_1_55' title="bbox 2257 2285 3886 2381">
     <span class='ocr_line' id='line_1_55' title="bbox 2257 2285 3886 2381; baseline -0.025 -9"><span class='ocrx_word' id='word_1_335' title='bbox 2257 2314 2541 2381; x_wconf 85' lang='lat' dir='ltr'>Quoniam</span> <span class='ocrx_word' id='word_1_336' title='bbox 2570 2300 3026 2363; x_wconf 88' lang='lat' dir='ltr'>ﬁducialitertibi</span> <span class='ocrx_word' id='word_1_337' title='bbox 3054 2295 3239 2352; x_wconf 88' lang='lat' dir='ltr'>laudis</span> <span class='ocrx_word' id='word_1_338' title='bbox 3261 2291 3478 2347; x_wconf 84' lang='lat' dir='ltr'>hostias</span> <span class='ocrx_word' id='word_1_339' title='bbox 3500 2285 3886 2341; x_wconf 73' lang='lat' dir='ltr'>immolemus,</span> 
     </span>
    </p>
   </div>
   <div class='ocr_carea' id='block_1_56' title="bbox 2258 2372 3885 2482">
    <p class='ocr_par' dir='ltr' id='par_1_56' title="bbox 2258 2372 3885 2482">
     <span class='ocr_line' id='line_1_56' title="bbox 2258 2372 3885 2482; baseline -0.025 -17"><span class='ocrx_word' id='word_1_340' title='bbox 2258 2426 2400 2482; x_wconf 86' lang='lat' dir='ltr'>quas</span> <span class='ocrx_word' id='word_1_341' title='bbox 2419 2405 2600 2461; x_wconf 88' lang='lat' dir='ltr'>sancti</span> <span class='ocrx_word' id='word_1_342' title='bbox 2622 2397 2831 2456; x_wconf 88' lang='lat' dir='ltr'>Helarii</span> <span class='ocrx_word' id='word_1_343' title='bbox 2850 2391 3137 2467; x_wconf 83' lang='lat' dir='ltr'>pontiﬁcis</span> <span class='ocrx_word' id='word_1_344' title='bbox 3156 2382 3613 2443; x_wconf 84' lang='lat' dir='ltr'>tuiconfessione</span> <span class='ocrx_word' id='word_1_345' title='bbox 3631 2372 3885 2449; x_wconf 57' lang='lat' dir='ltr'>praesenti</span> 
     </span>
    </p>
   </div>
   <div class='ocr_carea' id='block_1_57' title="bbox 2258 2466 3884 2565">
    <p class='ocr_par' dir='ltr' id='par_1_57' title="bbox 2258 2466 3884 2565">
     <span class='ocr_line' id='line_1_57' title="bbox 2258 2466 3884 2565; baseline -0.025 -6"><span class='ocrx_word' id='word_1_346' title='bbox 2258 2466 2602 2559; x_wconf 63' lang='lat' dir='ltr'>confidimus</span> <span class='ocrx_word' id='word_1_347' title='bbox 2628 2489 3017 2565; x_wconf 84' lang='lat' dir='ltr'>adjubandas;</span> <span class='ocrx_word' id='word_1_348' title='bbox 3046 2489 3109 2539; x_wconf 92' lang='lat' dir='ltr'>ut</span> <span class='ocrx_word' id='word_1_349' title='bbox 3140 2482 3289 2536; x_wconf 89' lang='lat' dir='ltr'>illius</span> <span class='ocrx_word' id='word_1_350' title='bbox 3318 2474 3643 2551; x_wconf 87' lang='lat' dir='ltr'>patrocinio</span> <span class='ocrx_word' id='word_1_351' title='bbox 3667 2488 3773 2524; x_wconf 90' lang='lat' dir='ltr'>nos</span> <span class='ocrx_word' id='word_1_352' title='bbox 3799 2466 3884 2520; x_wconf 87' lang='lat' dir='ltr'>ad-</span> 
     </span>
    </p>
   </div>
   <div class='ocr_carea' id='block_1_58' title="bbox 2253 2561 3887 2670">
    <p class='ocr_par' dir='ltr' id='par_1_58' title="bbox 2253 2561 3887 2670">
     <span class='ocr_line' id='line_1_58' title="bbox 2253 2561 3887 2670; baseline -0.025 -17"><span class='ocrx_word' id='word_1_353' title='bbox 2253 2598 2516 2670; x_wconf 83' lang='lat' dir='ltr'>jubante,</span> <span class='ocrx_word' id='word_1_354' title='bbox 2542 2590 2735 2646; x_wconf 87' lang='lat' dir='ltr'>debita</span> <span class='ocrx_word' id='word_1_355' title='bbox 2746 2582 2967 2639; x_wconf 89' lang='lat' dir='ltr'>nomini</span> <span class='ocrx_word' id='word_1_356' title='bbox 2990 2584 3088 2634; x_wconf 90' lang='lat' dir='ltr'>tuo</span> <span class='ocrx_word' id='word_1_357' title='bbox 3106 2575 3375 2631; x_wconf 86' lang='lat' dir='ltr'>servitute</span> <span class='ocrx_word' id='word_1_358' title='bbox 3387 2572 3740 2643; x_wconf 88' lang='lat' dir='ltr'>placeamus.</span> <span class='ocrx_word' id='word_1_359' title='bbox 3757 2561 3887 2626; x_wconf 85' lang='lat' dir='ltr'>Quia</span> 
     </span>
    </p>
   </div>
   <div class='ocr_carea' id='block_1_59' title="bbox 2263 2656 3886 2746">
    <p class='ocr_par' dir='ltr' id='par_1_59' title="bbox 2263 2656 3886 2746">
     <span class='ocr_line' id='line_1_59' title="bbox 2263 2656 3886 2746; baseline -0.025 0"><span class='ocrx_word' id='word_1_360' title='bbox 2263 2692 2400 2746; x_wconf 88' lang='lat' dir='ltr'>dum</span> <span class='ocrx_word' id='word_1_361' title='bbox 2413 2686 2565 2741; x_wconf 80' lang='lat' dir='ltr'>beati</span> <span class='ocrx_word' id='word_1_362' title='bbox 2585 2682 2733 2737; x_wconf 89' lang='lat' dir='ltr'>illius</span> <span class='ocrx_word' id='word_1_363' title='bbox 2750 2678 2959 2734; x_wconf 89' lang='lat' dir='ltr'>merita</span> <span class='ocrx_word' id='word_1_364' title='bbox 2978 2672 3227 2745; x_wconf 88' lang='lat' dir='ltr'>gloriosa</span> <span class='ocrx_word' id='word_1_365' title='bbox 3242 2678 3609 2727; x_wconf 84' lang='lat' dir='ltr'>veneramur,</span> <span class='ocrx_word' id='word_1_366' title='bbox 3627 2656 3886 2713; x_wconf 85' lang='lat' dir='ltr'>auxilium</span> 
     </span>
    </p>
   </div>
   <div class='ocr_carea' id='block_1_60' title="bbox 2264 2755 3887 2849">
    <p class='ocr_par' dir='ltr' id='par_1_60' title="bbox 2264 2755 3887 2849">
     <span class='ocr_line' id='line_1_60' title="bbox 2264 2755 3887 2849; baseline -0.025 -9"><span class='ocrx_word' id='word_1_367' title='bbox 2264 2783 2429 2840; x_wconf 89' lang='lat' dir='ltr'>nobis</span> <span class='ocrx_word' id='word_1_368' title='bbox 2445 2784 2553 2834; x_wconf 79' lang='lat' dir='ltr'>tuae</span> <span class='ocrx_word' id='word_1_369' title='bbox 2564 2769 2989 2849; x_wconf 88' lang='lat' dir='ltr'>propitiationis</span> <span class='ocrx_word' id='word_1_370' title='bbox 3002 2763 3359 2836; x_wconf 84' lang='lat' dir='ltr'>adquirimus</span> <span class='ocrx_word' id='word_1_371' title='bbox 3375 2777 3387 2826; x_wconf 90' lang='lat'><strong>;</strong></span> <span class='ocrx_word' id='word_1_372' title='bbox 3403 2775 3509 2812; x_wconf 91' lang='lat' dir='ltr'>nec</span> <span class='ocrx_word' id='word_1_373' title='bbox 3532 2755 3887 2824; x_wconf 77' lang='lat' dir='ltr'>desperemus</span> 
     </span>
    </p>
   </div>
   <div class='ocr_carea' id='block_1_61' title="bbox 2267 2844 3886 2939">
    <p class='ocr_par' dir='ltr' id='par_1_61' title="bbox 2267 2844 3886 2939">
     <span class='ocr_line' id='line_1_61' title="bbox 2267 2844 3886 2939; baseline -0.025 -6"><span class='ocrx_word' id='word_1_374' title='bbox 2267 2880 2338 2934; x_wconf 91' lang='lat' dir='ltr'>de</span> <span class='ocrx_word' id='word_1_375' title='bbox 2367 2874 2548 2930; x_wconf 65' lang='lat' dir='ltr'>veniae</span> <span class='ocrx_word' id='word_1_376' title='bbox 2567 2844 2871 2939; x_wconf 68' lang='lat' dir='ltr'>largitate,</span> <span class='ocrx_word' id='word_1_377' title='bbox 2901 2878 3074 2934; x_wconf 91' lang='lat' dir='ltr'>quam</span> <span class='ocrx_word' id='word_1_378' title='bbox 3112 2874 3216 2930; x_wconf 90' lang='lat' dir='ltr'>per</span> <span class='ocrx_word' id='word_1_379' title='bbox 3256 2870 3390 2909; x_wconf 90' lang='lat' dir='ltr'>eum</span> <span class='ocrx_word' id='word_1_380' title='bbox 3432 2850 3529 2923; x_wconf 90' lang='lat' dir='ltr'>qui</span> <span class='ocrx_word' id='word_1_381' title='bbox 3562 2846 3667 2902; x_wconf 85' lang='lat' dir='ltr'>tibi</span> <span class='ocrx_word' id='word_1_382' title='bbox 3700 2844 3886 2916; x_wconf 81' lang='lat' dir='ltr'>placet,</span> 
     </span>
    </p>
   </div>
   <div class='ocr_carea' id='block_1_62' title="bbox 2268 2935 3891 3043">
    <p class='ocr_par' dir='ltr' id='par_1_62' title="bbox 2268 2935 3891 3043">
     <span class='ocr_line' id='line_1_62' title="bbox 2268 2935 3891 3043; baseline -0.025 -16"><span class='ocrx_word' id='word_1_383' title='bbox 2268 2967 2656 3043; x_wconf 84' lang='lat' dir='ltr'>deposcimus:</span> <span class='ocrx_word' id='word_1_384' title='bbox 2674 2961 2809 3033; x_wconf 82' lang='lat' dir='ltr'>quia</span> <span class='ocrx_word' id='word_1_385' title='bbox 2835 2950 3343 3028; x_wconf 87' lang='lat' dir='ltr'>supplicationibus</span> <span class='ocrx_word' id='word_1_386' title='bbox 3366 2943 3574 3001; x_wconf 90' lang='lat' dir='ltr'>nostris</span> <span class='ocrx_word' id='word_1_387' title='bbox 3589 2935 3891 2995; x_wconf 87' lang='lat' dir='ltr'>misericor-</span> 
     </span>
    </p>
   </div>
   <div class='ocr_carea' id='block_1_63' title="bbox 2269 3025 3890 3120">
    <p class='ocr_par' dir='ltr' id='par_1_63' title="bbox 2269 3025 3890 3120">
     <span class='ocr_line' id='line_1_63' title="bbox 2269 3025 3890 3120; baseline -0.026 1"><span class='ocrx_word' id='word_1_388' title='bbox 2269 3025 2424 3120; x_wconf 72' lang='lat' dir='ltr'>diam</span> <span class='ocrx_word' id='word_1_389' title='bbox 2436 3065 2597 3115; x_wconf 88' lang='lat' dir='ltr'>tuam</span> <span class='ocrx_word' id='word_1_390' title='bbox 2611 3025 2957 3112; x_wconf 76' lang='lat' dir='ltr'>conﬁdimus</span> <span class='ocrx_word' id='word_1_391' title='bbox 2968 3047 3321 3109; x_wconf 87' lang='lat' dir='ltr'>adfuturam,</span> <span class='ocrx_word' id='word_1_392' title='bbox 3337 3054 3508 3112; x_wconf 87' lang='lat' dir='ltr'>quam</span> <span class='ocrx_word' id='word_1_393' title='bbox 3521 3034 3678 3090; x_wconf 87' lang='lat' dir='ltr'>beati</span> <span class='ocrx_word' id='word_1_394' title='bbox 3698 3025 3890 3085; x_wconf 85' lang='lat' dir='ltr'>Helarii</span> 
     </span>
    </p>
   </div>
   <div class='ocr_carea' id='block_1_64' title="bbox 526 3122 3891 3224">
    <p class='ocr_par' dir='ltr' id='par_1_64' title="bbox 526 3122 3891 3224">
     <span class='ocr_line' id='line_1_64' title="bbox 526 3122 3891 3224; baseline -0.017 -8"><span class='ocrx_word' id='word_1_395' title='bbox 526 3161 633 3216; x_wconf 90' lang='lat' dir='ltr'>tibi</span> <span class='ocrx_word' id='word_1_396' title='bbox 668 3157 965 3213; x_wconf 80' lang='lat' dir='ltr'>offerimus</span> <span class='ocrx_word' id='word_1_397' title='bbox 1003 3168 1106 3223; x_wconf 89' lang='lat' dir='ltr'>pro</span> <span class='ocrx_word' id='word_1_398' title='bbox 1147 3151 1328 3204; x_wconf 88' lang='lat' dir='ltr'>salute</span> <span class='ocrx_word' id='word_1_399' title='bbox 1364 3150 1422 3201; x_wconf 91' lang='lat' dir='ltr'>et</span> <span class='ocrx_word' id='word_1_400' title='bbox 1456 3140 1851 3198; x_wconf 88' lang='lat' dir='ltr'>incolumitate</span> <span class='ocrx_word' id='word_1_401' title='bbox 1878 3138 1965 3193; x_wconf 85' lang='lat' dir='ltr'>vel</span> <span class='ocrx_word' id='word_1_402' title='bbox 2012 3137 2163 3188; x_wconf 89' lang='lat' dir='ltr'>statu</span> <span class='ocrx_word' id='word_1_403' title='bbox 2185 3150 2239 3224; x_wconf 69' lang='grc' dir='ltr'>Ο</span> <span class='ocrx_word' id='word_1_404' title='bbox 2265 3154 2607 3215; x_wconf 62' lang='lat' dir='ltr'>confessoris</span> <span class='ocrx_word' id='word_1_405' title='bbox 2634 3150 2717 3205; x_wconf 66' lang='lat' dir='ltr'>tui</span> <span class='ocrx_word' id='word_1_406' title='bbox 2744 3145 3028 3219; x_wconf 66' lang='lat' dir='ltr'>poscimus</span> <span class='ocrx_word' id='word_1_407' title='bbox 3057 3138 3387 3195; x_wconf 59' lang='lat' dir='ltr'>interventu</span> <span class='ocrx_word' id='word_1_408' title='bbox 3426 3127 3622 3204; x_wconf 71' lang='grc'>319</span> <span class='ocrx_word' id='word_1_409' title='bbox 3657 3123 3819 3180; x_wconf 49' lang='lat' dir='ltr'>nobis</span> <span class='ocrx_word' id='word_1_410' title='bbox 3845 3122 3891 3172; x_wconf 64' lang='grc' dir='ltr'>ει</span> 
     </span>
    </p>
   </div>
   <div class='ocr_carea' id='block_1_65' title="bbox 526 3230 2167 3323">
    <p class='ocr_par' dir='ltr' id='par_1_65' title="bbox 526 3230 2167 3323">
     <span class='ocr_line' id='line_1_65' title="bbox 526 3230 2167 3323; baseline -0.018 -14"><span class='ocrx_word' id='word_1_411' title='bbox 526 3252 698 3323; x_wconf 86' lang='lat' dir='ltr'>regni</span> <span class='ocrx_word' id='word_1_412' title='bbox 728 3252 1100 3311; x_wconf 84' lang='lat' dir='ltr'>Francorum,</span> <span class='ocrx_word' id='word_1_413' title='bbox 1129 3244 1255 3314; x_wconf 91' lang='lat' dir='ltr'>(pro</span> <span class='ocrx_word' id='word_1_414' title='bbox 1287 3240 1510 3311; x_wconf 88' lang='lat' dir='ltr'>quibus,</span> <span class='ocrx_word' id='word_1_415' title='bbox 1530 3236 1771 3293; x_wconf 90' lang='lat' dir='ltr'>Domine</span> <span class='ocrx_word' id='word_1_416' title='bbox 1798 3230 2167 3301; x_wconf 89' lang='lat' dir='ltr'>omnipotens</span> 
     </span>
    </p>
   </div>
   <div class='ocr_carea' id='block_1_66' title="bbox 530 3323 2168 3412">
    <p class='ocr_par' dir='ltr' id='par_1_66' title="bbox 530 3323 2168 3412">
     <span class='ocr_line' id='line_1_66' title="bbox 530 3323 2168 3412; baseline -0.017 -10"><span class='ocrx_word' id='word_1_417' title='bbox 530 3351 699 3412; x_wconf 88' lang='lat' dir='ltr'>Deus,</span> <span class='ocrx_word' id='word_1_418' title='bbox 732 3342 839 3397; x_wconf 86' lang='lat' dir='ltr'>tibi</span> <span class='ocrx_word' id='word_1_419' title='bbox 862 3339 1148 3411; x_wconf 90' lang='lat' dir='ltr'>supplices</span> <span class='ocrx_word' id='word_1_420' title='bbox 1171 3335 1466 3391; x_wconf 90' lang='lat' dir='ltr'>fundimus</span> <span class='ocrx_word' id='word_1_421' title='bbox 1487 3346 1720 3403; x_wconf 89' lang='lat' dir='ltr'>preces;</span> <span class='ocrx_word' id='word_1_422' title='bbox 1741 3331 1795 3380; x_wconf 92' lang='lat' dir='ltr'>te</span> <span class='ocrx_word' id='word_1_423' title='bbox 1822 3326 1883 3379; x_wconf 92' lang='lat' dir='ltr'>in</span> <span class='ocrx_word' id='word_1_424' title='bbox 1900 3323 2168 3378; x_wconf 89' lang='lat' dir='ltr'>omnibus</span> 
     </span>
    </p>
   </div>
   <div class='ocr_carea' id='block_1_67' title="bbox 533 3426 2172 3503">
    <p class='ocr_par' dir='ltr' id='par_1_67' title="bbox 533 3426 2172 3503">
     <span class='ocr_line' id='line_1_67' title="bbox 533 3426 2172 3503; baseline -0.017 -8"><span class='ocrx_word' id='word_1_425' title='bbox 533 3442 761 3503; x_wconf 89' lang='lat' dir='ltr'>ducem,</span> <span class='ocrx_word' id='word_1_426' title='bbox 786 3439 844 3490; x_wconf 91' lang='lat' dir='ltr'>te</span> <span class='ocrx_word' id='word_1_427' title='bbox 867 3435 925 3488; x_wconf 92' lang='lat' dir='ltr'>in</span> <span class='ocrx_word' id='word_1_428' title='bbox 949 3432 1219 3503; x_wconf 90' lang='lat' dir='ltr'>omnibus</span> <span class='ocrx_word' id='word_1_429' title='bbox 1237 3429 1343 3483; x_wconf 86' lang='lat' dir='ltr'>viis</span> <span class='ocrx_word' id='word_1_430' title='bbox 1364 3426 1480 3480; x_wconf 91' lang='lat' dir='ltr'>suis</span> <span class='ocrx_word' id='word_1_431' title='bbox 1499 3426 1889 3497; x_wconf 89' lang='lat' dir='ltr'>protectorem</span> <span class='ocrx_word' id='word_1_432' title='bbox 1910 3433 2172 3471; x_wconf 88' lang='lat' dir='ltr'>merean-</span> 
     </span>
    </p>
   </div>
   <div class='ocr_carea' id='block_1_68' title="bbox 534 3509 2167 3600">
    <p class='ocr_par' dir='ltr' id='par_1_68' title="bbox 534 3509 2167 3600">
     <span class='ocr_line' id='line_1_68' title="bbox 534 3509 2167 3600; baseline -0.017 -12"><span class='ocrx_word' id='word_1_433' title='bbox 534 3538 630 3589; x_wconf 90' lang='lat' dir='ltr'>tur</span> <span class='ocrx_word' id='word_1_434' title='bbox 672 3528 908 3600; x_wconf 88' lang='lat' dir='ltr'>habere)</span> <span class='ocrx_word' id='word_1_435' title='bbox 941 3542 1283 3599; x_wconf 65' lang='lat' dir='ltr'>quaesumus,</span> <span class='ocrx_word' id='word_1_436' title='bbox 1312 3520 1575 3585; x_wconf 89' lang='lat' dir='ltr'>Domine,</span> <span class='ocrx_word' id='word_1_437' title='bbox 1613 3518 1675 3571; x_wconf 88' lang='lat' dir='ltr'>ut</span> <span class='ocrx_word' id='word_1_438' title='bbox 1702 3514 1959 3586; x_wconf 88' lang='lat' dir='ltr'>placatus</span> <span class='ocrx_word' id='word_1_439' title='bbox 1996 3509 2167 3565; x_wconf 88' lang='lat' dir='ltr'>susci-</span> 
     </span>
    </p>
   </div>
   <div class='ocr_carea' id='block_1_69' title="bbox 540 3627 838 3701">
    <p class='ocr_par' dir='ltr' id='par_1_69' title="bbox 540 3627 838 3701">
     <span class='ocr_line' id='line_1_69' title="bbox 540 3627 838 3701; baseline -0.013 -19"><span class='ocrx_word' id='word_1_440' title='bbox 540 3627 684 3701; x_wconf 88' lang='lat' dir='ltr'>pias.</span> <span class='ocrx_word' id='word_1_441' title='bbox 714 3627 838 3680; x_wconf 90' lang='lat' dir='ltr'>Per.</span> 
     </span>
    </p>
   </div>
   <div class='ocr_carea' id='block_1_70' title="bbox 1069 3684 1673 3740">
    <p class='ocr_par' dir='ltr' id='par_1_70' title="bbox 1069 3684 1673 3740">
     <span class='ocr_line' id='line_1_70' title="bbox 1069 3684 1673 3740; baseline -0.018 0"><span class='ocrx_word' id='word_1_442' title='bbox 1069 3691 1189 3740; x_wconf 86' lang='lat' dir='ltr'>Post</span> <span class='ocrx_word' id='word_1_443' title='bbox 1233 3684 1673 3736; x_wconf 89' lang='lat' dir='ltr'>communionem.</span> 
     </span>
    </p>
   </div>
   <div class='ocr_carea' id='block_1_71' title="bbox 607 3746 2179 3839">
    <p class='ocr_par' dir='ltr' id='par_1_71' title="bbox 607 3746 2179 3839">
     <span class='ocr_line' id='line_1_71' title="bbox 607 3746 2179 3839; baseline -0.018 -14"><span class='ocrx_word' id='word_1_444' title='bbox 607 3772 871 3839; x_wconf 90' lang='lat' dir='ltr'>Protege,</span> <span class='ocrx_word' id='word_1_445' title='bbox 900 3763 1163 3829; x_wconf 90' lang='lat' dir='ltr'>Domine,</span> <span class='ocrx_word' id='word_1_446' title='bbox 1195 3760 1447 3814; x_wconf 90' lang='lat' dir='ltr'>famulos</span> <span class='ocrx_word' id='word_1_447' title='bbox 1476 3759 1604 3809; x_wconf 90' lang='lat' dir='ltr'>tuos</span> <span class='ocrx_word' id='word_1_448' title='bbox 1639 3748 1906 3806; x_wconf 88' lang='lat' dir='ltr'>subsidiis</span> <span class='ocrx_word' id='word_1_449' title='bbox 1939 3746 2094 3819; x_wconf 88' lang='lat' dir='ltr'>pacis</span> <span class='ocrx_word' id='word_1_450' title='bbox 2120 3746 2179 3798; x_wconf 90' lang='lat' dir='ltr'>et</span> 
     </span>
    </p>
   </div>
   <div class='ocr_carea' id='block_1_72' title="bbox 538 3843 2174 3936">
    <p class='ocr_par' dir='ltr' id='par_1_72' title="bbox 538 3843 2174 3936">
     <span class='ocr_line' id='line_1_72' title="bbox 538 3843 2174 3936; baseline -0.017 -15"><span class='ocrx_word' id='word_1_451' title='bbox 538 3862 823 3936; x_wconf 86' lang='lat' dir='ltr'>corporis;</span> <span class='ocrx_word' id='word_1_452' title='bbox 853 3863 910 3914; x_wconf 90' lang='lat' dir='ltr'>et</span> <span class='ocrx_word' id='word_1_453' title='bbox 941 3855 1290 3929; x_wconf 88' lang='lat' dir='ltr'>spiritalibus</span> <span class='ocrx_word' id='word_1_454' title='bbox 1322 3849 1619 3905; x_wconf 86' lang='lat' dir='ltr'>enutriens</span> <span class='ocrx_word' id='word_1_455' title='bbox 1645 3843 1954 3910; x_wconf 89' lang='lat' dir='ltr'>alimentis,</span> <span class='ocrx_word' id='word_1_456' title='bbox 1980 3859 2012 3896; x_wconf 90' lang='lat' dir='ltr'>a</span> <span class='ocrx_word' id='word_1_457' title='bbox 2039 3856 2174 3894; x_wconf 91' lang='lat' dir='ltr'>cun-</span> 
     </span>
    </p>
   </div>
   <div class='ocr_carea' id='block_1_73' title="bbox 541 3946 1575 4015">
    <p class='ocr_par' dir='ltr' id='par_1_73' title="bbox 541 3946 1575 4015">
     <span class='ocr_line' id='line_1_73' title="bbox 541 3946 1575 4015; baseline -0.018 -1"><span class='ocrx_word' id='word_1_458' title='bbox 541 3959 646 4015; x_wconf 87' lang='lat' dir='ltr'>ctis</span> <span class='ocrx_word' id='word_1_459' title='bbox 673 3954 933 4011; x_wconf 86' lang='lat' dir='ltr'>hostibus</span> <span class='ocrx_word' id='word_1_460' title='bbox 960 3950 1139 4005; x_wconf 91' lang='lat' dir='ltr'>redde</span> <span class='ocrx_word' id='word_1_461' title='bbox 1174 3962 1421 4001; x_wconf 89' lang='lat' dir='ltr'>securos.</span> <span class='ocrx_word' id='word_1_462' title='bbox 1451 3946 1575 3999; x_wconf 88' lang='lat' dir='ltr'>Per.</span> 
     </span>
    </p>
   </div>
   <div class='ocr_carea' id='block_1_74' title="bbox 1227 4032 1494 4082">
    <p class='ocr_par' dir='ltr' id='par_1_74' title="bbox 1227 4032 1494 4082">
     <span class='ocr_line' id='line_1_74' title="bbox 1227 4032 1494 4082; baseline -0.004 0"><span class='ocrx_word' id='word_1_463' title='bbox 1227 4036 1356 4082; x_wconf 87' lang='lat' dir='ltr'>Item</span> <span class='ocrx_word' id='word_1_464' title='bbox 1379 4032 1494 4082; x_wconf 84' lang='lat' dir='ltr'>alia.</span> 
     </span>
    </p>
   </div>
   <div class='ocr_carea' id='block_1_75' title="bbox 617 4033 2183 4182">
    <p class='ocr_par' dir='ltr' id='par_1_75' title="bbox 617 4033 2183 4182">
     <span class='ocr_line' id='line_1_75' title="bbox 1227 4033 1494 4082; baseline -0.004 0"><span class='ocrx_word' id='word_1_465' title='bbox 1227 4036 1356 4082; x_wconf 87' lang='lat' dir='ltr'>Item</span> <span class='ocrx_word' id='word_1_466' title='bbox 1431 4033 1442 4043; x_wconf 85' lang='lat'><strong>&#39;</strong></span> <span class='ocrx_word' id='word_1_467' title='bbox 1482 4068 1494 4081; x_wconf 92' lang='lat'>.</span> 
     </span>
     <span class='ocr_line' id='line_1_76' title="bbox 617 4033 2183 4182; baseline -0.013 -12"><span class='ocrx_word' id='word_1_468' title='bbox 617 4116 874 4171; x_wconf 87' lang='lat' dir='ltr'>Fidelem</span> <span class='ocrx_word' id='word_1_469' title='bbox 906 4110 1183 4182; x_wconf 89' lang='lat' dir='ltr'>populum</span> <span class='ocrx_word' id='word_1_470' title='bbox 1222 4033 1780 4174; x_wconf 41' lang='lat' dir='ltr'>tuumthluaesumus,</span> <span class='ocrx_word' id='word_1_471' title='bbox 1803 4098 2063 4166; x_wconf 90' lang='lat' dir='ltr'>Domine,</span> <span class='ocrx_word' id='word_1_472' title='bbox 2088 4112 2183 4166; x_wconf 89' lang='lat' dir='ltr'>po-</span> 
     </span>
    </p>
   </div>
   <div class='ocr_carea' id='block_1_76' title="bbox 544 4189 2182 4276">
    <p class='ocr_par' dir='ltr' id='par_1_76' title="bbox 544 4189 2182 4276">
     <span class='ocr_line' id='line_1_77' title="bbox 544 4189 2182 4276; baseline -0.015 -10"><span class='ocrx_word' id='word_1_473' title='bbox 544 4210 744 4267; x_wconf 75' lang='lat' dir='ltr'>tentiae</span> <span class='ocrx_word' id='word_1_474' title='bbox 787 4211 899 4260; x_wconf 71' lang='lat' dir='ltr'>tute</span> <span class='ocrx_word' id='word_1_475' title='bbox 937 4200 1130 4276; x_wconf 77' lang='grc'>318</span> <span class='ocrx_word' id='word_1_476' title='bbox 1161 4198 1388 4254; x_wconf 89' lang='lat' dir='ltr'>muniat</span> <span class='ocrx_word' id='word_1_477' title='bbox 1428 4196 1635 4251; x_wconf 89' lang='lat' dir='ltr'>invicta</span> <span class='ocrx_word' id='word_1_478' title='bbox 1674 4192 1964 4257; x_wconf 89' lang='lat' dir='ltr'>defensio,</span> <span class='ocrx_word' id='word_1_479' title='bbox 1996 4192 2058 4244; x_wconf 90' lang='lat' dir='ltr'>ut</span> <span class='ocrx_word' id='word_1_480' title='bbox 2088 4189 2182 4260; x_wconf 89' lang='lat' dir='ltr'>pio</span> 
     </span>
    </p>
   </div>
   <div class='ocr_carea' id='block_1_77' title="bbox 467 4284 2186 4375">
    <p class='ocr_par' dir='ltr' id='par_1_77' title="bbox 467 4284 2186 4375">
     <span class='ocr_line' id='line_1_78' title="bbox 467 4284 2186 4375; baseline -0.015 -15"><span class='ocrx_word' id='word_1_481' title='bbox 467 4303 473 4311; x_wconf 76' lang='grc'><em>’</em></span> <span class='ocrx_word' id='word_1_482' title='bbox 546 4318 779 4375; x_wconf 89' lang='lat' dir='ltr'>semper</span> <span class='ocrx_word' id='word_1_483' title='bbox 808 4297 910 4354; x_wconf 89' lang='lat' dir='ltr'>tibi</span> <span class='ocrx_word' id='word_1_484' title='bbox 943 4299 1182 4352; x_wconf 88' lang='lat' dir='ltr'>devotus</span> <span class='ocrx_word' id='word_1_485' title='bbox 1214 4292 1441 4357; x_wconf 79' lang='lat' dir='ltr'>affectu,</span> <span class='ocrx_word' id='word_1_486' title='bbox 1476 4294 1535 4344; x_wconf 90' lang='lat' dir='ltr'>et</span> <span class='ocrx_word' id='word_1_487' title='bbox 1559 4290 1630 4344; x_wconf 90' lang='lat' dir='ltr'>ab</span> <span class='ocrx_word' id='word_1_488' title='bbox 1664 4286 1890 4342; x_wconf 91' lang='lat' dir='ltr'>infestis</span> <span class='ocrx_word' id='word_1_489' title='bbox 1911 4284 2186 4338; x_wconf 90' lang='lat' dir='ltr'>liberetur</span> 
     </span>
    </p>
   </div>
   <div class='ocr_carea' id='block_1_78' title="bbox 548 4379 2182 4461">
    <p class='ocr_par' dir='ltr' id='par_1_78' title="bbox 548 4379 2182 4461">
     <span class='ocr_line' id='line_1_79' title="bbox 548 4379 2182 4461; baseline -0.013 -8"><span class='ocrx_word' id='word_1_490' title='bbox 548 4396 817 4461; x_wconf 90' lang='lat' dir='ltr'>inimicis,</span> <span class='ocrx_word' id='word_1_491' title='bbox 848 4393 991 4447; x_wconf 90' lang='lat' dir='ltr'>etin</span> <span class='ocrx_word' id='word_1_492' title='bbox 1024 4395 1121 4445; x_wconf 89' lang='lat' dir='ltr'>tua</span> <span class='ocrx_word' id='word_1_493' title='bbox 1135 4387 1353 4459; x_wconf 84' lang='lat' dir='ltr'>jugiter</span> <span class='ocrx_word' id='word_1_494' title='bbox 1384 4384 1568 4457; x_wconf 90' lang='lat' dir='ltr'>gratia</span> <span class='ocrx_word' id='word_1_495' title='bbox 1586 4382 1931 4453; x_wconf 89' lang='lat' dir='ltr'>perseveret.</span> <span class='ocrx_word' id='word_1_496' title='bbox 1955 4381 2061 4433; x_wconf 86' lang='lat' dir='ltr'>Per</span> <span class='ocrx_word' id='word_1_497' title='bbox 2075 4379 2182 4432; x_wconf 89' lang='lat' dir='ltr'>Do-</span> 
     </span>
    </p>
   </div>
   <div class='ocr_carea' id='block_1_79' title="bbox 550 4474 1857 4547">
    <p class='ocr_par' dir='ltr' id='par_1_79' title="bbox 550 4474 1857 4547">
     <span class='ocr_line' id='line_1_80' title="bbox 550 4474 1857 4547; baseline -0.017 1"><span class='ocrx_word' id='word_1_498' title='bbox 550 4492 777 4547; x_wconf 89' lang='lat' dir='ltr'>minum</span> <span class='ocrx_word' id='word_1_499' title='bbox 810 4489 1074 4544; x_wconf 87' lang='lat' dir='ltr'>nustrum</span> <span class='ocrx_word' id='word_1_500' title='bbox 1102 4486 1295 4539; x_wconf 87' lang='lat' dir='ltr'>Jesum</span> <span class='ocrx_word' id='word_1_501' title='bbox 1325 4479 1612 4535; x_wconf 83' lang='lat' dir='ltr'>Christum</span> <span class='ocrx_word' id='word_1_502' title='bbox 1636 4474 1857 4529; x_wconf 88' lang='lat' dir='ltr'>Filium.</span> 
     </span>
    </p>
   </div>
   <div class='ocr_carea' id='block_1_80' title="bbox 551 4597 2183 4661">
    <p class='ocr_par' dir='ltr' id='par_1_80' title="bbox 551 4597 2183 4661">
     <span class='ocr_line' id='line_1_81' title="bbox 551 4597 2183 4661; baseline -0.016 0"><span class='ocrx_word' id='word_1_503' title='bbox 551 4607 679 4661; x_wconf 83' lang='lat' dir='ltr'>XIV.</span> <span class='ocrx_word' id='word_1_504' title='bbox 715 4615 1015 4659; x_wconf 78' lang='lat' dir='ltr'>ORATIONES</span> <span class='ocrx_word' id='word_1_505' title='bbox 1060 4613 1124 4652; x_wconf 85' lang='lat' dir='ltr'><strong>ET</strong></span> <span class='ocrx_word' id='word_1_506' title='bbox 1164 4607 1361 4649; x_wconf 69' lang='lat' dir='ltr'>pasces</span> <span class='ocrx_word' id='word_1_507' title='bbox 1401 4607 1453 4646; x_wconf 83' lang='lat' dir='ltr'>1N</span> <span class='ocrx_word' id='word_1_508' title='bbox 1495 4604 1685 4644; x_wconf 75' lang='lat' dir='ltr'>NATALI</span> <span class='ocrx_word' id='word_1_509' title='bbox 1720 4602 1908 4643; x_wconf 75' lang='lat' dir='ltr'>SANCTI</span> <span class='ocrx_word' id='word_1_510' title='bbox 1946 4597 2183 4639; x_wconf 71' lang='lat' dir='ltr'>HELARII.</span> 
     </span>
    </p>
   </div>
   <div class='ocr_carea' id='block_1_81' title="bbox 624 4691 2190 4770">
    <p class='ocr_par' dir='ltr' id='par_1_81' title="bbox 624 4691 2190 4770">
     <span class='ocr_line' id='line_1_82' title="bbox 624 4691 2190 4770; baseline -0.015 -8"><span class='ocrx_word' id='word_1_511' title='bbox 624 4708 883 4770; x_wconf 89' lang='lat' dir='ltr'>Sanctus,</span> <span class='ocrx_word' id='word_1_512' title='bbox 916 4699 1179 4764; x_wconf 90' lang='lat' dir='ltr'>Domine,</span> <span class='ocrx_word' id='word_1_513' title='bbox 1204 4692 1461 4748; x_wconf 86' lang='lat' dir='ltr'>Helarius</span> <span class='ocrx_word' id='word_1_514' title='bbox 1486 4692 1781 4747; x_wconf 86' lang='lat' dir='ltr'>confessor</span> <span class='ocrx_word' id='word_1_515' title='bbox 1804 4691 1935 4743; x_wconf 89' lang='lat' dir='ltr'>tuus</span> <span class='ocrx_word' id='word_1_516' title='bbox 1956 4704 2056 4741; x_wconf 91' lang='lat' dir='ltr'>sua</span> <span class='ocrx_word' id='word_1_517' title='bbox 2088 4702 2190 4739; x_wconf 89' lang='lat' dir='ltr'>nos</span> 
     </span>
    </p>
   </div>
   <div class='ocr_carea' id='block_1_82' title="bbox 554 4781 2191 4858">
    <p class='ocr_par' dir='ltr' id='par_1_82' title="bbox 554 4781 2191 4858">
     <span class='ocr_line' id='line_1_83' title="bbox 554 4781 2191 4858; baseline -0.015 -1"><span class='ocrx_word' id='word_1_518' title='bbox 554 4798 967 4856; x_wconf 88' lang='lat' dir='ltr'>intercessione</span> <span class='ocrx_word' id='word_1_519' title='bbox 1018 4790 1285 4856; x_wconf 79' lang='lat' dir='ltr'>laetiﬁcet,</span> <span class='ocrx_word' id='word_1_520' title='bbox 1333 4788 1391 4841; x_wconf 88' lang='lat' dir='ltr'>et</span> <span class='ocrx_word' id='word_1_521' title='bbox 1433 4786 1529 4858; x_wconf 89' lang='lat' dir='ltr'>pia</span> <span class='ocrx_word' id='word_1_522' title='bbox 1585 4784 1759 4840; x_wconf 87' lang='lat' dir='ltr'>faciat</span> <span class='ocrx_word' id='word_1_523' title='bbox 1803 4781 2191 4838; x_wconf 89' lang='lat' dir='ltr'>sollemnitate</span> 
     </span>
    </p>
   </div>
   <div class='ocr_carea' id='block_1_83' title="bbox 558 4892 1012 4967">
    <p class='ocr_par' dir='ltr' id='par_1_83' title="bbox 558 4892 1012 4967">
     <span class='ocr_line' id='line_1_84' title="bbox 558 4892 1012 4967; baseline -0.024 -17"><span class='ocrx_word' id='word_1_524' title='bbox 558 4893 834 4967; x_wconf 87' lang='lat' dir='ltr'>gaudere.</span> <span class='ocrx_word' id='word_1_525' title='bbox 887 4892 1012 4944; x_wconf 87' lang='lat' dir='ltr'>Per.</span> 
     </span>
    </p>
   </div>
   <div class='ocr_carea' id='block_1_84' title="bbox 628 4963 2196 5067">
    <p class='ocr_par' dir='ltr' id='par_1_84' title="bbox 628 4963 2196 5067">
     <span class='ocr_line' id='line_1_85' title="bbox 628 4963 2196 5067; baseline -0.014 -25"><span class='ocrx_word' id='word_1_526' title='bbox 628 4981 969 5067; x_wconf 78' lang='lat' dir='ltr'>Intercessio</span> <span class='ocrx_word' id='word_1_527' title='bbox 997 4995 1122 5045; x_wconf 90' lang='lat' dir='ltr'>nos,</span> <span class='ocrx_word' id='word_1_528' title='bbox 1153 4990 1481 5047; x_wconf 69' lang='lat' dir='ltr'>quaesumus</span> <span class='ocrx_word' id='word_1_529' title='bbox 1515 4972 1776 5040; x_wconf 90' lang='lat' dir='ltr'>Domine,</span> <span class='ocrx_word' id='word_1_530' title='bbox 1810 4972 2007 5026; x_wconf 88' lang='lat' dir='ltr'>sancta</span> <span class='ocrx_word' id='word_1_531' title='bbox 2040 4963 2196 5022; x_wconf 90' lang='lat' dir='ltr'>beati</span> 
     </span>
    </p>
   </div>
   <div class='ocr_carea' id='block_1_85' title="bbox 560 5065 2200 5140">
    <p class='ocr_par' dir='ltr' id='par_1_85' title="bbox 560 5065 2200 5140">
     <span class='ocr_line' id='line_1_86' title="bbox 560 5065 2200 5140; baseline -0.012 -4"><span class='ocrx_word' id='word_1_532' title='bbox 560 5078 771 5137; x_wconf 86' lang='lat' dir='ltr'>Helarii</span> <span class='ocrx_word' id='word_1_533' title='bbox 805 5071 1198 5138; x_wconf 90' lang='lat' dir='ltr'>commendet,</span> <span class='ocrx_word' id='word_1_534' title='bbox 1218 5073 1281 5123; x_wconf 92' lang='lat' dir='ltr'>ut</span> <span class='ocrx_word' id='word_1_535' title='bbox 1305 5069 1459 5140; x_wconf 88' lang='lat' dir='ltr'>quod</span> <span class='ocrx_word' id='word_1_536' title='bbox 1488 5068 1699 5123; x_wconf 88' lang='lat' dir='ltr'>nostris</span> <span class='ocrx_word' id='word_1_537' title='bbox 1726 5065 1946 5122; x_wconf 87' lang='lat' dir='ltr'>meritis</span> <span class='ocrx_word' id='word_1_538' title='bbox 1972 5080 2089 5118; x_wconf 89' lang='lat' dir='ltr'>non</span> <span class='ocrx_word' id='word_1_539' title='bbox 2109 5077 2200 5117; x_wconf 85' lang='lat' dir='ltr'>va-</span> 
     </span>
    </p>
   </div>
   <div class='ocr_carea' id='block_1_86' title="bbox 560 5162 1883 5241">
    <p class='ocr_par' dir='ltr' id='par_1_86' title="bbox 560 5162 1883 5241">
     <span class='ocr_line' id='line_1_87' title="bbox 560 5162 1883 5241; baseline -0.014 -10"><span class='ocrx_word' id='word_1_540' title='bbox 560 5175 768 5240; x_wconf 90' lang='lat' dir='ltr'>lemus,</span> <span class='ocrx_word' id='word_1_541' title='bbox 804 5170 928 5241; x_wconf 84' lang='lat' dir='ltr'>ejus</span> <span class='ocrx_word' id='word_1_542' title='bbox 956 5163 1290 5239; x_wconf 88' lang='lat' dir='ltr'>patrociniis</span> <span class='ocrx_word' id='word_1_543' title='bbox 1320 5162 1725 5235; x_wconf 87' lang='lat' dir='ltr'>adsequamur.</span> <span class='ocrx_word' id='word_1_544' title='bbox 1758 5162 1883 5215; x_wconf 90' lang='lat' dir='ltr'>Per.</span> 
     </span>
    </p>
   </div>
   <div class='ocr_carea' id='block_1_87' title="bbox 633 5248 2202 5337">
    <p class='ocr_par' dir='ltr' id='par_1_87' title="bbox 633 5248 2202 5337">
     <span class='ocr_line' id='line_1_88' title="bbox 633 5248 2202 5337; baseline -0.012 -14"><span class='ocrx_word' id='word_1_545' title='bbox 633 5262 1065 5337; x_wconf 89' lang='lat' dir='ltr'>Indulgentiam</span> <span class='ocrx_word' id='word_1_546' title='bbox 1100 5259 1288 5326; x_wconf 90' lang='lat' dir='ltr'>nobis,</span> <span class='ocrx_word' id='word_1_547' title='bbox 1330 5258 1592 5325; x_wconf 90' lang='lat' dir='ltr'>Domine,</span> <span class='ocrx_word' id='word_1_548' title='bbox 1637 5270 1982 5327; x_wconf 78' lang='lat' dir='ltr'>quaesumus,</span> <span class='ocrx_word' id='word_1_549' title='bbox 2021 5248 2202 5307; x_wconf 85' lang='lat' dir='ltr'>sancti</span> 
     </span>
    </p>
   </div>
   <div class='ocr_carea' id='block_1_88' title="bbox 562 5345 2200 5423">
    <p class='ocr_par' dir='ltr' id='par_1_88' title="bbox 562 5345 2200 5423">
     <span class='ocr_line' id='line_1_89' title="bbox 562 5345 2200 5423; baseline -0.011 -4"><span class='ocrx_word' id='word_1_550' title='bbox 562 5361 775 5420; x_wconf 83' lang='lat' dir='ltr'>Helarii</span> <span class='ocrx_word' id='word_1_551' title='bbox 819 5353 1166 5414; x_wconf 89' lang='lat' dir='ltr'>confessoris</span> <span class='ocrx_word' id='word_1_552' title='bbox 1202 5353 1281 5407; x_wconf 88' lang='lat' dir='ltr'>tui</span> <span class='ocrx_word' id='word_1_553' title='bbox 1314 5353 1565 5423; x_wconf 88' lang='lat' dir='ltr'>postulet</span> <span class='ocrx_word' id='word_1_554' title='bbox 1596 5349 1700 5403; x_wconf 89' lang='lat' dir='ltr'>tibi</span> <span class='ocrx_word' id='word_1_555' title='bbox 1739 5352 1906 5419; x_wconf 89' lang='lat' dir='ltr'>grata</span> <span class='ocrx_word' id='word_1_556' title='bbox 1925 5345 2200 5421; x_wconf 88' lang='lat' dir='ltr'>precatio,</span> 
     </span>
    </p>
   </div>
   <div class='ocr_carea' id='block_1_89' title="bbox 567 5442 2201 5522">
    <p class='ocr_par' dir='ltr' id='par_1_89' title="bbox 567 5442 2201 5522">
     <span class='ocr_line' id='line_1_90' title="bbox 567 5442 2201 5522; baseline -0.011 -11"><span class='ocrx_word' id='word_1_557' title='bbox 567 5460 628 5510; x_wconf 91' lang='lat' dir='ltr'>ut</span> <span class='ocrx_word' id='word_1_558' title='bbox 651 5459 807 5509; x_wconf 91' lang='lat' dir='ltr'>tuam</span> <span class='ocrx_word' id='word_1_559' title='bbox 827 5458 1058 5522; x_wconf 86' lang='lat' dir='ltr'>semper</span> <span class='ocrx_word' id='word_1_560' title='bbox 1078 5445 1535 5503; x_wconf 89' lang='lat' dir='ltr'>misericordiam</span> <span class='ocrx_word' id='word_1_561' title='bbox 1562 5442 1858 5514; x_wconf 88' lang='lat' dir='ltr'>percipere</span> <span class='ocrx_word' id='word_1_562' title='bbox 1880 5444 2201 5506; x_wconf 87' lang='lat' dir='ltr'>valeamus;</span> 
     </span>
    </p>
   </div>
   <div class='ocr_carea' id='block_1_90' title="bbox 569 5535 2204 5606">
    <p class='ocr_par' dir='ltr' id='par_1_90' title="bbox 569 5535 2204 5606">
     <span class='ocr_line' id='line_1_91' title="bbox 569 5535 2204 5606; baseline -0.01 -2"><span class='ocrx_word' id='word_1_563' title='bbox 569 5545 976 5606; x_wconf 83' lang='lat' dir='ltr'>utintercessjo</span> <span class='ocrx_word' id='word_1_564' title='bbox 995 5544 1147 5599; x_wconf 87' lang='lat' dir='ltr'>illius</span> <span class='ocrx_word' id='word_1_565' title='bbox 1168 5544 1227 5595; x_wconf 89' lang='lat' dir='ltr'>et</span> <span class='ocrx_word' id='word_1_566' title='bbox 1246 5544 1405 5594; x_wconf 88' lang='lat' dir='ltr'>tuam</span> <span class='ocrx_word' id='word_1_567' title='bbox 1418 5536 1583 5591; x_wconf 89' lang='lat' dir='ltr'>nobis</span> <span class='ocrx_word' id='word_1_568' title='bbox 1604 5552 1722 5591; x_wconf 91' lang='lat' dir='ltr'>non</span> <span class='ocrx_word' id='word_1_569' title='bbox 1740 5535 1967 5591; x_wconf 88' lang='lat' dir='ltr'>desinat</span> <span class='ocrx_word' id='word_1_570' title='bbox 1976 5535 2204 5606; x_wconf 85' lang='lat' dir='ltr'>placare</span> 
     </span>
    </p>
   </div>
   <div class='ocr_carea' id='block_1_91' title="bbox 561 5628 2205 5717">
    <p class='ocr_par' dir='ltr' id='par_1_91' title="bbox 561 5628 2205 5717">
     <span class='ocr_line' id='line_1_92' title="bbox 561 5628 2205 5717; baseline -0.01 -18"><span class='ocrx_word' id='word_1_571' title='bbox 561 5642 868 5717; x_wconf 85' lang='lat' dir='ltr'>justitiam,</span> <span class='ocrx_word' id='word_1_572' title='bbox 910 5643 969 5694; x_wconf 90' lang='lat' dir='ltr'>et</span> <span class='ocrx_word' id='word_1_573' title='bbox 1000 5640 1260 5692; x_wconf 90' lang='lat' dir='ltr'>nostram</span> <span class='ocrx_word' id='word_1_574' title='bbox 1290 5631 1393 5685; x_wconf 88' lang='lat' dir='ltr'>tibi</span> <span class='ocrx_word' id='word_1_575' title='bbox 1433 5630 1700 5685; x_wconf 87' lang='lat' dir='ltr'>devotam</span> <span class='ocrx_word' id='word_1_576' title='bbox 1730 5629 1951 5702; x_wconf 91' lang='lat' dir='ltr'>jugiter</span> <span class='ocrx_word' id='word_1_577' title='bbox 1979 5628 2205 5683; x_wconf 89' lang='lat' dir='ltr'>efﬁcere</span> 
     </span>
    </p>
   </div>
   <div class='ocr_carea' id='block_1_92' title="bbox 570 5716 1564 5794">
    <p class='ocr_par' dir='ltr' id='par_1_92' title="bbox 570 5716 1564 5794">
     <span class='ocr_line' id='line_1_93' title="bbox 570 5716 1564 5794; baseline -0.022 0"><span class='ocrx_word' id='word_1_578' title='bbox 570 5738 923 5794; x_wconf 83' lang='lat' dir='ltr'>servitutem.</span> <span class='ocrx_word' id='word_1_579' title='bbox 957 5734 1084 5787; x_wconf 88' lang='lat' dir='ltr'>Per.</span> <span class='ocrx_word' id='word_1_580' title='bbox 1559 5716 1564 5722; x_wconf 76' lang='grc'><em>’</em></span> 
     </span>
    </p>
   </div>
   <div class='ocr_carea' id='block_1_93' title="bbox 644 5816 2210 5895">
    <p class='ocr_par' dir='ltr' id='par_1_93' title="bbox 644 5816 2210 5895">
     <span class='ocr_line' id='line_1_94' title="bbox 644 5816 2210 5895; baseline -0.01 -9"><span class='ocrx_word' id='word_1_581' title='bbox 644 5826 882 5895; x_wconf 83' lang='lat' dir='ltr'>Exaudi,</span> <span class='ocrx_word' id='word_1_582' title='bbox 919 5822 1181 5890; x_wconf 91' lang='lat' dir='ltr'>Domine,</span> <span class='ocrx_word' id='word_1_583' title='bbox 1221 5836 1419 5893; x_wconf 86' lang='lat' dir='ltr'>preces</span> <span class='ocrx_word' id='word_1_584' title='bbox 1466 5822 1711 5888; x_wconf 85' lang='lat' dir='ltr'>nostras,</span> <span class='ocrx_word' id='word_1_585' title='bbox 1756 5834 1897 5891; x_wconf 87' lang='lat' dir='ltr'>quas</span> <span class='ocrx_word' id='word_1_586' title='bbox 1938 5818 1995 5873; x_wconf 92' lang='lat' dir='ltr'>in</span> <span class='ocrx_word' id='word_1_587' title='bbox 2032 5816 2210 5872; x_wconf 86' lang='lat' dir='ltr'>sancti</span> 
     </span>
    </p>
   </div>
   <div class='ocr_carea' id='block_1_94' title="bbox 2266 3222 3891 3315">
    <p class='ocr_par' dir='ltr' id='par_1_94' title="bbox 2266 3222 3891 3315">
     <span class='ocr_line' id='line_1_95' title="bbox 2266 3222 3891 3315; baseline -0.026 -6"><span class='ocrx_word' id='word_1_588' title='bbox 2266 3249 2626 3309; x_wconf 85' lang='lat' dir='ltr'>confessione</span> <span class='ocrx_word' id='word_1_589' title='bbox 2652 3239 2932 3315; x_wconf 80' lang='lat' dir='ltr'>praestari.</span> <span class='ocrx_word' id='word_1_590' title='bbox 2956 3235 3100 3300; x_wconf 86' lang='lat' dir='ltr'>Quia</span> <span class='ocrx_word' id='word_1_591' title='bbox 3124 3233 3259 3286; x_wconf 88' lang='lat' dir='ltr'>licet</span> <span class='ocrx_word' id='word_1_592' title='bbox 3280 3226 3445 3283; x_wconf 89' lang='lat' dir='ltr'>nobis</span> <span class='ocrx_word' id='word_1_593' title='bbox 3460 3222 3753 3278; x_wconf 87' lang='lat' dir='ltr'>medelam</span> <span class='ocrx_word' id='word_1_594' title='bbox 3768 3230 3891 3269; x_wconf 82' lang='lat' dir='ltr'>sem-</span> 
     </span>
    </p>
   </div>
   <div class='ocr_carea' id='block_1_95' title="bbox 2268 3314 3895 3421">
    <p class='ocr_par' dir='ltr' id='par_1_95' title="bbox 2268 3314 3895 3421">
     <span class='ocr_line' id='line_1_96' title="bbox 2268 3314 3895 3421; baseline -0.025 -19"><span class='ocrx_word' id='word_1_595' title='bbox 2268 3364 2372 3421; x_wconf 87' lang='lat' dir='ltr'>per</span> <span class='ocrx_word' id='word_1_596' title='bbox 2407 3345 2678 3415; x_wconf 87' lang='lat' dir='ltr'>operetur</span> <span class='ocrx_word' id='word_1_597' title='bbox 2705 3333 2884 3391; x_wconf 90' lang='lat' dir='ltr'>divini</span> <span class='ocrx_word' id='word_1_598' title='bbox 2915 3326 3225 3385; x_wconf 84' lang='lat' dir='ltr'>celebratio</span> <span class='ocrx_word' id='word_1_599' title='bbox 3257 3314 3645 3382; x_wconf 88' lang='lat' dir='ltr'>Sacramenti,</span> <span class='ocrx_word' id='word_1_600' title='bbox 3671 3324 3895 3385; x_wconf 82' lang='lat' dir='ltr'>propen-</span> 
     </span>
    </p>
   </div>
   <div class='ocr_carea' id='block_1_96' title="bbox 2271 3411 3888 3497">
    <p class='ocr_par' dir='ltr' id='par_1_96' title="bbox 2271 3411 3888 3497">
     <span class='ocr_line' id='line_1_97' title="bbox 2271 3411 3888 3497; baseline -0.025 -1"><span class='ocrx_word' id='word_1_601' title='bbox 2271 3442 2385 3497; x_wconf 90' lang='lat' dir='ltr'>sius</span> <span class='ocrx_word' id='word_1_602' title='bbox 2414 3433 2757 3491; x_wconf 88' lang='lat' dir='ltr'>conﬁdimus</span> <span class='ocrx_word' id='word_1_603' title='bbox 2782 3427 3133 3488; x_wconf 87' lang='lat' dir='ltr'>adfuturam,</span> <span class='ocrx_word' id='word_1_604' title='bbox 3163 3434 3293 3473; x_wconf 90' lang='lat' dir='ltr'>cum</span> <span class='ocrx_word' id='word_1_605' title='bbox 3316 3415 3648 3469; x_wconf 89' lang='lat' dir='ltr'>sanctorum</span> <span class='ocrx_word' id='word_1_606' title='bbox 3680 3411 3888 3461; x_wconf 85' lang='lat' dir='ltr'>tuorum</span> 
     </span>
    </p>
   </div>
   <div class='ocr_carea' id='block_1_97' title="bbox 2273 3498 3891 3590">
    <p class='ocr_par' dir='ltr' id='par_1_97' title="bbox 2273 3498 3891 3590">
     <span class='ocr_line' id='line_1_98' title="bbox 2273 3498 3891 3590; baseline -0.025 0"><span class='ocrx_word' id='word_1_607' title='bbox 2273 3538 2331 3590; x_wconf 91' lang='lat' dir='ltr'>et</span> <span class='ocrx_word' id='word_1_608' title='bbox 2350 3534 2579 3587; x_wconf 90' lang='lat' dir='ltr'>illorum</span> <span class='ocrx_word' id='word_1_609' title='bbox 2609 3522 2834 3580; x_wconf 90' lang='lat' dir='ltr'>meritis</span> <span class='ocrx_word' id='word_1_610' title='bbox 2884 3511 3400 3573; x_wconf 87' lang='lat' dir='ltr'>intervenientibus</span> <span class='ocrx_word' id='word_1_611' title='bbox 3448 3504 3771 3560; x_wconf 80' lang='lat' dir='ltr'>exhibetur.</span> <span class='ocrx_word' id='word_1_612' title='bbox 3804 3498 3891 3551; x_wconf 84' lang='lat' dir='ltr'>Per</span> 
     </span>
    </p>
   </div>
   <div class='ocr_carea' id='block_1_98' title="bbox 2276 3642 2470 3701">
    <p class='ocr_par' dir='ltr' id='par_1_98' title="bbox 2276 3642 2470 3701">
     <span class='ocr_line' id='line_1_99' title="bbox 2276 3642 2470 3701; baseline -0.031 -17"><span class='ocrx_word' id='word_1_613' title='bbox 2276 3642 2470 3701; x_wconf 90' lang='lat' dir='ltr'>quem.</span> 
     </span>
    </p>
   </div>
   <div class='ocr_carea' id='block_1_99' title="bbox 2349 3685 3892 3787">
    <p class='ocr_par' dir='ltr' id='par_1_99' title="bbox 2349 3685 3892 3787">
     <span class='ocr_line' id='line_1_100' title="bbox 2349 3685 3892 3787; baseline -0.024 -12"><span class='ocrx_word' id='word_1_614' title='bbox 2349 3721 2503 3776; x_wconf 88' lang='lat' dir='ltr'>Hanc</span> <span class='ocrx_word' id='word_1_615' title='bbox 2529 3714 2704 3787; x_wconf 89' lang='lat' dir='ltr'>igitur</span> <span class='ocrx_word' id='word_1_616' title='bbox 2732 3707 3087 3766; x_wconf 89' lang='lat' dir='ltr'>oblationem</span> <span class='ocrx_word' id='word_1_617' title='bbox 3125 3696 3409 3757; x_wconf 81' lang='lat' dir='ltr'>servitutis</span> <span class='ocrx_word' id='word_1_618' title='bbox 3442 3696 3677 3757; x_wconf 62' lang='lat' dir='ltr'>nostra},</span> <span class='ocrx_word' id='word_1_619' title='bbox 3717 3685 3808 3743; x_wconf 88' lang='lat' dir='ltr'>sed</span> <span class='ocrx_word' id='word_1_620' title='bbox 3847 3686 3892 3736; x_wconf 81' lang='lat' dir='ltr'>et</span> 
     </span>
    </p>
   </div>
   <div class='ocr_carea' id='block_1_100' title="bbox 2278 3785 3890 3871">
    <p class='ocr_par' dir='ltr' id='par_1_100' title="bbox 2278 3785 3890 3871">
     <span class='ocr_line' id='line_1_101' title="bbox 2278 3785 3890 3871; baseline -0.024 -1"><span class='ocrx_word' id='word_1_621' title='bbox 2278 3816 2499 3870; x_wconf 69' lang='lat' dir='ltr'>cuncta:</span> <span class='ocrx_word' id='word_1_622' title='bbox 2529 3806 2758 3865; x_wconf 68' lang='lat' dir='ltr'>familiae</span> <span class='ocrx_word' id='word_1_623' title='bbox 2790 3807 2922 3870; x_wconf 65' lang='lat' dir='ltr'>tuas,</span> <span class='ocrx_word' id='word_1_624' title='bbox 2953 3815 3130 3871; x_wconf 88' lang='lat' dir='ltr'>quam</span> <span class='ocrx_word' id='word_1_625' title='bbox 3158 3794 3264 3850; x_wconf 91' lang='lat' dir='ltr'>tibi</span> <span class='ocrx_word' id='word_1_626' title='bbox 3293 3790 3591 3847; x_wconf 83' lang='lat' dir='ltr'>offerimus</span> <span class='ocrx_word' id='word_1_627' title='bbox 3616 3786 3678 3840; x_wconf 92' lang='lat' dir='ltr'>in</span> <span class='ocrx_word' id='word_1_628' title='bbox 3699 3785 3890 3838; x_wconf 84' lang='lat' dir='ltr'>honore</span> 
     </span>
    </p>
   </div>
   <div class='ocr_carea' id='block_1_101' title="bbox 2280 3879 3889 3963">
    <p class='ocr_par' dir='ltr' id='par_1_101' title="bbox 2280 3879 3889 3963">
     <span class='ocr_line' id='line_1_102' title="bbox 2280 3879 3889 3963; baseline -0.024 1"><span class='ocrx_word' id='word_1_629' title='bbox 2280 3906 2461 3963; x_wconf 88' lang='lat' dir='ltr'>sancti</span> <span class='ocrx_word' id='word_1_630' title='bbox 2489 3900 2699 3958; x_wconf 86' lang='lat' dir='ltr'>Helarii</span> <span class='ocrx_word' id='word_1_631' title='bbox 2725 3893 3069 3953; x_wconf 89' lang='lat' dir='ltr'>confessoris</span> <span class='ocrx_word' id='word_1_632' title='bbox 3110 3889 3190 3944; x_wconf 91' lang='lat' dir='ltr'>tui</span> <span class='ocrx_word' id='word_1_633' title='bbox 3223 3890 3396 3958; x_wconf 86' lang='lat' dir='ltr'>atque</span> <span class='ocrx_word' id='word_1_634' title='bbox 3418 3879 3730 3955; x_wconf 79' lang='lat' dir='ltr'>pentiﬁcis,</span> <span class='ocrx_word' id='word_1_635' title='bbox 3760 3888 3889 3945; x_wconf 63' lang='lat' dir='ltr'>que?-</span> 
     </span>
    </p>
   </div>
   <div class='ocr_carea' id='block_1_102' title="bbox 2282 3998 2953 4072">
    <p class='ocr_par' dir='ltr' id='par_1_102' title="bbox 2282 3998 2953 4072">
     <span class='ocr_line' id='line_1_103' title="bbox 2282 3998 2953 4072; baseline -0.025 -8"><span class='ocrx_word' id='word_1_636' title='bbox 2282 4023 2499 4072; x_wconf 87' lang='lat' dir='ltr'>sumus,</span> <span class='ocrx_word' id='word_1_637' title='bbox 2532 3999 2795 4059; x_wconf 91' lang='lat' dir='ltr'>Domine.</span> <span class='ocrx_word' id='word_1_638' title='bbox 2826 3998 2953 4051; x_wconf 85' lang='lat' dir='ltr'>Per.</span> 
     </span>
    </p>
   </div>
   <div class='ocr_carea' id='block_1_103' title="bbox 2809 4070 3396 4128">
    <p class='ocr_par' dir='ltr' id='par_1_103' title="bbox 2809 4070 3396 4128">
     <span class='ocr_line' id='line_1_104' title="bbox 2809 4070 3396 4128; baseline -0.022 0"><span class='ocrx_word' id='word_1_639' title='bbox 2809 4080 2931 4128; x_wconf 85' lang='lat' dir='ltr'>Post</span> <span class='ocrx_word' id='word_1_640' title='bbox 2950 4070 3396 4125; x_wconf 86' lang='lat' dir='ltr'>communionem.</span> 
     </span>
    </p>
   </div>
   <div class='ocr_carea' id='block_1_104' title="bbox 2356 4122 3895 4214">
    <p class='ocr_par' dir='ltr' id='par_1_104' title="bbox 2356 4122 3895 4214">
     <span class='ocr_line' id='line_1_105' title="bbox 2356 4122 3895 4214; baseline -0.026 1"><span class='ocrx_word' id='word_1_641' title='bbox 2356 4159 2513 4214; x_wconf 89' lang='lat' dir='ltr'>Beati</span> <span class='ocrx_word' id='word_1_642' title='bbox 2552 4152 2765 4210; x_wconf 87' lang='lat' dir='ltr'>Helarii</span> <span class='ocrx_word' id='word_1_643' title='bbox 2802 4144 3143 4205; x_wconf 81' lang='lat' dir='ltr'>confessoris</span> <span class='ocrx_word' id='word_1_644' title='bbox 3184 4140 3287 4207; x_wconf 89' lang='lat' dir='ltr'>tui,</span> <span class='ocrx_word' id='word_1_645' title='bbox 3328 4134 3592 4199; x_wconf 90' lang='lat' dir='ltr'>Domine,</span> <span class='ocrx_word' id='word_1_646' title='bbox 3640 4122 3895 4194; x_wconf 76' lang='lat' dir='ltr'>suffragiis</span> 
     </span>
    </p>
   </div>
   <div class='ocr_carea' id='block_1_105' title="bbox 2286 4215 3893 4319">
    <p class='ocr_par' dir='ltr' id='par_1_105' title="bbox 2286 4215 3893 4319">
     <span class='ocr_line' id='line_1_106' title="bbox 2286 4215 3893 4319; baseline -0.026 -9"><span class='ocrx_word' id='word_1_647' title='bbox 2286 4256 2569 4319; x_wconf 88' lang='lat' dir='ltr'>exoratus,</span> <span class='ocrx_word' id='word_1_648' title='bbox 2612 4246 2885 4319; x_wconf 87' lang='lat' dir='ltr'>percepta</span> <span class='ocrx_word' id='word_1_649' title='bbox 2920 4234 3280 4296; x_wconf 88' lang='lat' dir='ltr'>Sacramcnti</span> <span class='ocrx_word' id='word_1_650' title='bbox 3322 4230 3403 4285; x_wconf 93' lang='lat' dir='ltr'>tui</span> <span class='ocrx_word' id='word_1_651' title='bbox 3442 4244 3549 4282; x_wconf 90' lang='lat' dir='ltr'>nos</span> <span class='ocrx_word' id='word_1_652' title='bbox 3585 4224 3787 4278; x_wconf 85' lang='lat' dir='ltr'>virtute</span> <span class='ocrx_word' id='word_1_653' title='bbox 3815 4215 3893 4269; x_wconf 81' lang='lat' dir='ltr'>de-</span> 
     </span>
    </p>
   </div>
   <div class='ocr_carea' id='block_1_106' title="bbox 2286 4316 3893 4414">
    <p class='ocr_par' dir='ltr' id='par_1_106' title="bbox 2286 4316 3893 4414">
     <span class='ocr_line' id='line_1_107' title="bbox 2286 4316 3893 4414; baseline -0.025 -11"><span class='ocrx_word' id='word_1_654' title='bbox 2286 4347 2480 4414; x_wconf 87' lang='lat' dir='ltr'>fende,</span> <span class='ocrx_word' id='word_1_655' title='bbox 2505 4347 2566 4397; x_wconf 90' lang='lat' dir='ltr'>ut</span> <span class='ocrx_word' id='word_1_656' title='bbox 2591 4338 2828 4396; x_wconf 63' lang='lat' dir='ltr'>caelestis</span> <span class='ocrx_word' id='word_1_657' title='bbox 2876 4330 3120 4388; x_wconf 88' lang='lat' dir='ltr'>remedii</span> <span class='ocrx_word' id='word_1_658' title='bbox 3154 4325 3587 4382; x_wconf 86' lang='lat' dir='ltr'>sacramentum</span> <span class='ocrx_word' id='word_1_659' title='bbox 3621 4316 3695 4372; x_wconf 89' lang='lat' dir='ltr'>ad</span> <span class='ocrx_word' id='word_1_660' title='bbox 3720 4323 3893 4387; x_wconf 70' lang='lat' dir='ltr'>perpe-</span> 
     </span>
    </p>
   </div>
   <div class='ocr_carea' id='block_1_107' title="bbox 2287 4412 3809 4504">
    <p class='ocr_par' dir='ltr' id='par_1_107' title="bbox 2287 4412 3809 4504">
     <span class='ocr_line' id='line_1_108' title="bbox 2287 4412 3809 4504; baseline -0.024 -7"><span class='ocrx_word' id='word_1_661' title='bbox 2287 4446 2450 4497; x_wconf 91' lang='lat' dir='ltr'>tuam</span> <span class='ocrx_word' id='word_1_662' title='bbox 2482 4434 2647 4492; x_wconf 88' lang='lat' dir='ltr'>nobis</span> <span class='ocrx_word' id='word_1_663' title='bbox 2674 4428 2976 4504; x_wconf 84' lang='lat' dir='ltr'>provenire</span> <span class='ocrx_word' id='word_1_664' title='bbox 3010 4420 3362 4479; x_wconf 88' lang='lat' dir='ltr'>medicinam</span> <span class='ocrx_word' id='word_1_665' title='bbox 3384 4414 3664 4471; x_wconf 88' lang='lat' dir='ltr'>obtineat.</span> <span class='ocrx_word' id='word_1_666' title='bbox 3694 4412 3809 4465; x_wconf 88' lang='lat' dir='ltr'>Per.</span> 
     </span>
    </p>
   </div>
   <div class='ocr_carea' id='block_1_108' title="bbox 2360 4502 3890 4602">
    <p class='ocr_par' dir='ltr' id='par_1_108' title="bbox 2360 4502 3890 4602">
     <span class='ocr_line' id='line_1_109' title="bbox 2360 4502 3890 4602; baseline -0.026 -13"><span class='ocrx_word' id='word_1_667' title='bbox 2360 4532 2632 4602; x_wconf 83' lang='lat' dir='ltr'>Protegat</span> <span class='ocrx_word' id='word_1_668' title='bbox 2650 4544 2775 4593; x_wconf 88' lang='lat' dir='ltr'>nos,</span> <span class='ocrx_word' id='word_1_669' title='bbox 2798 4520 3059 4587; x_wconf 90' lang='lat' dir='ltr'>Domine,</span> <span class='ocrx_word' id='word_1_670' title='bbox 3080 4532 3209 4572; x_wconf 87' lang='lat' dir='ltr'>cum</span> <span class='ocrx_word' id='word_1_671' title='bbox 3230 4512 3313 4568; x_wconf 88' lang='lat' dir='ltr'>tui</span> <span class='ocrx_word' id='word_1_672' title='bbox 3328 4506 3701 4583; x_wconf 89' lang='lat' dir='ltr'>perceptione</span> <span class='ocrx_word' id='word_1_673' title='bbox 3724 4502 3890 4556; x_wconf 45' lang='lat' dir='ltr'>Sacra-</span> 
     </span>
    </p>
   </div>
   <div class='ocr_carea' id='block_1_109' title="bbox 2291 4589 3895 4686">
    <p class='ocr_par' dir='ltr' id='par_1_109' title="bbox 2291 4589 3895 4686">
     <span class='ocr_line' id='line_1_110' title="bbox 2291 4589 3895 4686; baseline -0.025 -1"><span class='ocrx_word' id='word_1_674' title='bbox 2291 4627 2475 4686; x_wconf 89' lang='lat' dir='ltr'>menti</span> <span class='ocrx_word' id='word_1_675' title='bbox 2499 4625 2703 4680; x_wconf 88' lang='lat' dir='ltr'>beatus</span> <span class='ocrx_word' id='word_1_676' title='bbox 2732 4616 2995 4674; x_wconf 88' lang='lat' dir='ltr'>Helarins</span> <span class='ocrx_word' id='word_1_677' title='bbox 3020 4611 3317 4666; x_wconf 78' lang='lat' dir='ltr'>confessor</span> <span class='ocrx_word' id='word_1_678' title='bbox 3338 4608 3468 4659; x_wconf 90' lang='lat' dir='ltr'>tuus</span> <span class='ocrx_word' id='word_1_679' title='bbox 3492 4589 3895 4654; x_wconf 65' lang='lat' dir='ltr'>intercedendo,</span> 
     </span>
    </p>
   </div>
   <div class='ocr_carea' id='block_1_110' title="bbox 2293 4686 3894 4782">
    <p class='ocr_par' dir='ltr' id='par_1_110' title="bbox 2293 4686 3894 4782">
     <span class='ocr_line' id='line_1_111' title="bbox 2293 4686 3894 4782; baseline -0.028 -2"><span class='ocrx_word' id='word_1_680' title='bbox 2293 4729 2357 4780; x_wconf 90' lang='lat' dir='ltr'>ut</span> <span class='ocrx_word' id='word_1_681' title='bbox 2385 4714 2768 4778; x_wconf 89' lang='lat' dir='ltr'>confesssonis</span> <span class='ocrx_word' id='word_1_682' title='bbox 2810 4711 2933 4782; x_wconf 87' lang='lat' dir='ltr'>ejus</span> <span class='ocrx_word' id='word_1_683' title='bbox 2979 4720 3209 4776; x_wconf 85' lang='lat' dir='ltr'>semper</span> <span class='ocrx_word' id='word_1_684' title='bbox 3246 4697 3611 4772; x_wconf 88' lang='lat' dir='ltr'>experiamur</span> <span class='ocrx_word' id='word_1_685' title='bbox 3640 4686 3894 4747; x_wconf 72' lang='lat' dir='ltr'>auxilium.</span> 
     </span>
    </p>
   </div>
   <div class='ocr_carea' id='block_1_111' title="bbox 2291 4785 3895 4875">
    <p class='ocr_par' dir='ltr' id='par_1_111' title="bbox 2291 4785 3895 4875">
     <span class='ocr_line' id='line_1_112' title="bbox 2291 4785 3895 4875; baseline -0.027 -1"><span class='ocrx_word' id='word_1_686' title='bbox 2291 4822 2400 4875; x_wconf 91' lang='lat' dir='ltr'>Per</span> <span class='ocrx_word' id='word_1_687' title='bbox 2437 4818 2595 4871; x_wconf 91' lang='lat' dir='ltr'>Dom.</span> <span class='ocrx_word' id='word_1_688' title='bbox 2640 4812 2904 4864; x_wconf 86' lang='lat' dir='ltr'>nostrum</span> <span class='ocrx_word' id='word_1_689' title='bbox 2940 4804 3135 4858; x_wconf 77' lang='lat' dir='ltr'>Iesum</span> <span class='ocrx_word' id='word_1_690' title='bbox 3176 4795 3465 4852; x_wconf 83' lang='lat' dir='ltr'>Christum</span> <span class='ocrx_word' id='word_1_691' title='bbox 3506 4787 3715 4842; x_wconf 86' lang='lat' dir='ltr'>Filium</span> <span class='ocrx_word' id='word_1_692' title='bbox 3746 4785 3895 4834; x_wconf 79' lang='lat' dir='ltr'>tuum-</span> 
     </span>
    </p>
   </div>
   <div class='ocr_carea' id='block_1_112' title="bbox 2437 4894 3783 4964">
    <p class='ocr_par' dir='ltr' id='par_1_112' title="bbox 2437 4894 3783 4964">
     <span class='ocr_line' id='line_1_113' title="bbox 2437 4894 3783 4964; baseline -0.025 0"><span class='ocrx_word' id='word_1_693' title='bbox 2437 4911 2541 4964; x_wconf 80' lang='lat' dir='ltr'>XV.</span> <span class='ocrx_word' id='word_1_694' title='bbox 2592 4917 2889 4960; x_wconf 63' lang='lat' dir='ltr'>oaarloixes</span> <span class='ocrx_word' id='word_1_695' title='bbox 2941 4914 3004 4951; x_wconf 83' lang='lat' dir='ltr'><strong>ET</strong></span> <span class='ocrx_word' id='word_1_696' title='bbox 3053 4909 3245 4948; x_wconf 80' lang='lat' dir='ltr'>PRECES</span> <span class='ocrx_word' id='word_1_697' title='bbox 3297 4902 3458 4944; x_wconf 80' lang='lat' dir='ltr'>UNIUS</span> <span class='ocrx_word' id='word_1_698' title='bbox 3506 4894 3783 4937; x_wconf 69' lang='lat' dir='ltr'>uanius.</span> 
     </span>
    </p>
   </div>
   <div class='ocr_carea' id='block_1_113' title="bbox 2367 4953 3895 5067">
    <p class='ocr_par' dir='ltr' id='par_1_113' title="bbox 2367 4953 3895 5067">
     <span class='ocr_line' id='line_1_114' title="bbox 2367 4953 3895 5067; baseline -0.027 -11"><span class='ocrx_word' id='word_1_699' title='bbox 2367 5004 2531 5065; x_wconf 92' lang='lat' dir='ltr'>Deus,</span> <span class='ocrx_word' id='word_1_700' title='bbox 2562 4994 2661 5067; x_wconf 89' lang='lat' dir='ltr'>qui</span> <span class='ocrx_word' id='word_1_701' title='bbox 2688 5008 2793 5049; x_wconf 90' lang='lat' dir='ltr'>nos</span> <span class='ocrx_word' id='word_1_702' title='bbox 2826 5003 3020 5044; x_wconf 89' lang='lat' dir='ltr'>annua</span> <span class='ocrx_word' id='word_1_703' title='bbox 3047 4982 3201 5039; x_wconf 89' lang='lat' dir='ltr'>beati</span> <span class='ocrx_word' id='word_1_704' title='bbox 3240 4974 3501 5048; x_wconf 77' lang='lat' dir='ltr'>Martyris</span> <span class='ocrx_word' id='word_1_705' title='bbox 3532 4970 3616 5024; x_wconf 91' lang='lat' dir='ltr'>tui</span> <span class='ocrx_word' id='word_1_706' title='bbox 3646 4953 3895 5023; x_wconf 69' lang='lat' dir='ltr'>sollemni&#39;</span> 
     </span>
    </p>
   </div>
   <div class='ocr_carea' id='block_1_114' title="bbox 2299 5059 3896 5158">
    <p class='ocr_par' dir='ltr' id='par_1_114' title="bbox 2299 5059 3896 5158">
     <span class='ocr_line' id='line_1_115' title="bbox 2299 5059 3896 5158; baseline -0.027 -6"><span class='ocrx_word' id='word_1_707' title='bbox 2299 5100 2414 5152; x_wconf 88' lang='lat' dir='ltr'>tate</span> <span class='ocrx_word' id='word_1_708' title='bbox 2445 5059 2719 5156; x_wconf 79' lang='lat' dir='ltr'>laetificas,</span> <span class='ocrx_word' id='word_1_709' title='bbox 2748 5086 2959 5158; x_wconf 73' lang='lat' dir='ltr'>prmsta</span> <span class='ocrx_word' id='word_1_710' title='bbox 2991 5089 3322 5151; x_wconf 81' lang='lat' dir='ltr'>quaesumus</span> <span class='ocrx_word' id='word_1_711' title='bbox 3339 5073 3401 5124; x_wconf 90' lang='lat' dir='ltr'>ut</span> <span class='ocrx_word' id='word_1_712' title='bbox 3418 5066 3579 5138; x_wconf 85' lang='lat' dir='ltr'>cujus</span> <span class='ocrx_word' id='word_1_713' title='bbox 3599 5059 3896 5135; x_wconf 54' lang='lat' dir='ltr'>gaudemus.</span> 
     </span>
    </p>
   </div>
   <div class='ocr_carea' id='block_1_115' title="bbox 2300 5170 3399 5254">
    <p class='ocr_par' dir='ltr' id='par_1_115' title="bbox 2300 5170 3399 5254">
     <span class='ocr_line' id='line_1_116' title="bbox 2300 5170 3399 5254; baseline -0.025 -8"><span class='ocrx_word' id='word_1_714' title='bbox 2300 5188 2539 5254; x_wconf 87' lang='lat' dir='ltr'>meritis,</span> <span class='ocrx_word' id='word_1_715' title='bbox 2572 5185 2926 5239; x_wconf 87' lang='lat' dir='ltr'>instruamur</span> <span class='ocrx_word' id='word_1_716' title='bbox 2950 5170 3245 5243; x_wconf 88' lang='lat' dir='ltr'>exemplis.</span> <span class='ocrx_word' id='word_1_717' title='bbox 3278 5170 3399 5223; x_wconf 85' lang='lat' dir='ltr'>Per.</span> 
     </span>
    </p>
   </div>
   <div class='ocr_carea' id='block_1_116' title="bbox 2374 5249 3901 5349">
    <p class='ocr_par' dir='ltr' id='par_1_116' title="bbox 2374 5249 3901 5349">
     <span class='ocr_line' id='line_1_117' title="bbox 2374 5249 3901 5349; baseline -0.027 -10"><span class='ocrx_word' id='word_1_718' title='bbox 2374 5281 2533 5338; x_wconf 89' lang='lat' dir='ltr'>Beati</span> <span class='ocrx_word' id='word_1_719' title='bbox 2560 5274 2819 5349; x_wconf 80' lang='lat' dir='ltr'>Martyris</span> <span class='ocrx_word' id='word_1_720' title='bbox 2850 5271 2954 5337; x_wconf 88' lang='lat' dir='ltr'>tui,</span> <span class='ocrx_word' id='word_1_721' title='bbox 2986 5265 3251 5331; x_wconf 90' lang='lat' dir='ltr'>Domine,</span> <span class='ocrx_word' id='word_1_722' title='bbox 3283 5277 3406 5325; x_wconf 90' lang='lat' dir='ltr'>nos,</span> <span class='ocrx_word' id='word_1_723' title='bbox 3448 5261 3788 5327; x_wconf 80' lang='lat' dir='ltr'>quaesumus,</span> <span class='ocrx_word' id='word_1_724' title='bbox 3812 5249 3901 5293; x_wconf 66' lang='lat'>1119&#39;</span> 
     </span>
    </p>
   </div>
   <div class='ocr_carea' id='block_1_117' title="bbox 2304 5345 3894 5450">
    <p class='ocr_par' dir='ltr' id='par_1_117' title="bbox 2304 5345 3894 5450">
     <span class='ocr_line' id='line_1_118' title="bbox 2304 5345 3894 5450; baseline -0.03 -14"><span class='ocrx_word' id='word_1_725' title='bbox 2304 5379 2415 5435; x_wconf 90' lang='lat' dir='ltr'>rita</span> <span class='ocrx_word' id='word_1_726' title='bbox 2430 5374 2874 5450; x_wconf 88' lang='lat' dir='ltr'>prosequantur,</span> <span class='ocrx_word' id='word_1_727' title='bbox 2894 5369 2951 5421; x_wconf 92' lang='lat' dir='ltr'>et</span> <span class='ocrx_word' id='word_1_728' title='bbox 2964 5367 3125 5419; x_wconf 89' lang='lat' dir='ltr'>tuam</span> <span class='ocrx_word' id='word_1_729' title='bbox 3155 5357 3321 5413; x_wconf 87' lang='lat' dir='ltr'>nobis</span> <span class='ocrx_word' id='word_1_730' title='bbox 3348 5345 3771 5419; x_wconf 80' lang='lat' dir='ltr'>indulgentiam</span> <span class='ocrx_word' id='word_1_731' title='bbox 3784 5346 3894 5389; x_wconf 79' lang='lat' dir='ltr'>sem-</span> 
     </span>
     <span class='ocr_line' id='line_1_119' title="bbox 3360 5420 3894 5450; baseline -0.028 15"><span class='ocrx_word' id='word_1_732' title='bbox 3360 5448 3369 5450; x_wconf 37' lang='lat'><strong><em>»</em></strong></span> <span class='ocrx_word' id='word_1_733' title='bbox 3384 5447 3392 5450; x_wconf 86' lang='lat'><strong><em>-</em></strong></span> <span class='ocrx_word' id='word_1_734' title='bbox 3435 5444 3446 5450; x_wconf 85' lang='lat'><strong><em>-</em></strong></span> <span class='ocrx_word' id='word_1_735' title='bbox 3559 5445 3568 5450; x_wconf 90' lang='lat'><strong><em>-</em></strong></span> <span class='ocrx_word' id='word_1_736' title='bbox 3614 5445 3623 5450; x_wconf 58' lang='grc' dir='ltr'><strong>λ</strong></span> <span class='ocrx_word' id='word_1_737' title='bbox 3776 5449 3784 5450; x_wconf 35' lang='grc' dir='ltr'><em>κ</em></span> <span class='ocrx_word' id='word_1_738' title='bbox 3796 5420 3894 5450; x_wconf 67' lang='grc' dir='ltr'>-..ιῇ</span> 
     </span>
    </p>
   </div>
   <div class='ocr_carea' id='block_1_118' title="bbox 2302 5420 3896 5548">
    <p class='ocr_par' dir='ltr' id='par_1_118' title="bbox 2302 5420 3896 5548">
     <span class='ocr_line' id='line_1_120' title="bbox 2304 5420 2915 5450; baseline -0.023 -15"><span class='ocrx_word' id='word_1_739' title='bbox 2304 5420 2415 5435; x_wconf 64' lang='grc' dir='ltr'>μω</span> <span class='ocrx_word' id='word_1_740' title='bbox 2432 5420 2843 5450; x_wconf 44' lang='grc' dir='ltr'>ν.ν.τνιιη---η</span> <span class='ocrx_word' id='word_1_741' title='bbox 2862 5420 2874 5435; x_wconf 76' lang='lat'>,</span> <span class='ocrx_word' id='word_1_742' title='bbox 2907 5420 2915 5421; x_wconf 61' lang='lat'><strong><em>,</em></strong></span> 
     </span>
     <span class='ocr_line' id='line_1_121' title="bbox 2302 5420 3896 5548; baseline -0.033 -17"><span class='ocrx_word' id='word_1_743' title='bbox 2302 5489 2408 5548; x_wconf 89' lang='lat' dir='ltr'>per</span> <span class='ocrx_word' id='word_1_744' title='bbox 2432 5468 2763 5543; x_wconf 89' lang='lat' dir='ltr'>implorent,</span> <span class='ocrx_word' id='word_1_745' title='bbox 2794 5466 2856 5517; x_wconf 91' lang='lat' dir='ltr'>ut</span> <span class='ocrx_word' id='word_1_746' title='bbox 2880 5461 3003 5531; x_wconf 87' lang='lat' dir='ltr'>ejus</span> <span class='ocrx_word' id='word_1_747' title='bbox 3030 5472 3192 5511; x_wconf 88' lang='lat' dir='ltr'>sacra</span> <span class='ocrx_word' id='word_1_748' title='bbox 3220 5444 3489 5505; x_wconf 88' lang='lat' dir='ltr'>natalicia</span> <span class='ocrx_word' id='word_1_749' title='bbox 3520 5445 3580 5495; x_wconf 88' lang='lat' dir='ltr'>et</span> <span class='ocrx_word' id='word_1_750' title='bbox 3610 5420 3896 5507; x_wconf 83' lang='lat' dir='ltr'>temporali-</span> 
     </span>
    </p>
   </div>
   <div class='ocr_carea' id='block_1_119' title="bbox 2306 5532 3819 5635">
    <p class='ocr_par' dir='ltr' id='par_1_119' title="bbox 2306 5532 3819 5635">
     <span class='ocr_line' id='line_1_122' title="bbox 2306 5532 3819 5635; baseline -0.028 -11"><span class='ocrx_word' id='word_1_751' title='bbox 2306 5572 2396 5623; x_wconf 88' lang='lat' dir='ltr'>ter</span> <span class='ocrx_word' id='word_1_752' title='bbox 2414 5564 2868 5635; x_wconf 87' lang='lat' dir='ltr'>frequentemus,</span> <span class='ocrx_word' id='word_1_753' title='bbox 2902 5558 2960 5609; x_wconf 90' lang='lat' dir='ltr'>et</span> <span class='ocrx_word' id='word_1_754' title='bbox 2991 5545 3412 5621; x_wconf 89' lang='lat' dir='ltr'>conspiciamus</span> <span class='ocrx_word' id='word_1_755' title='bbox 3437 5539 3681 5592; x_wconf 60' lang='lat' dir='ltr'>aeterna.</span> <span class='ocrx_word' id='word_1_756' title='bbox 3712 5532 3819 5586; x_wconf 82' lang='lat' dir='ltr'>Per-</span> 
     </span>
    </p>
   </div>
   <div class='ocr_carea' id='block_1_120' title="bbox 2979 5626 3814 5682">
    <p class='ocr_par' dir='ltr' id='par_1_120' title="bbox 2979 5626 3814 5682">
     <span class='ocr_line' id='line_1_123' title="bbox 2979 5626 3814 5682; baseline -0.035 0"><span class='ocrx_word' id='word_1_757' title='bbox 2979 5634 3109 5682; x_wconf 86' lang='lat' dir='ltr'>Item</span> <span class='ocrx_word' id='word_1_758' title='bbox 3150 5626 3267 5676; x_wconf 82' lang='lat' dir='ltr'>alia.</span> <span class='ocrx_word' id='word_1_759' title='bbox 3788 5672 3814 5682; x_wconf 24' lang='grc' dir='ltr'>Δ.</span> 
     </span>
    </p>
   </div>
   <div class='ocr_carea' id='block_1_121' title="bbox 2380 5676 3898 5784">
    <p class='ocr_par' dir='ltr' id='par_1_121' title="bbox 2380 5676 3898 5784">
     <span class='ocr_line' id='line_1_124' title="bbox 2380 5676 3898 5784; baseline -0.033 -8"><span class='ocrx_word' id='word_1_760' title='bbox 2380 5719 2610 5784; x_wconf 67' lang='lat' dir='ltr'>Praesta,</span> <span class='ocrx_word' id='word_1_761' title='bbox 2632 5710 2891 5775; x_wconf 89' lang='lat' dir='ltr'>Domine,</span> <span class='ocrx_word' id='word_1_762' title='bbox 2915 5702 3207 5763; x_wconf 88' lang='lat' dir='ltr'>mentibus</span> <span class='ocrx_word' id='word_1_763' title='bbox 3229 5691 3437 5752; x_wconf 83' lang='lat' dir='ltr'>nostris</span> <span class='ocrx_word' id='word_1_764' title='bbox 3449 5704 3583 5745; x_wconf 89' lang='lat' dir='ltr'>cum</span> <span class='ocrx_word' id='word_1_765' title='bbox 3601 5676 3898 5741; x_wconf 73' lang='lat' dir='ltr'>exultatione</span> 
     </span>
    </p>
   </div>
   <div class='ocr_carea' id='block_1_122' title="bbox 2310 5768 3897 5888">
    <p class='ocr_par' dir='ltr' id='par_1_122' title="bbox 2310 5768 3897 5888">
     <span class='ocr_line' id='line_1_125' title="bbox 2310 5768 3897 5888; baseline -0.033 -17"><span class='ocrx_word' id='word_1_766' title='bbox 2310 5812 2651 5888; x_wconf 85' lang='lat' dir='ltr'>profectum,</span> <span class='ocrx_word' id='word_1_767' title='bbox 2676 5810 2739 5862; x_wconf 90' lang='lat' dir='ltr'>ut</span> <span class='ocrx_word' id='word_1_768' title='bbox 2754 5804 2914 5876; x_wconf 89' lang='lat' dir='ltr'>cujus</span> <span class='ocrx_word' id='word_1_769' title='bbox 2936 5800 3091 5857; x_wconf 90' lang='lat' dir='ltr'>diem</span> <span class='ocrx_word' id='word_1_770' title='bbox 3104 5787 3385 5869; x_wconf 86' lang='lat' dir='ltr'>passionis</span> <span class='ocrx_word' id='word_1_771' title='bbox 3399 5798 3596 5841; x_wconf 88' lang='lat' dir='ltr'>annua</span> <span class='ocrx_word' id='word_1_772' title='bbox 3620 5768 3897 5835; x_wconf 51' lang='lat' dir='ltr'>devotione.</span> 
     </span>
    </p>
   </div>
  </div>
