4014 6230
238 322 329 373 333

1318 328 1402 385 DE
1440 332 1754 391 LITURGIA
1792 338 2165 395 GALLICANA
2205 340 2404 398 LIBER
2446 344 2535 400 III.

3501 357 3602 412 334

233 424 540 493 recolimus,
587 427 766 483 etiam
815 430 947 487 ﬁdei
997 436 1375 493 constantiam
1429 440 1857 515 subsequamur.
1883 446 2103 537 Aciter
2119 448 2514 523 deprecamur,
2547 458 2610 509 ut
2636 471 2764 526 qua:
2792 458 2985 513 sedula
3030 460 3319 531 servitute,
3360 462 3597 517 docente

230 519 326 573 Per
348 519 507 573 Dom.

846 596 1012 660 Super
1037 598 1227 651 oblata.

295 663 539 720 Hostiam
565 670 844 739 nostram,
869 689 1221 747 quaesumus,
1239 676 1489 750 Domine,
1515 683 1691 738 sancti
1714 685 1860 740 Mar-

234 757 353 827 tyris
378 758 459 813 tui
488 764 546 814 et
574 766 900 820 veneranda
927 768 1221 840 confessio,
1256 776 1312 826 et
1348 774 1677 831 exaudibilis
1703 795 1860 832 com-

231 850 441 906 mendet
467 854 676 910 oratio.
706 859 811 912 Per
835 860 1156 918 Dominum.

293 945 421 999 Vere
467 946 718 1019 dignum
753 957 809 1006 et
828 953 1052 1023 justum
1088 961 1193 1027 est,
1235 976 1461 1031 {equum
1503 967 1559 1017 et
1594 964 1854 1022 salutare.

227 1037 485 1102 Quoniam
520 1058 555 1096 a
580 1046 639 1097 te
678 1048 1047 1102 constantiam
1073 1051 1233 1121 ﬁdes,
1264 1058 1368 1108 ate
1395 1054 1663 1112 virtutem
1687 1060 1861 1116 sumit

228 1129 511 1188 inﬁrmitas
532 1154 547 1202 ;
572 1141 632 1191 et
654 1138 921 1210 quicquid
947 1141 1005 1196 in
1022 1147 1505 1213 persecutionibus
1521 1167 1735 1207 saevum
1751 1158 1854 1224 est,

225 1224 477 1297 quicquid
508 1228 569 1282 in
597 1234 782 1287 morte
804 1234 1077 1307 terribile,
1108 1240 1357 1294 nominis
1383 1242 1464 1296 tui
1484 1244 1618 1298 facis
1644 1247 1855 1302 confes-

224 1318 365 1374 sione
414 1324 698 1394 superari.
750 1327 908 1382 Unde
944 1329 1333 1388 benedicimus
1376 1340 1450 1405 te,
1501 1338 1757 1409 Domine,
1795 1341 1879 1395 in-

224 1414 473 1484 cperibus
515 1417 652 1486 tuis,
700 1424 869 1492 teque
911 1421 973 1477 in
1016 1430 1342 1483 sanctorum
1395 1435 1626 1486 tuorum
1661 1435 1851 1504 profe-

223 1506 389 1563 ctione
416 1509 743 1568 laudamus.
776 1516 880 1571 Per
907 1533 1081 1588 quem
1106 1520 1475 1591 Majestatem.

744 1616 864 1668 Post
890 1621 1334 1673 communionem.

282 1686 638 1757 Qumsumus,
662 1691 920 1763 Domine,
950 1696 1292 1752 salutaribus
1323 1701 1520 1771 repleti
1542 1706 1846 1778 mysteriis,

221 1781 277 1831 ut
300 1780 456 1850 cuius
480 1783 920 1841 sollemnitatem
946 1789 1316 1859 celebramus,
1359 1794 1704 1854 orationibus
1747 1802 1847 1857 ad-

216 1872 489 1942 juvemur.
511 1876 644 1933 Per.

909 1954 1038 2003 Item
1060 1955 1177 2006 alia.

280 2019 500 2092 Adesto,
523 2022 781 2093 Domine,
811 2024 1044 2083 familiae
1058 2034 1193 2100 tuae,
1225 2035 1289 2086 ut
1313 2034 1518 2104 quibus
1544 2042 1847 2096 venerandi

223 2119 422 2169 sanctos
445 2120 575 2171 tuos
605 2123 844 2189 praastas
882 2121 1166 2194 benignus
1203 2125 1488 2199 affectum,
1537 2136 1596 2187 et
1651 2132 1845 2208 320

221 2205 334 2261 vita:
384 2211 645 2265 mortalis
701 2214 943 2270 concede
992 2217 1343 2287 praesidium,
1384 2226 1441 2277 et
1486 2205 1845 2296 sempitennse

222 2300 594 2360 retributionis
612 2305 900 2363 eﬁ‘ectum.
928 2311 1054 2365 Per.

611 2418 719 2473 XV.
762 2436 888 2474 mm
927 2438 992 2475 ne
1032 2439 1139 2478 υΝο
1184 2441 1452 2483 ΗΔΒΤΥΕΕ.

280 2520 427 2575 Adsit
461 2522 651 2593 nobis,
697 2540 1044 2596 quaesumus,
1089 2530 1345 2602 Domine,
1400 2533 1545 2589 beati
1589 2536 1844 2609 Martyris

221 2613 293 2668 tui
318 2621 501 2671 sancta
528 2618 806 2688 precatio,
836 2637 963 2691 quae
990 2639 1093 2677 nos
1123 2626 1178 2678 et
1203 2641 1237 2679 a
1276 2628 1515 2683 terrenis
1553 2628 1846 2687 affectibus

221 2705 610 2765 incessabiliter
638 2712 923 2784 expediat,
952 2719 1009 2770 et
1034 2717 1278 2773 caelestia
1313 2720 1630 2778 desiderare
1668 2726 1841 2795 perﬁ-

222 2800 333 2857 ciat.
358 2803 481 2858 Per.

281 2894 457 2950 Sancti
492 2898 754 2969 Martyris
806 2900 909 2968 tui,
951 2903 1205 2973 Domine,
1265 2923 1611 2980 quaesumus,
1670 2928 1842 2968 vene-

220 2988 377 3043 randa
400 2988 675 3045 festivitas
694 2993 952 3049 salutaris
979 2997 1175 3051 auxilii
1194 3005 1423 3070 praestet
1443 3011 1841 3077 augmentum,

220 3084 268 3135 et
289 3098 452 3153 quam
475 3087 862 3156 praevenimus
903 3091 1223 3145 veneranda
1264 3094 1615 3152 sollemnitas
1653 3104 1709 3154 et
1742 3100 1840 3155 de-

219 3175 483 3232 votionem
512 3179 681 3234 nobis
709 3187 934 3253 augeat,
964 3187 1020 3238 et
1044 3185 1309 3242 salutem.
1340 3189 1464 3244 Per.

838 3276 1005 3341 Super
1024 3277 1213 3328 oblata.

282 3343 597 3401 Muneribus
652 3350 879 3419 nostris,
934 3351 1193 3421 Domine,
1240 3356 1417 3411 sancti
1458 3358 1715 3432 Martyris
1755 3362 1838 3416 tui

220 3433 345 3492 festa
370 3441 783 3511 praecedimus;
813 3447 879 3498 ut
904 3461 1033 3516 qua:
1061 3448 1420 3505 conscientiae
1449 3458 1660 3509 nostras
1690 3473 1839 3527 pras-

219 3531 456 3601 pedimus
480 3534 806 3606 obstaculis,
835 3536 981 3593 illius
1007 3540 1226 3596 meritis
1253 3544 1563 3602 reddantur
1588 3554 1834 3621 accepta.

221 3622 328 3680 Per.

279 3720 493 3794 Adesto,
539 3723 803 3793 Domine,
840 3726 1346 3800 supplicationibus
1386 3734 1614 3805 nostris,
1657 3740 1713 3791 et
1747 3738 1834 3793 in-

221 3813 517 3873 tercedente
541 3818 786 3890 Martyre
807 3823 904 3875 tuo
930 3821 1000 3875 ab
1026 3821 1279 3879 hostium
1310 3843 1416 3881 nos
1446 3828 1682 3885 defende
1706 3849 1838 3904 pro-

219 3904 426 3975 pitiatus
450 3911 720 3981 incursu;
748 3916 815 3968 ut
842 3930 1082 3971 munera
1109 3922 1302 3973 nostra
1339 3924 1717 3996 commendet,
1748 3931 1833 3981 at-

222 4015 316 4070 que
356 4002 417 4057 in
463 4005 586 4077 ejus
638 4008 997 4064 veneratione
1050 4014 1164 4066 tua:
1216 4013 1486 4085 Majestati
1527 4017 1837 4076 reddantur

224 4101 449 4167 accepta.
477 4101 583 4155 Per
612 4100 770 4156 Dom.

282 4187 408 4245 Vere
436 4192 678 4265 dignum
705 4200 761 4250 et
778 4196 1000 4267 justum
1038 4204 1139 4270 est,
1192 4218 1422 4274 aequum
1460 4210 1515 4260 et
1563 4206 1829 4265 salutare.

222 4278 312 4343 Qui
335 4299 443 4339 non
473 4288 661 4343 solum
690 4289 851 4344 malis
869 4293 1073 4347 nostris
1100 4294 1249 4349 bona
1290 4298 1579 4370 retribuis,
1630 4302 1728 4357 sed
1771 4308 1835 4358 ut

224 4373 417 4432 miseris
443 4379 704 4436 uberiora
725 4383 871 4438 dona
895 4387 1189 4458 concedas,
1221 4390 1315 4461 qui
1345 4391 1515 4464 digne
1535 4411 1638 4465 pro
1666 4396 1833 4452 nobis

225 4475 427 4537 possent
449 4471 821 4544 intercedere,
844 4479 1148 4550 contulisti,
1178 4486 1243 4537 ut
1269 4485 1424 4555 quod
1446 4492 1638 4542 nostra
1656 4488 1832 4544 scien-

1964 543 2042 610 te,
2073 542 2344 612 gerimus,
2376 545 2563 617 dignis
2588 549 2843 606 sensibus
2876 556 2976 607 tuo
3005 569 3242 609 munere
3287 556 3599 627 capiamus.

1963 635 2069 691 Per
2087 636 2392 694 Dominum
2416 644 2697 699 nostrum.

2335 743 2491 799 XVII.
2532 761 2655 800 man
2696 763 2763 801 nr.
2805 764 2916 804 uno
2956 766 3222 806 murrae.

2038 840 2407 914 Omnipotens
2462 848 2807 919 sempiterne
2858 852 3028 921 Deus,
3072 853 3343 909 fortitudo
3388 860 3604 913 certan-

1960 932 2122 1003 tium,
2159 940 2215 990 et
2248 937 2554 1009 Martyrum
2602 943 2810 1012 palma,
2858 946 3302 1003 sollemnitatem
3338 950 3599 1005 hodierni

1957 1026 2067 1080 diei
2095 1029 2375 1099 propitius
2413 1031 2655 1105 intuere,
2701 1041 2756 1091 et
2795 1038 3093 1094 Ecclesium
3137 1046 3295 1096 tuam
3331 1044 3597 1099 continua

1956 1119 2040 1173 fac
2059 1120 2380 1178 celebritate
2409 1124 2607 1195 laetari,
2633 1133 2689 1183 et
2708 1129 3108 1187 intercessione
3147 1134 3299 1189 beati
3340 1137 3596 1208 Martyris

1955 1213 2038 1268 tui
2062 1215 2321 1271 omnium
2346 1222 2401 1272 te
2429 1220 2783 1277 credentium
2806 1228 2934 1279 vota
2960 1227 3236 1297 perﬁcies.
3264 1230 3390 1284 Per.

2025 1312 2251 1383 Praesta,
2269 1331 2617 1388 quaesumus,
2639 1319 2870 1376 Domine
2884 1321 3066 1396 321
3093 1327 3263 1394 Deus,
3282 1330 3345 1380 ut
3356 1327 3593 1383 interce-

1952 1408 2118 1465 dente
2144 1410 2314 1467 beato
2347 1415 2583 1486 Martyre
2612 1420 2731 1488 tuo,
2769 1424 2825 1474 et
2849 1437 2881 1474 a
2906 1422 3121 1477 cunctis
3164 1424 3591 1480 adversantibus

1951 1504 2281 1560 muniamur
2320 1506 2378 1561 in
2423 1524 2675 1580 corpore,
2724 1516 2779 1567 et
2828 1530 2861 1566 a
2912 1516 3098 1586 pravis
3152 1518 3591 1587 cogitationibus

1950 1597 2300 1653 mundemur
2320 1599 2378 1654 in
2406 1602 2593 1657 corde.
2626 1606 2733 1658 Per
2760 1606 3071 1663 Dominum
3095 1615 3373 1666 nostrum.

2019 1690 2191 1745 Grata
2226 1692 2329 1746 tibi
2378 1696 2492 1750 sint
2528 1712 2771 1752 munera
2812 1706 3003 1755 nostra
3026 1745 3042 1769 ,
3082 1703 3339 1774 Domine,
3383 1722 3509 1777 quae
3536 1714 3591 1763 et

1949 1783 2031 1836 tui
2076 1789 2208 1838 sunt
2248 1784 2504 1842 instituta
2546 1792 2863 1862 praeceptis,
2910 1798 2964 1848 et
3008 1795 3159 1850 beati
3204 1798 3462 1869 Martyris
3504 1801 3590 1855 tui

2546 1842 2571 1861 ι
2592 1842 2763 1862 ""‘l'
2780 1842 2863 1862 "‘7
2914 1842 2964 1848 “’“
3008 1842 3159 1850 ”“’“”“”
3204 1842 3312 1851 ’κν-⁵
3328 1842 3369 1869 *ιῘ

1871 1842 1925 1913 Β
1949 1874 2217 1932 festivitas
2246 1880 2491 1950 gloriosa
2519 1886 2897 1940 commendat.
2927 1889 3032 1943 Per
3058 1890 3381 1947 Dominum.

2020 1969 2269 2042 Suscipe,
2288 1973 2553 2045 Domine,
2583 1977 2925 2033 sacriﬁcium
2951 1981 3286 2051 placationis
3312 1988 3369 2038 et
3386 1984 3587 2054 laudis,

1947 2064 2099 2133 quod
2125 2081 2248 2135 nos,
2282 2065 2693 2124 interveniente
2733 2076 2926 2126 sancto
2953 2075 3192 2145 Martyre
3222 2081 3339 2145 tuo,
3369 2083 3428 2133 et
3454 2096 3585 2149 per-

1947 2156 2114 2211 ducat
2156 2157 2295 2213 ad...
2341 2164 2633 2231 aeternam,
2682 2167 2738 2217 et
2784 2164 2845 2218 in
2889 2170 3224 2238 perpetuam
3276 2171 3588 2239 gratiarum

1946 2252 2253 2307 constituat
2275 2253 2576 2309 actionem.
2607 2256 2732 2311 Per.

2600 2349 2931 2401 Contestatio.

2018 2425 2156 2480 Vere
2196 2425 2436 2498 dignum
2472 2433 2527 2482 et
2557 2428 2777 2499 justum
2807 2435 2911 2501 est,
2953 2448 3185 2505 aequum
3221 2440 3278 2490 et
3317 2436 3584 2494 salutare.

1943 2514 2048 2579 Qui
2068 2516 2369 2573 Ecclesiam
2399 2524 2555 2575 tuam
2584 2524 2929 2593 sempiterna
2946 2526 3154 2596 pietate
3170 2544 3285 2582 non
3302 2528 3584 2599 deserens,

1943 2625 2047 2680 per
2067 2615 2287 2665 sanctos
2311 2617 2438 2666 tuos
2451 2614 2671 2685 jugiter
2700 2621 2756 2670 et
2785 2618 2973 2672 crudis
3000 2623 3054 2674 et
3079 2620 3350 2692 protegis,
3382 2624 3583 2693 praeci-

1943 2719 2057 2774 pue
2097 2705 2466 2761 solemnitatis
2507 2708 2819 2778 hodiernae,
2860 2728 2974 2783 qua
3015 2713 3165 2769 beati
3207 2716 3462 2787 Martyris
3502 2718 3585 2772 tui

1943 2796 2266 2867 passionem
2310 2807 2704 2872 consumptam
2751 2805 3073 2876 recolimus,
3126 2823 3483 2879 veneramur,
3529 2817 3585 2865 et

1944 2890 2016 2945 ad
2040 2891 2279 2961 gloriam
2312 2894 2559 2948 nominis
2598 2896 2683 2950 tui
2709 2896 2949 2951 nitimur
2980 2899 3183 2954 debitis
3208 2901 3578 2973 magniﬁcare

1942 2984 2262 3055 praeconiis.
2290 2987 2396 3041 Per
2419 3003 2591 3058 quem
2621 2989 2773 3045 laud.

2014 3079 2163 3133 Hanc
2204 3078 2382 3150 igitur
2428 3080 2772 3137 oblationem
2820 3084 3106 3140 servitutis
3144 3091 3371 3157 nostra,
3400 3090 3499 3145 sed
3528 3096 3585 3147 et

1863 3215 1918 3290 Ο
1943 3176 2160 3227 cunctae
2187 3172 2418 3229 familias
2453 3179 2588 3245 tuae,
2620 3194 2794 3249 quam
2827 3178 2931 3233 tibi
2970 3177 3263 3235 offerimus
3295 3182 3357 3237 in
3391 3182 3578 3240 hono-

1943 3280 2059 3290 κη...
2089 3265 2235 3290 1.,...ιε
2270 3267 2523 3290 ιι-..ι-..;-
2553 3269 2634 3290 Au:

1942 3280 2062 3320 rem
2089 3265 2239 3321 beati
2269 3267 2525 3339 Martyris
2553 3269 2658 3325 tui.

2460 3362 2580 3412 Post
2606 3363 3049 3415 communionem.

2010 3439 2229 3495 Czelesti
2262 3457 2500 3497 munere
2539 3443 2744 3515 satiati,
2775 3461 3122 3517 qumsumus,
3154 3446 3396 3508 Domine
3428 3453 3577 3508 Deus

1938 3537 2149 3604 noster,
2178 3538 2243 3589 ut
2270 3534 2392 3590 hac
2418 3553 2521 3591 nos
2553 3537 2722 3604 dona,
2752 3539 3008 3611 Martyris
3051 3541 3133 3595 tui
3165 3541 3578 3618 deprecatione,

1939 3628 2306 3683 sanctiﬁcent.
2334 3630 2441 3684 Per
2466 3631 2790 3686 Dominum.

2008 3721 2289 3793 Libantes,
2336 3723 2591 3793 Domine,
2634 3741 2844 3780 mensa:
2887 3731 3001 3782 tuae
3049 3728 3228 3783 beatas
3279 3733 3575 3806 mysteria,

1936 3831 2263 3887 quaesumus
2298 3822 2363 3873 ut
2398 3818 2575 3873 sancti
2614 3819 2870 3891 Martyris
2912 3820 2995 3876 tui
3043 3821 3572 3895 interventionibus,

1934 3910 2310 3982 temporalem
2340 3915 2395 3966 et
2410 3919 2754 3984 praesentem
2779 3912 2941 3968 nobis
2966 3914 3412 3974 misericordiam
3436 3937 3572 3976 con-

1921 4003 2120 4060 ferant
2145 4008 2202 4060 et
2229 4010 2522 4061 aeternam.
2554 4008 2678 4062 Per.

2307 4116 2486 4173 XVIII.
2530 4132 2586 4172 IN
2625 4132 2834 4172 NATALE
2874 4132 3213 4177 schroauu.

2005 4213 2173 4282 Deus,
2206 4215 2304 4286 qui
2339 4232 2442 4269 nos
2479 4220 2803 4271 sanctorum
2844 4220 3076 4273 tuorum
3126 4220 3572 4278 confessionibus

1935 4307 2190 4379 gloriosis
2228 4308 2543 4365 circumdas
2584 4315 2642 4365 et
2669 4311 2937 4382 protegis,
2970 4312 3040 4366 da
3087 4313 3252 4368 nobis
3291 4320 3347 4370 et
3379 4315 3567 4372 imita-

1931 4401 2083 4456 tione
2107 4401 2401 4473 proﬁcere,
2436 4409 2489 4459 et
2517 4404 2868 4459 orationibus
2892 4404 3098 4460 fulciri.
3131 4408 3255 4461 Per.

2003 4495 2222 4549 Prosint
2258 4496 2439 4567 nobis,
2468 4497 2726 4568 Domine,
2759 4515 3104 4569 quaesumus,
3144 4503 3375 4554 tuorum
3410 4516 3562 4557 mar-

225 4558 290 4613 tia
322 4579 427 4620 non
461 4567 726 4640 habebat,
774 4570 1099 4628 intercessio
1138 4578 1484 4649 supplicaret
1519 4581 1623 4635 tibi
1668 4588 1908 4667 grataD
1929 4590 2119 4659 tyrum
2161 4558 2435 4660 suffragia
2469 4592 2692 4645 conlata
2714 4558 3175 4661 [sanctorumput
3200 4609 3329 4664 quae
3355 4596 3564 4651 nostris

217 4650 490 4721 iustorum.
522 4662 631 4727 Qui
659 4664 981 4721 humanum
1007 4684 1188 4737 genus
1217 4671 1284 4726 de
1312 4674 1594 4743 profundo
1622 4650 1827 4733 m‘ortis

224 4746 458 4822 eripiens,
488 4755 873 4827 captivitatem
901 4766 1157 4817 nostram
1181 4764 1311 4819 Jesu
1354 4767 1562 4824 Christi
1588 4771 1712 4824 Filii
1741 4772 1827 4826 tui

224 4836 419 4900 Domini
447 4849 627 4904 nostri
653 4851 911 4922 passione
942 4854 1173 4911 solvisti.
1202 4859 1308 4912 Per
1334 4876 1506 4931 quem
1527 4862 1606 4917 ita
1650 4864 1827 4919 virtus

225 4934 417 5007 antiqui
452 4940 629 4997 hostis
664 4943 798 4998 elisa
836 4951 939 5015 est,
974 4952 1035 5003 ut
1070 4949 1210 5021 ejus,
1240 4969 1413 5024 quem
1442 4954 1561 5026 ipse
1590 4974 1824 5030 supera-

223 5033 371 5100 verat,
399 5035 565 5089 etiam
592 5036 823 5092 beatum
851 5040 1152 5113 Martyrem
1180 5062 1347 5100 suum
1368 5064 1645 5121 magnum
1670 5052 1822 5109 face-

225 5125 295 5176 ret
331 5139 439 5181 esse
478 5129 771 5186 victorem.
816 5133 988 5205 Cujus
1024 5137 1383 5211 triumphum
1422 5143 1482 5198 in
1523 5144 1612 5200 die
1652 5164 1825 5220 quem

225 5218 466 5286 sanguine
504 5239 605 5278 suo
641 5225 1026 5299 sanctiﬁcavit,
1079 5232 1344 5304 colentes,
1389 5235 1448 5291 in
1502 5242 1601 5294 tua
1646 5241 1825 5311 gloria

227 5310 530 5373 exultamus.
557 5319 665 5374 Per
686 5336 879 5392 quem.

717 5414 842 5466 Post
865 5418 1312 5474 communionem.

283 5474 530 5556 Sumptis,
560 5486 815 5562 Domine,
846 5492 1238 5569 Sacramentis,
1265 5516 1594 5571 quaesumus
1633 5508 1697 5559 ut
1730 5504 1821 5560 in-

228 5568 511 5637 tercedente
536 5581 700 5639 beato
727 5585 969 5658 Martyre
992 5593 1116 5662 tuo,
1145 5568 1649 5669 adredemptionis
1666 5605 1823 5656 aster-

227 5676 302 5720 ιιαὶ
323 5672 665 5739 proﬁciamus
689 5687 1084 5753 augmentum.
1113 5688 1239 5744 Per.

286 5759 554 5827 Sumentes
599 5774 810 5845 gaudia
864 5780 1210 5852 sempiterna
1260 5783 1331 5841 de
1390 5787 1823 5862 participatione

232 5846 563 5938 Socramenti,
597 5871 655 5924 et
677 5846 1159 5933 festivitate—beati
1183 5846 1443 5953 Martyris
1467 5882 1571 5955 tui,
1596 5846 1820 5960 suppli-

1926 4698 2041 4736 non
2070 4698 2369 4753 possumus
2398 4683 2751 4739 orationibus
2779 4684 3056 4756 obtinere,
3088 4685 3435 4757 placentium
3460 4689 3565 4744 tibi

1925 4774 2189 4847 precibus
2216 4776 2616 4849 adsequamur.
2644 4780 2769 4833 Per.

2544 4871 2712 4922 Suner
2736 4871 2925 4922 oblata.

2544 4885 2712 4935 super
2736 4885 2925 4922 curata.

2000 4948 2317 5019 Oﬁ'erimus,
2347 4951 2604 5019 Domine,
2637 4968 2849 5023 praeces
2874 4957 2931 5008 et
2970 4968 3210 5030 munera
3250 4956 3311 5012 in
3345 4958 3563 5017 honore

1925 5048 2247 5099 sanctorum
2285 5050 2515 5101 tuorum
2555 5046 2863 5118 gaudentes
2894 5066 2907 5103 :
2944 5053 3171 5120 praesta,
3212 5066 3559 5124 quiesumus,

1924 5140 1991 5192 ut
2013 5143 2070 5193 et
2097 5140 2494 5196 convenienter
2514 5141 2637 5196 haec
2663 5157 2853 5215 agere,
2872 5146 2929 5198 et
2947 5145 3199 5202 remedia
3218 5148 3561 5219 sempiterna

1924 5232 2211 5288 valeamus
2238 5233 2557 5305 adquirere.
2586 5236 2693 5291 Per
2716 5235 3043 5294 Dominum.

1996 5327 2246 5399 Suscipe,
2279 5328 2535 5398 Domine,
2558 5329 2893 5385 sacriﬁcium
2923 5332 3249 5402 placationis
3274 5336 3331 5387 et
3354 5333 3553 5402 laudis,

1923 5425 1989 5475 ut
2025 5420 2341 5477 benedictio
2381 5427 2480 5478 tua
2515 5424 2675 5495 larga
2703 5424 3023 5494 descendat,
3056 5441 3183 5496 quae
3222 5429 3280 5480 et
3320 5442 3559 5482 munera

1923 5518 2141 5585 nostra,
2157 5517 2361 5572 sanctis
2377 5516 2489 5572 tuis
2508 5518 2962 5590 deprecantibus,
2979 5517 3080 5571 tibi
3097 5518 3297 5573 reddat
3310 5525 3554 5594 accepta,

1925 5612 1982 5665 et
2003 5609 2167 5665 nobis
2192 5617 2609 5668 sacramentum
2641 5609 3046 5682 redemptionis
3073 5610 3299 5669 efﬁciat.
3333 5615 3459 5671 Per.

1995 5704 2136 5760 Vere
2166 5704 2407 5777 dignum
2451 5711 2508 5761 et
2539 5706 2762 5777 justum
2804 5708 2907 5772 est,
2938 5719 3169 5775 equum
3196 5710 3253 5762 et
3292 5708 3555 5764 salutare.

1922 5797 2309 5856 Conﬁteantur
2333 5799 2455 5869 tibi,
2476 5799 2736 5869 Domine,
2763 5798 2953 5855 omnia
2974 5814 3148 5870 opera
3167 5804 3285 5868 tua,
3308 5805 3363 5856 et
3383 5799 3560 5857 sancti

1921 5893 2008 5951 tui
2032 5893 2370 5952 benedicant
2393 5897 2449 5951 te
2474 5909 2488 5950 :
2518 5892 2789 5966 quoniam
2816 5890 2997 5966 gloria
3021 5891 3246 5949 virtutis
3273 5908 3472 5951 eorum
3501 5898 3560 5953 tv
