4014 6230
373 371 475 425 335

1156 357 1487 414 ΑΡΡΕΝΙΠΧ
1525 359 1611 411 AD
1648 355 1869 410 oram
1909 354 2141 410 SANCTI
2179 341 2477 407 GERMANI
2518 339 2943 407 PARISIENSIS.

3630 347 3737 398 336

371 495 448 539 es,
479 471 672 546 322
699 470 904 541 quibus
931 469 1199 523 virtutem
1229 469 1289 522 in
1318 465 1662 521 confessione
1686 463 1996 535 pugnanti-
2020 462 2300 549 Acedant
2339 479 2351 515 :
2393 465 2707 532 precantes,
2755 465 2820 513 ut
2869 460 3027 513 Jesus
3075 454 3332 509 Christus
3383 451 3554 506 Filius
3603 453 3742 504 tuus

373 570 478 622 bus
508 571 563 620 et
583 564 822 635 gloriam
844 563 900 616 in
923 563 1176 634 passione
1196 559 1544 615 vincentibus
1565 557 1869 612 contulisti.
1893 555 1999 620 Qui

373 676 663 715 summum
691 658 851 711 illum
879 655 1166 726 Unigeniti
1206 655 1290 708 tui
1317 668 1526 706 nomen
1555 667 1740 706 coram
1769 649 2001 720 regibus

374 760 430 808 et
466 751 835 824 potestatibus
877 765 1010 802 voce
1048 749 1222 801 libera
1265 749 1657 818 protestantes,
1688 745 2002 815 pretiosum

372 847 474 902 tibi
495 845 833 915 sanguinem
855 842 1096 913 gloriosa
1115 845 1296 894 morte
1320 840 1610 894 fuderunt.
1632 837 2002 893 Clementiam

373 947 530 995 tuam
584 937 910 1008 suppliciter
959 935 1332 1002 obsecrantes,
1381 938 1448 986 ut
1489 949 1619 986 cum
1660 931 2003 986 exultatione

375 1032 580 1087 sanctis
606 1032 666 1084 in
694 1027 932 1084 caelestis
958 1026 1121 1098 regni
1141 1026 1420 1080 cubilibus
1443 1025 1650 1097 gaudia
1667 1029 1858 1079 nostra
1879 1023 2005 1077 sub-

368 1129 610 1198 jungas;
637 1128 692 1177 et
733 1138 876 1193 quos
918 1121 1140 1175 virtutis
1185 1119 1499 1174 imitatione
1541 1136 1657 1173 non
1703 1132 2005 1190 possumus

374 1219 551 1291 sequi,
580 1218 649 1272 de
674 1216 803 1270 vita!
832 1214 1192 1270 veneratione
1219 1213 1631 1284 conjungamus
1657 1212 1880 1267 affectu.
1902 1213 2008 1264 Per

433 1329 547 1369 lem
558 1354 569 1365 .
998 1341 1000 1344 ν

433 1331 547 1369 lem
558 1354 569 1365 .
998 1341 1000 1344 ν

375 1331 432 1385 Ψ
887 1381 1010 1428 Post
1035 1377 1478 1428 communionem.

444 1463 707 1518 Purificet
752 1477 874 1529 nos,
904 1475 1250 1530 qumsumus,
1280 1458 1536 1527 Domine,
1571 1463 1626 1512 et
1664 1457 1839 1512 divini
1874 1471 2005 1527 per-

375 1557 558 1628 ceptio
605 1553 971 1622 Sacramenti,
1016 1557 1072 1607 et
1122 1553 1366 1624 gloriosa
1410 1555 1733 1608 sanctorum
1779 1556 2008 1606 tuorum

376 1650 576 1706 oratio.
604 1651 731 1703 Per.

447 1746 673 1810 Praesta,
705 1757 1054 1812 quaesumus,
1083 1740 1441 1811 omnipotens
1478 1741 1643 1808 Deus,
1672 1743 1738 1792 ut
1766 1753 2011 1809 quorum

2102 555 2372 609 Dominus
2398 559 2589 609 noster
2617 570 2716 608 sua
2742 569 2846 607 nos
2877 550 3055 621 gratia
3080 549 3460 619 consequatur
3484 562 3497 598 :
3523 548 3580 598 et
3605 543 3742 614 quia

2100 650 2218 703 sine
2245 649 2362 720 ipso
2390 647 2531 702 nihil
2574 651 2722 702 recte
2750 645 3001 700 valemus
3031 643 3274 710 efficere,
3305 639 3484 710 ipsius
3513 653 3742 707 semper

2101 758 2339 798 munere
2383 741 2706 813 capiamus,
2757 743 2818 792 ut
2858 737 2958 793 tibi
3003 737 3226 808 placere
3286 731 3585 804 possimus.
3637 732 3742 784 Per

2103 853 2275 908 quem
2303 837 2407 891 Ma.

2623 904 2741 953 Post
2766 900 3209 952 communionem.

2175 990 2424 1046 Caelestis
2453 990 2585 1044 doni
2625 987 3011 1044 benedictione
3037 989 3324 1057 percepta,
3353 980 3637 1052 supplices
3665 982 3737 1047 te,

2105 1086 2252 1140 Deus
2277 1084 2657 1154 omnipotens,
2695 1083 3088 1152 deprecamur,
3120 1081 3186 1132 ut
3220 1077 3327 1130 hoc
3369 1075 3520 1129 idem
3557 1078 3615 1128 et
3654 1088 3738 1125 sa-

2107 1179 2380 1234 cramenti
2408 1193 2575 1233 causa
2605 1176 2694 1244 sit,
2725 1180 2782 1230 et
2807 1173 3024 1230 salutis.
3055 1174 3161 1227 Per
3185 1170 3512 1226 Dominum.

2753 1273 2831 1323 Ad
2855 1272 3082 1336 plebem.

2181 1362 2394 1431 Veniat,
2440 1360 2697 1429 Domine,
2727 1373 3079 1430 quaesumus,
3120 1354 3332 1426 populo
3376 1348 3747 1422 suppliccanti

2110 1462 2224 1512 tua:
2254 1454 2662 1510 benedictionis
2688 1452 2917 1519 infusio,
2946 1466 3074 1521 quae
3114 1447 3420 1503 diabolicas
3445 1445 3516 1499 ab
3550 1443 3746 1498 eodem

2110 1549 2347 1621 repellat
2373 1547 2620 1618 insidias,
2651 1563 2781 1618 quae
2807 1543 3174 1615 fragilitatem
3210 1540 3448 1596 mundet
3473 1542 3529 1594 et
3556 1541 3748 1608 prote-

2114 1649 2228 1716 gat,
2255 1659 2384 1714 quae
2414 1643 2646 1714 inopem
2673 1642 2951 1696 sustentet
2979 1641 3033 1692 et
3064 1637 3314 1690 foveat...

2612 1758 2716 1812 XX.
2748 1772 2874 1810 Iri-zu
2904 1769 3027 1808 ALIA
3071 1768 3245 1806 mssa.

378 1836 714 1892 memoriam
752 1834 1097 1933 Sacramenti
1127 1833 1554 1904 participatione
1589 1833 1916 1900 recolimus,
1945 1833 2013 1885 ﬁ-
2035 1855 2092 1926 B
2187 1865 2481 1933 Perpetua,
2511 1875 2859 1932 quaesumus,
2894 1855 3149 1923 nomine,
3192 1867 3330 1925 pace
3364 1848 3602 1914 custodi,
3631 1845 3754 1917 (Ιώ,

377 1933 506 1986 dem
552 1945 777 2001 quoque
820 1927 1164 1999 proficiendo
1210 1932 1511 1982 sectemur.
1555 1929 1662 1981 Per
1712 1927 2016 1981 Dominum

378 2027 638 2079 nostrum
661 2024 852 2077 Jesum
890 2020 1176 2076 Christum
1213 2020 1418 2074 Filium
1463 2025 1649 2089 tuum,
1678 2019 1777 2091 qui
1803 2025 2014 2075 tecum.

379 2142 505 2196 ΧΙΧ.
550 2155 822 2195 INCIPIUNT
867 2152 1159 2191 ORATIONES
1199 2153 1262 2190 ET
1301 2153 1492 2190 PRECES
1531 2153 1820 2191 COMMUNES
1867 2151 2014 2189 COTI-

879 2223 1057 2262 DIANE
1117 2222 1224 2262 CUM
1286 2221 1522 2261 CANONE.

981 2301 1101 2349 Post
1123 2299 1417 2364 prophetia.

452 2386 620 2451 Deus,
648 2382 746 2455 qui
774 2381 1143 2453 diligentibus
1187 2385 1240 2434 te
1274 2381 1423 2434 bona
1464 2379 1764 2433 invisibilia
1792 2391 2014 2450 praepa-

379 2479 536 2548 rasti,
563 2476 798 2532 infunde
841 2474 1103 2528 cordibus
1142 2473 1347 2527 nostris
1375 2473 1458 2527 tui
1486 2473 1694 2527 amoris
1733 2472 2017 2540 affectum,

383 2579 445 2628 ut
469 2578 525 2626 te
551 2571 611 2624 in
638 2568 906 2623 omnibus
933 2572 990 2622 et
1014 2583 1185 2638 super
1210 2567 1402 2620 omnia
1427 2563 1743 2637 diligentes,
1772 2567 2017 2637 promis-

382 2667 568 2720 siones
592 2669 735 2732 tuas,
769 2678 896 2732 qua:
924 2676 1092 2715 omne
1124 2659 1472 2715 desiderium
1509 2665 1798 2730 superant,
1825 2676 2019 2715 conse-

382 2773 649 2831 quamur.
681 2759 785 2810 Per
811 2755 1112 2810 Dominum
1135 2758 1416 2808 nostrum.

1071 2850 1337 2901 Collectio.

455 2939 619 3006 Deus,
649 2935 748 3009 qui
774 2934 831 2990 in
860 2933 1064 2989 sanctis
1093 2933 1334 3002 habitas,
1363 2938 1420 2986 et
1444 2931 1538 3003 pia
1575 2931 1742 2986 corda
1779 2947 1895 2985 non
1922 2930 2020 2984 de-

386 3032 546 3101 seris,
575 3030 752 3085 libera
787 3045 889 3084 nos
927 3045 958 3081 a
1005 3027 1246 3082 terrenis
1290 3025 1578 3081 desideriis
1620 3030 1676 3080 et
1721 3024 2025 3096 cupiditate

385 3124 616 3191 carnali,
639 3129 721 3193 ut,
752 3123 906 3178 nullo
935 3121 993 3174 in
1018 3121 1182 3175 nobis
1215 3125 1490 3191 regnante
1515 3123 1766 3190 peccato,
1797 3117 1898 3171 tibi
1924 3117 2025 3171 soli

387 3221 624 3276 Domino
652 3217 844 3273 liberis
880 3215 1168 3273 mentibus
1207 3213 1537 3268 serviamus.
1565 3214 1672 3267 Per
1697 3211 2020 3266 Dominum.
2045 3226 2099 3300 Ο

1012 3314 1143 3362 Ante
1164 3310 1397 3361 nomina.

457 3401 746 3452 Protector
781 3395 840 3448 in
884 3398 938 3447 te
971 3390 1348 3464 sperantium,
1381 3392 1544 3461 Deus,
1589 3390 1710 3446 sine
1739 3407 1851 3462 quo
1881 3391 2025 3446 nihil

389 3498 474 3548 est
515 3489 787 3554 validum,
829 3486 974 3541 nihil
1019 3489 1296 3555 sanctum,
1342 3485 1659 3555 multiplica
1704 3501 1876 3556 super
1923 3502 2027 3539 nos

388 3581 836 3641 misericordiam
892 3585 1071 3646 tuam,
1115 3583 1181 3633 ut
1228 3582 1283 3632 te
1337 3583 1574 3648 rectore,
1628 3583 1684 3633 te
1735 3579 1896 3645 duce,
1951 3576 2028 3632 sic

390 3685 741 3734 transeamus
763 3691 868 3747 per
901 3673 1051 3728 bona
1087 3672 1446 3744 temporalia,
1475 3677 1540 3727 ut
1565 3688 1679 3727 non
1703 3673 2028 3727 amittamus

395 3778 629 3828 mterna.
671 3771 794 3824 Per.

463 3867 611 3920 Deus
638 3864 935 3931 virtutum,
950 3861 1112 3932 cujus
1131 3865 1214 3915 est
1233 3865 1437 3928 totum,
1453 3861 1604 3931 quod
1621 3863 1704 3914 est
1723 3859 2027 3930 optimum,

394 3961 580 4015 insere
619 3958 941 4030 pectoribus
981 3954 1187 4010 nostris
1231 3969 1487 4008 amorem
1532 3954 1618 4007 tui
1661 3953 1930 4022 nominis,
1978 3957 2033 4006 et

394 4058 601 4127 praasta
624 4053 686 4106 in
711 4051 876 4105 nobis
902 4049 1204 4119 religionis
1230 4051 1629 4118 augmentum,
1661 4051 1726 4100 ut
1751 4062 1878 4117 quae
1903 4050 2035 4100 sunt

395 4147 546 4202 bona
584 4143 822 4212 nutrias,
851 4159 916 4196 ac
954 4141 1212 4212 vigilanti
1255 4141 1443 4194 studio
1489 4156 1619 4211 quae.
1656 4145 1788 4194 sunt
1823 4140 2035 4195 nutrita

399 4239 695 4295 custodias.

1021 4305 1186 4369 Super
1212 4305 1402 4354 oblata.

472 4393 809 4466 Propitiare,
857 4390 1115 4456 Domine,
1163 4389 1666 4462 supplicationibus
1712 4392 1937 4460 nostris,
1983 4395 2039 4447 et

401 4489 504 4548 has
551 4487 858 4543 oblationes
907 4485 1252 4540 famulorum
1301 4484 1759 4556 famularumque
1808 4490 2036 4540 tuarum

401 4584 687 4655 benignus
731 4581 987 4647 adsume,
1028 4582 1094 4633 ut
1145 4578 1300 4650 quod
1344 4578 1557 4650 singuli
1604 4578 1932 4634 obtulerunt
1968 4578 2038 4632 ad

403 4680 679 4733 honorem
705 4673 955 4729 nominis
989 4672 1092 4742 tui,
1127 4672 1341 4726 cunctis
1381 4672 1637 4743 proﬁciat
1665 4673 1733 4727 ad
1775 4672 2036 4727 salutem.

403 4774 512 4827 Per
538 4768 864 4824 Dominum.

477 4864 706 4931 Adesto,
753 4860 1013 4928 Domine,
1057 4859 1564 4932 supplicationibus
1600 4859 1824 4929 nostris,
1855 4864 1911 4914 et
1952 4859 2043 4914 his

405 4956 605 5030 populi
631 4954 717 5008 tui
745 4952 1121 5008 oblationibus
1139 4953 1517 5024 precibusque
1537 4954 1831 5024 susceptis,
1848 4951 2041 5026 323

407 5048 772 5124 praesentiam
801 5053 914 5102 tute
932 5047 1242 5117 majestatis
1265 5046 1559 5116 intersere,
1581 5051 1646 5101 ut
1665 5047 1816 5118 quod
1833 5047 2044 5118 singuli

407 5144 737 5199 obtulerunt
763 5142 834 5196 ad
873 5142 1154 5196 honorem
1194 5139 1448 5194 nominis
1488 5139 1590 5210 tui,
1626 5140 1843 5196 cunctis
1868 5140 2042 5212 proﬁ-

407 5238 516 5293 ciat
543 5238 614 5292 ad
639 5237 898 5292 salutem.

482 5333 620 5387 Vere
638 5331 882 5402 dignum
898 5331 954 5384 et
960 5329 1182 5399 justum
1200 5330 1304 5393 est,
1322 5342 1553 5397 aequum
1570 5331 1627 5382 et
1637 5328 1900 5385 salutare.
1918 5330 2047 5385 Om-

397 5425 796 5498 nipotentiam
817 5429 974 5478 tuam
989 5421 1210 5493 jugiter
1233 5420 1618 5492 implorantes,
1641 5428 1704 5477 ut
1727 5423 1932 5493 quibus
1951 5441 2047 5478 an-

408 5536 528 5576 nua
555 5517 897 5572 celebritatis
930 5515 1104 5586 hujus
1147 5518 1273 5569 vota
1311 5515 1670 5586 multiplicas,
1700 5516 1931 5586 plenam
1956 5517 2044 5571 di-

410 5612 528 5668 vini
553 5612 738 5666 cultus
769 5610 1010 5682 gratiam
1035 5607 1326 5680 largiaris;
1356 5614 1413 5664 et
1447 5624 1552 5679 per
1577 5614 1884 5680 augmenta
1919 5616 2057 5665 cor—'

410 5723 581 5780 porea
629 5705 944 5777 profectum
985 5704 1295 5758 clementer
1322 5703 1538 5757 tribuas
1564 5703 1905 5776 animarum,
1934 5722 2047 5778 quo

411 5802 482 5855 ad
509 5796 968 5855 incommutabile
993 5797 1210 5852 bonum
1236 5813 1338 5869 per
1363 5796 1655 5852 mutabilia
1683 5798 1829 5854 dona
1854 5800 2046 5855 venia-

414 5912 560 5966 mus,
589 5890 999 5963 temporalique
1027 5891 1238 5946 laetitiae
1259 5898 1314 5946 et
1339 5891 1541 5963 gaudia
1564 5896 1905 5966 sempiterna
1928 5911 2046 5950 suc-

2116 1957 2222 2011 bus
2249 1956 2308 2010 in
2331 1959 2386 2010 te
2418 1970 2578 2026 spem
2608 1952 2846 2021 donasti,
2878 1955 2934 2006 et
2961 1956 3076 2004 tute
3105 1945 3331 2019 pietatis
3361 1945 3421 1998 in
3433 1938 3608 1997 nobis
3628 1955 3754 2010 pro-

2117 2051 2290 2123 pitius
2335 2049 2483 2103 dona
2521 2047 2796 2112 concede;
2835 2050 2890 2098 et
2929 2047 2993 2098 ut
3029 2041 3160 2107 tuis,
3191 2038 3444 2106 Domine,
3474 2033 3755 2108 possimus

2117 2144 2398 2198 inhaerere
2425 2141 2685 2210 servitiis,
2711 2144 2774 2194 tu
2801 2154 2924 2208 nos,
2953 2150 3301 2208 quaesumus,
3334 2132 3404 2186 ab
3434 2129 3592 2184 omni
3623 2143 3753 2199 pra-

2117 2238 2286 2292 vitate
2313 2236 2570 2291 defende.
2604 2237 2731 2289 Per.

2191 2330 2404 2385 Exaudi
2433 2346 2554 2397 nos,
2584 2328 2882 2382 miserator
2906 2330 2962 2380 et
2989 2323 3307 2378 misericors
3336 2319 3503 2386 Deus,
3537 2321 3594 2371 et
3626 2331 3758 2369 con-

2118 2424 2373 2479 tinentiaa
2401 2421 2657 2478 salutaris
2686 2419 2968 2492 propitius
2991 2417 3154 2472 nobis
3179 2416 3325 2470 dona
3347 2411 3612 2467 concede.
3631 2411 3757 2463 Per.

2193 2520 2361 2585 Deus,
2391 2517 2483 2571 cui
2509 2517 2666 2570 nulla
2702 2517 2886 2585 potest
2917 2510 3256 2567 conscientia
3282 2503 3642 2576 inculpabilis
3669 2503 3759 2556 in-

2121 2611 2320 2680 veniri,
2350 2611 2591 2664 concede
2628 2607 2790 2662 nobis
2831 2611 2946 2661 tuas
2989 2603 3211 2676 pietatis
3235 2599 3532 2665 auxilium,
3562 2602 3629 2652 ut
3656 2611 3763 2667 ope

2122 2711 2235 2760 tuae
2282 2701 2663 2758 miserationis
2709 2700 2909 2771 adjuti,
2957 2716 2990 2752 a
3039 2700 3398 2769 peccatorum
3435 2695 3763 2748 nostrorum

2123 2798 2364 2854 nexibus
2389 2797 2718 2850 liberemur.
2746 2797 2872 2849 Per.

2195 2894 2404 2946 Praesta
2455 2889 2636 2959 nobis,
2688 2886 3007 2942 misericors
3057 2885 3226 2953 Deus,
3271 2885 3339 2936 ut
3388 2877 3767 2950 placationem

2125 2991 2283 3041 tuam
2311 2983 2595 3056 promptis
2633 2981 2924 3037 mentibus
2952 2993 3282 3044 exoremus;
3324 2979 3379 3029 et
3403 2976 3769 3044 peccatorum

2126 3079 2349 3134 veniam
2375 3080 2806 3149 consequentes,
2840 3092 2873 3128 a
2902 3072 3088 3128 noxiis
3111 3071 3424 3126 liberemur
3445 3063 3772 3120 incursibus

2127 3176 2252 3228 Per.

2749 3238 2915 3302 Super
2940 3237 3130 3286 oblata.

2197 3329 2449 3400 Suscipe,
2477 3325 2738 3395 Domine,
2783 3338 3132 3395 qumsumus,
3172 3317 3491 3374 debitorum
3530 3329 3776 3370 munera

2125 3423 2472 3478 famulorum
2501 3437 2515 3474 :
2549 3425 2605 3475 et
2630 3419 2743 3474 tuis
2769 3418 2930 3472 donis
2967 3415 3208 3488 purifica
3235 3411 3537 3467 servientes
3558 3409 3776 3480 pietate

2127 3516 2430 3588 mysteriis,
2458 3514 2663 3586 quibps
2694 3512 2865 3566 etiam
2883 3509 3160 3582 justiﬁcas
3188 3507 3540 3562 innocentes.
3571 3504 3698 3557 Per.

2885 3616 3014 3666 Alia.

2199 3710 2446 3776 Munera,
2486 3704 2741 3773 Domine,
2783 3701 2886 3757 tibi
2927 3701 3131 3769 dicata,
3174 3713 3523 3772 quaesumus,
3563 3694 3773 3749 sancti-

2131 3803 2254 3872 ﬁca,
2285 3805 2340 3856 et
2363 3816 2467 3872 per
2493 3799 2690 3853 eadem
2718 3813 2818 3850 nos
2844 3795 3096 3867 placatus
3130 3793 3381 3860 intende,
3412 3795 3468 3846 et
3497 3807 3531 3844 a
3558 3787 3776 3844 cunctis

2131 3913 2234 3951 nos
2276 3895 2524 3950 reatibus
2569 3897 2625 3947 et
2669 3889 2935 3962 periculis
2973 3887 3311 3960 propitiatus
3348 3884 3594 3952 absolve,
3632 3898 3776 3954 quos

2132 3989 2275 4046 tanti
2303 3987 2554 4060 mysterii
2582 3985 2787 4042 tribuis
2807 3999 2925 4039 esse
2947 3985 3252 4037 consortes.
3282 3982 3407 4035 Per.

2781 4080 3115 4132 Contestatio.

2208 4171 2400 4246 324
2427 4173 2566 4226 Vere
2596 4170 2838 4242 dignum
2864 4173 2920 4223 et
2937 4167 3156 4246 justum
3184 4169 3288 4233 est,
3321 4178 3552 4234 aequum
3593 4165 3649 4217 et
3683 4176 3772 4214 εδ-

2137 4241 2340 4322 lutare.
2362 4241 2439 4320 —Ut
2473 4265 2606 4336 quia
2642 4241 2723 4319 tui
2767 4268 2852 4318 est
2889 4241 3102 4333 operis,
3124 4260 3169 4314 si
3199 4257 3350 4330 quod
3377 4256 3480 4311 tibi
3502 4254 3775 4327 placitum

2139 4366 2223 4417 est
2247 4365 2344 4415 aut
2371 4359 2685 4430 cogitamus
2711 4362 2809 4412 aut
2833 4357 3074 4428 agimus,
3096 4360 3160 4409 tu
3185 4351 3350 4407 nobis
3368 4365 3590 4420 semper
3620 4353 3674 4402 et
3695 4347 3774 4400 in-

2138 4454 2428 4525 telligendi
2463 4470 2591 4525 quae
2637 4456 2784 4506 recta
2820 4454 2970 4516 sunt,
3001 4454 3057 4503 et
3090 4445 3434 4518 exsequendi
3459 4443 3674 4497 tribuas
3699 4441 3773 4495 fa-

2141 4551 2426 4605 cultatem.
2454 4549 2523 4602 Ut
2549 4563 2662 4600 non
2691 4546 2749 4600 in
2773 4544 2935 4599 nobis
2961 4548 3151 4598 nostra
3177 4539 3415 4609 malitia,
3449 4537 3548 4592 sed
3584 4535 3772 4590 indul-

2144 4642 2348 4716 gentiae
2393 4646 2504 4696 ture
2546 4639 2860 4712 praeveniat
2897 4653 3124 4708 semper
3167 4635 3416 4703 affectus,
3457 4631 3557 4703 qui
3601 4647 3702 4684 nos
3745 4645 3776 4682 a

2140 4737 2322 4794 noxiis
2343 4734 2726 4807 voluptatibus
2755 4733 3144 4788 indesinenter
3171 4727 3450 4800 expediat,
3473 4730 3529 4780 et
3557 4743 3590 4778 a
3616 4739 3776 4777 mun-

2143 4831 2302 4886 danis
2330 4829 2578 4886 cladibus
2609 4828 2914 4900 dignanter
2940 4825 3159 4896 eripiat.
3190 4826 3297 4878 Per
3323 4836 3494 4894 quam
3522 4818 3679 4889 Maje.

2669 4927 2789 4976 Post
2817 4922 3260 4975 communionem.

2213 5014 2470 5086 Mysteria
2495 5015 2684 5067 sancta
2708 5028 2832 5079 nos,
2862 5009 3120 5077 Domine,
3145 5011 3201 5063 et
3229 5003 3490 5062 sacriﬁcis
3519 5001 3784 5073 expleant

2143 5106 2447 5177 alimentis,
2478 5113 2533 5162 et
2566 5105 2954 5178 corporalibus
2983 5107 3252 5159 tueantur
3279 5099 3525 5155 auxiliis.
3554 5099 3660 5154 Per
3682 5096 3786 5150 Do-

2143 5203 2367 5258 minum
2394 5205 2674 5257 nostrum.

2821 5270 2950 5318 item
2979 5267 3098 5318 alia.

2218 5360 2297 5414 Da
2327 5358 2572 5427 veniam,
2601 5355 2857 5426 Domine,
2880 5353 3120 5426 peccatis
3138 5351 3363 5420 nostris,
3396 5355 3452 5406 et
3477 5347 3788 5404 medicina-

2146 5453 2293 5508 libus
2320 5451 2603 5508 sacrificiis
2632 5450 2884 5523 expiatos
2915 5448 2984 5502 ab
3013 5446 3166 5502 omni
3202 5444 3477 5518 pravitate
3520 5440 3784 5498 defende.

2146 5549 2272 5604 Per.
2627 5618 2756 5672 XXI.
2800 5631 2925 5671 mni
2964 5631 3088 5671 ALIA
3128 5621 3299 5667 MISSA.

2714 5712 2833 5761 Post
2854 5706 3202 5774 prophetiam.

2221 5800 2388 5868 Deus,
2435 5800 2534 5871 qui
2578 5797 2740 5854 nobis
2785 5792 3256 5866 omnipotentiam
3302 5794 3462 5846 tuam
3504 5784 3790 5860 parcendo

2149 5894 2393 5952 maxime
2435 5899 2491 5950 et
2530 5891 2852 5949 miserendo
2893 5887 3242 5956 manifestas,
3272 5882 3592 5956 multiplica
3621 5894 3793 5950 super
