4014 6230
184 371 277 428 337
371 341 376 348 Ι

1267 373 1350 427 ΒΕ
1391 371 1702 429 LITURGIA
1740 372 2113 430 GALLICANA
2152 374 2348 430 LIBER
2389 371 2476 428 111.

3452 367 3551 427 338

174 498 271 536 nos
308 476 567 551 gratiam
613 479 797 548 tuam,
846 483 908 536 ut
956 480 1030 536 ad
1057 485 1156 537 tua
1181 482 1461 553 promissa
1490 485 1807 550 currentes,
1833 484 2173 567 Aguberna
2217 479 2640 548 moderamine,
2679 481 2743 535 ut
2781 478 2932 535 adsit
2969 476 3020 535 ei
3059 479 3116 535 et
3152 475 3212 534 in
3245 478 3551 535 securitate

173 574 482 630 caelestium
512 573 800 630 bonorum
832 575 1004 630 facias
1026 593 1149 630 esse
1176 580 1490 632 consortes.
1521 579 1646 632 Per.

801 675 924 724 Post
953 688 1187 738 precem.

237 756 625 829 Omnipotens
672 759 1022 830 sempiterne
1075 761 1243 828 Deus,
1301 760 1397 832 qui
1454 760 1813 816 abundantia

173 851 390 925 pietatis
428 855 551 906 tua:
591 855 650 907 et
688 853 897 907 merita
936 854 1256 926 supplicum
1293 854 1518 909 excedis
1563 859 1622 909 et
1658 857 1812 921 vota,

175 946 395 1001 effunde
433 963 614 1018 super
637 963 743 1002 nos
768 947 1228 1003 misericordiam
1259 952 1438 1016 tuam,
1470 951 1530 1002 ut
1561 948 1815 1003 dimittas

175 1056 292 1111 quae
319 1040 684 1094 conscientia
713 1041 938 1107 metuit,
969 1046 1028 1096 et
1046 1041 1282 1112 adjicias
1305 1042 1460 1113 quod
1489 1042 1672 1097 oratio
1696 1059 1814 1098 non

175 1134 485 1205 praesumit.
522 1136 634 1189 Per
659 1135 992 1190 Dominum.

807 1235 938 1282 Ante
955 1233 1187 1283 nomina.

239 1317 626 1388 Omnipotens
671 1317 1022 1389 sempiterne
1069 1321 1238 1386 Deus,
1287 1319 1489 1374 adesto
1535 1317 1818 1390 propitius

175 1411 634 1465 invocationibus
684 1411 893 1466 nostris
925 1429 937 1466 :
969 1416 1027 1466 et
1056 1413 1192 1484 quia
1223 1412 1344 1467 sine
1379 1416 1434 1467 te
1466 1412 1608 1467 nihil
1631 1416 1821 1484 potest

177 1504 428 1559 mortalis
480 1504 811 1571 inﬁrmitas,
857 1509 1066 1576 praesta
1110 1506 1384 1561 auxilium
1437 1506 1636 1577 gratiae
1684 1510 1817 1572 tua},

179 1601 234 1650 ut
259 1596 314 1651 in
344 1598 735 1668 exsequendis
771 1599 1062 1654 mandatis
1108 1599 1239 1666 tuis,
1270 1604 1328 1654 et
1356 1601 1649 1654 voluntate
1697 1599 1818 1665 tibi,

181 1694 232 1744 et
253 1691 482 1745 actione
518 1690 737 1761 pariter
763 1693 1113 1762 placeamus.
1141 1695 1250 1747 Per
1277 1692 1605 1747 Dominum.

243 1785 656 1839 Creaturarum
707 1785 969 1839 omnium
1023 1790 1221 1840 auctor
1264 1787 1413 1840 Deus
1453 1789 1509 1840 et
1558 1783 1821 1852 Domine,

1914 579 2156 644 cautela,
2201 581 2259 631 et
2302 577 2454 631 inter
2489 591 2695 647 aspera
2735 574 3037 630 fortitudo.
3087 575 3196 628 Per
3238 573 3553 631 Dominum

1915 673 2195 726 nostrum.

2545 741 2676 790 Ante
2695 739 2926 789 nomina.

1985 817 2200 882 Presta,
2265 830 2612 886 quaesumus,
2683 813 3051 884 omnipotens
3109 816 3167 867 et
3232 811 3558 869 misericors

1917 911 2086 976 Deus,
2110 912 2174 962 ut
2203 909 2354 963 inter
2404 909 2572 979 hujus
2597 907 2726 961 vitae
2763 907 3040 977 caligines
3071 923 3177 961 nec
3229 907 3562 977 ignorantia

1916 1005 2152 1058 fallente
2175 1018 2529 1073 mergamur,
2559 1017 2666 1055 nec
2695 1000 2975 1072 prmcipiti
3005 1000 3339 1055 studeamus
3365 1003 3561 1056 volun-

1917 1096 2036 1146 tate
2067 1107 2342 1162 peccare;
2375 1091 2476 1144 sed
2525 1089 2730 1160 quibus
2772 1089 3044 1144 ﬁduciam
3086 1090 3391 1159 speranda:
3435 1089 3557 1161 pie-

1919 1185 2050 1240 tatis
2082 1185 2367 1256 indulges,
2383 1187 2594 1255 optatas
2619 1182 3027 1238 misericordiae
3045 1185 3258 1254 praesta
3273 1183 3559 1254 benignus

1923 1279 2215 1333 effectum.

1991 1370 2233 1422 Pateant
2263 1383 2429 1422 aures
2476 1365 2888 1420 misericordiae
2919 1368 3052 1431 tum,
3081 1365 3345 1432 Domine,
3375 1367 3560 1437 preci-

1921 1463 2026 1517 bus
2054 1461 2528 1533 supplicantium;
2551 1465 2609 1514 et
2636 1463 2696 1513 ut
2722 1459 3052 1531 petentibus
3079 1458 3406 1513 desiderata
3432 1475 3564 1514 con-

1923 1555 2112 1621 cedas,
2159 1556 2246 1610 fac
2284 1554 2383 1608 tibi
2433 1570 2552 1621 eos,
2599 1569 2948 1624 quaesumus,
2994 1551 3206 1623 placita
3251 1553 3562 1624 postulare.

1923 1647 2031 1699 Per
2060 1643 2390 1699 Dominum.

2575 1713 2742 1776 Super
2778 1712 2969 1761 oblata.

1995 1791 2164 1855 Deus,
2188 1788 2298 1856 cui,
2331 1787 2591 1842 omnium
2621 1786 3032 1842 sacriﬁciorum
3079 1785 3354 1841 varietate
3386 1785 3568 1852 ﬁnita,

184 1876 272 1947 qui
292 1878 566 1931 universa
594 1894 697 1949 per
716 1882 1072 1932 cowternum
1101 1879 1201 1932 tibi
1225 1879 1448 1944 Filium,
1473 1881 1822 1949 cooperante
1845 1860 1901 1932 B
1928 1884 2172 1938 hostiam
2196 1898 2348 1936 nunc
2371 1881 2666 1936 offerimus
2687 1881 3060 1951 singularem,
3086 1880 3286 1934 adesto
3307 1879 3450 1934 votis
3473 1883 3571 1934 tua

181 1973 369 2024 sancto
388 1970 631 2041 Spiritu,
661 1971 990 2037 condidisti,
1016 1973 1090 2026 da
1112 1973 1336 2043 populis
1358 1971 1470 2026 tuis
1490 1971 1635 2025 scire
1670 1971 1826 2041 quod

183 2063 456 2135 praecipis,
487 2064 778 2119 custodire
800 2065 955 2136 quod
982 2068 1248 2136 prazstas;
1285 2069 1347 2119 ut
1376 2068 1433 2119 et
1459 2068 1558 2119 tua
1585 2064 1823 2134 inspira-

187 2157 330 2211 tione
361 2157 646 2225 credaris,
677 2162 734 2212 et
768 2161 965 2213 nostra
994 2175 1224 2230 semper
1251 2175 1390 2214 voce
1416 2157 1686 2212 lauderis.
1721 2159 1829 2210 Per

187 2249 510 2305 Dominum.

809 2321 975 2385 Super
1013 2322 1204 2372 oblata.

251 2407 416 2472 Deus,
455 2405 559 2477 qui
601 2406 875 2476 legalium
914 2406 1271 2461 differentias
1312 2405 1631 2460 hostiarum
1660 2403 1830 2459 unius

192 2500 439 2554 sacriﬁcii
464 2500 893 2570 perfectionem
922 2500 1176 2566 sanxisti,
1207 2499 1399 2570 accipe
1427 2497 1770 2554 sacriﬁcium
1797 2514 1831 2552 a

192 2593 398 2647 devotis
431 2593 538 2647 tibi
571 2593 818 2660 famulis,
845 2597 901 2648 et
927 2594 1049 2667 pari
1081 2592 1510 2659 benedictione,
1540 2591 1686 2646 sicut
1709 2609 1830 2645 mu-

193 2703 318 2740 nera
341 2687 506 2752 Abel,
540 2687 854 2751 sanctiﬁca,
890 2690 951 2740 ut
981 2686 1137 2758 quod
1162 2685 1370 2756 singuli
1395 2685 1731 2740 obtulerunt
1756 2684 1829 2739 ad

191 2779 486 2849 Majestatis
515 2783 631 2834 tua:
672 2781 978 2846 honorem,
1017 2779 1234 2834 cunctis
1275 2777 1537 2851 proﬁciat
1571 2778 1643 2832 ad
1680 2778 1829 2831 salu-

197 2876 322 2926 tem.
352 2875 463 2927 Pcr
491 2874 665 2928 Dom.

258 2966 488 3037 Suscipe
523 2983 795 3032 munera,
821 2981 1169 3038 quaesumus,
1187 2965 1446 3032 Domine,
1477 2980 1604 3035 quae
1632 2963 1735 3018 tibi
1760 2964 1833 3019 de

199 3063 284 3112 tua
310 3059 585 3130 largitate
618 3058 953 3126 deferimus,
989 3062 1050 3113 ut
1077 3059 1198 3114 haec
1223 3060 1590 3113 sacrosancta
1619 3060 1830 3128 myste-

198 3151 291 3217 ria,
315 3153 516 3221 gratiae
539 3157 656 3206 tua:
683 3155 964 3222 operante
995 3151 1223 3217 virtute,
1246 3151 1546 3222 praesentis
1572 3150 1699 3204 vitae
1729 3167 1834 3203 nos

199 3245 628 3301 conversatione
659 3245 1038 3310 sanctiﬁccnt,
1063 3247 1121 3298 et
1151 3244 1223 3298 ad
1249 3243 1459 3316 gaudia
1482 3243 1834 3314 sempiterna
1854 3227 1908 3301 Ο

199 3338 521 3406 perducant.
559 3341 668 3392 Per
696 3340 862 3393 Dom.
900 3341 1160 3392 nostrum
1183 3339 1377 3392 Jesum
1399 3337 1712 3392 Christum.

262 3431 395 3484 Vere
429 3432 678 3503 dignum
709 3434 766 3484 et
792 3430 1011 3501 justum
1045 3433 1148 3496 est,
1195 3447 1426 3500 aequum
1468 3432 1526 3483 et
1559 3430 1830 3483 salutare.

202 3526 262 3579 Ut
297 3525 464 3580 Filius
506 3529 644 3579 tuus
667 3527 828 3579 Jesus
857 3523 1131 3590 Christus,
1157 3523 1255 3594 qui
1286 3539 1344 3577 se
1366 3539 1544 3594 usque
1566 3522 1625 3576 in
1655 3523 1833 3576 ﬁnem

203 3615 374 3668 saeculi
409 3614 527 3668 suis
560 3613 828 3666 ﬁdelibus
1083 3612 1346 3683 promisit
1381 3613 1736 3677 adfuturum,
1777 3613 1835 3663 et

203 3703 507 3771 praesentia:
557 3702 870 3773 corporalis
907 3700 1193 3772 mysteriis
1247 3719 1363 3756 non
1413 3702 1643 3755 deserat
1691 3715 1834 3770 quos

204 3796 438 3863 redimit,
468 3800 528 3851 et
561 3795 880 3866 majestatis
911 3797 1022 3849 tuae
1049 3795 1342 3849 beneﬁciis
1370 3812 1486 3849 non
1520 3793 1829 3864 relinquat.

206 3888 267 3941 L't
290 3889 380 3959 qui
413 3894 468 3943 te
501 3892 742 3943 auctore
776 3888 1154 3954 subsistimus,
1189 3891 1244 3942 te
1273 3888 1664 3959 dispensante,
1695 3885 1832 3940 diri-

209 3997 395 4050 gamur
426 3999 438 4036 :
472 3999 597 4036 non
639 3981 846 4036 nostris
877 3981 1136 4035 sensibus
1167 3980 1586 4052 relinquamur,
1629 3980 1729 4033 sed
1760 3979 1834 4033 ad

205 4076 304 4127 tuae
325 4075 549 4130 reducti
575 4091 806 4145 semper
830 4073 1124 4128 tramitem
1152 4073 1427 4140 veritatis,
1459 4075 1581 4128 haec
1611 4072 1836 4127 studea-

208 4182 320 4221 mus
350 4185 618 4223 exercere
649 4184 777 4239 quae
817 4167 1097 4239 prmcipis,
1122 4171 1183 4222 ut
1213 4169 1496 4238 possimus
1522 4168 1677 4222 dona
1702 4182 1832 4237 per-

211 4258 379 4329 cipere
425 4277 559 4332 quae
601 4260 908 4332 promittis,
943 4277 1046 4332 per
1071 4262 1382 4316 Dominum
1414 4263 1696 4316 nostrum.
1730 4261 1838 4314 Per

212 4367 366 4421 quem
398 4355 661 4409 laudant.

726 4425 852 4474 Post
879 4423 1320 4474 communionem.

273 4507 486 4580 Sumpti
527 4508 790 4563 sacriﬁcii
837 4513 1118 4581 perpetua
1157 4525 1262 4563 nos
1300 4507 1468 4562 tuitio
1510 4523 1626 4561 non
1671 4505 1840 4560 relin-

217 4604 356 4666 quat,
404 4606 461 4656 et
513 4603 686 4656 noxia
734 4619 966 4673 semper
1014 4620 1046 4657 a
1092 4601 1256 4657 nobis
1307 4604 1512 4655 cuncta
1567 4596 1920 4671 depellat.])

217 4689 408 4748 Sancta
432 4698 537 4750 tua
580 4712 704 4761 nos,
737 4695 1004 4762 Domine,
1034 4710 1382 4766 quaasumus,
1406 4697 1465 4747 et
1501 4692 1841 4747 viviﬁcando

219 4791 494 4854 renovent,
527 4791 588 4842 et
611 4789 946 4843 renovando
975 4788 1278 4842 viviﬁcent.
1303 4789 1412 4841 Per
1439 4784 1768 4840 Dominum.

855 4884 933 4934 Ad
967 4884 1196 4934 plebem.

855 4899 933 4934 Aa
967 4899 1196 4949 plebem.

284 4965 626 5036 Benedictio,
659 4969 924 5036 Domine,
941 4986 1288 5041 quaesumus,
1312 4968 1371 5023 in
1393 4971 1523 5023 tuos
1542 4967 1743 5021 ﬁdeles
1755 4983 1844 5021 co-

225 5056 366 5125 piosa
377 5061 718 5130 descendat;
739 5066 798 5117 et
813 5080 986 5134 quam
1005 5062 1274 5134 subjectis
1286 5061 1554 5117 cordibus
1571 5063 1846 5131 expetunt

224 5149 438 5222 largiter
465 5159 924 5227 consequantur:
941 5156 1216 5227 quoniam
1231 5155 1376 5209 sicut
1396 5153 1656 5226 superbis
1682 5151 1844 5207 resis-

228 5242 304 5308 tis,
319 5246 390 5301 sic
402 5249 710 5328 humilibus
722 5250 833 5304 tuis
845 5249 1093 5319 gratiam
1103 5248 1390 5318 benignus
1403 5246 1841 5319 impendis.Per.

692 5361 842 5415 XXII.
876 5377 998 5414 mm
1037 5377 1160 5416 ALIA
1201 5375 1376 5415 MISSA.

769 5455 892 5502 Post
933 5451 1282 5516 prophetiam.

296 5534 564 5607 Concede,
595 5555 943 5610 quaesumus,
980 5537 1350 5608 omnipotens
1387 5535 1555 5599 Deus,
1591 5535 1652 5585 ut
1693 5529 1846 5584 viam

241 5627 377 5680 tuam
405 5629 603 5686 devota
633 5635 828 5686 mente
873 5633 1189 5696 currentes,
1222 5625 1663 5698 subripientium
1704 5622 1845 5678 deli-

249 5719 444 5775 ctorum
471 5725 708 5795 laqueos
740 5724 1072 5779 evadamus.
1102 5725 1229 5777 Per.

839 5821 960 5871 Post
990 5832 1204 5884 precem
1217 5854 1229 5867 .

311 5895 591 5956 Ecclesiam
641 5906 820 5969 tuam,
875 5900 1140 5967 Domine,
1177 5913 1524 5971 qumsumus,
1570 5897 1848 5967 perpetuo

1928 1975 2303 2048 inspiratione
2322 1974 2632 2044 conceptis,
2657 1977 2719 2027 ut
2741 1973 2798 2027 in
2824 1977 2878 2027 te
2901 1973 3257 2044 sperantium
3277 1976 3333 2026 et
3351 1972 3574 2026 deside-

1928 2070 2012 2124 ria
2027 2070 2232 2140 jubeas
2262 2067 2477 2138 perﬁci,
2507 2071 2564 2120 et
2589 2069 2826 2138 peccata
2859 2065 3057 2119 deleri.
3091 2067 3200 2119 Per
3235 2065 3567 2120 Dominum.

2001 2162 2256 2216 Remotis
2282 2159 2821 2215 obumbrationibus
2855 2157 3174 2212 carnalium
3205 2158 3569 2212 victimarum

1931 2256 2245 2327 spiritalem
2269 2254 2392 2320 tibi,
2419 2268 2644 2307 summe
2677 2253 2865 2319 Pater,
2899 2251 3148 2305 hostiam
3181 2250 3419 2321 supplici
3449 2268 3570 2305 ser-

1929 2351 2105 2404 vitute
2137 2347 2472 2413 deferimus,
2501 2363 2629 2417 quae
2663 2345 2810 2400 mire
2859 2344 3252 2415 ineﬁabilique
3295 2345 3569 2414 mysterio

1931 2447 1989 2497 et
2027 2442 2362 2496 immolatur
2403 2453 2653 2510 semper,
2702 2443 2760 2492 et
2797 2438 3002 2492 eadem
3050 2453 3279 2508 semper
3310 2437 3569 2503 oﬁ‘ertur,

1933 2532 2264 2603 pariterque
2293 2532 2351 2582 et
2371 2529 2714 2583 devotorum
2749 2543 2961 2580 munus
2983 2525 3180 2599 326
3213 2529 3271 2580 et
3299 2542 3570 2580 remune-

1931 2625 2111 2680 rantis
2147 2626 2234 2678 est
2259 2621 2585 2694 praemium.
2613 2623 2723 2676 Per
2753 2620 3084 2674 Dominum.

2003 2719 2360 2783 Quaesumus,
2393 2714 2634 2770 Domine
2676 2715 2826 2768 Deus
2858 2717 3072 2779 noster,
3105 2715 3166 2766 ut
3188 2711 3398 2766 nostris
3421 2710 3570 2766 desi-

1933 2812 2106 2866 deriis
2137 2810 2453 2881 expeditos,
2487 2807 2858 2862 devotionem
2877 2806 2978 2860 tibi
3003 2822 3107 2859 nos
3129 2805 3370 2859 liberam
3398 2810 3572 2875 atque

1933 2904 2287 2960 oblationem
2310 2902 2516 2957 offerre
2529 2901 2831 2955 concedas.
2848 2902 2955 2954 Per
2972 2898 3281 2954 Dominum
3310 2901 3572 2952 nostrum

1931 3005 1957 3058 J
1965 3019 2125 3056 esum
2155 3000 2463 3056 Christum.

2004 3097 2147 3150 Vere
2184 3094 2428 3164 dignum
2469 3095 2527 3147 et
2553 3092 2773 3162 justum
2815 3094 2918 3157 est,
2954 3105 3185 3160 aequum
3216 3091 3274 3143 et
3298 3091 3568 3144 salutare.

1932 3189 2182 3243 Verbum
2217 3191 2381 3240 tuum
2412 3185 2515 3239 tibi
2547 3201 2648 3256 per
2693 3183 2891 3238 omnia
2935 3186 3306 3238 cozeteruum.
3337 3182 3444 3246 Qui
3485 3199 3574 3236 se-

1934 3282 2245 3352 metipsum
2258 3279 2587 3347 exinanivit,
2615 3280 2865 3333 formam
2886 3276 3031 3330 servi
3060 3276 3366 3346 accipiens,
3392 3277 3575 3331 factus

1934 3375 2212 3432 obediens
2238 3389 2417 3444 usque
2450 3372 2522 3427 ad
2553 3374 2824 3438 mortem,
2859 3374 3110 3426 mortem
3141 3373 3336 3424 autem
3365 3368 3568 3437 crucis,

1933 3470 1990 3524 in
2019 3486 2132 3541 qua
2152 3468 2279 3539 pius
2305 3465 2538 3536 sanguis
2568 3465 2625 3518 in
2653 3463 3055 3519 remissionem
3076 3463 3236 3517 fusus
3268 3466 3353 3517 est
3379 3478 3577 3534 pecca-

1932 3567 2144 3618 torum.
2181 3559 2348 3615 Venit
2373 3559 2530 3613 enim
2557 3557 2811 3612 animam
2843 3573 3006 3611 suam
3033 3556 3170 3610 dare
3218 3555 3574 3626 redemptio-

1936 3673 2070 3710 nem
2083 3671 2186 3725 pro
2200 3652 2412 3718 multis,
2436 3651 2764 3706 redditurus
2785 3650 2982 3720 utique
3000 3664 3256 3718 perenne
3280 3648 3411 3701 ﬁdei
3436 3664 3577 3718 prae-

1933 3748 2134 3815 mium,
2158 3764 2261 3817 pro
2289 3745 2494 3818 quibus
2511 3743 2779 3797 sustinuit
2792 3741 2973 3796 crucis
2995 3740 3389 3811 opprobrium.
3417 3741 3577 3794 Bona

1935 3841 2146 3912 quippe
2168 3844 2225 3894 et
2244 3839 2399 3892 mala
2421 3841 2590 3892 erunt
2613 3839 2850 3901 interna,
2871 3850 2998 3904 qum
3016 3833 3177 3886 dabit
3189 3833 3573 3903 judicaturus,

1935 3935 2033 4006 qui
2065 3934 2217 3988 bona
2238 3935 2295 3986 et
2316 3932 2471 3985 mala
2503 3927 2844 3999 temporalia
2873 3926 3167 3981 contemni
3200 3925 3395 3980 docuit
3417 3925 3574 3996 judi-

1936 4027 2251 4082 catus.Non
2265 4025 2422 4079 enim
2446 4023 2612 4077 aliter
2625 4024 2832 4076 natura
2851 4019 3136 4090 delinquit
3159 4019 3433 4086 humana,
3466 4018 3578 4072 nisi

1937 4121 2035 4172 aut
2061 4115 2312 4172 amando
2340 4130 2469 4186 quae
2496 4113 2616 4184 ipse
2639 4109 3005 4181 contempsit,
3036 4112 3136 4164 aut
3157 4107 3416 4162 timendo
3448 4123 3578 4178 quae

1937 4211 2056 4281 ipse
2071 4208 2356 4264 sustinuit.
2381 4207 2541 4264 Unde
2565 4223 2669 4260 nos
2693 4209 2789 4259 tua
2802 4201 3166 4276 providentia
3186 4201 3332 4272 regi,
3352 4203 3452 4254 tua
3473 4217 3580 4254 nos

1936 4304 2271 4374 redemptos
2292 4301 2479 4372 gratia
2507 4297 2840 4371 gubernari,
2873 4298 3096 4351 nullum
3122 4298 3208 4348 est
3233 4293 3440 4348 certius
3473 4293 3576 4347 do-

1938 4400 2273 4450 cumentum
2291 4411 2304 4461 ;
2325 4410 2500 4465 quam
2523 4393 2646 4464 ejus
2669 4389 2957 4446 evidentia
2971 4387 3277 4453 nascentis,
3300 4385 3580 4456 patientia

1939 4489 2258 4555 morientis,
2291 4485 2554 4558 potentia
2580 4482 2954 4554 resurgentis.
2987 4484 3095 4536 Per
3125 4477 3457 4533 Dominum.

2299 4581 2471 4634 XXIII.
2514 4595 2707 4633 mcum
2747 4592 2919 4631 CANON
2956 4589 3220 4628 ACTIONIS.

2016 4677 2252 4730 Sursum
2275 4672 2470 4726 corda.
2495 4673 2652 4741 Resp.
2681 4669 2971 4723 Habemus
3001 4666 3076 4720 ad
3096 4662 3425 4720 Dominum.
3451 4663 3584 4718 Gra-

1947 4770 2052 4824 tias
2065 4783 2305 4838 agamus
2317 4763 2563 4819 Domino
2578 4765 2695 4816 Deo
2708 4759 3183 4829 nostro.Dignum
3201 4760 3258 4811 et
3263 4757 3484 4828 justum
3499 4760 3586 4811 est

2017 4863 2158 4915 Vere
2205 4859 2445 4930 dignum
2491 4860 2548 4911 et
2580 4857 2799 4926 justum
2833 4857 2936 4920 est,
2970 4868 3201 4924 aequum
3247 4854 3305 4904 et
3332 4851 3583 4904 salutare

1946 4960 2049 5023 est,
2080 4971 2184 5009 nos
2205 4952 2306 5007 tibi
2325 4967 2554 5022 semper
2570 4953 2629 5004 et
2648 4948 2860 5019 ubique
2883 4947 3099 5017 gratias
3121 4961 3316 5016 agere,
3340 4944 3584 5000 Domine

1945 5051 2160 5114 sancte,
2189 5049 2357 5101 Pater
2387 5043 2773 5115 omnipotens,
2809 5045 3023 5096 aeterne
3073 5041 3241 5105 Deus,
3274 5055 3378 5110 per
3421 5035 3582 5093 Chri-

1946 5146 2096 5196 stum
2122 5140 2432 5195 Dominum
2446 5141 2730 5192 nostrum.
2748 5138 2856 5190 Per
2869 5151 3042 5206 quem
3055 5133 3410 5203 Majestatem
3426 5135 3583 5184 tuam

1948 5235 2186 5289 laudant
2206 5232 2418 5304 angeli,
2453 5231 2700 5286 adorant
2735 5227 3182 5292 dominationes,
3214 5225 3471 5278 tremunt
3491 5237 3588 5291 po-

1947 5330 2218 5393 testates;
2262 5326 2383 5380 caeli
2420 5325 2810 5394 caalorumque
2872 5322 3108 5376 virtutes
3168 5333 3232 5369 ac
3282 5315 3455 5368 beata
3489 5313 3587 5382 Sy-

1947 5423 2092 5476 raﬁn
2117 5419 2270 5474 socia
2292 5418 2641 5473 exultatione
2663 5415 3089 5471 concelebrant.
3123 5410 3264 5464 Cum
3293 5406 3498 5477 quibus
3529 5408 3587 5457 et

1951 5518 2174 5570 nostras
2210 5529 2375 5568 voces
2423 5516 2485 5566 ut
2528 5510 2754 5566 admitti
2775 5509 2982 5579 jubeas
3027 5504 3427 5575 deprecamur,
3456 5515 3587 5568 sup-

1948 5612 2082 5684 plici
2112 5611 2472 5666 confessione
2501 5609 2756 5664 dicentes
2785 5623 2798 5660 :
2827 5605 3088 5669 Sanctus,
3119 5602 3378 5664 Sanctus,
3411 5596 3587 5650 Sanc-

1950 5711 2060 5774 tus,
2085 5705 2364 5760 Dominus
2393 5705 2540 5757 Deus
2567 5699 2842 5757 Sabaoth.

2021 5801 2096 5853 Te
2124 5797 2319 5868 igitur,
2366 5792 2814 5849 clementissime
2849 5792 3040 5854 Pater,
3072 5803 3175 5858 per
3202 5787 3393 5841 Jesum
3425 5774 3586 5829 Chri-

1951 5895 2101 5947 stum
2132 5889 2336 5945 Filium
2367 5892 2528 5942 tuum
2560 5884 2868 5941 Dominum
2901 5885 3159 5936 nostrum
3191 5870 3466 5945 supplices
3492 5881 3587 5918 ro-
