4014 6230
383 366 484 421 837

1168 362 1500 419 APPENDIX
1539 360 1627 416 AD
1663 360 1886 415 OPERA
1927 359 2162 418 SANCTI
2203 361 2503 419 GERMANI
2542 361 2968 420 PARISIENSIS.

384 489 588 548 gamus
621 474 680 530 et
702 470 974 546 petimus,
1006 469 1087 527 uti
1115 473 1350 542 accepta
1379 468 1594 525 habeas
1618 469 1676 523 et
1708 465 2019 523 benedicas
2040 479 2099 555 Α
2122 469 2608 541 omnipotentem,
2639 470 2742 525 tibi
2770 470 2983 542 gratias
3037 468 3183 542 egit;
3214 470 3528 542 benedixit,
3550 471 3778 545 fregit;

384 569 508 625 haec
540 568 713 636 dona,
740 568 863 623 haec
893 582 1158 633 munera,
1186 565 1311 619 haec
1344 564 1541 618 sancta
1567 560 1845 617 sacriﬁcia
1885 560 2014 616 inli-

384 662 523 717 bata
555 679 568 717 :
598 662 657 716 in
696 660 902 732 primis
932 676 1059 731 quae
1092 657 1192 712 tibi
1237 656 1529 711 offerimus
1558 672 1662 725 pro
1694 657 1793 709 tua
1822 657 2021 711 sancta

364 734 635 811 'Ecclesia
655 754 963 819 catholica;
993 767 1168 823 quam
1192 749 1512 821 paciﬁcare,
1545 748 1855 815 custodire,
1884 748 2021 802 adu-

384 866 525 903 nare
546 853 603 903 et
622 864 824 919 regere
840 846 1094 916 digneris
1118 846 1235 898 toto
1261 843 1398 897 orbe
1418 845 1726 909 terrarum,
1750 858 1867 895 una
1888 857 2019 895 cum

385 942 658 998 omnibus
684 938 1016 994 orthodoxis
1060 941 1232 1007 atque
1261 935 1589 1006 apostolicae
1620 934 1757 988 ﬁdei
1786 934 2017 989 cultori-

384 1036 509 1091 bus.
540 1036 847 1100 Memento,
882 1030 1146 1096 Domine,
1172 1028 1360 1102 327
1398 1029 1751 1083 famulorum
1780 1028 2025 1082 famula-

384 1145 630 1201 rumque
644 1130 893 1193 tuarum,
910 1127 966 1179 et
979 1124 1241 1180 omnium
1260 1120 1831 1177 circumadstantium
1849 1138 1862 1189 ;
1889 1137 2024 1192 quo-

384 1239 513 1278 rum
544 1220 643 1275 tibi
666 1220 807 1274 ﬁdes
832 1218 1065 1291 cognita
1095 1220 1198 1285 est,
1221 1221 1279 1271 et
1297 1220 1436 1271 nota
1458 1216 1688 1270 devotio
1714 1216 1773 1269 τι
1796 1214 1892 1285 qui
1920 1214 2023 1268 tibi

384 1317 634 1371 offerunt
662 1315 769 1369 hoc
798 1311 1142 1368 sacriﬁcium
1174 1310 1359 1364 laudis
1390 1326 1492 1381 pro
1525 1327 1605 1377 se,
1640 1309 1869 1379 suisque
1897 1324 2021 1363 om-

384 1409 569 1477 nibus,
594 1425 697 1479 pro
725 1405 1128 1477 redemptione
1160 1404 1489 1459 animarum
1513 1419 1767 1469 suarum,
1793 1417 1896 1472 pro
1925 1418 2024 1473 spe

384 1503 579 1558 salutis
610 1506 667 1556 et
702 1499 1111 1555 incolumitatis
1138 1515 1283 1563 suae;
1322 1497 1421 1551 tibi
1464 1496 1717 1550 reddunt
1754 1498 1886 1549 vota
1924 1512 2027 1549 sua

385 1602 602 1651 aeterno
640 1596 779 1661 Deo,
812 1593 937 1647 vivo
984 1596 1041 1646 et
1079 1608 1235 1646 vero.
1274 1588 1786 1647 Communicantes
1827 1588 1925 1642 sed
1970 1592 2027 1643 et

382 1689 733 1744 memoriam
778 1689 1121 1741 venerantes
1154 1685 1214 1739 in
1246 1684 1447 1756 primis
1478 1682 1744 1754 gloriosas
1792 1699 2028 1753 semper

382 1780 619 1854 virginis
644 1782 833 1836 Mariae
863 1778 1157 1851 genitricis
1186 1778 1287 1832 Dei
1322 1781 1379 1832 et
1425 1776 1657 1832 Domini
1685 1776 1868 1831 nostri
1894 1778 2024 1831 Jesu

2121 562 2280 617 dedit
2301 563 2593 634 discipulis
2613 564 2748 631 suis,
2772 565 2967 619 dicens
2990 581 3003 618 :
3028 565 3281 636 Accipite
3304 570 3363 620 et
3380 567 3742 622 manducata
3764 583 3777 621 :

2120 658 2235 711 Hoc
2266 660 2351 710 est
2374 656 2531 711 enim
2560 674 2765 729 corpus
2786 675 3006 714 meum.
3037 659 3223 714 Simili
3251 659 3425 715 modo
3452 665 3779 732 postquam

2122 754 2411 806 coenatum
2430 754 2534 819 est,
2558 752 2775 823 accepit
2806 754 2864 806 et
2889 753 3040 807 hunc
3064 754 3411 824 praeclarum
3438 755 3683 809 calicem
3716 755 3781 809 in

2123 848 2349 900 sanctas
2373 848 2430 899 et
2458 846 2815 900 venerabiles
2841 863 3049 901 manus
3072 864 3232 913 suas;
3253 848 3394 902 item
3422 848 3524 902 tibi
3549 848 3783 920 gratias

2124 954 2323 1009 agens,
2354 938 2669 1007 benedixit,
2700 937 2859 993 dedit
2887 940 3176 1011 discipulis
3206 941 3340 1008 suis,
3382 942 3580 996 dicens
3616 958 3627 995 :
3664 944 3779 996 Ac-

2124 1031 2293 1103 cipite
2314 1034 2370 1087 et
2392 1032 2569 1087 bibite
2583 1050 2648 1086 ex
2677 1033 2785 1087 hoc
2804 1049 3025 1089 omnes.
3057 1034 3155 1089 Hic
3177 1039 3263 1089 est
3293 1035 3449 1089 enim
3477 1036 3622 1090 calix
3646 1053 3784 1090 san-

2125 1124 2315 1195 guinis
2346 1126 2483 1192 mei,
2519 1126 2647 1180 novi
2689 1131 2746 1181 et
2772 1127 2972 1181 teterni
3012 1129 3384 1196 Testamenti,
3423 1129 3779 1200 mysterium

2124 1218 2279 1285 ﬁdei,
2310 1218 2405 1290 qui
2432 1236 2535 1290 pro
2564 1220 2723 1274 vobis
2767 1224 2825 1274 et
2854 1238 2958 1292 pro
2997 1221 3193 1276 multis
3225 1222 3557 1277 eil'undetur
3587 1224 3647 1277 in
3690 1240 3784 1277 re-

2126 1311 2460 1367 missionem
2485 1317 2871 1383 peccatorum.
2908 1316 3036 1369 Htec
3068 1315 3584 1387 quotienscumque
3613 1316 3778 1371 fece-

2126 1406 2217 1473 tis,
2233 1405 2291 1460 in
2304 1406 2420 1460 mei
2433 1407 2780 1461 memoriam
2797 1408 3179 1463 facietiande
3195 1412 3251 1463 et
3265 1426 3557 1464 memores

2128 1516 2345 1567 sumus,
2369 1500 2636 1567 Domine,
2666 1518 2773 1554 nos
2800 1501 2879 1554 tui
2909 1503 3192 1569 servi,scd
3226 1507 3282 1557 et
3301 1504 3461 1574 plebs
3485 1508 3586 1558 tua
3612 1520 3785 1558 sanc-

2130 1597 2206 1659 ta,
2239 1593 2445 1647 Christi
2472 1594 2595 1647 Filii
2624 1594 2703 1647 tui
2732 1594 2961 1649 Domini
2988 1596 3167 1650 nostri
3198 1600 3319 1651 tam
3338 1598 3523 1651 beatas
3546 1597 3779 1668 passio-

2130 1686 2236 1753 nis,
2280 1702 2505 1741 necnon
2539 1691 2596 1741 et
2633 1688 2703 1741 ab
2740 1687 2940 1742 inferis
2978 1690 3435 1758 resurrectionis,
3475 1690 3578 1744 sed
3621 1694 3683 1744 et
3718 1689 3780 1744 in

2130 1780 2299 1834 czelos
2350 1780 2613 1858 gloriosae
2662 1782 3015 1837 ascensionis
3062 1800 3074 1837 :
3130 1783 3427 1838 oﬁ‘erimus
3476 1785 3780 1855 praeclarae

382 1848 608 1943 Christi,
632 1875 733 1929 sed
764 1877 822 1928 et
844 1848 1148 1928 beatorum
1182 1872 1579 1943 apostolorum
1612 1887 1678 1925 ac
1698 1871 2023 1940 martyrum
2045 1848 2102 1920 B
2126 1848 2497 1943 Majestatide
2522 1875 2632 1928 tuis
2653 1874 2819 1930 donis
2840 1892 2905 1930 ac
2929 1875 3078 1930 datis
3097 1877 3347 1931 hostiam
3372 1848 3605 1949 puram,
3634 1879 3779 1931 hos-

382 1974 615 2025 tuorum
670 1967 842 2033 Petri,
892 1966 1072 2033 Pauli,
1128 1966 1394 2031 Andreae,
1440 1963 1657 2029 Jacobi,
1721 1963 2021 2032 Johannis,

384 2064 639 2129 Thomae,
686 2060 901 2127 Jacobi,
959 2059 1225 2130 Philippi,
1286 2056 1710 2123 Bartholomazi,
1754 2056 2023 2123 Matthzei,

383 2159 655 2222 Simonis,
691 2162 747 2213 et
776 2156 1009 2224 Tatheei,
1032 2156 1175 2223 Lini,
1207 2156 1451 2222 Ancleti,
1482 2154 1813 2220 Clementis,
1853 2153 2021 2224 Systi,

382 2253 618 2321 Cornili,
645 2251 938 2324 Cypriani,
978 2250 1269 2316 Laurenti,
1301 2248 1626 2319 Crisogoni,
1656 2247 1939 2303 Johannis
1969 2250 2027 2302 et

381 2347 559 2415 Pauli,
592 2348 815 2402 Cosmze
846 2347 904 2399 et
928 2342 1215 2411 Damiani,
1250 2342 1481 2409 Helarii,
1508 2340 1755 2407 Martini,
1795 2343 1854 2394 et
1897 2356 2024 2395 om-

384 2443 546 2496 nium
569 2443 901 2495 sanctorum
936 2441 1186 2502 tuorum,
1218 2451 1465 2506 quorum
1495 2434 1717 2488 meritis
1739 2434 2029 2504 precibus-

385 2551 497 2606 que
529 2532 812 2588 concedas
842 2535 906 2585 ut
934 2531 991 2584 in
1020 2528 1292 2585 omnibus
1342 2526 1714 2599 protectionis
1761 2530 1873 2580 tua;
1905 2544 2029 2581 mu-

387 2628 618 2682 niamur
643 2625 871 2680 auxilio.
899 2626 1009 2678 Per
1043 2622 1337 2678 Christum
1372 2620 1689 2676 Dominum
1739 2623 2024 2675 nostrum.

456 2722 612 2775 Hanc
629 2719 806 2789 igitur
831 2716 1202 2773 oblationem
1235 2714 1523 2770 servitutis
1569 2715 1801 2779 nostrae,
1838 2713 1940 2767 sed
1970 2717 2029 2767 et

385 2816 604 2870 cunctae
633 2812 872 2868 familiae
908 2813 1020 2865 tuae
1043 2809 1241 2882 (quam
1266 2808 1371 2863 tibi
1401 2807 1699 2862 offerimus
1719 2806 1779 2861 in
1805 2807 2028 2862 honore

384 2912 597 2967 Domni
624 2910 779 2966 beati
812 2908 1083 2979 martyris
1116 2907 1197 2961 tui
1227 2905 1308 2961 ill.
1342 2908 1400 2959 et
1423 2922 1527 2975 pro
1558 2904 1809 2975 peccatis
1854 2907 2028 2975 atque

389 3000 803 3057 offensionibus
844 2996 1086 3063 nostris;
1131 2998 1194 3049 ut
1235 2994 1498 3049 omnium
1534 2993 1877 3048 delictorum
1922 3010 2028 3048 no-

386 3100 637 3153 strorum
672 3091 1079 3148 remissionem
1106 3088 1382 3158 consequi
1408 3086 1783 3157 mereamur),
1813 3104 2031 3158 quaesu-

384 3205 536 3256 mus,
588 3187 831 3242 Domine
882 3187 943 3238 ut
981 3185 1240 3255 placatus
1278 3180 1570 3251 suscipias,
1622 3181 1859 3251 diesque
1905 3197 2031 3236 nos-

387 3286 505 3338 tros
536 3280 594 3334 in
619 3283 716 3333 tua
742 3295 883 3348 pace
910 3277 1204 3347 disponas,
1235 3276 1410 3345 atque
1444 3272 1517 3327 ab
1542 3276 1763 3328 aeterna
1789 3273 2030 3328 damna-

389 3374 546 3430 tione
584 3388 691 3426 nos
735 3370 967 3440 eripias,
1002 3371 1061 3423 et
1096 3368 1158 3422 in
1201 3368 1520 3422 electorum
1563 3369 1797 3421 tuorum
1827 3366 2034 3437 jubeas

390 3482 567 3539 grege
591 3462 914 3518 numerari.
944 3463 1053 3516 Per
1073 3459 1365 3517 Christum
1396 3458 1713 3514 Dominum
1745 3463 2029 3515 nostrum.

459 3559 646 3623 Quam
662 3555 1019 3611 oblationem
1047 3557 1108 3609 tu
1128 3555 1279 3609 Deus
1290 3553 1352 3608 in
1366 3552 1654 3621 omnibus,
1679 3570 2029 3624 quaesumus,

387 3651 780 3718 benedictam,
802 3649 1132 3721 ascriptam,
1149 3650 1360 3713 ratam,
1382 3646 1814 3715 rationabilem,
1830 3663 2029 3718 accep-

393 3745 749 3815 tabilemque
762 3745 953 3799 facere
968 3742 1233 3813 dignare,
1249 3756 1379 3811 quae
1395 3740 1562 3794 nobis
1588 3757 1793 3811 corpus
1822 3744 1881 3794 et
1901 3758 2032 3795 san-

392 3840 518 3912 guis
547 3840 648 3893 ﬁat
675 3835 1031 3893 dilectissimi
1055 3834 1181 3889 Filii
1202 3834 1306 3900 tui,
1336 3833 1566 3888 Domini
1587 3836 1783 3888 autem
1812 3835 1914 3889 Dei
1936 3852 2035 3889 no-

390 3933 489 3988 stri
513 3934 645 3988 Jesu
672 3929 901 3987 Christi.
927 3928 1034 3993 Qui
1056 3927 1242 3999 pridie
1264 3943 1441 3997 quam
1468 3929 1782 3996 pateretur,
1814 3928 2036 3999 accepit

392 4043 605 4098 panem
636 4024 694 4079 in
724 4027 952 4078 sanctas
983 4038 1049 4076 ac
1078 4020 1438 4075 venerabiles
1465 4036 1673 4075 manus
1704 4037 1872 4085 suas;
1916 4022 2030 4075 ele-

394 4119 536 4173 vatis
564 4118 741 4172 oculis
769 4115 884 4170 suis
899 4115 973 4169 ad
991 4115 1196 4169 caelum
1224 4113 1297 4168 ad
1320 4116 1375 4166 te
1406 4114 1588 4167 Deum
1608 4115 1839 4168 Patrem
1867 4130 2033 4169 suum

2127 1968 2266 2021 tiam
2294 1970 2571 2035 sanctam,
2601 1968 2848 2023 hostiam
2872 1970 3329 2039 immaculatam,
3352 1987 3567 2042 panem
3604 1988 3778 2025 sanc-

2128 2064 2253 2114 tum
2282 2061 2412 2115 vitae
2441 2065 2691 2127 aeternas,
2717 2065 2775 2115 et
2806 2064 3043 2118 calicem
3076 2064 3273 2118 salutis
3308 2068 3625 2136 perpetuae.
3666 2065 3778 2120 Su-

2127 2170 2229 2224 pra
2257 2171 2384 2225 quae
2408 2155 2657 2226 propitio
2697 2172 2763 2209 ac
2786 2172 2992 2215 sereno
3018 2158 3175 2211 vultu
3210 2158 3464 2229 aspicere
3496 2157 3777 2229 dignare,

2128 2250 2184 2301 et
2218 2251 2452 2319 accepta
2501 2248 2736 2316 habere,
2785 2249 2946 2304 sicuti
2979 2254 3213 2321 accepta
3253 2252 3467 2305 habere
3496 2251 3781 2321 dignatus

2128 2357 2187 2394 es
2218 2357 2461 2395 munera
2490 2341 2651 2411 pueri
2693 2342 2776 2396 tui
2801 2342 2941 2413 justi
2978 2343 3139 2412 Abel,
3184 2347 3241 2397 et
3283 2344 3625 2398 sacriﬁcium
3680 2362 3779 2416 pa-

2130 2432 2391 2488 triarchze
2415 2434 2593 2488 nostri
2610 2435 2874 2502 Abrahae,
2902 2439 2958 2489 et
2979 2438 3133 2507 quod
3161 2436 3260 2491 tibi
3286 2437 3782 2492 obtulitsummus

2129 2527 2394 2581 sacerdos
2443 2532 2573 2581 tuus
2616 2528 3051 2596 Melchisedech,
3098 2535 3357 2585 sanctum
3399 2531 3778 2598 sacriﬁcium,

2128 2619 2563 2675 immaculatam
2610 2621 2882 2675 hostiam.
2935 2623 3230 2695 Supplices
3268 2628 3323 2677 te
3364 2640 3669 2694 rogamus,
3724 2628 3784 2678 et

2128 2713 2399 2783 petimus,
2425 2714 2794 2786 omnipotens
2820 2717 2989 2781 Deus,
3012 2716 3152 2786 jubc
3174 2717 3417 2788 perferri
3438 2734 3544 2788 per
3560 2734 3783 2772 manus

2130 2806 2311 2859 sancti
2337 2807 2528 2876 angeli
2554 2808 2635 2861 tui
2666 2808 2723 2861 in
2755 2808 2986 2863 sublimi
3018 2809 3182 2863 altari
3210 2814 3329 2877 tuo,
3364 2810 3422 2864 in
3454 2814 3778 2881 conspectu

2131 2898 2338 2953 divinae
2380 2900 2685 2970 Majestatis
2717 2904 2861 2969 tuae;
2897 2904 2960 2955 ut
2998 2906 3283 2974 quotquot
3326 2921 3397 2958 ex
3444 2904 3554 2958 hoc
3603 2905 3781 2959 altari

2131 2992 2600 3048 sanctiﬁcationis
2622 3000 3051 3050 sacrosanctum
3080 2996 3199 3051 Filii
3228 2997 3312 3051 tui
3333 3014 3536 3068 corpus
3557 3000 3614 3052 et
3638 3015 3781 3053 san-

2131 3085 2367 3155 guinem
2396 3088 2831 3158 sumpserimus,
2856 3090 3017 3144 omni
3045 3090 3449 3146 benedictione
3471 3092 3696 3145 cielesti
3724 3095 3785 3146 et

2135 3179 2319 3250 gratia
2346 3181 2694 3251 repleamur.
2714 3183 3120 3238 PerChristum
3145 3184 3457 3239 Dominum
3476 3189 3780 3240 nostrum.

2202 3272 2490 3328 Memento
2524 3274 2719 3342 etiam,
2761 3276 3026 3343 Domine,
3059 3280 3115 3329 et
3140 3294 3343 3331 eorum
3366 3277 3641 3348 (Nomina)
3682 3278 3785 3349 qui

2133 3382 2236 3420 nos
2262 3370 2679 3437 praecesserunt
2707 3385 2837 3422 cum
2870 3369 3035 3438 signo
3086 3369 3240 3437 ﬁdei,
3271 3372 3328 3423 et
3372 3369 3681 3425 dormiunt
3724 3372 3783 3425 in

2133 3476 2336 3513 somno
2369 3461 2543 3531 pacis.
2570 3461 2729 3532 Ipsis,
2760 3462 3029 3531 Domine,
3070 3466 3127 3517 et
3154 3463 3423 3518 omnibus
3452 3464 3509 3517 in
3544 3464 3784 3520 Christo

2134 3553 2557 3624 quiescentibus
2582 3555 2775 3609 locum
2802 3555 3110 3627 refrigerii,
3140 3555 3279 3610 lucis
3311 3560 3369 3610 et
3404 3557 3562 3628 pacis
3592 3561 3662 3612 ut
3688 3559 3779 3613 in-

2133 3646 2372 3717 dulgeas
2402 3647 2802 3718 deprecamur,
2834 3665 2936 3720 per
2979 3648 3269 3705 Christum
3302 3651 3617 3705 Dominum
3674 3670 3780 3708 no-

2133 3744 2336 3794 strum.
2371 3740 2542 3794 Nobis
2569 3758 2797 3812 quoque
2824 3743 3221 3814 peccatoribus
3254 3744 3486 3799 famulis
3531 3744 3671 3814 tuis,
3709 3747 3780 3801 de

2134 3832 2504 3887 multitudine
2523 3832 2961 3890 miserationum
2981 3839 3211 3891 tuarum
3238 3838 3623 3908 sperantibus,
3639 3857 3779 3911 par-

2133 3930 2253 3980 tem
2279 3925 2532 3997 aliquam
2565 3930 2623 3981 et
2647 3928 2987 3986 societatem
3009 3930 3227 3987 donare
3259 3931 3535 4004 digneris.

2207 4022 2407 4078 Caetera
2442 4021 2654 4077 desunt.

468 4299 491 4326 8
520 4286 690 4340 Deest
714 4283 825 4350 hic,
860 4285 921 4337 ut
952 4281 1010 4336 in
1041 4280 1237 4335 multis
1266 4279 1411 4348 aliis,
1446 4280 1603 4350 quod
1632 4297 1785 4335 nunc
1810 4282 1919 4337 hoc
1948 4283 2073 4337 loco
2112 4282 2435 4352 inserimus,
2458 4301 2560 4355 pro
2595 4287 2789 4355 quibus
2816 4287 2915 4341 tibi
2948 4288 3237 4357 offerimus,
3268 4289 3355 4343 vel
3383 4291 3479 4359 qui
3510 4290 3634 4353 tibi,
3666 4292 3775 4344 etc.

1930 4684 2249 4763 VETUS

856 4864 1767 5005 MISSALE
1905 4867 3323 5006 GALLICANUM.

698 5253 736 5305 Ι.
780 5267 936 5307 mssa
976 5267 1160 5306 smcri
1202 5267 1438 5308 GERMANI
1479 5268 1731 5307 EPISCOPI.

464 5348 1095 5425 329.Venerabilem
1111 5348 1266 5404 diem
1289 5353 1462 5423 atque
1483 5349 1810 5417 sublimem,
1827 5351 2035 5404 fratres

391 5443 691 5511 carissimi,
727 5446 996 5515 prompta
1038 5443 1341 5500 devotione
1375 5445 1752 5509 celebremus,
1808 5442 2030 5496 miseri-

391 5536 652 5594 cordiam
701 5536 931 5591 Domini
984 5538 1164 5592 nostri
1216 5537 1550 5609 suppliciter
1594 5539 1917 5601 exorantes,
1971 5538 2035 5589 ut

388 5628 703 5686 beatissimi
719 5629 991 5685 Germani
1007 5630 1276 5686 antistitis
1292 5635 1350 5684 et
1369 5627 1714 5683 confessoris
1734 5627 1838 5693 sui,
1872 5628 2032 5699 cujus

390 5721 656 5792 exempla
686 5721 984 5789 miramur,
1018 5722 1125 5777 etsi
1156 5722 1373 5793 azquari
1400 5720 1565 5776 factis
1591 5720 1713 5791 ejus
1752 5736 1867 5775 non
1898 5738 2030 5791 pos-

389 5832 606 5881 sumus,
633 5814 839 5868 saltem
876 5815 1117 5886 vestigia
1155 5815 1338 5886 sequi,
1369 5818 1423 5869 et
1474 5814 1647 5869 ﬁdem
1690 5814 1856 5870 nobis
1901 5832 2033 5871 con-

392 5908 579 5978 tingat
604 5906 833 5963 imitari.
864 5907 972 5962 Per
998 5909 1163 5961 Dom.

2056 5261 2115 5332 D

2817 5251 3085 5301 Collectio.

2204 5349 2425 5405 Gratias
2450 5349 2553 5403 tibi
2584 5351 2832 5420 agimus,
2861 5351 3228 5423 omnipotens
3258 5352 3428 5419 Deus,
3456 5368 3564 5422 pro
3609 5353 3783 5407 virtu-

2136 5442 2287 5497 tibus
2302 5441 2619 5497 beatissimi
2633 5443 2906 5498 Germani
2919 5444 3188 5499 antistitis
3201 5444 3282 5498 tui
3306 5461 3319 5499 :
3344 5460 3490 5515 quas
3506 5445 3582 5512 ei,
3611 5447 3783 5501 Pater

2137 5535 2524 5607 omnipotens,
2555 5552 2670 5590 non
2700 5535 2991 5592 immerito
3021 5536 3286 5601 tribuisti,
3310 5537 3446 5608 quia
3468 5540 3522 5592 te
3550 5543 3782 5610 aposto-

2134 5628 2241 5682 lica
2266 5629 2627 5686 confessione
2641 5630 2812 5684 rebus
2829 5630 3095 5685 omnibus
3116 5632 3242 5702 plus
3255 5630 3486 5686 amavit.
3504 5631 3782 5686 Discussit

2135 5739 2167 5777 a
2199 5739 2257 5776 se
2284 5722 2527 5791 divitias,
2564 5726 2625 5777 ut
2655 5726 2995 5794 paupertate
3021 5722 3253 5794 spiritus
3278 5724 3551 5778 caelorum
3592 5740 3780 5797 regna

2133 5816 2566 5870 conscenderet.
2593 5815 3087 5871 Mansuetudinem
3117 5815 3323 5883 tenuit,
3356 5821 3419 5871 ut
3439 5820 3660 5872 terram
3693 5818 3778 5872 sui

2134 5907 2387 5980 corporis
2413 5907 2744 5980 spiritaliter
2754 5909 3093 5981 possideret.
3114 5911 3334 5982 Lugere
3349 5910 3670 5965 delectatus
3688 5916 3775 5966 est

3664 361 3845 417 3&0'
