4014 6230
151 323 233 376 3H

1238 317 1324 373 DF.
1366 318 1675 375 LITLTRGIA
1711 318 2085 377 GALLICANA
2127 321 2323 377 LIBER
2362 320 2454 378 Ill.

3406 332 3507 385 3H

148 432 196 486 in
227 426 448 495 saeculo,
487 427 554 483 ut
590 425 879 487 caelestem
916 425 1376 484 consolationem
1412 443 1480 482 ex
1506 425 1766 484 muneris
1786 436 1847 514 Α
1867 427 2158 486 mandatis
2183 429 2451 487 universa
2483 429 2573 486 lex
2610 432 2669 487 et
2705 428 3007 504 prophetae
3040 430 3398 505 pendebant,
3432 434 3509 492 ad

152 523 219 578 tui
256 521 521 593 largitate
568 521 911 593 perciperet.
953 522 1240 577 Justitiam
1297 520 1530 577 esurivit
1576 522 1765 593 adque

152 617 316 683 sitivit,
352 619 413 669 ut
457 616 573 670 tuis
609 619 963 671 saturaretur
1008 615 1270 687 eloquiis.
1323 616 1767 687 Eleemosynam

146 712 336 783 jugiter
352 709 513 778 fecit,
535 714 598 764 ut
622 710 1021 765 indesinenter
1043 726 1161 764 non
1184 712 1411 764 tantum
1435 710 1562 778 sibi,
1588 710 1689 763 sed
1710 713 1770 766 et

151 803 329 859 ceteris
350 804 583 874 pietatis
604 807 717 857 tuae
740 804 1199 859 misericordiam
1222 804 1528 858 obtineret.
1551 803 1769 858 Purita-

151 904 250 953 tem
277 896 461 952 cordis
484 897 708 964 habuit,
738 900 799 952 ut
829 901 885 951 te
914 897 1153 952 videret.
1192 897 1393 953 Fidem
1425 896 1686 963 servavit,
1707 900 1769 951 nt

148 991 255 1046 ﬁliis
273 991 379 1044 tuis
396 992 660 1047 fraterna
687 1008 745 1045 se
765 991 1205 1063 participatione
1232 992 1634 1061 conjungeret.
1660 992 1769 1045 Per

150 1086 285 1155 cujus
307 1084 700 1139 interventum
734 1102 1059 1157 precamur,
1096 1085 1195 1157 qui
1223 1085 1383 1141 illum
1413 1085 1588 1139 hono.
1619 1126 1631 1138 .
1664 1126 1676 1140 .
1708 1126 1721 1139 .
1751 1125 1763 1140 .

152 1180 256 1251 plis.
282 1180 386 1233 Per
409 1179 753 1234 Dominum.

612 1267 865 1319 Collectio
890 1271 1009 1331 post
1033 1267 1270 1317 nomina.

206 1342 417 1397 Auditis
446 1341 787 1397 nominibus
817 1340 1189 1407 oiferentum,
1222 1338 1651 1394 indeﬁcientem
1688 1338 1769 1392 di-

148 1436 315 1490 vinam
351 1435 727 1490 clementiam
776 1435 1177 1505 deprecemur,
1213 1437 1274 1487 ut
1308 1434 1413 1487 has
1445 1432 1767 1487 oblationes

147 1529 323 1599 plebis,
346 1529 563 1599 quasin
588 1529 811 1583 honore
838 1526 1159 1583 beatissimi
1186 1525 1461 1581 Germani
1498 1524 1768 1579 antistitis

148 1627 195 1677 et
229 1622 567 1677 confessoris
609 1621 998 1687 oﬂerimus,...
1031 1622 1328 1692 signatum
1356 1618 1511 1673 diem
1535 1618 1764 1673 hodier-

148 1733 222 1770 nae
260 1716 639 1771 solemnitatis
675 1716 1038 1769 celebremus
1081 1731 1214 1769 cum
1250 1714 1589 1768 inconcussa
1631 1710 1766 1766 fidei

1870 540 1968 577 eas
1994 540 2136 594 quas
2157 523 2404 580 diximus
2434 525 2809 596 evangelicas
2827 526 3217 582 beatitudines
3242 530 3506 600 perveni—

1869 619 1976 672 ret.
2010 619 2079 672 Et
2108 618 2243 689 quia
2272 622 2354 686 tu,
2385 618 2630 675 Domine
2655 621 2788 675 Jesu
2815 620 3060 689 Christe,
3087 624 3358 692 apOstolis
3394 624 3508 678 tuis

1870 710 2094 765 dixeras
2112 714 2190 777 ut,
2208 716 2410 766 euntes
2422 729 2527 784 per
2548 713 2878 770 universum
2902 713 3210 783 mundum,
3230 716 3506 771 universas

1870 807 2147 860 creatura:
2167 805 2543 877 Evangelium
2565 807 2968 878 praedicarent,
2987 810 3046 861 et
3062 808 3299 862 virtutes
3321 810 3507 865 effice-

1870 902 2018 965 rent,
2052 899 2173 954 haec
2208 901 2339 953 tuus
2389 900 2790 956 devotissimus
2840 902 3162 957 Germanus
3207 903 3508 975 episcopus

1866 994 2190 1059 Tartarum,
2216 1009 2417 1048 eorum
2440 994 2689 1066 vestigiis
2709 996 3063 1063 subsecutus,
3088 1013 3192 1067 per
3213 1000 3360 1051 totas
3386 998 3510 1052 Gal-

1870 1085 1992 1153 lias,
2026 1087 2231 1153 Roma,
2273 1085 2539 1142 inectalia
2569 1089 2614 1155 ⁸,
2650 1089 2709 1143 in
2739 1089 3031 1144 Brettania
3068 1090 3236 1145 annis
3270 1090 3509 1163 triginta

1869 1196 2108 1251 corpore
2131 1180 2411 1247 adﬂictus,
2442 1181 2639 1235 Januis
2653 1182 2874 1253 jugiter
2900 1183 2959 1237 in
2985 1186 3082 1239 tuo
3105 1184 3341 1239 nomine
3359 1202 3503 1255 pra:-

1870 1273 2106 1341 dieavit;
2140 1274 2387 1328 haereses
2415 1274 2676 1342 abstulit;
2708 1275 2944 1329 adduxit
2974 1279 3250 1347 populum
3280 1278 3354 1332 ad
3384 1279 3504 1348 ple-

1870 1383 2007 1421 nam
2039 1371 2097 1421 ct
2139 1366 2429 1438 integram
2486 1366 2669 1441 381
2718 1369 2927 1435 fidem;
2970 1370 3139 1440 ejecit
3178 1371 3505 1439 daemones;

1870 1461 2479 1527 mortuossuscitavit;
2522 1461 2691 1532 aegris
2724 1462 2983 1517 reddidit
3021 1463 3322 1533 pristinam
3361 1465 3509 1520 sani-

1870 1558 2080 1621 tatem;
2132 1554 2507 1627 implevitque
2559 1555 2755 1610 omnia
2798 1556 2982 1627 signa,
3029 1556 3265 1611 virtutes
3310 1558 3508 1629 utique

1870 1648 2129 1719 adeptus.
2177 1648 2267 1704 Sic
2302 1648 2491 1720 cospit,
2535 1652 2595 1704 ut
2635 1653 2947 1717 cresceret;
2979 1648 3057 1703 sic
3099 1650 3397 1721 pugnavit,
3448 1655 3510 1706 ut

1869 1741 2149 1808 vinceret;
2184 1741 2261 1796 sic
2289 1741 2732 1810 consummavit,
2759 1746 2820 1796 ut
2846 1743 3049 1797 mortis
3078 1744 3348 1798 tenebras
3370 1760 3510 1816 pree-

148 1810 407 1875 Ιὼθηδίθν
438 1826 618 1907 (Nam
646 1808 1063 1907 “139°”?th
1086 1811 1286 1863 mente
1314 1806 1576 1861 defendit
1598 1823 1611 1861 ³
1636 1823 1764 1877 pre'
1787 1810 1845 1882 B
1872 1835 2087 1903 teriret,
2108 1806 2400 1906 martyriis
2422 1852 2481 1889 se
2509 1806 2910 1907 conjungerct,
2937 1837 3141 1891 stolam
3164 1854 3295 1891 cum
3324 1806 3511 1892 cente-

149 1907 320 1958 cantes
350 1908 410 1957 ut
436 1904 621 1958 robur
656 1903 953 1976 patientiae
983 1902 1124 1973 ejus.
1173 1944 1185 1956 .
1232 1944 1243 1956 .
1291 1943 1304 1955 .
1342 1942 1354 1955 .
1402 1942 1415 1954 .
1460 1942 1472 1954 .
1519 1941 1531 1954 .
1578 1942 1590 1954 .
1636 1940 1649 1954 .
1695 1941 1706 1954 .
1752 1942 1765 1956 .

206 2072 434 2128 Oremus
455 2073 638 2127 etiam
677 2076 736 2126 et
776 2088 879 2143 pro
921 2072 1213 2143 spiritibus
1242 2086 1512 2126 carorum
1540 2072 1765 2124 nostro-

149 2183 255 2221 rum
280 2168 549 2237 (quorum
590 2166 749 2221 idem
786 2165 1157 2237 omnipotens
1190 2166 1339 2220 Deus
1369 2166 1427 2218 et
1455 2179 1768 2218 numerum

152 2261 283 2315 novit
322 2264 379 2314 et
420 2260 721 2335 nomina),
754 2262 817 2313 ut
868 2259 1130 2315 omnium
1177 2257 1529 2313 memoriam
1573 2256 1766 2325 faciat,

153 2353 387 2408 omnium
419 2358 664 2424 peccata
691 2353 966 2407 dimittat.
994 2354 1105 2407 Per
1130 2351 1441 2407 Dominum
1481 2352 1764 2405 nostrum.

625 2442 910 2506 [Collectio
938 2441 1003 2490 ad
1031 2440 1268 2504 paeem.]

208 2512 384 2587 330
412 2515 589 2581 Deus,
618 2531 724 2585 pro
757 2514 917 2584 cujus
939 2530 1099 2567 sacro
1128 2528 1377 2567 nomene
1404 2512 1608 2566 beatus
1629 2511 1766 2565 Ger-

152 2624 329 2662 manus
354 2606 600 2661 antistes
630 2611 759 2661 tuus
783 2606 1134 2661 desideravit
1158 2605 1273 2676 pati
1304 2603 1768 2676 persecutionem

154 2704 358 2771 propter
379 2700 696 2771 justitiam,
722 2704 784 2755 ut
805 2699 910 2754 etsi
941 2699 1284 2770 martyrium
1313 2715 1431 2753 non
1462 2698 1766 2769 perferret,

152 2792 244 2847 fide
263 2796 455 2848 tamen
477 2793 885 2864 portenderet;
912 2809 1018 2847 nec
1041 2793 1271 2846 timeret
1293 2790 1437 2845 odiis
1459 2790 1768 2845 hominum

153 2891 197 2939 et
222 2886 717 2941 maledictionibus
741 2886 1059 2955 subjacere,
1083 2885 1405 2939 dummodo
1434 2883 1767 2938 mercedem

152 2980 413 3051 cepiosam
444 2983 906 3050 consequeretur
926 2978 984 3033 in
1014 2980 1152 3033 cmlo
1182 2980 1239 3032 et
1265 2978 1337 3032 ad
1367 2977 1490 3031 illas
1518 2978 1766 3031 beatitu-

153 3074 291 3128 dines
310 3073 674 3144 evangelicae
694 3072 1051 3144 perveniret;
1079 3074 1133 3125 te
1156 3088 1259 3143 per
1278 3071 1450 3142 hujus
1476 3071 1766 3125 interven-

151 3169 253 3222 tum
280 3184 602 3238 precamur,
632 3170 696 3220 ut
726 3182 929 3237 pacem
959 3182 1157 3236 quam,
1189 3169 1245 3219 te
1265 3164 1532 3236 jubente,
1571 3164 1770 3218 dilexit

152 3260 197 3312 in
260 3262 489 3327 saeculo,
556 3260 970 3331 perpetualiter
1028 3258 1295 3314 Ecclesiae
1354 3257 1767 3328 possidendam

151 3352 339 3409 tribuas
364 3355 419 3409 in
447 3354 667 3409 futuro.
699 3355 807 3409 Per
833 3352 1144 3407 Dominum
1172 3354 1459 3406 nostrum.

781 3439 1114 3490 Contestatio.

210 3514 443 3584 Dignum
465 3517 527 3568 et
539 3513 766 3583 justum
790 3516 892 3566 est.
918 3514 1060 3565 Vere
1084 3528 1316 3582 {equum
1340 3510 1632 3580 etjustum
1659 3515 1764 3573 est,

154 3622 238 3659 nos
250 3607 344 3661 tibi
360 3606 583 3678 gratias
595 3622 791 3678 agere,
812 3609 869 3659 et
879 3604 1081 3676 pietati
1100 3606 1211 3657 tua:
1228 3604 1287 3657 in
1310 3604 1531 3658 honore
1554 3602 1770 3657 summi

153 3700 430 3755 sacerdotis
447 3700 536 3755 tui
559 3698 834 3755 Germani
852 3697 1104 3769 episcopi
1119 3700 1175 3751 et
1191 3696 1535 3752 confessoris
1553 3696 1768 3768 gratias

155 3809 317 3863 agere,
336 3794 538 3849 laudes
560 3810 790 3861 canere,
813 3795 947 3847 vota
966 3792 1312 3863 persolvere,
1335 3790 1572 3862 ejusque
1595 3807 1760 3845 enar-

155 3902 261 3940 rare
295 3887 553 3953 virtutes,
589 3904 731 3958 quas
772 3886 845 3952 ei,
878 3885 1123 3940 Domine
1158 3884 1330 3939 Pater
1373 3883 1763 3955 omnipotens,

159 3997 251 4033 non
264 3981 554 4036 immerito
573 3980 843 4046 tribuisti,
860 3978 993 4049 quia
1009 3982 1061 4032 te
1076 3978 1390 4048 apostolica
1404 3976 1764 4032 confessione

157 4073 300 4127 rebus
327 4075 599 4129 omnibus
630 4075 757 4145 plus
794 4072 1028 4127 amavit.
1064 4070 1336 4126 Discussit
1364 4088 1396 4125 a
1429 4088 1487 4124 se
1516 4070 1761 4139 divitias,

158 4168 206 4218 ut
218 4172 542 4239 paupertate
560 4166 791 4239 spiritus
808 4168 1081 4221 caelorum
1096 4181 1277 4236 regna
1291 4167 1760 4235 consequeretur.

158 4258 622 4317 Mansuetudinem
650 4260 856 4327 tenuit,
880 4262 943 4314 ut
963 4263 1197 4314 terrena
1220 4258 1304 4313 sui
1325 4258 1583 4329 corporis
1602 4257 1765 4329 spiri-

160 4352 321 4408 taliter
344 4356 682 4426 possideret.
713 4356 935 4425 Lugere
967 4353 1284 4407 delectatus
1319 4355 1408 4406 est
1442 4351 1500 4405 in
1533 4353 1761 4419 saeculo,

162 4448 210 4497 ut
220 4449 486 4504 cazlestem
501 4447 957 4503 consolationem
974 4464 1037 4500 ex
1054 4446 1312 4500 muneris
1325 4445 1405 4499 tui
1418 4444 1764 4515 largitudiue

1871 1929 2014 1983 simo
2044 1929 2233 1983 fructu
2260 1928 2602 2000 perciperet,
2629 1932 2685 1983 et
2715 1928 2829 1984 vita
2854 1930 2962 1984 hac
2998 1933 3234 2001 peracta
3260 1947 3509 2003 regnum

1870 2021 2223 2075 inhabitaret
2253 2025 2555 2077 internum.
2587 2022 2753 2086 Quod
2796 2021 3115 2089 credentes,
3157 2024 3305 2077 Deus
3342 2026 3513 2078 Pater

1871 2114 2257 2185 omnipotens,
2281 2114 2561 2185 supplices
2594 2131 2918 2183 exoramus,
2947 2118 3009 2169 ut
3033 2115 3092 2169 in
3124 2116 3246 2185 ejus
3273 2116 3425 2186 apud
3455 2119 3508 2170 te

1870 2207 2205 2280 patrociniis
2235 2210 2294 2262 et
2314 2207 2823 2262 intercessionibus
2849 2208 3049 2279 pietati
3073 2211 3183 2262 tuae
3210 2225 3509 2263 commcn-

1871 2301 2011 2368 dati,
2050 2318 2154 2355 nos
2196 2301 2255 2355 in
2294 2302 2566 2356 omnibus
2603 2305 2760 2355 tuam
2806 2301 3262 2356 misericordiam
3303 2318 3507 2357 conse-

1871 2411 2138 2466 quamur,
2169 2394 2431 2466 angelica
2462 2398 2514 2449 te
2543 2395 2895 2449 exultatione
2917 2395 3219 2450 laudantes
3236 2398 3293 2450 et
3320 2395 3513 2450 dicen-

1871 2492 1992 2543 tes:
2022 2488 2286 2556 Sanctus,
2319 2488 2582 2556 Sanctus,
2617 2489 2879 2543 Sanctus.

2363 2581 2612 2631 Collectio
2638 2584 2757 2646 post
2778 2582 3014 2633 Sanctus.

1942 2663 2282 2717 Benedictus
2328 2663 2498 2734 plane
2550 2663 2646 2734 qui
2682 2662 2840 2718 venit
2878 2662 2937 2718 in
2980 2662 3219 2718 nomine
3243 2663 3508 2731 Domini;

1868 2757 2205 2811 benedictus
2229 2759 2375 2813 Deus
2404 2758 2519 2811 Rex
2549 2758 2743 2825 Israel,
2784 2774 2894 2829 pax
2929 2755 2987 2811 in
3030 2760 3206 2824 terra,
3237 2757 3418 2828 gloria
3449 2758 3509 2812 in

1870 2852 2102 2906 excelsis
2128 2868 2231 2922 per
2257 2850 2568 2906 Dominum
2600 2854 2863 2905 nostrum
2893 2852 3087 2905 Jcsum
3120 2850 3409 2906 Christum
3426 2851 3518 2906 Fi-

1867 2944 2008 2999 lium
2032 2948 2213 2999 tuum.
2245 2943 2352 3009 Qui
2372 2944 2557 3016 pridie
2581 2961 2758 3015 quam
2780 2946 3096 3015 pateretur.

2510 3037 2631 3085 Post
2650 3039 2869 3086 secreta.

1939 3119 2277 3181 Descendat,
2293 3134 2601 3189 precamur
2615 3118 2984 3189 omnipotens
2996 3118 3165 3185 Deus,
3182 3119 3506 3189 superbiae,

1868 3229 1996 3284 qua:
2018 3211 2118 3265 tibi
2147 3211 2461 3279 offerimus,
2485 3211 2736 3265 Verbum
2760 3215 2924 3266 tuum
2944 3214 3238 3278 sanctum;
3266 3212 3507 3266 descen-

1868 3306 1967 3360 dat
2007 3304 2425 3359 inaestimabilis
2475 3304 2671 3376 gloriae
2714 3307 2826 3358 tua:
2872 3304 3142 3376 Spiritus;
3196 3304 3511 3359 descendat

1867 3398 2118 3470 antiqua:
2147 3398 2523 3469 indulgentiae
2552 3402 2665 3453 tuae
2688 3398 2935 3465 donum;
2962 3401 3024 3453 ut
3046 3399 3146 3453 fiat
3169 3398 3383 3453 oblatio
3411 3416 3511 3453 no-

1868 3495 1983 3546 stra
2014 3492 2201 3547 hostia
2232 3492 2504 3563 spiritalis
2534 3492 2592 3546 in
2631 3492 2873 3546 odorem
2912 3492 3208 3546 suavitatis
3236 3495 3505 3563 accepta;

1868 3586 2045 3639 etiam
2079 3603 2184 3640 nos
2210 3586 2461 3641 famulos
2492 3590 2620 3640 tuos
2646 3603 2752 3656 per
2783 3586 3129 3656 sanguinem
3169 3584 3377 3639 Christi
3409 3589 3509 3640 tua

1868 3695 2075 3734 manus
2102 3680 2338 3734 dextera
2377 3678 2587 3733 invicta
2624 3680 2928 3734 custodiat.
2958 3681 3067 3733 Per
3092 3677 3427 3732 Dominum.

2129 3771 2381 3821 Collectio
2416 3775 2532 3821 ante
2564 3770 2851 3820 orationem
2880 3768 3228 3820 Dominicam.

1933 3854 2216 3922 Agnosce,
2247 3852 2512 3919 Domine,
2539 3852 2715 3906 verba
2745 3869 2874 3923 qua:
2900 3850 3247 3929 praecepisti,
3265 3851 3504 3921 ignosce

1864 3944 2300 4016 praesumptioni
2332 3962 2507 4016 quam
2539 3945 2839 4016 imperasti
2869 3962 2881 4001 :
2912 3944 3243 4016 ignorantia
3272 3946 3359 3997 est
3386 3960 3504 3998 non

1864 4055 2032 4094 nosse
2060 4038 2362 4105 meritum;
2409 4038 2774 4094 contumacia
2804 4042 2890 4093 est
2924 4056 3042 4094 non
3076 4056 3305 4094 servare
3336 4054 3503 4093 man-

1864 4134 2087 4200 datum,
2121 4149 2235 4204 quo
2263 4132 2455 4188 dicere
2480 4133 2759 4203 jubemur
2785 4149 2798 4187 :
2826 4135 2997 4187 Pater
3025 4136 3239 4188 noster.

2337 4224 2587 4276 Collectio
2614 4229 2732 4289 post
2755 4225 3065 4275 orationem.

1934 4306 2139 4361 Libera
2191 4322 2295 4360 nos
2344 4323 2379 4360 a
2426 4305 2595 4360 malis
2640 4306 2931 4374 omnibus,
2971 4309 3172 4361 auctor
3215 4306 3504 4361 bonorum

1863 4400 2033 4469 Deus,
2067 4399 2139 4453 ab
2177 4399 2335 4454 omni
2378 4398 2740 4467 temtatione,
2788 4400 2859 4453 ab
2897 4399 3057 4454 omni
3096 4399 3387 4466 seandalo,
3430 4399 3503 4453 ab

1867 4493 2025 4547 omni
2066 4509 2241 4562 opere
2280 4492 2675 4560 tenebrarum,
2706 4495 2764 4546 et
2804 4492 3085 4546 constitue
3116 4508 3219 4545 nos
3249 4491 3307 4544 in
3340 4490 3505 4547 omni

161 4541 462 4613 perciperet.
501 4542 791 4598 Justitiam
841 4540 1073 4595 esurivit
1111 4543 1283 4610 atque
1325 4538 1515 4605 sitivit,
1552 4542 1611 4592 ut
1656 4538 1765 4593 tuis
1783 4550 1843 4622 D
2068 4538 2136 4638 ἐξ
2147 4538 2239 4638 ᾘᾷ

161 4635 398 4654 -..ι----μ-ι
510 4634 740 4654 ξιημκΑξγ-
796 4635 1234 4654 nl____-____-_
1275 4632 1490 4654 3.--..11-..
1513 4631 1645 4654 ιι--ει
1700 4634 1759 4654 --ι
2028 4627 2040 4649 9
3048 4626 3061 4651 2
3444 4626 3451 4633 ¹

159 4635 474 4689 saturaretur
500 4634 763 4705 eloquiis.
796 4635 1241 4703 Eleemosynam
1268 4632 1491 4702 jugiter
1513 4631 1667 4698 fecit,
1700 4634 1763 4686 ut

159 4722 518 4783 indesinenter
547 4745 665 4783 non
688 4731 913 4782 tantum
945 4726 1074 4794 sibi,
1100 4725 1201 4779 sed
1227 4728 1286 4778 et
1306 4724 1511 4779 ceteris
1530 4724 1764 4795 pietatis

162 4818 249 4870 tua:
277 4820 725 4875 misericordiam
756 4818 1063 4874 obtineret.
1089 4817 1405 4871 Puritatem
1438 4817 1625 4872 cordis
1656 4818 1757 4870 ha-

160 4907 277 4977 buit,
307 4916 365 4966 ut
386 4918 439 4968 te
466 4914 706 4967 videret.
738 4914 947 4966 Pacem
980 4910 1245 4977 servavit,
1272 4914 1333 4963 ut
1358 4908 1488 4963 filiis
1517 4908 1630 4963 tuis
1656 4909 1765 4963 fra-

163 5004 299 5057 terna
315 5022 369 5059 se
390 5006 834 5077 participatione
856 5004 1255 5074 conjungeret.
1277 5001 1632 5057 Desideravit
1646 5000 1765 5073 pati

163 5099 589 5162 persecutionem
629 5101 867 5170 propter
895 5096 1201 5168 justitiam,
1228 5098 1293 5149 ut
1338 5096 1385 5149 si
1420 5094 1765 5166 martyrium

166 5203 258 5242 non
273 5193 606 5259 perferebat,
621 5191 733 5245 fide
755 5194 952 5245 tamen
973 5188 1347 5260 pertenderet
1364 5188 1435 5242 ad
1455 5203 1762 5243 coronam:

166 5296 249 5333 nec
263 5282 441 5338 timuit
460 5284 724 5339 omnium
750 5282 939 5337 modis
955 5282 1427 5336 maledictionem
1446 5280 1763 5351 subjacere,

169 5370 448 5432 dummodo
488 5377 817 5431 mercedem
865 5376 1158 5446 copiosam
1213 5377 1667 5445 consequeretur
1706 5372 1766 5427 in

170 5467 299 5521 caelo.
337 5466 536 5525 Dilexit
574 5474 651 5538 te,
682 5468 946 5535 Domine,
978 5485 1045 5522 ex
1083 5470 1204 5522 toto
1235 5467 1406 5522 corde
1446 5470 1503 5520 et
1543 5483 1609 5521 ex
1644 5469 1768 5521 tota

173 5564 355 5627 mente,
396 5566 451 5616 et
490 5580 555 5617 ex
594 5565 717 5617 tota
757 5562 953 5616 anima
992 5577 1113 5627 sua,
1148 5564 1206 5613 et
1236 5559 1564 5631 proximum
1598 5575 1765 5613 suum

172 5650 436 5723 tamquam
458 5656 705 5728 seipsum
725 5673 738 5723 ;
761 5660 824 5711 ut
843 5654 1163 5710 secundum
1180 5653 1336 5725 quod
1356 5654 1415 5708 in
1437 5653 1525 5708 his
1548 5652 1769 5707 duobus

232 5787 253 5814 ⁸
282 5777 418 5850 Lege
446 5784 499 5836 in
526 5782 710 5837 Italia.
741 5781 913 5847 Infra,
942 5783 1156 5842 Ianuis,
1186 5779 1326 5850 quid
1358 5778 1543 5833 illud?
1582 5795 1655 5833 an
1697 5778 1767 5832 de

179 5844 828 5926 Genna'intelligendum,
854 5844 982 5924 qua:
1004 5852 1139 5907 urbs
1159 5844 1348 5907 Ianua:
1368 5866 1485 5905 non
1516 5866 1646 5906 raro
1675 5866 1770 5923 ap~

1863 4682 1920 4733 et
1938 4676 2209 4733 caritatis.
2230 4679 2338 4732 Per
2357 4677 2667 4731 Dominum
2689 4681 2950 4732 nostrum
2970 4680 3163 4733 Iesum
3186 4676 3498 4732 Christum.

2298 4769 2552 4819 Collectio
2579 4773 2698 4833 post
2720 4770 3060 4819 Eucharistia.

1936 4849 2257 4906 Snmsimus
2292 4866 2359 4903 ex
2397 4849 2570 4904 sacris
2612 4851 2887 4904 altaribus
2919 4850 3127 4905 Christi
3166 4850 3399 4906 Domini
3439 4868 3505 4906 ac

1866 4944 1969 4999 Dei
1996 4943 2176 4999 nostri
2211 4960 2417 5015 corpus
2447 4947 2506 4997 et
2536 4943 2948 5015 sanguinem...
2988 4944 3291 4999 credentes
3322 4944 3506 4999 unita-

1866 5041 1985 5093 tem
2012 5037 2197 5092 beataa
2230 5036 2521 5091 Trinitatis
2549 5054 2803 5105 oremus,
2837 5042 2901 5092 ut
2938 5055 3167 5110 semper
3193 5038 3359 5094 nobis
3388 5038 3504 5092 fide

1867 5130 2070 5202 plenis,
2102 5130 2318 5185 esurire
2342 5130 2512 5185 detur
2540 5148 2606 5185 ac
2631 5130 2788 5185 sitire
2803 5131 3122 5202 justitiam;
3144 5133 3338 5203 sicque
3361 5147 3505 5201 opus

1868 5224 2011 5294 ejus,
2042 5223 2351 5277 confortati
2386 5224 2649 5279 salutaris
2682 5242 2825 5279 escas
2868 5226 3076 5297 gratia,
3110 5225 3408 5289 faciamus,
3444 5225 3507 5276 ut

1869 5334 1986 5371 non
2016 5316 2075 5369 in
2110 5316 2415 5386 judicium,
2449 5317 2548 5371 sed
2582 5316 2640 5372 in
2688 5318 3016 5373 remedium
3058 5316 3511 5372 Sacramentum'

1870 5409 2025 5482 quod
2053 5409 2380 5479 accepimus
2406 5410 2742 5466 habeamus.
2772 5414 2881 5467 Per
2905 5409 3215 5466 Dominum
3242 5408 3501 5462 nostrum

1866 5505 1893 5559 J
1901 5519 2062 5558 esum
2094 5502 2402 5559 Christum.

2554 5573 2821 5624 Collectio.

1940 5652 2164 5724 Aspice,
2194 5653 2459 5722 Domine,
2480 5654 2576 5725 qui
2594 5659 2651 5709 et
2672 5658 2768 5708 tuo
2790 5653 2938 5709 vesci
2966 5668 3227 5724 corpore,
3262 5652 3319 5704 et
3338 5650 3499 5701 tuum

1871 5779 2137 5849 pellatur.
2167 5778 2281 5833 Hoc
2311 5777 2649 5831 vocabulum
2678 5775 2984 5831 cardinalis
3011 5776 3168 5832 Bona
3199 5769 3408 5836 omisit,
3433 5766 3499 5820 si-

1873 5852 1969 5905 cut
1995 5852 2055 5904 et
2078 5851 2392 5913 Tartarum,
2424 5863 2613 5919 supra.
