4014 6230
487 322 585 373 343

484 444 690 500 corpus
715 427 863 483 efﬁci
897 427 977 482 vis
1012 428 1211 483 fideles
1242 445 1254 482 :
1283 429 1374 482 fac
1411 426 1576 481 nobis
1618 426 1677 480 in
1713 426 2120 483 remissionem
2142 440 2202 513 Α

479 525 851 594 peccatorum
873 537 994 576 esse
1018 521 1172 593 quod
1200 519 1581 591 sumpsimus;
1612 523 1786 591 atque
1806 519 1886 575 ita
1911 537 1970 574 se
1993 520 2116 576 ani-

485 633 599 671 ma
625 618 836 670 nostrae
867 615 1060 670 divina
1089 614 1365 669 alimonia
1395 611 1591 686 332
1624 630 1729 684 per
1757 613 2115 670 benedictio-

485 726 619 764 nem
641 713 801 763 tuam
823 708 973 762 facta
998 707 1360 778 permisceat,
1384 709 1448 760 ut
1467 723 1600 761 caro
1624 705 1849 778 spiritui
1869 707 2116 775 subdita,

485 806 543 857 et
579 802 637 856 in
671 817 1015 857 consensum
1051 800 1352 870 paciﬁcum
1393 799 1699 870 subjugata
1730 800 2114 871 obtemperet,

482 913 599 951 non
631 898 917 966 repugnet
942 910 1045 965 per
1068 892 1343 964 Spiritum
1373 896 1658 959 sanctum,
1691 893 1788 965 qui
1815 894 1873 948 in
1896 894 2116 948 unitate

479 989 660 1046 Patris
696 993 753 1043 et
788 987 907 1042 Filii
941 989 1261 1043 coaeternus
1297 985 1433 1041 vivit
1468 990 1527 1042 et
1565 991 1776 1059 regnat
1817 987 1876 1042 in
1913 988 2117 1044 saecula

481 1085 840 1140 saculorum.
873 1081 1079 1136 Amen.

665 1205 728 1256 Π.
771 1203 1058 1258 ΡΗΕΡΑΤΙΟ
1097 1217 1166 1257 ΑΒ
1205 1213 1465 1256 V'IRGINEM
1503 1216 1933 1257 BENEDICENDUM.

548 1311 846 1376 Faventes,
878 1307 1231 1362 dilectissimi
1256 1308 1483 1374 fratres,
1508 1306 1595 1360 his
1622 1305 1942 1372 virtutibus,
1975 1323 2116 1378 quas

478 1407 753 1477 prastarc
799 1419 1116 1474 paucorum
1163 1405 1266 1470 est,
1322 1402 1501 1456 Deum
1549 1416 1783 1471 semper
1827 1399 2117 1470 pudicitiae

476 1498 865 1567 castitatisque
887 1495 1186 1550 custodem
1209 1494 1457 1566 acceptis
1479 1494 1670 1548 eidem
1694 1493 1958 1564 precibus
1985 1510 2112 1548 ore-

475 1610 628 1660 mus,
658 1596 720 1645 ut
751 1592 900 1644 hanc
930 1590 1208 1644 famulam
1241 1605 1423 1655 suam,
1455 1587 1724 1642 omnibus
1750 1586 1938 1641 saculi
1969 1587 2113 1641 inle-

475 1686 661 1742 cebris
692 1684 938 1738 liberam
968 1682 1314 1749 carnalibus,
1345 1698 1410 1735 ac
1437 1680 1638 1752 spiritu
1665 1680 1976 1751 integram,
2006 1681 2112 1734 Re-

1282 319 1615 374 APPENDIX
1653 319 1740 372 AD
1777 319 1998 373 UPERA
2035 318 2266 376 SANCTI
2307 322 2606 379 GERMANI
2646 325 3072 381 PARISlENSlS.

3769 325 3924 379 344

2779 433 3028 483 Collectio
3058 431 3307 498 sequitur.

2291 511 2501 580 Excita,
2535 528 2882 584 quaesumus,
2916 513 3181 581 Domine,
3210 514 3384 569 corda
3406 517 3605 570 nostra
3628 513 3709 569 ad
3728 527 3925 585 pra-

2218 606 2506 677 parandas
2532 606 2823 678 Unigeniti
2853 607 2937 662 tui
2968 607 3110 676 vias,
3144 611 3207 662 ut
3250 625 3354 679 per
3392 608 3516 679 ejus
3541 608 3926 662 adventum

2218 699 2530 771 purificatis
2555 699 2657 756 tibi
2684 701 2895 756 servire
2920 702 3213 757 mentibus
3237 718 3589 758 mereamur.
3618 703 3755 757 Per.

2840 797 2963 845 Post
2993 795 3226 847 nomine.

2289 877 2541 944 Placare,
2570 875 2840 942 Domine,
2873 893 3227 947 quaesumus,
3271 877 3611 932 humilitatis
3644 880 3914 932 nostra:

2218 974 2479 1046 precibus
2508 978 2566 1028 et
2593 975 2820 1042 hostiis;
2853 979 2911 1030 et
2939 977 3032 1030 ubi
3059 977 3216 1031 nulla
3245 979 3559 1047 suppetunt
3578 975 3914 1046 suffragia

2218 1067 2576 1135 meritorum,
2616 1073 2726 1123 tua
2754 1069 2918 1124 nobis
2949 1069 3328 1142 indulgentia
3356 1087 3621 1125 succurre
3659 1068 3904 1142 praesi-

2219 1162 2359 1228 diis;
2391 1165 2449 1216 et
2475 1178 2676 1216 eorum
2699 1162 2937 1217 nomina
2971 1163 3066 1234 qui
3101 1180 3205 1219 nos
3226 1168 3650 1235 pracesserunt
3669 1177 3694 1205 ο
3727 1180 3904 1218 cum

2218 1255 2381 1326 signo
2428 1255 2581 1323 fidei,
2628 1259 2686 1310 et
2731 1257 3028 1311 dormiunt
3075 1257 3133 1311 in
3180 1274 3386 1313 somno
3423 1258 3600 1329 pacis,
3635 1258 3784 1329 ipsis
3827 1261 3904 1311 et

2219 1348 2484 1403 omnibus
2513 1349 2570 1402 in
2598 1349 2821 1404 Christo
2859 1350 3284 1421 quiescentibus
3323 1353 3514 1406 locum
3543 1351 3895 1422 refrigerii,

2218 1442 2357 1497 lucis
2385 1445 2442 1497 et
2467 1443 2642 1514 pacis,
2672 1446 2736 1496 ut
2764 1443 3066 1514 indulgeas
3097 1444 3496 1515 deprecamur.
3524 1447 3653 1500 Per.

2737 1535 2987 1586 Collectio
3021 1536 3087 1586 ad
3121 1550 3326 1600 pacem.

2288 1617 2461 1671 Grata
2490 1616 2594 1670 tibi
2615 1617 2748 1684 sint,
2777 1616 3037 1684 Domine,
3061 1634 3324 1685 munera,
3350 1617 3556 1690 quibus
3575 1617 3895 1689 mysteria.

2217 1710 2581 1764 celebrantur
2605 1714 2816 1765 nostra
2846 1710 3123 1765 libertatis
3150 1715 3208 1766 et
3227 1711 3385 1778 vita;
3417 1715 3474 1765 et
3500 1711 3599 1783 qui
3627 1711 3892 1766 unitate

477 1780 564 1852 gis
601 1777 801 1880 aeterni
833 1776 1089 1880 thalamo
1148 1775 1578 1880 ι’θδξθτνᾶξὶάθοξην
1627 1774 1823 1880 fiddita
1882 1773 2118 1878 θθῗιθδίίδ
2138 1807 2193 1880 Β
2219 1803 2446 1871 laetaris,
2479 1803 2664 1858 tribue
2688 1804 2852 1858 nobis
2883 1804 3056 1858 ﬁdem
3083 1773 3393 1877 integram,
3414 1773 3617 1877 pacem
3642 1821 3888 1878 perpe-

475 1871 753 1945 propositi
810 1869 1018 1924 virtute
1074 1869 1434 1934 corroboret;
1473 1871 1532 1921 et
1574 1867 1645 1921 ad
1689 1867 2111 1938 sexagesimum

475 1969 757 2032 fructum,
797 1981 924 2036 qua
960 1963 1195 2034 propria
1230 1961 1537 2016 devotione
1575 1961 1890 2032 praesumit,
1939 1961 2116 2016 addat

474 2078 577 2116 sua
606 2060 872 2114 libertate
904 2056 1305 2111 centesimum.
1339 2057 1448 2110 Per
1472 2055 1807 2110 Dominum.

1014 2161 1267 2212 Collectio
1319 2160 1572 2225 ejusdem.

545 2250 819 2306 Omnium
839 2248 1075 2321 quidem
1091 2246 1328 2301 laudum
1352 2250 1525 2318 atque
1546 2245 1843 2314 virtutum,
1864 2246 1963 2300 sed
1976 2261 2116 2316 pra-

471 2346 640 2416 cipue
669 2342 946 2398 castitatis
967 2341 1248 2407 adsertor,
1276 2342 1486 2407 custos,
1511 2339 1833 2406 auxiliator,
1858 2339 2112 2405 eﬁ'ector,

473 2439 676 2494 dicata
696 2436 796 2491 tibi
818 2436 876 2489 in
895 2435 1105 2489 sanctis
1127 2433 1465 2504 corporibus
1491 2432 1710 2504 pariter
1738 2449 1803 2486 ac
1826 2433 2117 2486 mentibus

471 2531 768 2603 puritatis;
791 2529 888 2600 qui
908 2526 1300 2598 virginitatem
1322 2526 1454 2580 ideo
1477 2527 1604 2596 plus
1627 2526 1817 2579 intues
1830 2529 1888 2580 et
1905 2524 2113 2596 diligis,

473 2624 608 2696 quia
636 2622 736 2676 tibi
767 2621 931 2692 origo
961 2619 1290 2691 virginitas;
1317 2619 1532 2690 quique
1562 2619 1621 2672 in
1647 2619 1799 2673 hunc
1831 2619 2114 2672 mundum

474 2720 644 2772 natus
671 2732 737 2769 ex
762 2714 1015 2785 Virgine,
1049 2713 1106 2767 id
1139 2713 1197 2766 in
1226 2712 1350 2767 aliis
1382 2712 1612 2782 probas,
1648 2712 1803 2783 quod
1834 2711 1894 2766 in
1928 2715 2115 2766 matre

472 2808 727 2880 elegisti;
781 2808 970 2878 adque
1016 2807 1146 2860 ideo
1194 2805 1496 2876 aptissime
1549 2805 1652 2860 tibi
1701 2821 1911 2876 sponso
1959 2805 2043 2858 vir
2070 2816 2113 2872 δ,

471 2918 744 2974 sponsam
773 2899 1056 2971 virginem
1107 2899 1463 2953 dedicamus.
1504 2899 1606 2965 Tu,
1637 2898 1901 2966 Domine,
1930 2898 2115 2952 tribue

471 2997 620 3051 hanc
637 2996 843 3066 puclla
858 2995 984 3064 jam
1006 2996 1117 3048 tua
1145 3009 1378 3064 semper
1399 2991 1716 3062 optabilem
1747 3008 1961 3062 magno
1991 3008 2118 3062 pro-

470 3090 658 3162 posito
675 3086 1197 3160 perseverantiam,
1218 3089 1276 3140 et
1291 3089 1491 3140 contra
1509 3085 1880 3140 multiformis
1897 3084 2117 3138 inimici

2215 1907 2397 1970 tuam,
2425 1902 2726 1957 caritatem
2753 1920 2980 1974 puram.
3015 1905 3142 1958 Per.

2862 1995 3200 2046 Contestatio.

2287 2079 2429 2131 Vere
2458 2075 2698 2146 dignum
2727 2080 2784 2132 et
2805 2077 3026 2147 justum
3055 2079 3205 2132 est...
3235 2080 3400 2145 Deus,
3429 2078 3519 2132 cui
3549 2078 3883 2149 prOprium

2218 2173 2304 2225 est
2333 2186 2398 2224 ac
2425 2169 2736 2240 singulare,
2766 2171 2922 2240 quod
2949 2170 3136 2224 bonus
3183 2186 3262 2236 es,
3295 2173 3354 2225 et
3384 2172 3541 2225 nulla
3571 2187 3881 2242 umquam

2218 2268 2325 2319 ate
2353 2281 2414 2318 es
2437 2263 2892 2317 commutatione
2912 2263 3184 2318 diversus.
3211 2263 3528 2335 Propitiare
3563 2264 3878 2335 supplica-

2219 2356 2468 2412 tionibus
2481 2355 2708 2423 nostris;
2723 2359 2782 2410 et
2791 2356 3053 2411 Ecclesia
3066 2359 3177 2411 tua
3196 2356 3655 2412 misericordiam
3665 2360 3847 2412 tuam
3859 2399 3877 2421 ,

2217 2465 2393 2521 quam
2422 2448 2787 2514 confitentur,
2836 2449 3096 2516 ostende,
3135 2451 3516 2504 manifestans
3550 2449 3708 2521 plebi
3744 2453 3876 2503 tua

2215 2542 2504 2614 Unigeniti
2523 2542 2602 2596 tui
2622 2541 2886 2596 mirabile
2909 2543 3348 2597 Sacramentum
3365 2561 3378 2609 ;
3398 2547 3462 2597 ut
3478 2543 3875 2597 universitate

2217 2636 2514 2690 nationum
2536 2635 2884 2707 perficiatur,
2905 2636 3059 2708 quod
3076 2653 3179 2708 per
3197 2637 3355 2691 verbi
3371 2636 3452 2691 tui
3474 2635 3871 2707 Evangelium

2216 2727 2560 2801 promisisti;
2600 2731 2658 2781 et
2695 2729 2910 2782 habeat
2960 2730 3259 2801 plenitudo
3306 2729 3655 2801 adoptionis,
3691 2730 3870 2801 quod

2217 2822 2469 2895 pratulit
2497 2822 2820 2877 testificatio
2860 2823 3130 2877 veritatis.
3159 2824 3285 2878 Per.

2289 2919 2414 2972 Post
2437 2917 2564 2979 hac,
2583 2917 2739 2971 Hanc
2760 2916 2935 2986 igitur
2959 2917 3074 2971 ob].

2769 3008 3069 3058 Benedictio
3093 3008 3292 3073 populi.

2288 3087 2386 3152 Da,
2419 3101 2762 3155 quaesumus,
2787 3084 3156 3154 omnipotens
3176 3085 3345 3151 Deus,
3373 3088 3593 3140 cuncta
3614 3085 3864 3140 familiae

471 3182 810 3238 instantiam
856 3197 1086 3251 semper
1130 3178 1404 3249 agitantis
1448 3178 1685 3232 insidias
1739 3179 2105 3246 indeﬂexam,
2131 3176 2184 3250 ρ
2211 3180 2321 3232 tua
2348 3179 2496 3232 hanc
2527 3179 2880 3232 voluntatem
2908 3177 2967 3230 in
3008 3178 3232 3232 Christo
3267 3177 3403 3233 Filio
3446 3182 3565 3245 tuo,
3602 3179 3861 3234 Domino

471 3274 1096 3345 inexpugnabilemque
1129 3272 1513 3328 constantiam
1542 3289 1555 3336 ;
1592 3275 1654 3325 ut
1679 3271 1782 3326 tibi
1805 3271 2016 3326 debeat
2035 3273 2112 3326 fe-

470 3369 638 3424 licem
665 3366 1258 3431 consummationem,
1294 3382 1418 3435 qua
1440 3365 1565 3435 jam
1599 3368 1732 3420 ante
1766 3364 1967 3418 habuit
2005 3366 2107 3422 bo-

472 3478 609 3518 nam
637 3462 1015 3516 voluntatem.
1045 3460 1153 3514 Per
1182 3458 1510 3514 Dominum.

913 3579 1000 3630 III.
1060 3578 1346 3632 PM;an
1405 3589 1674 3630 VIDUALIS.

539 3689 688 3742 Deus
705 3701 901 3740 rerum
918 3685 1201 3751 omnium,
1217 3686 1362 3738 Deus
1381 3684 1596 3746 noster,
1617 3679 1715 3752 qui
1732 3679 1884 3734 inter
1912 3685 2109 3736 cetera

469 3782 816 3837 documenta
844 3777 1120 3833 virtutum
1154 3779 1399 3831 salutem
1429 3778 1688 3829 nostram
1719 3773 1993 3828 castitatis
2024 3773 2102 3828 vi-

467 3891 606 3946 gore
637 3872 938 3945 reparasti,
974 3874 1037 3925 ut
1073 3870 1253 3925 sancti
1285 3868 1528 3941 Spiritus
1559 3867 1916 3922 domicilium
1940 3867 2107 3921 ﬁeret

465 3985 570 4040 pro
601 3965 892 4022 viduitatis
924 3964 1381 4031 conservatione,
1406 3966 1578 4033 atque
1606 3965 1668 4016 ut
1695 3961 1802 4015 isto
1825 3962 2107 4032 figuretur

466 4061 750 4130 exemplo,
765 4057 1086 4127 majestatis
1095 4058 1344 4112 Verbum
1359 4056 1678 4127 parituram
1691 4053 2102 4122 facundatam,

464 4155 675 4225 prasta
701 4155 763 4204 ut
787 4151 910 4203 hac
943 4151 1162 4203 famula
1199 4152 1318 4216 tua,
1359 4165 1487 4218 qua
1528 4147 1943 4202 conscientiam
1990 4163 2104 4202 sua

465 4244 730 4318 puritatis
757 4241 1022 4313 spondet,
1041 4245 1096 4294 te
1117 4241 1352 4296 custode
1375 4241 1564 4311 adque
1592 4243 1838 4308 rectore,
1868 4257 2099 4295 conser-

463 4340 596 4392 vata
627 4339 684 4390 et
731 4334 1004 4390 inviolata
1035 4337 1407 4405 permaneat;
1435 4332 1568 4404 quia
1598 4336 1926 4388 nostrorum
1960 4334 2101 4389 nihil

464 4447 744 4503 magnum
767 4431 853 4483 est
874 4428 1134 4495 voluisse,
1160 4428 1316 4500 quod
1337 4431 1394 4482 te
1415 4444 1531 4483 non
1549 4427 1722 4482 fuerit
1743 4427 2100 4482 custodiente

463 4525 810 4597 perfectum.
845 4525 953 4579 Per
976 4519 1309 4577 Dominum.

980 4619 1281 4670 Benedictio
1338 4617 1573 4669 vidualis.

532 4709 697 4776 Deus,
727 4706 823 4779 qui
867 4708 1094 4761 Annam
1137 4704 1316 4760 ﬁliam
1348 4703 1613 4759 Fanuelis
1639 4703 1708 4756 ι).
1756 4744 1766 4756 .
1813 4744 1826 4756 .
1873 4744 1884 4757 .
1932 4745 1943 4757 .
1990 4744 2001 4756 .

1020 4807 1221 4859 Desunt
1241 4804 1326 4857 hic
1351 4803 1511 4870 folia.

531 4967 723 5042 333
741 4970 907 5034 Deus,
937 4966 1034 5037 qui
1053 4969 1331 5021 creatura
1354 4969 1466 5020 tua
1486 4965 1750 5020 misereri
1777 4964 1966 5036 potius
1998 4962 2098 5018 eli-

359 5080 386 5121 :
457 5064 543 5136 gis
576 5079 748 5134 quam
778 5060 966 5127 irasci,
999 5060 1188 5114 cordis
1214 5059 1393 5114 nostri
1421 5059 1653 5114 infirma
1684 5059 2007 5125 considera,
2043 5061 2100 5111 et

455 5161 569 5212 tua
600 5173 702 5211 nos
730 5153 915 5226 gratia
938 5152 1166 5225 pietatis
1197 5153 1455 5208 inlustra.
1484 5155 1593 5208 Per
1625 5153 1952 5208 Dominum.

454 5277 539 5329 1V.
595 5290 797 5330 INCIPIT
853 5287 1010 5327 MISSA
1064 5287 1132 5326 DE
1184 5287 1432 5326 ADVENTU
1484 5287 1672 5326 DOMINI
1728 5285 1916 5325 NOSTRI
1969 5286 2095 5326 JESU

1187 5358 1420 5398 CHRISTI.

524 5442 712 5495 Excita
740 5440 1060 5511 potentiam
1090 5443 1272 5508 tuam,
1302 5438 1566 5504 Domine,
1592 5441 1650 5491 et
1674 5438 1832 5503 veni;
1859 5441 1915 5492 et
1940 5439 2093 5508 quod

449 5534 712 5588 Ecclesia
743 5537 854 5588 tua
884 5552 1064 5607 usque
1092 5535 1151 5589 in
1179 5534 1356 5588 finem
1389 5530 1581 5586 saculi
1611 5530 1943 5601 promisisti,
1977 5531 2088 5585 cle-

451 5631 680 5682 menter
709 5643 972 5698 operare.
1009 5631 1136 5684 Per.

572 5773 907 5843 Legendum
933 5772 1177 5843 videtur,
1203 5785 1394 5843 sponso
1433 5771 1729 5838 virginum.

522 5843 546 5882 ι)
574 5841 804 5913 Integra
835 5859 1008 5913 supra
1027 5843 1086 5896 in
1114 5841 1316 5897 Missali
1348 5842 1696 5897 Francorum
1728 5857 1885 5896 num.
1931 5845 2010 5896 il.

2213 3275 2410 3326 nostro
2441 3271 2692 3325 venienti
2723 3271 2780 3324 in
2817 3270 3087 3342 operibus
3110 3272 3280 3341 justis
3324 3275 3488 3343 aptos
3523 3289 3856 3340 occurrere,

2213 3369 2275 3420 ut
2305 3365 2426 3436 ejus
2457 3365 2710 3419 dextera
2745 3364 2964 3430 sociati,
3002 3381 3251 3436 regnum
3288 3371 3624 3421 mereantur
3665 3367 3856 3438 possi-

2213 3458 2348 3513 dere
2380 3459 2623 3512 caleste.
2654 3457 2820 3522 Quod
2847 3458 2967 3528 ipse
2995 3463 3189 3529 prast.

2581 3549 2832 3600 Collectio
2868 3554 2987 3614 post
3024 3549 3469 3600 communionem.

2279 3630 2503 3684 Anima
2532 3633 2760 3698 nostra,
2791 3647 3122 3702 quaesumus
3151 3631 3520 3702 omnipotens
3546 3633 3716 3697 Deus,
3742 3633 3858 3687 hoc

2208 3723 2504 3794 potiantur
2521 3722 2827 3789 desiderio,
2863 3727 2923 3778 ut
2953 3742 2986 3778 a
3014 3728 3112 3778 tuo
3142 3723 3357 3795 Spiritu
3377 3723 3853 3791 inﬁammentur;

2209 3819 2271 3870 ut
2295 3817 2437 3870 sicut
2457 3817 2757 3888 lampades
3004 3817 3200 3871 divino
3217 3833 3455 3871 munere
3475 3818 3684 3885 satiati,
3711 3823 3856 3873 ante

2207 3913 2578 3982 conspectum
2603 3910 2881 3965 venientis
2913 3911 3119 3966 Christi
3140 3910 3258 3965 Filii
3293 3911 3374 3965 tui
3397 3911 3555 3965 velut
3583 3912 3741 3966 clara
3772 3914 3857 3966 lu-

2207 4004 2368 4058 mina
2397 4005 2743 4076 fulgeamus.
2773 4006 2900 4058 Per.

2763 4096 3014 4147 Collectio
3039 4097 3290 4160 sequitur.

2277 4171 2499 4243 Repleti
2530 4171 2657 4226 cibo
2697 4170 2964 4242 spiritalis
2995 4172 3308 4240 alimonia,
3341 4172 3625 4244 supplices
3654 4177 3710 4227 te
3745 4174 3852 4228 de-

2204 4281 2526 4336 precamur,
2550 4264 2918 4336 omnipotens
2937 4265 3106 4332 Deus,
3131 4269 3194 4319 ut
3214 4265 3382 4336 hujus
3402 4266 3852 4337 participatione

2203 4357 2460 4428 mysterii
2506 4358 2714 4412 doceas
2764 4375 2869 4412 nos
2906 4362 3139 4413 terrena
3182 4359 3495 4430 despicere,
3544 4363 3602 4413 et
3645 4376 3851 4415 amare

2203 4450 2475 4516 calestia;
2522 4454 2696 4522 atque
2739 4451 2900 4505 omni
2954 4469 3102 4506 nexu
3144 4453 3459 4507 mortifera
3513 4452 3848 4524 cupiditatis

2123 4544 2182 4616 D
2206 4548 2422 4611 exutos,
2452 4559 2634 4615 regno
2666 4547 2958 4616 perpetuae
2981 4545 3261 4600 libertatis
3282 4549 3579 4601 consortes
3600 4546 3841 4602 efﬁcias.

2205 4640 2312 4692 Per
2336 4637 2646 4693 Dominum
2675 4641 2957 4694 nostrum.

2203 4742 2265 4794 V.
2345 4757 2468 4796 ITEM
2526 4757 2684 4797 MISSA
2749 4757 2815 4796 DE
2880 4758 3126 4797 ADVENTU
3194 4758 3382 4799 DOMINI
3458 4757 3652 4799 NOSTRI
3716 4759 3844 4799 ,ιι-ζεῦ

2911 4829 3143 4869 CHRISTI.

2276 4905 2488 4972 Excita,
2524 4921 2870 4976 quasumus,
2904 4906 3145 4961 Domine
3175 4907 3351 4963 corda
3383 4911 3580 4962 nostra
3602 4909 3677 4962 ad
3695 4925 3842 4979 prae-

2202 4999 2490 5070 parandas
2521 4999 2813 5070 Unigeniti
2852 4998 2932 5053 tui
2971 5000 3109 5068 vias,
3144 5005 3203 5055 ut
3245 5017 3346 5072 per
3375 5001 3498 5071 ejus
3523 5001 3841 5057 adventum

2201 5092 2512 5164 puriﬁcatis
2536 5093 2642 5148 tibi
2664 5093 2875 5148 servire
2909 5094 3202 5149 mentibus
3230 5111 3581 5150 mereamur.

2888 5187 3166 5237 Collectio.

2270 5266 2661 5321 Conscientias
2674 5269 2919 5333 nostras,
2941 5284 3199 5338 quasum
3209 5284 3290 5334 us,
3307 5267 3679 5339 omnipotens
3691 5271 3841 5326 Deus

2197 5359 2404 5414 cotidie
2431 5359 2714 5413 visitando
2743 5359 3000 5430 purifica,
3034 5364 3095 5414 ut
3119 5360 3384 5415 veniente
3413 5361 3663 5418 Domino
3701 5363 3839 5419 Filio

2197 5456 2314 5520 tuo,
2339 5455 2602 5524 paratam
2629 5452 2736 5506 sibi
2756 5452 2814 5506 in
2839 5453 3004 5508 nobis
3022 5453 3276 5509 inveniat
3296 5455 3683 5512 mansionem.
3712 5459 3835 5514 Per.

2678 5545 2928 5596 Collectio
2962 5550 3082 5611 post
3113 5547 3345 5597 nomine.

2264 5628 2372 5680 Fac
2402 5643 2527 5694 nos,
2563 5643 2913 5698 quasumus,
2947 5628 3190 5683 Domine
3221 5629 3370 5684 Deus
3403 5633 3620 5698 noster,
3650 5633 3834 5703 pervi-

2261 5780 2284 5809 ο
2304 5770 2450 5850 Ἠθεςο
2472 5770 2646 5826 verba
2677 5771 2737 5826 in
2767 5773 3000 5828 Canone
3031 5772 3258 5829 Ordinis
3285 5773 3530 5831 Romani
3559 5793 3664 5832 seu
3697 5779 3830 5834 Gre-

2193 5857 2436 5912 goriam.
