4014 6230
118 329 212 379 3-ἱό

1202 328 1285 380 DE
1327 326 1634 381 LITURGIA
1673 323 2044 378 GALLICANA
2087 324 2283 381 LIBER
2322 325 2410 378 Ill.

3372 322 3472 376 346

112 432 240 503 giles
266 432 462 503 adque
511 434 779 490 sollicitos
825 436 1139 490 adventum
1186 437 1487 506 expectare
1531 430 1739 489 Christi
1761 442 1819 514 Α
1842 433 1904 486 ut
1933 431 2275 502 orationem,
2308 448 2484 504 quam
2509 429 2849 503 praecepisti,
2881 429 3072 486 dicere
3111 429 3470 498 audeamus;

115 531 220 586 Filii
260 529 342 584 tui
373 528 612 583 Domini
653 528 833 584 nostri
876 545 888 583 :
934 532 997 583 ut
1039 529 1179 583 dum
1213 528 1434 583 venerit
1483 528 1736 599 pulsans,

114 642 213 680 non
237 622 600 678 dormientes
642 622 914 695 peccatis,
943 623 1044 676 sed
1085 622 1408 693 vigilantes,
1439 625 1497 675 et
1530 621 1586 675 in
1624 620 1739 676 suis

113 717 342 773 inveniat
365 717 640 771 laudibus
672 719 1026 783 exultantes;
1051 716 1312 787 carisque
1344 715 1570 782 nostris,
1603 731 1740 786 quo-

112 829 222 866 rum
254 810 502 864 nomine
545 810 785 865 recitata
818 814 970 877 sunt,
1013 809 1221 881 placita
1253 809 1500 880 requies,
1539 825 1737 863 secura

113 904 429 977 expectatio,
464 904 810 959 resurrectio
839 903 1165 958 desiderata
1200 903 1519 974 contingat.

762 1001 839 1053 Ad
865 1015 1069 1066 pacem.

171 1086 518 1142 Sacriﬁcium
565 1088 688 1155 tibi,
718 1088 980 1154 Domine,
1013 1087 1430 1142 celebrandum
1481 1089 1738 1158 placatus

111 1181 321 1234 intende
367 1198 380 1235 :
423 1182 585 1252 quod
635 1184 693 1236 et
733 1199 838 1236 nos
874 1200 907 1237 a
947 1181 1096 1236 vitiis
1132 1185 1344 1236 nostra:
1387 1179 1736 1236 conditionis

113 1274 383 1341 emundet,
409 1277 470 1328 et
491 1278 594 1331 tuo
623 1275 847 1330 nomini
872 1276 1079 1330 reddat
1100 1277 1384 1346 acceptos,
1404 1279 1463 1329 et
1482 1291 1737 1329 commu-

111 1366 295 1421 nicatio
322 1369 632 1438 praesentis
653 1369 830 1424 osculi
864 1371 1156 1440 perpetuae
1195 1368 1457 1441 proficiat
1489 1367 1755 1423 caritati..

111 1462 199 1516 Per
224 1460 564 1516 Dominum.

671 1533 964 1582 Immolatio
995 1546 1153 1582 nunc.

170 1617 298 1670 Vere
327 1616 578 1687 dignum
609 1620 666 1670 et
683 1617 904 1687 justum
937 1621 1023 1672 est
1046 1635 1149 1672 nos
1171 1618 1271 1672 tibi
1304 1616 1393 1672 hic
1421 1620 1477 1670 et
1524 1616 1736 1687 ubique

111 1726 314 1780 semper
334 1710 557 1780 gratias
584 1727 778 1780 agere,
810 1711 1052 1766 Domine
1087 1714 1302 1777 sancte,
1344 1712 1514 1765 Peter
1545 1710 1732 1764 omni-

1841 526 1940 580 sed
1961 525 2096 598 quia
2116 526 2422 597 permittis,
2455 528 2512 580 et
2544 525 2786 580 dicimus
2818 542 2831 579 :
2864 527 3036 579 Peter
3077 526 3290 578 noster.

2113 624 2364 675 Collectio
2397 627 2516 688 post
2545 622 2834 674 orationem
2860 621 3204 672 Dominicam.

1909 707 2150 764 Libera‘
2187 726 2292 764 nos
2327 709 2399 764 ab
2450 708 2610 764 omni
2645 709 2799 763 malo
2845 707 3216 779 omnipotens
3255 710 3472 761 aeterne

1840 802 1986 857 Deus
2011 819 2023 868 ;
2046 805 2103 856 et
2129 802 2262 873 quia
2288 802 2386 857 tibi
2414 802 2517 856 soli
2539 805 2626 857 est
2650 801 2961 873 praestandi
2981 803 3253 872 potestas,
3285 799 3474 854 tribue

1841 898 1900 949 ut
1925 895 2032 949 hoc
2058 896 2316 950 solemne
2334 895 2677 950 sacriﬁcium
2705 895 3021 950 sanctificet
3047 894 3223 948 corda
3253 895 3470 959 nostra,

1840 988 1977 1043 dum
2022 988 2302 1054 creditur;
2337 989 2528 1043 deleat
2566 992 2820 1060 peccata,
2863 988 3003 1042 dum
3047 987 3314 1042 sumitur.
3364 988 3474 1041 Per

1839 1084 1979 1138 Dom
1991 1123 2002 1136 .
2205 1151 2458 1202 Collectio
2494 1155 2611 1215 post
2651 1151 3092 1201 communionem.

1909 1233 2102 1287 Gratia
2133 1236 2249 1298 tua,
2281 1233 2541 1300 Domine,
2572 1250 2919 1303 quaesumus,
2949 1233 3223 1304 populum
3256 1230 3471 1302 suppli-

1837 1343 1964 1380 cem
1990 1327 2275 1397 benignus
2299 1327 2578 1393 inlustre;
2613 1330 2670 1380 et
2698 1326 2982 1380 donorum
3015 1329 3244 1380 tuorum
3306 1324 3475 1394 largi-

1839 1423 1953 1474 tate
1985 1437 2356 1491 prosequere,
2390 1424 2500 1474 uta
2522 1420 2688 1474 malis
2717 1419 3002 1487 omnibus,
3031 1423 3087 1472 te
3106 1420 3469 1490 protegente,

1838 1514 2126 1581 defensos,
2162 1514 2234 1568 ad
2260 1513 2550 1568 ineffabile
2591 1513 2932 1585 mysterium
2960 1511 3291 1584 spiritaliter
3320 1511 3471 1564 cele-

1837 1607 2124 1662 brandum
2152 1609 2209 1662 et
2238 1610 2435 1662 mente
2468 1611 2826 1680 prteparetur
2853 1610 2911 1661 et
2940 1621 3204 1678 corpore.
3236 1606 3362 1659 Per.

2519 1711 2790 1761 Collectio.

110 1803 308 1869 potens,
336 1802 562 1853 aeterne
589 1800 739 1852 Deus
763 1815 775 1853 :
799 1800 892 1853 cui
911 1800 1210 1870 proprium
1238 1803 1323 1854 est
1345 1799 1575 1854 veniam
1600 1799 1736 1854 deli-
1755 1811 1812 1884 B
1909 1795 2162 1866 Sumptis
2190 1796 2545 1863 muneribus,
2579 1796 2844 1863 Domine,
2889 1811 3216 1867 quaesumus
3247 1795 3309 1846 ut
3343 1807 3475 1845 cum

112 1893 196 1945 ctis
223 1893 586 1963 impendere,
615 1910 790 1964 quam
827 1893 1133 1964 poenaliter
1172 1892 1464 1948 inminire.
1501 1893 1607 1957 Qui
1649 1894 1734 1947 fa-

113 1987 301 2042 bricam
334 1987 414 2040 tui
449 1986 646 2057 operis
681 2004 783 2057 per
813 1987 1089 2041 eumdem
1123 2005 1318 2041 rursus
1354 1987 1628 2058 Lapidem
1675 2004 1736 2042 es

114 2081 352 2149 dignatus
381 2081 646 2151 erigere;
681 2097 754 2134 ne
785 2081 1003 2150 imago,
1032 2097 1160 2151 qua:
1191 2081 1263 2136 ad
1295 2080 1734 2135 similitudinem

114 2173 177 2226 tui
197 2174 334 2228 facta
347 2176 541 2228 fuerat
563 2173 776 2241 vivens,
793 2173 1084 2228 dissimilis
1104 2175 1418 2229 haberetur
1437 2191 1504 2229 ex
1525 2177 1732 2242 morte,

118 2283 295 2321 munus
340 2267 586 2322 venialis
633 2267 1010 2338 indulgentia:
1057 2267 1409 2338 praestitisti,
1462 2271 1523 2321 ut
1579 2268 1733 2323 unde

117 2365 330 2414 mortem
363 2365 606 2432 peccato
640 2364 1025 2427 contraxerat,
1059 2360 1195 2414 inde
1222 2360 1398 2415 vitam
1425 2360 1612 2432 pietas
1649 2378 1734 2414 re-

121 2457 314 2522 pararet
335 2454 648 2508 immensa.
676 2455 802 2507 Haec
818 2456 1128 2524 postquam
1156 2453 1494 2524 prophetica
1528 2455 1734 2524 saepius

118 2561 198 2598 vox
219 2546 489 2616 praedixit,
516 2550 580 2600 et
597 2546 868 2601 Gabrihel
884 2547 1128 2616 angelus
1143 2546 1330 2601 Mariae
1339 2547 1464 2617 jam
1487 2563 1734 2618 praesen-

120 2638 181 2691 tia
204 2639 480 2694 nunciavit
498 2657 510 2694 :
531 2655 668 2693 mox
693 2641 902 2693 Puellse.
930 2639 1220 2693 credentis
1249 2640 1308 2694 in
1331 2643 1517 2707 utero,
1546 2641 1732 2694 fidelis

120 2731 255 2786 Verbi
280 2733 491 2787 mansit
521 2733 779 2803 aspirata
809 2732 1138 2803 conceptio;
1180 2735 1237 2786 et
1264 2733 1361 2787 illa
1378 2735 1569 2804 proles
1599 2751 1729 2789 nas-

121 2825 255 2879 condi
273 2826 372 2879 sub
396 2827 527 2896 lege
561 2825 746 2890 latuit,
763 2842 889 2896 quas
905 2829 1111 2880 cuncta
1132 2843 1234 2881 suo
1249 2825 1404 2880 nasci
1436 2831 1578 2881 nutu
1601 2845 1732 2882 con-

121 2913 901 2985 cessit.TumebaturVirginis
916 2913 1093 2980 sinus,
1118 2918 1176 2968 et
1200 2914 1570 2969 fmcunditate
1606 2931 1731 2969 suo-

123 3023 227 3061 rum
258 3008 537 3063 viscerum
579 3005 772 3080 335
815 3024 1022 3078 corpus
1068 3007 1389 3061 mirabatur
1426 3007 1726 3062 intactum.

121 3099 311 3154 Grande
325 3102 548 3156 mundo
563 3099 960 3172 spondebatur
973 3099 1266 3167 auxilium,
1287 3100 1518 3155 feminae
1532 3104 1730 3172 partus

1838 1894 2303 1965 frequentatione
2332 1894 2590 1966 mysterii
2623 1897 2842 1949 crescat
2867 1896 3078 1948 nostra:
3114 1890 3310 1948 salutis
3343 1889 3474 1945 affe-

1837 1992 1980 2042 ctus.
2015 1989 2139 2043 Per.

2385 2057 2688 2108 Benedictio
2721 2057 2920 2122 populi.

1907 2145 2152 2214 Gregem
2178 2146 2363 2210 tuum,
2394 2146 2594 2198 Pastor
2621 2144 2794 2210 bone,
2830 2143 3086 2213 placatus
3131 2139 3388 2206 intende,
3418 2140 3476 2191 et

1836 2254 1986 2303 oves,
2021 2255 2162 2308 quas
2193 2236 2384 2310 336
2409 2237 2660 2308 pretioso
2688 2236 2972 2308 sanguine
3022 2233 3145 2289 Filii
3182 2232 3265 2287 tui
3304 2231 3471 2286 rede-

1835 2330 2008 2397 misti,
2038 2329 2323 2385 diabolica
2357 2348 2474 2386 non
2504 2330 2657 2384 sinas
2697 2329 3027 2385 incursione
3055 2325 3316 2382 lacerari.
3344 2327 3469 2379 Per.
3518 2349 3522 2352 -

2423 2430 2552 2478 Item
2565 2426 2882 2478 benedictio.

1905 2515 2104 2568 Preces
2132 2513 2326 2585 populi
2373 2513 2476 2580 tui,
2505 2530 2834 2584 quaesumus
2863 2510 3125 2577 Domine,
3159 2509 3476 2563 clementer

1835 2606 2069 2672 exaudi;
2101 2611 2162 2660 ut
2191 2607 2291 2677 qui
2323 2607 2395 2660 de
2428 2607 2684 2660 adventu
2726 2604 3018 2675 Unigeniti
3047 2602 3128 2657 tui
3159 2600 3475 2656 secundum

1833 2717 2067 2754 carnem
2099 2701 2386 2768 laetantur,
2414 2699 2472 2753 in
2502 2701 2776 2766 secundo,
2803 2716 2938 2753 cum
2962 2697 3183 2752 venerit
3212 2696 3269 2748 in
3300 2693 3477 2763 maje-

1833 2797 1978 2847 state
2008 2810 2129 2860 sua,
2161 2793 2466 2863 praemium
2515 2796 2747 2847 aeternae
2777 2792 2908 2846 vita:
2934 2789 3274 2862 percipiant.
3309 2784 3474 2851 Quod

1831 2886 1951 2958 ipse
1978 2889 2253 2958 praestare
2286 2885 2578 2956 dignetur,
2613 2885 2710 2956 qui
2739 2885 2810 2938 vi.

1973 2999 2058 3052 Vl.
2107 3013 2373 3052 PREFATIO
2413 3014 2480 3051 AD
2521 3013 2796 3052 VESPERUH
2835 3012 3058 3051 NATALIS
3098 3008 3308 3048 DOXINI.

1900 3105 2066 3168 Deus,
2091 3102 2189 3172 qui
2211 3101 2474 3156 omnium
2497 3100 2853 3155 mirabilium
2881 3103 2937 3154 et
2963 3099 3237 3152 virtutum
3261 3095 3387 3167 pius
3413 3110 3474 3147 es

123 3193 221 3246 sine
241 3195 351 3248 viro
373 3193 741 3266 mysterium,
760 3193 994 3264 quando
1024 3193 1233 3247 nullius
1255 3195 1495 3248 macula:
1519 3195 1730 3249 nebula
1751 3178 1805 3253 C
1831 3194 2068 3248 effector
2095 3212 2108 3260 ;
2135 3194 2232 3266 qui
2260 3194 2460 3249 omnia
2484 3193 2693 3248 auxilia
2715 3197 2917 3249 contra
2935 3191 3237 3246 audaciam
3258 3186 3474 3243 inimici

123 3286 306 3341 fuscata
325 3291 486 3342 tenso
505 3287 806 3342 nutriebat
823 3290 1020 3340 ventre
1036 3269 1374 3357 praecordia,
1391 3303 1524 3342 mox
1545 3288 1737 3342 future

125 3379 189 3432 sui
218 3380 446 3451 genitrix
476 3379 788 3436 Genitoris.
820 3382 929 3434 Per
958 3396 1131 3450 quem
1161 3396 1367 3434 omnes
1395 3380 1607 3451 angeli.

572 3476 826 3527 Collectio
853 3480 972 3540 post
997 3478 1236 3527 Sanctus.

179 3562 300 3616 Vere
341 3566 594 3630 sanctus,
619 3578 753 3616 vere
785 3561 1143 3640 benedictus,
1172 3562 1420 3617 Domine
1453 3563 1602 3618 Deus
1627 3564 1732 3617 Pa-

128 3659 196 3706 ter
223 3656 597 3728 omnipotens,
636 3657 788 3709 salus
813 3653 1192 3722 credentium,
1239 3658 1297 3709 et
1335 3655 1734 3710 omnium'Re-

128 3748 357 3820 demptor
399 3750 456 3804 in
505 3749 758 3806 Christo.
801 3750 909 3802 Per
943 3765 1117 3818 quem
1155 3751 1210 3802 te
1258 3749 1642 3820 deprecamur
1676 3753 1734 3803 et

131 3856 434 3910 quzesumus,
459 3846 522 3896 ut
562 3843 714 3896 hanc
761 3840 1116 3896 oblationem
1155 3844 1384 3910 gratam
1418 3843 1606 3913 adque
1637 3859 1727 3896 ac-

130 3941 426 4009 ceptabilem
453 3940 767 4012 suscipere,
796 3938 1142 3994 benedicere
1170 3956 1234 3993 ac
1268 3940 1627 3995 sanctificare
1654 3940 1730 3995 di-

133 4034 322 4094 gneris:
349 4052 521 4106 quam
544 4033 654 4088 tibi
687 4032 982 4087 offerimus
1009 4049 1113 4104 pro
1140 4050 1280 4104 pace
1308 4033 1573 4088 Ecclesia:
1595 4037 1728 4101 tum,

134 4135 213 4187 pro
249 4124 603 4179 sacerdotum
651 4125 885 4176 tuorum
922 4124 979 4175 et
1025 4121 1422 4176 ministrorum
1465 4122 1726 4177 omnium

138 4214 357 4284 puritate,
379 4234 480 4287 pro
513 4218 670 4271 statu
708 4215 816 4269 loci
846 4214 1016 4286 hujus
1048 4215 1236 4285 adque
1271 4215 1532 4270 omnium
1572 4216 1731 4272 habi-

137 4307 338 4362 tantium
383 4310 438 4363 in
487 4327 578 4377 eo,
639 4324 744 4380 pro
779 4308 925 4362 votis
965 4308 1340 4376 adstantium,
1384 4313 1443 4364 et
1467 4309 1728 4364 omnium

140 4403 645 4458 commemoratione
673 4403 1025 4467 sanctorum,
1057 4418 1122 4455 ac
1151 4419 1253 4472 pro
1281 4402 1478 4474 requie
1521 4403 1726 4457 defun-

142 4493 342 4561 ctorum,
373 4513 472 4567 per
509 4498 700 4568 ipsum
741 4493 1055 4549 Dominum
1082 4499 1362 4550 nostrum.
1397 4495 1503 4560 Qui
1540 4495 1726 4567 pridie

141 4598 275 4652 quam
303 4605 396 4658 pro
423 4593 621 4646 nostra
642 4591 700 4642 et
726 4587 987 4642 omnium
1011 4588 1194 4642 salute
1218 4588 1335 4659 pati
1364 4588 1722 4660 dignaretur.

585 4681 839 4734 Collectio
863 4685 982 4745 post
1007 4686 1226 4732 secreta.

195 4764 495 4837 Descendat,
549 4785 875 4842 precamur,
925 4767 1294 4839 omnipotens
1336 4768 1505 4837 Deus,
1558 4787 1729 4841 super

143 4854 250 4922 haec,
278 4877 391 4931 quae
414 4862 529 4934 .tibi
578 4862 894 4928 offerimus,
927 4861 1174 4915 Verbum
1217 4865 1382 4916 tuum
1422 4865 1683 4918 sanctum
1711 4881 1725 4930 ;

145 4947 403 5010 descendat
443 4954 856 5013 inaestimabilis
902 4955 1100 5026 glorias
1127 4960 1241 5009 tum
1278 4955 1554 5026 Spiritus;
1597 4957 1726 5011 des-

144 5045 310 5100 cendat
351 5051 595 5122 antiquae
635 5048 1014 5119 indulgentiae
1067 5053 1177 5104 tua:
1224 5050 1465 5117 donum,
1513 5055 1574 5104 ut
1628 5052 1730 5106 fiat

147 5133 316 5194 oblatio
354 5142 469 5198 haec
502 5144 697 5200 Hostia
739 5145 1010 5215 spiritalis
1049 5144 1107 5197 in
1150 5143 1391 5199 odorem
1435 5143 1728 5199 suavitatis

148 5237 561 5302 accepta;etiam
611 5254 714 5292 nos
758 5238 1009 5292 famulos
1052 5240 1182 5291 tuos
1229 5253 1333 5307 per
1379 5238 1726 5307 sanguinem

149 5319 312 5380 Christi
337 5331 429 5384 tua
456 5347 661 5385 manus
687 5330 896 5385 invicte
919 5330 1220 5386 custodiat.
1254 5331 1363 5383 Per
1391 5330 1722 5386 Dominum.

366 5436 606 5489 Collectio
636 5441 754 5488 ante
783 5437 1073 5487 orationem
1093 5434 1443 5485 Dominicam.

202 5512 647 5578 Conscientiarum
697 5525 1026 5578 nostrarum
1079 5537 1272 5576 errore
1315 5519 1582 5592 suspecti,
1639 5521 1724 5573 vel

152 5613 457 5668 Peccatorum
483 5616 881 5672 recordatione
903 5613 1145 5681 confusi,
1166 5613 1537 5685 omnipotens
1556 5613 1723 5678 Deus,

154 5692 370 5770 indignos
382 5724 478 5762 nos
492 5709 560 5764 ad
573 5709 1000 5765 invocationem
1018 5707 1099 5762 tui
1116 5708 1316 5763 nomin
1327 5707 1368 5761 is
1373 5707 1723 5778 judicamus,

212 5855 229 5880 '
252 5857 435 5922 Eadem
465 5873 640 5927 oratio
667 5871 725 5927 in
753 5871 926 5927 missa
953 5873 1021 5926 75
1053 5867 1286 5926 Misselis
1311 5865 1555 5936 Gothici,
1596 5880 1786 5937 supra.

1746 4543 1804 4614 D

1838 3288 1958 3359 ipse
1979 3287 2346 3342 credentibus
2371 3291 2636 3359 praestes;
2672 3287 2767 3358 qui
2803 3287 3036 3341 Serrem
3061 3284 3337 3349 stelirem,
3366 3282 3476 3335 An-

1838 3397 1974 3435 nam
1993 3381 2064 3436 de
2083 3381 2442 3436 successione
2463 3381 2811 3447 tristantem,
2836 3381 3024 3450 adque
3044 3375 3371 3432 Helisabeth
3393 3391 3476 3429 se-

1837 3477 2064 3528 nectute
2082 3479 2414 3546 provectam
2435 3478 2766 3530 sanctorum
2788 3474 3110 3528 hereditate
3123 3469 3352 3537 dedisti,
3366 3467 3476 3522 sin-

1836 3567 1983 3638 gulis
2012 3568 2320 3638 praamium
2353 3571 2551 3638 partus
2580 3568 2640 3622 in
2671 3567 3029 3622 successione
3055 3564 3379 3630 restituens,
3413 3565 3477 3616 ut

1835 3663 1992 3715 Isaac
2015 3662 2427 3717 admoveretur
2453 3661 2872 3727 holocaustum,
2897 3659 3170 3714 Samuhel
3199 3658 3476 3711 clamare-

1836 3745 1928 3806 tur
1954 3754 2012 3807 in
2043 3755 2282 3824 templo,
2314 3753 2609 3808 Iohannes
2635 3753 2956 3823 profetaret
2985 3767 3051 3805 ex
3083 3752 3267 3803 utero.
3304 3751 3472 3815 Deus,

1833 3846 1931 3918 qui
1958 3847 2334 3900 excellentem
2365 3845 2613 3916 gloriam
2655 3844 2922 3900 novitatis
2947 3843 3278 3908 ostendens,
3301 3857 3475 3910 supra

1833 3940 1980 3994 hanc
1998 3938 2462 4011 magnitudinem
2486 3955 2661 4010 quem
2675 3938 2903 3993 donasti
2925 3935 3192 3992 omnibus
3204 3933 3470 4001 terrenis,

1833 4035 1890 4087 et
1920 4033 2076 4103 quod
2107 4036 2230 4086 erat
2256 4031 2560 4103 pretiosius
2595 4030 2900 4102 przestesti,
2944 4033 3007 4084 ut
3050 4045 3155 4100 per
3194 4027 3473 4098 Spiritum

1831 4129 2092 4180 sanctum
2119 4125 2263 4180 servi
2289 4142 2497 4196 sponsa
2522 4125 2870 4196 conciperet,
2904 4127 2962 4177 et
2986 4123 3243 4194 paritura
3276 4120 3472 4176 Domi-

1832 4237 1971 4274 num
1997 4237 2161 4274 suum
2185 4220 2344 4290 virgo
2371 4219 2547 4274 Maria
2571 4221 2867 4290 portaret;
2902 4221 2960 4271 et
2975 4233 3080 4288 per
3101 4233 3231 4271 eam
3253 4216 3472 4270 Lumen

1830 4314 2019 4368 saeculi
2045 4317 2266 4379 natum,
2299 4313 2508 4382 angelo
2541 4311 2853 4366 nunciante
2894 4310 3240 4382 pastoribus,
3265 4307 3468 4363 sollici-

1829 4407 1967 4462 tudo
1987 4406 2301 4478 cognoscit;
2325 4405 2690 4460 offerendum
2709 4422 2843 4460 eum
2863 4405 2921 4457 in
2939 4405 3258 4459 Jerusalem
3284 4405 3474 4456 mater

1829 4500 2063 4555 adducit
2084 4518 2097 4566 ;
2117 4503 2366 4571 Symeon
2392 4515 2626 4570 quoque
2655 4498 2713 4552 in
2746 4514 2924 4551 manu
2947 4513 3049 4551 sue
3070 4512 3204 4551 eum
3227 4494 3474 4564 suscepit

1829 4593 2016 4664 adque
2045 4593 2338 4648 benedixit
2362 4610 2374 4659 ;
2405 4595 2463 4646 et
2485 4592 2709 4663 prolata
2726 4591 2782 4644 in
2801 4589 3037 4660 jejuniis
3056 4592 3224 4643 Anna
3244 4588 3474 4641 conlau-

1829 4683 1955 4748 dat;
1991 4699 2094 4752 per
2123 4681 2363 4736 caelestis
2397 4680 2678 4735 exercitus
2707 4678 3061 4749 praeconium
3091 4676 3358 4732 clamoris
3385 4693 3474 4730 ex-

1829 4775 1994 4842 tollit,
2026 4775 2258 4828 dicens:
2288 4773 2477 4828 Gloria
2507 4773 2566 4826 in
2597 4772 2836 4827 excelsis
2862 4774 2978 4826 Deo
3008 4774 3068 4825 et
3096 4771 3153 4824 in
3181 4774 3336 4824 terra
3363 4787 3473 4841 pax

1828 4867 2160 4923 hominibus
2187 4867 2354 4921 bonae
2379 4866 2706 4920 voluntatis.
2732 4864 3002 4937 Etmagis
3031 4865 3197 4919 stella
3215 4864 3348 4918 novi
3370 4865 3476 4918 ful-

1828 4962 1983 5034 goris
2004 4960 2255 5016 innotuit
2284 4959 2496 5013 mirum
2517 4959 2573 5012 in
2599 4960 2897 5014 netivitate
2927 4958 3287 5030 mysterium,
3320 4975 3475 5013 cree-

1828 5060 1971 5110 turas
1996 5055 2271 5111 Dominus
2292 5053 2568 5107 adoretur
2593 5069 2606 5116 ;
2629 5052 2684 5106 in
2707 5070 2950 5107 munere
2976 5070 3183 5107 aurum
3213 5052 3470 5115 offertur;

1829 5167 1942 5204 uno
1970 5149 2221 5218 denique
2267 5148 2569 5201 momento
2597 5162 2869 5216 regnum,
2899 5146 3264 5212 sacrificium,
3293 5145 3477 5214 sepul-

1828 5247 1976 5308 tura,
2007 5243 2195 5312 adque
2220 5240 2418 5294 omnia
2436 5243 2700 5310 tempore
2721 5256 2823 5294 suo
2842 5240 3068 5295 ratione
3087 5238 3470 5306 complentur;

1828 5331 2050 5385 diverso
2084 5329 2243 5400 apice
2266 5329 2591 5382 litterarum
2612 5328 2668 5382 in
2693 5328 2924 5382 titulum
2942 5327 3238 5399 dignitatis
3259 5324 3473 5378 Pilatus

1828 5423 2196 5494 obsequitur:
2246 5425 2302 5474 et
2344 5421 2466 5492 ipse
2509 5438 2612 5492 pro
2653 5421 2817 5476 nobis
2856 5421 3050 5476 Hostia
3107 5419 3255 5484 viva,
3282 5419 3344 5470 ut
3369 5431 3472 5469 nos

1828 5517 2073 5570 salveret
2111 5514 2378 5580 offertur;
2413 5531 2518 5585 per
2545 5515 2760 5585 Joseph
2792 5515 3087 5584 sepultura
3127 5510 3308 5566 sancti
3344 5525 3466 5564 cor-

1826 5609 1981 5680 poris
2009 5609 2371 5679 impetratur.
2406 5609 2723 5679 Implentur
2745 5623 2884 5676 ergo
2923 5604 3151 5670 omnia;
3180 5621 3244 5657 ac
3272 5619 3376 5656 nos
3399 5600 3470 5653 de

1826 5701 2186 5774 plenitudine
2201 5702 2324 5773 ejus
2347 5700 2568 5772 impleti
2588 5716 2805 5767 sumus,
2821 5702 2879 5754 et
2897 5696 3205 5768 accipimus
3218 5693 3463 5766 gratiam
