4014 6230
494 344 593 404 347

1271 344 1603 404 ΑΡΡΕΝΒΙΧ
1638 344 1727 399 ΑΙ)
1766 343 1989 399 OPERA
2026 342 2261 399 SANCTI
2296 342 2597 399 GERMANI
2637 342 3064 400 PARISIENSIS.

3784 342 3901 399 348

490 472 597 531 pro
624 454 828 529 gratia.
863 456 1180 531 Implentur
1207 472 1346 527 ergo
1378 454 1579 511 omnia
1602 451 1888 521 laudibus,
1919 452 2123 508 caelum
2147 463 2206 537 Α
2258 454 2392 509 VIII.
2434 470 2559 510 ITEM
2596 469 2793 510 onum
2835 469 2889 510 IN
2928 468 3091 510 manu
3137 466 3313 509 nocrs
3352 465 3575 509 NATALIS
3617 465 3857 511 nonum.

493 554 550 606 et
576 554 729 606 terra
744 552 921 623 signis
942 557 999 607 et
1024 551 1327 624 prodigiis;
1354 552 1412 604 et
1436 550 1556 621 ipse
1576 548 1787 602 inferni
1810 547 2126 602 terroribus

493 650 808 707 descendit.
832 653 940 707 Per
964 651 1149 723 ipsum
1172 648 1438 704 inimicus
1463 646 1761 714 occiditur,
1784 644 2123 699 resurrectio

491 743 550 798 in
583 760 753 800 carne
802 747 1173 809 monstratur,
1221 742 1368 796 liber
1394 740 1522 795 vitae
1548 739 1821 811 perennis
1849 738 2122 809 aperitur.

489 838 800 894 Veniamus
830 856 968 909 ergo
1011 837 1085 891 ad
1114 852 1249 889 eum
1274 851 1497 901 omnes,
1529 832 1625 905 qui
1663 832 1885 887 onerati
1929 848 2126 885 sumus

491 933 758 1004 peccatis,
805 932 940 1003 quia
966 930 1175 1000 jugum
1221 928 1343 999 ejus
1384 929 1667 994 sanetum,
1711 943 1901 994 suave,
1937 925 2125 995 adque

492 1042 637 1082 onus
654 1026 776 1097 ejus
799 1025 920 1079 leve
950 1027 1053 1077 est.
1094 1024 1274 1077 Nemo
1307 1020 1581 1076 formidet
1613 1021 1701 1074 vel
1731 1019 1970 1073 dubitet.
2000 1019 2125 1072 Non

492 1123 790 1174 taurorum
809 1121 907 1172 aut
923 1116 1215 1171 hircorum
1232 1114 1466 1185 sanguis
1481 1113 1785 1184 expetitur,
1800 1112 1901 1166 sed
1914 1112 1971 1165 in
1995 1111 2128 1165 sim-

489 1213 741 1284 plicitate
763 1210 954 1285 337
987 1209 1174 1265 cordis
1199 1208 1542 1265 sacriﬁcium
1571 1206 1757 1261 laudis
1783 1206 2122 1277 postulatur.

492 1307 619 1362 Hae
652 1323 791 1377 ergo
820 1307 969 1360 Deus
1001 1304 1059 1358 in
1086 1303 1271 1369 nobis,
1306 1302 1379 1356 ad
1408 1301 1673 1355 nationes
1700 1299 2001 1354 nationum
2032 1314 2122 1353 ce-

490 1399 937 1455 lebratissimam
982 1401 1236 1463 noctem,
1272 1396 1330 1449 id
1361 1399 1447 1449 est
1471 1393 1839 1449 Nativitatem
1867 1392 1990 1447 Filii
2017 1392 2124 1459 sui,

489 1495 834 1567 propitiatus
865 1493 1031 1549 nobis
1060 1492 1360 1563 indulgeat
1385 1509 1397 1557 ;
1428 1490 1747 1546 sanctiﬁcet
1772 1488 2081 1543 Ecclesiam
2109 1504 2122 1555 ;

492 1589 739 1644 aedificet
764 1588 1091 1643 sacerdotes
1109 1589 1134 1617 ⁸
1160 1603 1174 1653 ;
1205 1587 1415 1641 exaltet
1435 1584 1720 1649 seniores;
1752 1582 2017 1637 inlustret
2042 1582 2123 1636 le-

489 1683 661 1749 vitas;
694 1682 1001 1737 benedicat
1043 1681 1321 1751 populum
1371 1695 1567 1744 suum;
1597 1676 1894 1747 extinguat
1928 1674 2126 1730 omnia

492 1779 728 1848 peccata
753 1780 949 1830 nostra
973 1792 987 1841 ;
1016 1774 1193 1829 vitam
1226 1777 1504 1828 aeternam
1525 1786 1967 1842 consequamur.
1997 1771 2122 1823 Per.

961 1867 1212 1917 Collectio
1255 1880 1396 1916 nune
1430 1865 1662 1928 sequitur

563 1941 883 1995 Sublimem
905 1938 1210 1994 inetfabilis
1238 1937 1562 1992 clementize
1592 1937 1896 1990 Rectorem
1919 1933 2127 1988 annuis

492 2034 1000 2106 supplicationibus
1024 2034 1083 2086 in
1119 2033 1225 2087 hac
1250 2031 1577 2103 vespertina
1598 2046 1787 2101 prece,
1812 2030 2020 2082 fratres
2047 2026 2125 2081 di-

490 2128 801 2194 lectissimi,
827 2127 1000 2181 unitis
1022 2127 1234 2181 animis
1256 2126 1656 2196 deprecemur,
1682 2128 1741 2179 ut
1758 2122 1925 2177 nobis
1948 2126 2129 2175 trans-

492 2222 605 2276 acti
662 2220 941 2293 temporis
991 2221 1268 2275 hactenus
1310 2219 1503 2273 debita
1567 2218 1772 2285 donet,
1816 2232 2124 2288 superven-

490 2318 633 2369 turse
669 2316 852 2369 noctis
886 2314 1338 2369 sollemnitatem
1366 2313 1579 2367 Natalis
1611 2311 1734 2367 Filii
1769 2311 1857 2365 sui
1900 2326 2131 2382 prospe-

494 2424 619 2464 ram
650 2412 901 2479 praestet,
926 2408 1217 2462 assiduam
1246 2408 1420 2462 futuri
1449 2406 1585 2461 anni
1605 2406 1633 2447 δ
1662 2404 1982 2459 custodiam
2006 2403 2131 2457 red-

493 2502 612 2570 dat,
646 2501 720 2555 ad
750 2504 983 2556 aeternae
1009 2501 1135 2556 vita:
1157 2500 1368 2571 gaudia
1390 2499 1631 2571 spiritali
1662 2497 2001 2553 defensione
2024 2512 2129 2551 nos

491 2594 772 2666 perducat
799 2597 1052 2649 orantes.
1086 2596 1195 2648 Per
1221 2592 1561 2647 Dominum.

1054 2685 1304 2738 Collectio
1320 2685 1567 2749 sequitur.

567 2760 722 2830 Rege
758 2776 879 2827 nos,
910 2759 1172 2825 Domine,
1206 2758 1441 2812 brachio
1491 2760 1589 2811 tuo
1622 2756 1862 2822 excelso,
1892 2758 1949 2807 et
1994 2770 2128 2807 con-

492 2869 653 2906 serva
685 2868 790 2906 nos
816 2869 918 2923 per
941 2852 1193 2906 alternas
1221 2851 1445 2905 dierum
1475 2853 1533 2903 et
1556 2852 1889 2919 temporum
1918 2863 2135 2901 succes-

493 2946 717 3009 siones;
766 2948 826 2999 ut
875 2944 1055 3015 adjuti
1116 2947 1445 2998 sanctorum
1497 2941 1779 3014 precibus,
1832 2940 1929 3011 qui
1976 2939 2132 2993 diem

493 3039 646 3095 hunc
678 3056 781 3109 per
826 3054 1034 3093 munus
1070 3036 1481 3091 misericordiae
1520 3039 1634 3088 tua:
1675 3033 1960 3099 duximus,
1996 3049 2133 3087 noe-

492 3136 612 3186 tem
647 3148 878 3203 quoque
909 3131 1079 3185 istam
1122 3129 1394 3201 placitam
1422 3128 1527 3183 tibi
1558 3127 1888 3183 animarum
1916 3128 1974 3179 et
2008 3142 2133 3180 cor-

494 3243 702 3296 porum
729 3225 979 3296 puritate
1002 3225 1296 3277 ducamus.
1327 3224 1437 3277 Per
1459 3222 1788 3275 Dominum.

496 3330 603 3382 VII.
652 3344 920 3383 INCIPIUNT
958 3342 1255 3379 onarroxss
1305 3342 1372 3379 an
1424 3339 1627 3378 INITIUII
1679 3338 1863 3379 NOCTIS
1913 3337 2134 3378 NATALIS

897 3413 1107 3451 DOIINI.
1144 3413 1261 3450 ISTA
1298 3413 1367 3451 AD
1407 3410 1741 3449 DUODECIMA.

568 3490 670 3546 Dei
700 3490 881 3545 Patris
925 3490 1341 3561 omnipotentis
1374 3489 1561 3542 vivum
1606 3487 1857 3541 Verbum
1906 3490 1981 3553 te,
2030 3487 2137 3540 Do-

496 3585 653 3639 mine
672 3586 804 3640 Jesu
822 3584 1064 3651 Christe,
1089 3584 1473 3655 deprecamur
1493 3585 1799 3647 mternum,
1830 3579 1909 3633 uti
1939 3596 2044 3633 nos
2075 3580 2133 3633 in

494 3679 608 3732 ﬁde
638 3679 720 3733 tui
738 3677 992 3733 nominis
1012 3677 1250 3733 robores
1276 3694 1379 3748 per
1402 3675 1523 3747 spei
1541 3672 2048 3746 perseverantiam,
2079 3676 2137 3725 et

493 3772 748 3827 caritatis
786 3771 1217 3837 excellentiam;
1262 3786 1548 3825 renovans
1591 3771 1790 3822 nostra
1825 3766 1883 3820 in
1928 3754 2136 3819 melius

494 3865 799 3933 desideria,
833 3869 896 3919 ut
925 3881 1157 3935 semper
1182 3864 1240 3917 in
1266 3864 1421 3918 bono
1464 3863 1919 3933 perseverantes,
1954 3863 2007 3912 te
2042 3857 2133 3928 pio

494 3976 663 4012 sensu
686 3959 1032 4029 intelligere,
1066 3961 1125 4011 et
1149 3958 1366 4011 mundo
1397 3956 1571 4011 corde
1596 3954 1792 4008 videre
1830 3952 2132 4023 possimus:

495 4052 593 4121 qui
620 4067 686 4104 ex
716 4053 877 4105 utero
907 4055 1042 4105 ante
1069 4050 1371 4104 luciferum
1404 4053 1647 4118 paterno
1676 4049 1844 4100 natus
1875 4044 2132 4099 ineffabi-

494 4143 643 4207 liter,
681 4144 831 4195 Deus
871 4142 940 4195 de
969 4145 1103 4207 Deo,
1140 4159 1285 4194 unus
1302 4142 1371 4194 de
1404 4156 1540 4205 uno,
1579 4140 1775 4193 lumen
1818 4138 1888 4191 de
1916 4137 2136 4192 lumine

496 4237 566 4289 de
586 4235 939 4306 sempiterno
959 4237 1126 4288 Patre
1144 4238 1463 4289 coaeternus
1484 4232 1674 4286 Filius.
1690 4235 1832 4289 Cum
1854 4248 1967 4303 quo
1991 4248 2138 4286 sem-

496 4344 601 4399 per
618 4332 675 4383 et
695 4328 910 4399 Spiritu
936 4331 1134 4383 saneto
1155 4328 1214 4382 in
1237 4326 1640 4398 splendoribus
1661 4330 1989 4381 sanctorum
2014 4324 2136 4379 sine

496 4422 778 4494 principio
804 4425 863 4476 et
884 4422 1008 4476 sine
1035 4422 1151 4475 ﬁne
1168 4437 1381 4492 regnas
1402 4424 1459 4474 et
1482 4436 1794 4491 permanes
1816 4419 1875 4474 in
1909 4419 2132 4474 saecula.

1056 4514 1308 4565 Collectio
1323 4514 1573 4578 sequitur.

2294 558 2369 612 Te
2424 573 2676 623 oramus,
2736 556 2974 612 Domine
3020 558 3215 612 sancte
3259 557 3429 611 Pater
3474 554 3902 627 omnipotens,

2226 659 2439 709 aeterne
2471 657 2639 724 Deus,
2669 655 2727 709 in
2753 655 2859 710 hac
2905 659 3074 710 nocte
3121 654 3339 709 Natalis
3361 653 3481 709 Filii
3509 653 3624 720 tui;
3662 654 3902 708 noctis-

2227 766 2340 820 que
2370 749 2577 804 media:
2599 752 2860 820 tempore
2902 748 3002 803 tibi
3027 749 3392 817 adsistentes,
3424 732 3792 820 quaasumus,
3832 752 3902 801 ut

2227 842 2371 897 sicut
2400 842 2678 914 separasti
2705 843 2892 897 lucem
2935 860 2968 897 a
3012 842 3286 898 tenebris.
3332 884 3344 895 .
3383 884 3394 895 .
3440 884 3452 895 .
3501 883 3512 895 .
3560 884 3573 895 .
3621 883 3633 895 .
3684 883 3697 895 .
3750 883 3764 895 .
3816 882 3829 895 .
3881 882 3896 896 .

2230 978 2242 990 .
2289 978 2301 990 .
2347 978 2358 990 .
2404 978 2416 990 .
2464 978 2475 991 .
2517 938 2696 993 Ethic
2721 937 3099 1003 desuntfolia.

2554 1041 2635 1093 IX.
2668 1056 2737 1095 Αι)
2777 1055 3081 1096 FACIENDUM
3113 1052 3134 1080 ο
3170 1054 3514 1095 senurixmu.

2228 1213 2301 1267 da
2328 1211 2407 1266 illi
2437 1212 2895 1267 misericordiam
2924 1216 3085 1267 tuam
3112 1216 3169 1267 et
3199 1213 3495 1285 pietatem,
3526 1228 3632 1284 per
3667 1212 3897 1266 lavacri

2227 1306 2753 1375 regenerationem,
2792 1306 3007 1377 perduc
3044 1323 3177 1360 cum
3226 1306 3300 1360 ad
3343 1306 3595 1377 gratiam
3644 1305 3896 1376 spirita-

2228 1401 2363 1467 lem,
2415 1404 2477 1453 ut
2522 1400 2821 1454 nobiscum
2874 1400 3090 1471 pariter
3134 1400 3233 1454 tibi
3271 1399 3514 1455 Domino
3556 1401 3676 1455 Deo
3723 1399 3895 1453 Patri

2228 1493 2615 1563 omnipotenti
2662 1494 2859 1549 laudes
2908 1497 2968 1547 et
2998 1494 3212 1564 gratias
3242 1494 3493 1548 referat:
3530 1493 3711 1548 indue
3744 1510 3893 1548 eum

2228 1588 2285 1642 in
2316 1588 2408 1642 via
2444 1587 2717 1654 veritatis,
2757 1587 2898 1641 doce
2939 1604 3073 1641 eum
3117 1587 3559 1658 justiﬁeationes
3589 1591 3740 1642 tuas.
3773 1588 3894 1643 Per

2226 1681 2565 1737 Dominum.

2715 1754 2773 1807 X.
2805 1767 3005 1809 INCIPIT
3044 1767 3401 1808 axonmsnus.

2150 1841 2207 1913 B
2300 1845 2668 1917 Adgrediord
2699 1849 2774 1913 te,
2810 1845 3272 1901 immundissime
3302 1847 3577 1901 damnate
3615 1846 3887 1918 spiritus,

2228 1940 2325 2011 qui
2378 1956 2437 1993 es
2485 1939 2837 1995 inveterator
2885 1940 3143 2009 malitia},
3200 1939 3472 1995 materies
3537 1940 3886 2005 criminum,

2229 2032 2391 2103 origo
2438 2033 2674 2104 peccati,
2728 2033 2824 2104 qui
2873 2034 3191 2102 fraudibus,
3246 2032 3580 2105 sacrilegiis,
3638 2033 3888 2104 stupris,

2230 2126 2479 2181 caadibus
2529 2125 2766 2197 gaudes.
2810 2128 2906 2194 Te,
2955 2127 3219 2183 invocato
3253 2127 3486 2182 Domini
3521 2127 3708 2181 nostri
3744 2129 3889 2182 Jesu

2230 2219 2435 2275 Christi
2467 2218 2725 2289 nomine,
2752 2220 2808 2274 in
2839 2237 2984 2275 o.....
3013 2238 3141 2275 mus
3170 2225 3225 2276 et
3250 2222 3584 2293 adjuramus
3610 2239 3718 2293 per
3735 2221 3891 2292 ejus-

2231 2314 2363 2367 dem
2392 2314 2757 2385 majestatem
2791 2313 2980 2385 adque
3009 2315 3300 2383 virtutem,
3326 2315 3656 2386 passionem
3688 2333 3757 2369 ac
3788 2332 3883 2369 re-

2232 2407 2662 2473 surrectionem,
2716 2408 3027 2462 adventum
3084 2408 3273 2480 adque
3320 2407 3634 2479 judicium;
3700 2412 3764 2462 ut
3824 2409 3887 2462 in

2232 2516 2595 2571 quacumque
2640 2504 2803 2571 parte
2849 2501 3247 2556 membrorum
3282 2502 3493 2568 latitas,
3534 2501 3775 2573 propria
3826 2507 3884 2555 te

2233 2593 2591 2649 confessione
2631 2594 2968 2650 manifestes
3002 2611 3015 2649 :
3046 2594 3481 2667 exagitatusque
3524 2595 3888 2667 spiritalibus

2232 2687 2426 2758 ﬂagris
2456 2687 2945 2759 invisibilibusque
2996 2689 3317 2756 tormentis,
3354 2706 3451 2742 vas
3499 2688 3655 2759 quod
3712 2706 3885 2743 occu-

2232 2798 2397 2851 passe
2425 2781 2695 2848 aestimas,
2724 2781 2929 2852 fugias,
2965 2782 3373 2853 expiatumque
3402 2786 3531 2853 post
3561 2781 3881 2836 habitatio-

2235 2890 2367 2929 nem
2398 2877 2559 2928 tuam
2587 2874 2831 2930 Domino
2854 2873 3242 2946 derelinquas.
3270 2875 3533 2940 Sufficiat
3549 2875 3709 2946 quod
3733 2876 3885 2947 prio-

2234 2967 2389 3021 ribus
2423 2967 2641 3022 smculis
2672 2984 2777 3039 per
2808 2968 3112 3022 hominum
3145 2969 3322 3023 corda
3371 2985 3536 3039 paene
3586 2971 3713 3022 toto
3743 2969 3882 3023 orbe

2235 3060 2564 3115 dominatus
2619 3079 2696 3115 es.
2744 3063 2871 3117 Jam
2926 3062 2983 3115 in
3044 3059 3165 3116 dies
3237 3062 3494 3133 singulos
3563 3062 3887 3117 destruitur

2238 3157 2401 3209 tuum
2433 3172 2703 3226 regnum,
2736 3159 2951 3227 tuaque
2984 3156 3196 3211 cotidie
3228 3172 3408 3227 usque
3440 3156 3499 3209 in
3537 3155 3720 3211 ﬁnem
3768 3158 3886 3211 tela

2237 3247 2523 3302 deﬁciant.
2571 3250 2697 3303 Jam
2741 3247 2967 3319 pridem
3008 3249 3379 3320 praefigurata
3413 3252 3544 3303 sunt
3591 3248 3701 3303 ista
3752 3266 3886 3320 qua

2235 3340 2467 3411 pateris.
2499 3342 2625 3395 Jam
2655 3344 2714 3394 tu
2743 3344 2997 3395 vastatus
3036 3342 3433 3413 zEgyptiorum
3476 3321 3684 3414 plagis,
3715 3346 3775 3396 tu
3824 3343 3883 3397 in

2234 3434 2535 3488 Pharaone
2565 3434 2880 3501 demersus,
2916 3434 2973 3487 in
3012 3434 3236 3489 Hierico
3282 3435 3623 3501 destructus,
3660 3434 3719 3489 in
3748 3453 3879 3507 sep-

2234 3531 2352 3581 tem
2384 3528 2723 3591 Chananaeis
2763 3527 3031 3599 gentibus
3063 3531 3293 3596 stratus,
3326 3545 3430 3599 per
3464 3529 3791 3584 Sansonem
3817 3529 3873 3583 in

2234 3620 2549 3690 Allophylis
2573 3620 2929 3690 subjugatus,
2961 3623 3255 3675 truncatus
3275 3620 3337 3674 in
3359 3621 3521 3676 Colia
3545 3639 3652 3693 per
3678 3622 3868 3689 David,

2234 3735 2338 3788 per
2362 3717 2723 3773 Mardoceum
2751 3718 2811 3771 in
2840 3720 3029 3773 Aman
3060 3736 3387 3790 suspensus,
3411 3736 3515 3790 per
3543 3720 3788 3774 Danihel
3818 3719 3871 3773 in

2238 3809 2622 3881 Beldejcctus,
2648 3811 2705 3864 in
2728 3812 2985 3866 Dracone
3012 3812 3262 3883 punitus,
3286 3829 3390 3884 per
3410 3812 3609 3868 Judith
3631 3813 3693 3866 in
3716 3814 3873 3868 Holo-

2234 3905 2456 3975 pherne
2498 3905 2863 3973 transfossus,
2902 3922 3005 3976 per
3045 3906 3357 3960 Dominum
3389 3906 3664 3960 humanis
3694 3907 3870 3979 impe-

2236 3998 2335 4052 riis
2359 3998 2716 4070 subjugatus,
2745 4016 2849 4070 per
2869 3999 3109 4053 Paulum
3144 4003 3387 4054 eaeeatus
3420 4000 3479 4054 in
3509 4000 3697 4071 Mago,
3724 4005 3877 4055 ustus

2238 4092 2295 4146 in
2314 4091 2527 4163 vipera,
2552 4109 2655 4163 per
2675 4093 2907 4147 Petrum
2932 4092 2991 4146 in
3016 4092 3253 4148 Simone
3281 4093 3598 4165 disruptus,
3622 4111 3732 4164 per
3758 4111 3877 4149 om-

2239 4202 2340 4239 nes
2389 4189 2616 4249 sanctos
2664 4186 2903 4255 fugaris,
2968 4186 3274 4257 torqueris,
3336 4186 3587 4249 elideris,
3646 4187 3873 4241 aeternis

2238 4280 2467 4351 ignibus
2492 4282 2549 4332 et
2569 4279 2811 4332 infernis
2840 4279 3093 4333 tenebris
3138 4280 3463 4350 deputatus.
3493 4279 3658 4334 Unde
3688 4281 3869 4336 homi-

2239 4389 2373 4427 nem
2402 4372 2674 4428 Dominus
2702 4370 2896 4446 339
2931 4375 3127 4427 noster
3144 4374 3304 4427 Jesus
3331 4373 3588 4429 Christus
3608 4372 3667 4427 in
3691 4374 3869 4429 Adam

2238 4466 2490 4522 secundo
2512 4467 2650 4521 dum
2675 4466 2744 4520 de
2764 4470 2818 4520 te
2834 4466 3170 4537 triumphat,
3196 4466 3409 4521 eximit.
3433 4466 3718 4535 Abscede,
3746 4468 3865 4522 abs-

560 4588 800 4643 Mirabili
854 4589 1062 4644 iterum
1120 4559 1485 4643 sacramento
1530 4586 1829 4641 nobiseum
1874 4586 2024 4639 Deus
2058 4584 2129 4638 ab
2149 4587 2208 4659 Ι)
2232 4560 3303 4659 cede‘lf‘ocurf‘qu9_c§:_31cqrporaneo
3320 4559 3509 4614 dicata
3525 4576 3599 4613 ne
3620 4565 3861 4659 rf’Petas-

493 4682 716 4753 angelis
745 4684 1088 4738 Emmanuel
1118 4681 1469 4748 nominatus,
1503 4680 1673 4735 Filius
1717 4678 1987 4746 hominis,
2020 4679 2130 4732 hoc

494 4780 579 4829 est
606 4776 795 4830 Marias
816 4776 1071 4847 virginis,
1099 4778 1260 4832 Jcsus
1286 4775 1540 4829 nasceris
1567 4774 1623 4828 in
1646 4775 1891 4828 salutem
1933 4771 2131 4843 populi

494 4867 595 4934 tui;
619 4868 677 4921 in
707 4868 869 4939 cujus
895 4885 1141 4924 numero
1174 4886 1277 4923 nos
1307 4885 1429 4922 esse
1462 4867 1554 4939 pic
1579 4867 1819 4922 Domine
1849 4856 2132 4921 concedas

493 4960 736 5027 Christe,
767 4962 929 5031 cujus
959 4962 1171 5016 Natalis
1197 4962 1445 5016 salutare
1467 4961 1809 5032 mysterium
1840 4958 2134 5013 celebran-

491 5057 598 5119 tes,
631 5054 691 5109 in
718 5054 903 5109 noctis
929 5055 1099 5125 hujus
1128 5070 1358 5125 magnae
1384 5054 1549 5110 initio
1570 5053 1854 5124 primitias
1898 5068 2132 5123 precum
2184 5058 2205 5067 “

492 5146 607 5202 acsi
639 5147 968 5216 offerentes,
993 5164 1268 5217 rogamus
1294 5148 1375 5202 tui
1402 5146 1658 5203 nominis
1687 5146 1802 5200 vim
1838 5145 2131 5200 nascendo

495 5241 660 5297 nobis
692 5258 922 5314 quoque
958 5259 992 5296 a
1032 5239 1227 5315 338
1269 5245 1322 5295 te
1361 5239 1583 5305 donari,
1618 5238 1880 5295 Salvator
1907 5237 2129 5293 mundi.

496 5338 602 5403 Qui
634 5339 787 5395 vivis.

560 5469 585 5498 ⁸
638 5466 968 5527 Sacerdotes,
1018 5465 1075 5519 id
1117 5468 1203 5518 est
1242 5463 1577 5533 episcopos;
1622 5464 1875 5527 seniores,
1929 5459 1988 5514 id
2050 5464 2135 5513 est

493 5534 877 5617 presbyteros:
901 5536 1105 5617 supra,
1147 5536 1207 5589 in
1236 5534 1465 5617 Missali.
1485 5535 1856 5617 Francorum,
1886 5547 2044 5585 num.
2063 5534 2131 5614 ⁸8,

496 5604 592 5658 ubi
633 5603 702 5660 de
748 5603 1115 5662 ordinatione
1152 5604 1490 5677 presbyteri,
1516 5606 1708 5676 probet
1733 5619 1787 5659 se
1814 5616 1922 5658 esse
1957 5603 2131 5657 senio-

499 5691 627 5730 rem.

566 5747 594 5787 b
622 5747 903 5802 Nimirum
934 5748 1069 5817 quia
1091 5764 1271 5803 novus
1299 5764 1486 5803 annus
1516 5764 1550 5800 a
1580 5746 1675 5799 die
1705 5746 2005 5815 sequente,
2036 5743 2135 5798 sci-

500 5817 632 5871 licet
656 5836 689 5871 a
714 5819 900 5871 Natali
928 5819 1173 5885 Domini,
1202 5823 1339 5873 tunc
1373 5817 1704 5887 incipiebat.

567 5901 588 5927 ε
627 5887 895 5944 Serutinii
920 5888 1073 5944 tertii
1097 5906 1229 5960 pars
1251 5892 1356 5959 est,
1387 5886 1542 5961 quod
1570 5886 1743 5944 ﬁebat
1770 5886 1910 5941 olim
1933 5888 2138 5960 quarta

2230 4654 2538 4709 Interdicta
2566 4653 2680 4707 sint
2711 4653 2811 4707 tibi
2851 4653 2961 4707 ista
2988 4653 3047 4707 in
3076 4657 3375 4725 perpetuo.
3413 4655 3472 4705 ln
3510 4653 3748 4708 nomine
3775 4656 3866 4709 Pa-

2231 4748 2334 4803 tris
2361 4750 2419 4801 et
2449 4746 2570 4801 Filii
2595 4750 2654 4801 et
2683 4746 2927 4817 Spiritus
2950 4746 3152 4811 sancti,
3188 4749 3248 4800 et
3272 4747 3330 4800 in
3354 4745 3540 4817 gloria
3568 4746 3863 4802 dominicae

2234 4840 2530 4913 passionis,
2572 4841 2732 4912 cujus
2769 4857 2971 4894 cruore
3011 4841 3323 4907 salvantur,
3360 4840 3520 4910 cujus
3556 4840 3865 4896 adventum

2234 4933 2556 5002 expectant,
2584 4928 2866 5000 judicium
2898 4928 3264 4983 confitentur.
3294 4930 3403 4983 Per
3433 4927 3763 4984 Dominum.

2338 5041 2421 5093 Χῐ.
2466 5046 2709 5095 INCIPIT"
2752 5052 3037 5093 exrosmo
3078 5054 3178 5093 νει.
3214 5052 3464 5093 resumo
3505 5052 3761 5093 smou.

2304 5147 2506 5203 Sermo
2552 5148 2611 5199 et
2644 5147 3078 5207 sacramentum
3122 5143 3296 5198 totius
3334 5143 3618 5215 Symboli,
3670 5145 3865 5199 fratres

2235 5238 2607 5306 dilectissimi,
2643 5238 2785 5293 ﬁdes
2839 5240 2926 5291 est
2966 5236 3279 5293 Christiani
3320 5236 3574 5292 hominis
3623 5241 3685 5292 et
3719 5238 3859 5291 vita:

2234 5335 2377 5390 ﬁdes
2398 5334 2459 5388 in
2481 5331 2771 5405 praesenti,
2801 5330 2914 5386 vita
2944 5330 3003 5385 in
3022 5332 3253 5399 futuro;
3279 5330 3424 5387 ﬁdes
3445 5331 3504 5386 in
3536 5331 3650 5399 via,
3681 5332 3787 5386 vita
3806 5332 3861 5385 in

2234 5459 2380 5514 feria
2408 5457 2591 5513 tertias
2620 5456 3005 5512 hebdomadis
3028 5456 3521 5528 Quadragesimze.
3546 5455 3687 5511 Vide
3717 5456 3862 5512 Ordi-

2236 5547 2371 5585 nem
2406 5531 2752 5584 Romanum.

2305 5603 2332 5642 d
2363 5601 2491 5655 Alia
2530 5601 2586 5654 in
2633 5598 2848 5655 Ordine
2881 5600 3147 5655 Romano
3183 5615 3197 5654 :
3238 5600 3410 5668 Audi,
3452 5598 3733 5655 maledicta
3767 5600 3858 5655 Su-

2237 5675 2649 5797 ta’zal’nedf‘dine
2678 5742 2941 5797 Romano
2971 5739 3081 5794 alia
3111 5741 3315 5807 oratio,
3349 5743 3407 5793 et
3434 5739 3708 5810 praecedit
3726 5740 3861 5794 hanc

2238 5813 2657 5940 exppsitionem
2685 5812 2963 5886 expositio
2990 5812 3461 5885 Evangeliorum,
3492 5825 3622 5883 quae
3651 5811 3738 5866 hic
3778 5827 3860 5866 εο-

2239 5902 2341 5958 qm
2372 5900 2457 5941 ur.
